|join|Tendoh
|join|BertBert
|player|p1|Tendoh|54
|player|p2|BertBert|1
|gametype|singles
|gen|1
|tier|[Gen 1] OU (beta)
|rated
|rule|Sleep Clause Mod: Limit one foe put to sleep
|rule|Species Clause: Limit one of each Pokemon
|rule|OHKO Clause: OHKO moves are banned
|rule|Moody Clause: Moody is banned
|rule|Evasion Moves Clause: Evasion moves are banned
|rule|Endless Battle Clause: Forcing endless battles is banned.
|rule|HP Percentage Mod: HP is reported as percentages
|
|start
|switch|p1a: Luma|Starmie|323\/323
|switch|p2a: Alakazam|Alakazam|313\/313
|turn|1
|
|switch|p2a: Chansey|Chansey|703\/703
|switch|p1a: Whorey|Chansey|703\/703
|
|turn|2
|
|move|p1a: Whorey|Ice Beam|p2a: Chansey
|-damage|p2a: Chansey|635\/703
|move|p2a: Chansey|Ice Beam|p1a: Whorey
|-damage|p1a: Whorey|627\/703
|
|turn|3
|
|switch|p2a: Cloyster|Cloyster|303\/303
|move|p1a: Whorey|Ice Beam|p2a: Cloyster
|-resisted|p2a: Cloyster
|-damage|p2a: Cloyster|282\/303
|
|turn|4
|join|fourmi
|leave|fourmi
|
|move|p2a: Cloyster|Clamp|p1a: Whorey
|-damage|p1a: Whorey|592\/703
|-activate|p1a: Whorey|move: Clamp|[of] p2a: Cloyster
|cant|p1a: Whorey|partiallytrapped
|
|turn|5
|
|switch|p1a: Luma|Starmie|323\/323
|move|p2a: Cloyster|Clamp|p1a: Luma
|-resisted|p1a: Luma
|-damage|p1a: Luma|304\/323
|-activate|p1a: Luma|move: Clamp|[of] p2a: Cloyster
|
|turn|6
|
|cant|p1a: Luma|partiallytrapped
|move|p2a: Cloyster|Clamp|p1a: Luma
|-damage|p1a: Luma|269\/323
|
|turn|7
|
|cant|p1a: Luma|partiallytrapped
|move|p2a: Cloyster|Clamp|p1a: Luma
|-damage|p1a: Luma|234\/323
|
|turn|8
|
|switch|p2a: Chansey|Chansey|635\/703
|cant|p1a: Luma|partiallytrapped
|
|-end|p1a: Luma|Clamp|[partiallytrapped]
|turn|9
|
|switch|p1a: Whorey|Chansey|592\/703
|move|p2a: Chansey|Ice Beam|p1a: Whorey
|-crit|p1a: Whorey
|-damage|p1a: Whorey|443\/703
|
|turn|10
|
|move|p2a: Chansey|Ice Beam|p1a: Whorey
|-damage|p1a: Whorey|371\/703
|move|p1a: Whorey|Soft-Boiled|p1a: Whorey
|-heal|p1a: Whorey|703\/703
|
|turn|11
|
|move|p1a: Whorey|Ice Beam|p2a: Chansey
|-damage|p2a: Chansey|563\/703
|move|p2a: Chansey|Ice Beam|p1a: Whorey
|-damage|p1a: Whorey|629\/703
|
|turn|12
|
|switch|p2a: Cloyster|Cloyster|282\/303
|move|p1a: Whorey|Ice Beam|p2a: Cloyster
|-resisted|p2a: Cloyster
|-damage|p2a: Cloyster|262\/303
|
|turn|13
|
|move|p2a: Cloyster|Clamp|p1a: Whorey
|-damage|p1a: Whorey|590\/703
|-activate|p1a: Whorey|move: Clamp|[of] p2a: Cloyster
|cant|p1a: Whorey|partiallytrapped
|
|turn|14
|
|switch|p1a: Luma|Starmie|234\/323
|move|p2a: Cloyster|Clamp|p1a: Luma
|-resisted|p1a: Luma
|-damage|p1a: Luma|215\/323
|-activate|p1a: Luma|move: Clamp|[of] p2a: Cloyster
|
|turn|15
|
|cant|p1a: Luma|partiallytrapped
|move|p2a: Cloyster|Clamp|p1a: Luma
|-damage|p1a: Luma|176\/323
|
|-end|p1a: Luma|Clamp|[partiallytrapped]
|turn|16
|
|switch|p2a: Exeggutor|Exeggutor|393\/393
|move|p1a: Luma|Recover|p1a: Luma
|-heal|p1a: Luma|323\/323
|
|turn|17
|
|move|p1a: Luma|Blizzard|p2a: Exeggutor
|-crit|p2a: Exeggutor
|-supereffective|p2a: Exeggutor
|-damage|p2a: Exeggutor|91\/393
|move|p2a: Exeggutor|Toxic|p1a: Luma
|-status|p1a: Luma|tox
|
|turn|18
|
|switch|p2a: Chansey|Chansey|563\/703
|move|p1a: Luma|Blizzard|p2a: Chansey
|-damage|p2a: Chansey|468\/703
|-damage|p1a: Luma|303\/323 tox|[from] tox|[of] p2a: Chansey
|
|turn|19
|
|move|p1a: Luma|Blizzard|p2a: Chansey|[miss]
|-miss|p1a: Luma
|-damage|p1a: Luma|263\/323 tox|[from] tox|[of] p2a: Chansey
|move|p2a: Chansey|Soft-Boiled|p2a: Chansey
|-heal|p2a: Chansey|703\/703
|
|turn|20
|
|move|p1a: Luma|Blizzard|p2a: Chansey
|-damage|p2a: Chansey|615\/703
|-damage|p1a: Luma|203\/323 tox|[from] tox|[of] p2a: Chansey
|move|p2a: Chansey|Seismic Toss|p1a: Luma
|-damage|p1a: Luma|103\/323 tox
|
|turn|21
|
|switch|p1a: Whorey|Chansey|590\/703
|move|p2a: Chansey|Ice Beam|p1a: Whorey
|-damage|p1a: Whorey|522\/703
|
|turn|22
|
|move|p2a: Chansey|Ice Beam|p1a: Whorey
|-damage|p1a: Whorey|442\/703
|move|p1a: Whorey|Ice Beam|p2a: Chansey
|-damage|p2a: Chansey|537\/703
|
|turn|23
|
|switch|p2a: Cloyster|Cloyster|262\/303
|move|p1a: Whorey|Ice Beam|p2a: Cloyster
|-crit|p2a: Cloyster
|-resisted|p2a: Cloyster
|-damage|p2a: Cloyster|220\/303
|
|turn|24
|
|move|p2a: Cloyster|Clamp|p1a: Whorey|[miss]
|-miss|p2a: Cloyster
|move|p1a: Whorey|Thunder Wave|p2a: Cloyster
|-status|p2a: Cloyster|par
|
|turn|25
|
|move|p1a: Whorey|Soft-Boiled|p1a: Whorey
|-heal|p1a: Whorey|703\/703
|move|p2a: Cloyster|Clamp|p1a: Whorey
|-damage|p1a: Whorey|669\/703
|-activate|p1a: Whorey|move: Clamp|[of] p2a: Cloyster
|
|turn|26
|
|switch|p1a: Kim Peek|Alakazam|313\/313
|move|p2a: Cloyster|Clamp|p1a: Kim Peek
|-damage|p1a: Kim Peek|283\/313
|-activate|p1a: Kim Peek|move: Clamp|[of] p2a: Cloyster
|
|turn|27
|
|cant|p1a: Kim Peek|partiallytrapped
|move|p2a: Cloyster|Clamp|p1a: Kim Peek
|-damage|p1a: Kim Peek|249\/313
|
|-end|p1a: Kim Peek|Clamp|[partiallytrapped]
|turn|28
|
|move|p1a: Kim Peek|Psychic|p2a: Cloyster
|-crit|p2a: Cloyster
|-damage|p2a: Cloyster|0 fnt
|faint|p2a: Cloyster
|
|
|switch|p2a: Chansey|Chansey|537\/703
|turn|29
|
|move|p1a: Kim Peek|Psychic|p2a: Chansey
|-damage|p2a: Chansey|411\/703
|move|p2a: Chansey|Ice Beam|p1a: Kim Peek
|-crit|p1a: Kim Peek
|-damage|p1a: Kim Peek|116\/313
|
|turn|30
|
|move|p1a: Kim Peek|Recover|p1a: Kim Peek
|-heal|p1a: Kim Peek|272\/313
|move|p2a: Chansey|Thunder Wave|p1a: Kim Peek
|-status|p1a: Kim Peek|par
|
|turn|31
|
|move|p2a: Chansey|Soft-Boiled|p2a: Chansey
|-heal|p2a: Chansey|703\/703
|move|p1a: Kim Peek|Psychic|p2a: Chansey
|-damage|p2a: Chansey|585\/703
|
|turn|32
|
|move|p2a: Chansey|Seismic Toss|p1a: Kim Peek
|-damage|p1a: Kim Peek|172\/313 par
|move|p1a: Kim Peek|Thunder Wave|p2a: Chansey
|-status|p2a: Chansey|par
|
|turn|33
|
|cant|p1a: Kim Peek|par
|move|p2a: Chansey|Seismic Toss|p1a: Kim Peek
|-damage|p1a: Kim Peek|72\/313 par
|
|turn|34
|
|switch|p2a: Tauros|Tauros|353\/353
|move|p1a: Kim Peek|Recover|p1a: Kim Peek
|-heal|p1a: Kim Peek|228\/313 par
|
|turn|35
|
|switch|p1a: Corrida killer|Tauros|353\/353
|move|p2a: Tauros|Body Slam|p1a: Corrida killer
|-damage|p1a: Corrida killer|250\/353
|
|turn|36
|
|move|p2a: Tauros|Body Slam|p1a: Corrida killer
|-damage|p1a: Corrida killer|154\/353
|-status|p1a: Corrida killer|par
|cant|p1a: Corrida killer|par
|
|turn|37
|
|move|p2a: Tauros|Body Slam|p1a: Corrida killer
|-damage|p1a: Corrida killer|59\/353 par
|cant|p1a: Corrida killer|par
|
|turn|38
|
|move|p2a: Tauros|Body Slam|p1a: Corrida killer
|-damage|p1a: Corrida killer|0 fnt
|faint|p1a: Corrida killer
|
|join|GuiFodaXD
|
|switch|p1a: Hensel sisters|Exeggutor|393\/393
|turn|39
|leave|GuiFodaXD
|
|switch|p2a: Alakazam|Alakazam|313\/313
|move|p1a: Hensel sisters|Sleep Powder|p2a: Alakazam|[miss]
|-miss|p1a: Hensel sisters
|
|turn|40
|
|move|p2a: Alakazam|Thunder Wave|p1a: Hensel sisters
|-status|p1a: Hensel sisters|par
|move|p1a: Hensel sisters|Sleep Powder|p2a: Alakazam|[miss]
|-miss|p1a: Hensel sisters
|
|turn|41
|
|move|p2a: Alakazam|Reflect|p2a: Alakazam
|move|p1a: Hensel sisters|Sleep Powder|p2a: Alakazam
|-status|p2a: Alakazam|slp
|
|turn|42
|
|cant|p2a: Alakazam|slp
|move|p1a: Hensel sisters|Psychic|p2a: Alakazam
|-resisted|p2a: Alakazam
|-damage|p2a: Alakazam|264\/313 slp
|
|turn|43
|
|cant|p2a: Alakazam|slp
|cant|p1a: Hensel sisters|par
|
|turn|44
|
|cant|p2a: Alakazam|slp
|move|p1a: Hensel sisters|Psychic|p2a: Alakazam
|-crit|p2a: Alakazam
|-resisted|p2a: Alakazam
|-damage|p2a: Alakazam|172\/313 slp
|
|turn|45
|join|docG
|
|switch|p2a: Exeggutor|Exeggutor|91\/393
|move|p1a: Hensel sisters|Sleep Powder|p2a: Exeggutor
|-message|Sleep Clause Mod activated.
|
|turn|46
|
|move|p2a: Exeggutor|Psychic|p1a: Hensel sisters
|-crit|p1a: Hensel sisters
|-resisted|p1a: Hensel sisters
|-damage|p1a: Hensel sisters|281\/393 par
|-unboost|p1a: Hensel sisters|spd|1
|-unboost|p1a: Hensel sisters|spa|1
|cant|p1a: Hensel sisters|par
|
|turn|47
|
|move|p2a: Exeggutor|Psychic|p1a: Hensel sisters
|-resisted|p1a: Hensel sisters
|-damage|p1a: Hensel sisters|197\/393 par
|move|p1a: Hensel sisters|Double-Edge|p2a: Exeggutor
|-damage|p2a: Exeggutor|2\/393
|-damage|p1a: Hensel sisters|175\/393 par|[from] recoil|[of] p2a: Exeggutor
|
|turn|48
|
|switch|p1a: Chocobo|Zapdos|383\/383
|move|p2a: Exeggutor|Explosion|p1a: Chocobo
|-damage|p1a: Chocobo|116\/383
|faint|p2a: Exeggutor
|join|vingtorrcreed
|
|switch|p2a: Snorlax|Snorlax|523\/523
|turn|49
|leave|vingtorrcreed
|
|move|p1a: Chocobo|Thunderbolt|p2a: Snorlax
|-damage|p2a: Snorlax|362\/523
|move|p2a: Snorlax|Amnesia|p2a: Snorlax
|-boost|p2a: Snorlax|spd|2
|-boost|p2a: Snorlax|spa|2
|
|turn|50
|
|move|p1a: Chocobo|Drill Peck|p2a: Snorlax
|-damage|p2a: Snorlax|252\/523
|move|p2a: Snorlax|Ice Beam|p1a: Chocobo
|-supereffective|p1a: Chocobo
|-damage|p1a: Chocobo|0 fnt
|faint|p1a: Chocobo
|
|
|switch|p1a: Whorey|Chansey|669\/703
|turn|51
|
|move|p1a: Whorey|Ice Beam|p2a: Snorlax
|-damage|p2a: Snorlax|198\/523
|move|p2a: Snorlax|Amnesia|p2a: Snorlax
|-boost|p2a: Snorlax|spd|2
|-boost|p2a: Snorlax|spa|2
|
|turn|52
|
|move|p1a: Whorey|Ice Beam|p2a: Snorlax
|-damage|p2a: Snorlax|166\/523
|move|p2a: Snorlax|Amnesia|p2a: Snorlax
|-boost|p2a: Snorlax|spd|2
|-boost|p2a: Snorlax|spa|2
|
|turn|53
|
|move|p1a: Whorey|Ice Beam|p2a: Snorlax
|-damage|p2a: Snorlax|142\/523
|-status|p2a: Snorlax|frz
|cant|p2a: Snorlax|frz
|
|turn|54
|
|switch|p2a: Chansey|Chansey|585\/703 par
|move|p1a: Whorey|Ice Beam|p2a: Chansey
|-damage|p2a: Chansey|509\/703 par
|
|turn|55
|
|switch|p1a: Kim Peek|Alakazam|228\/313 par
|move|p2a: Chansey|Ice Beam|p1a: Kim Peek
|-damage|p1a: Kim Peek|170\/313 par
|
|turn|56
|
|move|p1a: Kim Peek|Recover|p1a: Kim Peek
|-heal|p1a: Kim Peek|313\/313 par
|cant|p2a: Chansey|par
|
|turn|57
|
|move|p1a: Kim Peek|Psychic|p2a: Chansey
|-crit|p2a: Chansey
|-damage|p2a: Chansey|256\/703 par
|-unboost|p2a: Chansey|spd|1
|-unboost|p2a: Chansey|spa|1
|move|p2a: Chansey|Soft-Boiled|p2a: Chansey
|-heal|p2a: Chansey|607\/703 par
|
|turn|58
|
|move|p1a: Kim Peek|Psychic|p2a: Chansey
|-crit|p2a: Chansey
|-damage|p2a: Chansey|343\/703 par
|-unboost|p2a: Chansey|spd|1
|-unboost|p2a: Chansey|spa|1
|move|p2a: Chansey|Seismic Toss|p1a: Kim Peek
|-damage|p1a: Kim Peek|213\/313 par
|
|turn|59
|
|switch|p2a: Snorlax|Snorlax|142\/523 frz
|move|p1a: Kim Peek|Psychic|p2a: Snorlax
|-damage|p2a: Snorlax|0 fnt
|faint|p2a: Snorlax
|
|
|switch|p2a: Chansey|Chansey|343\/703 par
|turn|60
|
|move|p1a: Kim Peek|Psychic|p2a: Chansey
|-damage|p2a: Chansey|217\/703 par
|move|p2a: Chansey|Soft-Boiled|p2a: Chansey
|-heal|p2a: Chansey|568\/703 par
|
|turn|61
|
|cant|p1a: Kim Peek|par
|move|p2a: Chansey|Seismic Toss|p1a: Kim Peek
|-damage|p1a: Kim Peek|113\/313 par
|
|turn|62
|
|cant|p1a: Kim Peek|par
|move|p2a: Chansey|Seismic Toss|p1a: Kim Peek
|-damage|p1a: Kim Peek|13\/313 par
|
|turn|63
|
|switch|p2a: Tauros|Tauros|353\/353
|move|p1a: Kim Peek|Recover|p1a: Kim Peek
|-heal|p1a: Kim Peek|169\/313 par
|
|turn|64
|
|move|p2a: Tauros|Body Slam|p1a: Kim Peek
|-damage|p1a: Kim Peek|18\/313 par
|move|p1a: Kim Peek|Thunder Wave|p2a: Tauros
|-status|p2a: Tauros|par
|
|turn|65
|
|move|p1a: Kim Peek|Psychic|p2a: Tauros
|-damage|p2a: Tauros|189\/353 par
|move|p2a: Tauros|Hyper Beam|p1a: Kim Peek
|-damage|p1a: Kim Peek|0 fnt
|faint|p1a: Kim Peek
|
|
|switch|p1a: Luma|Starmie|103\/323 tox
|-status|p1a: Luma|psn
|turn|66
|
|move|p1a: Luma|Recover|p1a: Luma
|-heal|p1a: Luma|264\/323 psn
|-damage|p1a: Luma|244\/323 psn|[from] psn
|move|p2a: Tauros|Body Slam|p1a: Luma
|-crit|p1a: Luma
|-damage|p1a: Luma|9\/323 psn
|
|turn|67
|
|move|p1a: Luma|Blizzard|p2a: Tauros|[miss]
|-miss|p1a: Luma
|-damage|p1a: Luma|0 fnt|[from] psn|[of] p2a: Tauros
|faint|p1a: Luma
|cant|p2a: Tauros|par
|
|
|switch|p1a: Hensel sisters|Exeggutor|175\/393 par
|turn|68
|
|move|p2a: Tauros|Hyper Beam|p1a: Hensel sisters
|-crit|p1a: Hensel sisters
|-damage|p1a: Hensel sisters|0 fnt
|faint|p1a: Hensel sisters
|
|
|switch|p1a: Whorey|Chansey|669\/703
|turn|69
|
|move|p1a: Whorey|Ice Beam|p2a: Tauros
|-damage|p2a: Tauros|90\/353 par
|move|p2a: Tauros|Body Slam|p1a: Whorey
|-damage|p1a: Whorey|416\/703
|-status|p1a: Whorey|par
|
|turn|70
|
|move|p2a: Tauros|Hyper Beam|p1a: Whorey
|-damage|p1a: Whorey|0 fnt
|faint|p1a: Whorey
|
|win|BertBert
|raw|Ladder updating...
|raw|Tendoh's rating: 1343 &rarr; <strong>1332<\/strong><br \/>(-11 for losing)
|raw|BertBert's rating: 1507 &rarr; <strong>1518<\/strong><br \/>(+11 for winning)
|leave|Tendoh
|player|p1
|leave|BertBert
|player|p2