|join|kid gf lol
|join|jb champ
|player|p1|kid gf lol|168
|player|p2|jb champ|150
|gametype|singles
|gen|1
|tier|[Gen 1] OU (beta)
|rated
|rule|Sleep Clause Mod: Limit one foe put to sleep
|rule|Species Clause: Limit one of each Pokemon
|rule|OHKO Clause: OHKO moves are banned
|rule|Moody Clause: Moody is banned
|rule|Evasion Moves Clause: Evasion moves are banned
|rule|Endless Battle Clause: Forcing endless battles is banned.
|rule|HP Percentage Mod: HP is reported as percentages
|
|start
|switch|p1a: Zam Lead|Alakazam|313\/313
|switch|p2a: Gengar|Gengar|323\/323
|turn|1
|chat|jb champ|well if it isnt kid
|
|switch|p2a: Slowbro|Slowbro|393\/393
|move|p1a: Zam Lead|Psychic|p2a: Slowbro
|-resisted|p2a: Slowbro
|-damage|p2a: Slowbro|317\/393
|-unboost|p2a: Slowbro|spd|1
|-unboost|p2a: Slowbro|spa|1
|
|turn|2
|
|switch|p1a: Result Of Incest|Exeggutor|393\/393
|move|p2a: Slowbro|Thunder Wave|p1a: Result Of Incest
|-status|p1a: Result Of Incest|par
|
|turn|3
|
|switch|p2a: Gengar|Gengar|323\/323
|move|p1a: Result Of Incest|Sleep Powder|p2a: Gengar
|-status|p2a: Gengar|slp
|
|turn|4
|
|switch|p2a: Kangaskhan|Kangaskhan|413\/413
|cant|p1a: Result Of Incest|par
|
|turn|5
|
|move|p2a: Kangaskhan|Body Slam|p1a: Result Of Incest
|-damage|p1a: Result Of Incest|286\/393 par
|move|p1a: Result Of Incest|Explosion|p2a: Kangaskhan
|-damage|p2a: Kangaskhan|100\/413
|faint|p1a: Result Of Incest
|
|switch|p1a: Mr Mime|Jynx|333\/333
|turn|6
|
|switch|p2a: Slowbro|Slowbro|317\/393
|move|p1a: Mr Mime|Psychic|p2a: Slowbro
|-resisted|p2a: Slowbro
|-damage|p2a: Slowbro|260\/393
|-unboost|p2a: Slowbro|spd|1
|-unboost|p2a: Slowbro|spa|1
|
|turn|7
|
|move|p1a: Mr Mime|Blizzard|p2a: Slowbro
|-crit|p2a: Slowbro
|-resisted|p2a: Slowbro
|-damage|p2a: Slowbro|89\/393
|move|p2a: Slowbro|Thunder Wave|p1a: Mr Mime
|-status|p1a: Mr Mime|par
|
|turn|8
|
|move|p2a: Slowbro|Rest|p2a: Slowbro
|-status|p2a: Slowbro|slp
|-heal|p2a: Slowbro|393\/393 slp|[silent]
|-status|p2a: Slowbro|slp|[from] move: Rest
|cant|p1a: Mr Mime|par
|
|turn|9
|
|cant|p2a: Slowbro|slp
|move|p1a: Mr Mime|Blizzard|p2a: Slowbro
|-resisted|p2a: Slowbro
|-damage|p2a: Slowbro|283\/393 slp
|
|turn|10
|
|cant|p2a: Slowbro|slp
|-curestatus|p2a: Slowbro|slp
|cant|p1a: Mr Mime|par
|
|turn|11
|
|move|p2a: Slowbro|Amnesia|p2a: Slowbro
|-boost|p2a: Slowbro|spd|2
|-boost|p2a: Slowbro|spa|2
|move|p1a: Mr Mime|Blizzard|p2a: Slowbro
|-resisted|p2a: Slowbro
|-damage|p2a: Slowbro|233\/393
|-status|p2a: Slowbro|frz
|
|turn|12
|
|switch|p2a: Kangaskhan|Kangaskhan|100\/413
|move|p1a: Mr Mime|Reflect|p1a: Mr Mime
|
|turn|13
|
|move|p2a: Kangaskhan|Body Slam|p1a: Mr Mime
|-damage|p1a: Mr Mime|241\/333 par
|move|p1a: Mr Mime|Psychic|p2a: Kangaskhan
|-crit|p2a: Kangaskhan
|-damage|p2a: Kangaskhan|0 fnt
|faint|p2a: Kangaskhan
|
|
|switch|p2a: Alakazam|Alakazam|313\/313
|turn|14
|
|move|p2a: Alakazam|Seismic Toss|p1a: Mr Mime
|-damage|p1a: Mr Mime|141\/333 par
|cant|p1a: Mr Mime|par
|
|turn|15
|
|switch|p1a: Zam Lead|Alakazam|313\/313
|move|p2a: Alakazam|Seismic Toss|p1a: Zam Lead
|-damage|p1a: Zam Lead|213\/313
|
|turn|16
|
|switch|p1a: Breakfast Pouch|Chansey|703\/703
|move|p2a: Alakazam|Thunder Wave|p1a: Breakfast Pouch
|-status|p1a: Breakfast Pouch|par
|
|turn|17
|
|switch|p2a: Gengar|Gengar|323\/323 slp
|cant|p1a: Breakfast Pouch|par
|
|turn|18
|
|switch|p1a: Zam Lead|Alakazam|213\/313
|cant|p2a: Gengar|slp
|
|turn|19
|
|switch|p2a: Alakazam|Alakazam|313\/313
|move|p1a: Zam Lead|Psychic|p2a: Alakazam
|-resisted|p2a: Alakazam
|-damage|p2a: Alakazam|260\/313
|
|turn|20
|
|switch|p1a: Breakfast Pouch|Chansey|703\/703 par
|move|p2a: Alakazam|Psychic|p1a: Breakfast Pouch
|-damage|p1a: Breakfast Pouch|583\/703 par
|
|turn|21
|
|switch|p2a: Gengar|Gengar|323\/323 slp
|cant|p1a: Breakfast Pouch|par
|
|turn|22
|
|switch|p1a: Zam Lead|Alakazam|213\/313
|cant|p2a: Gengar|slp
|
|turn|23
|
|switch|p2a: Alakazam|Alakazam|260\/313
|move|p1a: Zam Lead|Psychic|p2a: Alakazam
|-resisted|p2a: Alakazam
|-damage|p2a: Alakazam|207\/313
|
|turn|24
|
|switch|p1a: Breakfast Pouch|Chansey|583\/703 par
|move|p2a: Alakazam|Recover|p2a: Alakazam
|-heal|p2a: Alakazam|313\/313
|
|turn|25
|
|switch|p2a: Golem|Golem|363\/363
|switch|p1a: Zam Lead|Alakazam|213\/313
|
|turn|26
|
|move|p1a: Zam Lead|Psychic|p2a: Golem
|-damage|p2a: Golem|182\/363
|-unboost|p2a: Golem|spd|1
|-unboost|p2a: Golem|spa|1
|move|p2a: Golem|Earthquake|p1a: Zam Lead
|-damage|p1a: Zam Lead|4\/313
|
|turn|27
|
|switch|p2a: Alakazam|Alakazam|313\/313
|move|p1a: Zam Lead|Psychic|p2a: Alakazam
|-crit|p2a: Alakazam
|-resisted|p2a: Alakazam
|-damage|p2a: Alakazam|213\/313
|-unboost|p2a: Alakazam|spd|1
|-unboost|p2a: Alakazam|spa|1
|
|turn|28
|
|switch|p1a: Breakfast Pouch|Chansey|583\/703 par
|move|p2a: Alakazam|Psychic|p1a: Breakfast Pouch
|-damage|p1a: Breakfast Pouch|499\/703 par
|
|turn|29
|
|switch|p2a: Gengar|Gengar|323\/323 slp
|move|p1a: Breakfast Pouch|Ice Beam|p2a: Gengar
|-damage|p2a: Gengar|261\/323 slp
|
|turn|30
|
|cant|p2a: Gengar|slp
|move|p1a: Breakfast Pouch|Thunder Wave|p2a: Gengar
|-fail|p2a: Gengar
|
|turn|31
|
|switch|p1a: Zam Lead|Alakazam|4\/313
|cant|p2a: Gengar|slp
|
|turn|32
|
|switch|p2a: Alakazam|Alakazam|213\/313
|move|p1a: Zam Lead|Psychic|p2a: Alakazam
|-resisted|p2a: Alakazam
|-damage|p2a: Alakazam|157\/313
|
|turn|33
|
|switch|p1a: Breakfast Pouch|Chansey|499\/703 par
|move|p2a: Alakazam|Recover|p2a: Alakazam
|-heal|p2a: Alakazam|313\/313
|
|turn|34
|
|switch|p2a: Gengar|Gengar|261\/323 slp
|move|p1a: Breakfast Pouch|Ice Beam|p2a: Gengar
|-damage|p2a: Gengar|196\/323 slp
|
|turn|35
|
|switch|p1a: Zam Lead|Alakazam|4\/313
|cant|p2a: Gengar|slp
|
|turn|36
|
|switch|p2a: Alakazam|Alakazam|313\/313
|move|p1a: Zam Lead|Recover|p1a: Zam Lead
|-heal|p1a: Zam Lead|160\/313
|
|turn|37
|
|switch|p1a: Breakfast Pouch|Chansey|499\/703 par
|move|p2a: Alakazam|Psychic|p1a: Breakfast Pouch
|-crit|p1a: Breakfast Pouch
|-damage|p1a: Breakfast Pouch|259\/703 par
|-unboost|p1a: Breakfast Pouch|spd|1
|-unboost|p1a: Breakfast Pouch|spa|1
|
|turn|38
|
|switch|p2a: Gengar|Gengar|196\/323 slp
|move|p1a: Breakfast Pouch|Soft-Boiled|p1a: Breakfast Pouch
|-heal|p1a: Breakfast Pouch|610\/703 par
|
|turn|39
|
|switch|p1a: Zam Lead|Alakazam|160\/313
|cant|p2a: Gengar|slp
|-curestatus|p2a: Gengar|slp
|
|turn|40
|
|switch|p2a: Alakazam|Alakazam|313\/313
|move|p1a: Zam Lead|Psychic|p2a: Alakazam
|-crit|p2a: Alakazam
|-resisted|p2a: Alakazam
|-damage|p2a: Alakazam|200\/313
|
|turn|41
|
|move|p1a: Zam Lead|Recover|p1a: Zam Lead
|-heal|p1a: Zam Lead|313\/313
|move|p2a: Alakazam|Psychic|p1a: Zam Lead
|-resisted|p1a: Zam Lead
|-damage|p1a: Zam Lead|262\/313
|
|turn|42
|
|switch|p1a: Mr Mime|Jynx|141\/333 par
|move|p2a: Alakazam|Thunder Wave|p1a: Mr Mime
|-fail|p1a: Mr Mime|par
|
|turn|43
|
|switch|p2a: Slowbro|Slowbro|233\/393 frz
|move|p1a: Mr Mime|Lovely Kiss|p2a: Slowbro
|-fail|p2a: Slowbro
|
|turn|44
|
|cant|p2a: Slowbro|frz
|move|p1a: Mr Mime|Reflect|p1a: Mr Mime
|
|turn|45
|
|cant|p2a: Slowbro|frz
|move|p1a: Mr Mime|Psychic|p2a: Slowbro
|-resisted|p2a: Slowbro
|-damage|p2a: Slowbro|175\/393 frz
|
|turn|46
|
|cant|p2a: Slowbro|frz
|move|p1a: Mr Mime|Psychic|p2a: Slowbro
|-crit|p2a: Slowbro
|-resisted|p2a: Slowbro
|-damage|p2a: Slowbro|53\/393 frz
|-unboost|p2a: Slowbro|spd|1
|-unboost|p2a: Slowbro|spa|1
|
|turn|47
|
|cant|p2a: Slowbro|frz
|cant|p1a: Mr Mime|par
|
|turn|48
|
|cant|p2a: Slowbro|frz
|move|p1a: Mr Mime|Psychic|p2a: Slowbro
|-resisted|p2a: Slowbro
|-damage|p2a: Slowbro|0 fnt
|faint|p2a: Slowbro
|
|
|switch|p2a: Tauros|Tauros|353\/353
|turn|49
|
|switch|p1a: TNT|Golem|363\/363
|move|p2a: Tauros|Hyper Beam|p1a: TNT
|-resisted|p1a: TNT
|-damage|p1a: TNT|288\/363
|
|turn|50
|
|cant|p2a: Tauros|recharge
|move|p1a: TNT|Explosion|p2a: Tauros
|-damage|p2a: Tauros|36\/353
|faint|p1a: TNT
|
|switch|p1a: Zam Lead|Alakazam|262\/313
|turn|51
|
|switch|p2a: Alakazam|Alakazam|200\/313
|move|p1a: Zam Lead|Psychic|p2a: Alakazam
|-resisted|p2a: Alakazam
|-damage|p2a: Alakazam|144\/313
|-unboost|p2a: Alakazam|spd|1
|-unboost|p2a: Alakazam|spa|1
|
|turn|52
|
|switch|p1a: Breakfast Pouch|Chansey|610\/703 par
|move|p2a: Alakazam|Seismic Toss|p1a: Breakfast Pouch
|-damage|p1a: Breakfast Pouch|510\/703 par
|
|turn|53
|
|move|p2a: Alakazam|Recover|p2a: Alakazam
|-heal|p2a: Alakazam|300\/313
|move|p1a: Breakfast Pouch|Ice Beam|p2a: Alakazam
|-damage|p2a: Alakazam|211\/313
|
|turn|54
|
|switch|p2a: Gengar|Gengar|196\/323
|move|p1a: Breakfast Pouch|Soft-Boiled|p1a: Breakfast Pouch
|-heal|p1a: Breakfast Pouch|703\/703 par
|
|turn|55
|
|switch|p1a: Mr Mime|Jynx|141\/333 par
|move|p2a: Gengar|Explosion|p1a: Mr Mime
|-damage|p1a: Mr Mime|0 fnt
|faint|p1a: Mr Mime
|faint|p2a: Gengar
|
|switch|p1a: Zam Lead|Alakazam|262\/313
|switch|p2a: Alakazam|Alakazam|211\/313
|turn|56
|
|switch|p1a: Breakfast Pouch|Chansey|703\/703 par
|move|p2a: Alakazam|Psychic|p1a: Breakfast Pouch
|-damage|p1a: Breakfast Pouch|581\/703 par
|
|turn|57
|
|move|p2a: Alakazam|Recover|p2a: Alakazam
|-heal|p2a: Alakazam|313\/313
|move|p1a: Breakfast Pouch|Soft-Boiled|p1a: Breakfast Pouch
|-heal|p1a: Breakfast Pouch|703\/703 par
|
|turn|58
|
|move|p2a: Alakazam|Psychic|p1a: Breakfast Pouch
|-crit|p1a: Breakfast Pouch
|-damage|p1a: Breakfast Pouch|469\/703 par
|move|p1a: Breakfast Pouch|Ice Beam|p2a: Alakazam
|-damage|p2a: Alakazam|254\/313
|
|turn|59
|
|move|p2a: Alakazam|Psychic|p1a: Breakfast Pouch
|-damage|p1a: Breakfast Pouch|344\/703 par
|move|p1a: Breakfast Pouch|Soft-Boiled|p1a: Breakfast Pouch
|-heal|p1a: Breakfast Pouch|695\/703 par
|
|turn|60
|
|move|p2a: Alakazam|Psychic|p1a: Breakfast Pouch
|-damage|p1a: Breakfast Pouch|564\/703 par
|cant|p1a: Breakfast Pouch|par
|
|turn|61
|
|move|p2a: Alakazam|Psychic|p1a: Breakfast Pouch
|-crit|p1a: Breakfast Pouch
|-damage|p1a: Breakfast Pouch|313\/703 par
|move|p1a: Breakfast Pouch|Soft-Boiled|p1a: Breakfast Pouch
|-heal|p1a: Breakfast Pouch|664\/703 par
|
|turn|62
|
|move|p2a: Alakazam|Psychic|p1a: Breakfast Pouch
|-damage|p1a: Breakfast Pouch|544\/703 par
|-unboost|p1a: Breakfast Pouch|spd|1
|-unboost|p1a: Breakfast Pouch|spa|1
|move|p1a: Breakfast Pouch|Ice Beam|p2a: Alakazam
|-damage|p2a: Alakazam|209\/313
|
|turn|63
|
|switch|p2a: Golem|Golem|182\/363
|switch|p1a: Zam Lead|Alakazam|262\/313
|
|turn|64
|
|move|p1a: Zam Lead|Psychic|p2a: Golem
|-damage|p2a: Golem|5\/363
|-unboost|p2a: Golem|spd|1
|-unboost|p2a: Golem|spa|1
|move|p2a: Golem|Explosion|p1a: Zam Lead
|-damage|p1a: Zam Lead|0 fnt
|faint|p1a: Zam Lead
|faint|p2a: Golem
|
|switch|p1a: Kitty|Tauros|353\/353
|switch|p2a: Tauros|Tauros|36\/353
|turn|65
|
|move|p2a: Tauros|Hyper Beam|p1a: Kitty
|-crit|p1a: Kitty
|-damage|p1a: Kitty|0 fnt
|faint|p1a: Kitty
|
|
|switch|p1a: Breakfast Pouch|Chansey|544\/703 par
|turn|66
|
|move|p2a: Tauros|Body Slam|p1a: Breakfast Pouch
|-damage|p1a: Breakfast Pouch|288\/703 par
|cant|p1a: Breakfast Pouch|par
|
|turn|67
|
|move|p2a: Tauros|Hyper Beam|p1a: Breakfast Pouch
|-damage|p1a: Breakfast Pouch|0 fnt
|faint|p1a: Breakfast Pouch
|
|win|jb champ
|raw|Ladder updating...
|raw|kid gf lol's rating: 1447 &rarr; <strong>1425<\/strong><br \/>(-22 for losing)
|raw|jb champ's rating: 1409 &rarr; <strong>1431<\/strong><br \/>(+22 for winning)
|leave|kid gf lol
|player|p1