|join|4O4
|join|xJoelituh
|player|p1|4O4|1
|player|p2|xJoelituh|291
|gametype|singles
|gen|1
|tier|[Gen 1] OU (beta)
|rated
|rule|Sleep Clause Mod: Limit one foe put to sleep
|rule|Species Clause: Limit one of each Pokémon
|rule|OHKO Clause: OHKO moves are banned
|rule|Evasion Moves Clause: Evasion moves are banned
|rule|HP Percentage Mod: HP is shown in percentages
|
|start
|switch|p1a: Gengar|Gengar|323\/323
|switch|p2a: Starmie|Starmie|323\/323
|turn|1
|
|switch|p1a: Chansey|Chansey|703\/703
|move|p2a: Starmie|Blizzard|p1a: Chansey|[miss]
|-miss|p2a: Starmie
|
|turn|2
|
|switch|p1a: Exeggutor|Exeggutor|393\/393
|move|p2a: Starmie|Blizzard|p1a: Exeggutor
|-supereffective|p1a: Exeggutor
|-damage|p1a: Exeggutor|225\/393
|-status|p1a: Exeggutor|frz
|
|turn|3
|c|★xJoelituh|sry man
|
|switch|p1a: Chansey|Chansey|703\/703
|move|p2a: Starmie|Thunderbolt|p1a: Chansey
|-crit|p1a: Chansey
|-damage|p1a: Chansey|561\/703
|
|turn|4
|
|move|p2a: Starmie|Blizzard|p1a: Chansey
|-crit|p1a: Chansey
|-damage|p1a: Chansey|379\/703
|move|p1a: Chansey|Thunderbolt|p2a: Starmie
|-supereffective|p2a: Starmie
|-damage|p2a: Starmie|177\/323
|
|turn|5
|
|move|p2a: Starmie|Blizzard|p1a: Chansey
|-damage|p1a: Chansey|282\/703
|move|p1a: Chansey|Thunder Wave|p2a: Starmie
|-status|p2a: Starmie|par
|
|turn|6
|
|switch|p2a: Alakazam|Alakazam|313\/313
|move|p1a: Chansey|Soft-Boiled|p1a: Chansey
|-heal|p1a: Chansey|633\/703
|
|turn|7
|
|move|p2a: Alakazam|Psychic|p1a: Chansey
|-damage|p1a: Chansey|504\/703
|move|p1a: Chansey|Ice Beam|p2a: Alakazam
|-damage|p2a: Alakazam|248\/313
|
|turn|8
|
|move|p2a: Alakazam|Thunder Wave|p1a: Chansey
|-status|p1a: Chansey|par
|cant|p1a: Chansey|par
|
|turn|9
|
|switch|p2a: Aerodactyl|Aerodactyl|363\/363
|move|p1a: Chansey|Soft-Boiled|p1a: Chansey
|-heal|p1a: Chansey|703\/703 par
|
|turn|10
|
|switch|p1a: Starmie|Starmie|323\/323
|move|p2a: Aerodactyl|Sky Attack|p1a: Starmie|[still]
|-prepare|p2a: Aerodactyl|Sky Attack|p1a: Starmie
|
|turn|11
|
|move|p2a: Aerodactyl|Sky Attack|p1a: Starmie
|-damage|p1a: Starmie|123\/323
|move|p1a: Starmie|Thunder Wave|p2a: Aerodactyl
|-status|p2a: Aerodactyl|par
|
|turn|12
|
|move|p1a: Starmie|Recover|p1a: Starmie
|-heal|p1a: Starmie|284\/323
|move|p2a: Aerodactyl|Double-Edge|p1a: Starmie
|-damage|p1a: Starmie|196\/323
|-damage|p2a: Aerodactyl|341\/363 par|[from] recoil|[of] p1a: Starmie
|
|turn|13
|
|move|p1a: Starmie|Recover|p1a: Starmie
|-heal|p1a: Starmie|323\/323
|cant|p2a: Aerodactyl|par
|
|turn|14
|
|switch|p2a: Alakazam|Alakazam|248\/313
|move|p1a: Starmie|Blizzard|p2a: Alakazam
|-damage|p2a: Alakazam|175\/313
|
|turn|15
|
|switch|p1a: Chansey|Chansey|703\/703 par
|move|p2a: Alakazam|Seismic Toss|p1a: Chansey
|-damage|p1a: Chansey|603\/703 par
|
|turn|16
|
|switch|p2a: Venusaur|Venusaur|363\/363
|move|p1a: Chansey|Ice Beam|p2a: Venusaur
|-supereffective|p2a: Venusaur
|-damage|p2a: Venusaur|199\/363
|
|turn|17
|
|move|p2a: Venusaur|Leech Seed|p1a: Chansey
|-start|p1a: Chansey|move: Leech Seed
|move|p1a: Chansey|Ice Beam|p2a: Venusaur
|-supereffective|p2a: Venusaur
|-damage|p2a: Venusaur|45\/363
|-damage|p1a: Chansey|560\/703 par|[from] Leech Seed|[of] p2a: Venusaur
|-heal|p2a: Venusaur|88\/363|[silent]
|
|turn|18
|
|move|p2a: Venusaur|Razor Leaf|p1a: Chansey
|-crit|p1a: Chansey
|-damage|p1a: Chansey|438\/703 par
|move|p1a: Chansey|Ice Beam|p2a: Venusaur
|-supereffective|p2a: Venusaur
|-damage|p2a: Venusaur|0 fnt
|faint|p2a: Venusaur
|
|switch|p2a: Aerodactyl|Aerodactyl|341\/363 par
|turn|19
|
|switch|p1a: Starmie|Starmie|323\/323
|move|p2a: Aerodactyl|Hyper Beam|p1a: Starmie
|-crit|p1a: Starmie
|-damage|p1a: Starmie|49\/323
|
|turn|20
|
|move|p1a: Starmie|Recover|p1a: Starmie
|-heal|p1a: Starmie|210\/323
|cant|p2a: Aerodactyl|recharge
|
|turn|21
|
|move|p1a: Starmie|Recover|p1a: Starmie
|-heal|p1a: Starmie|323\/323
|cant|p2a: Aerodactyl|par
|
|turn|22
|
|move|p1a: Starmie|Blizzard|p2a: Aerodactyl
|-supereffective|p2a: Aerodactyl
|-damage|p2a: Aerodactyl|80\/363 par
|move|p2a: Aerodactyl|Double-Edge|p1a: Starmie
|-damage|p1a: Starmie|234\/323
|-damage|p2a: Aerodactyl|58\/363 par|[from] recoil|[of] p1a: Starmie
|
|turn|23
|
|switch|p2a: Starmie|Starmie|177\/323 par
|move|p1a: Starmie|Blizzard|p2a: Starmie
|-resisted|p2a: Starmie
|-damage|p2a: Starmie|131\/323 par
|
|turn|24
|
|switch|p1a: Chansey|Chansey|438\/703 par
|cant|p2a: Starmie|par
|
|turn|25
|
|move|p2a: Starmie|Recover|p2a: Starmie
|-heal|p2a: Starmie|292\/323 par
|move|p1a: Chansey|Soft-Boiled|p1a: Chansey
|-heal|p1a: Chansey|703\/703 par
|
|turn|26
|
|switch|p2a: Alakazam|Alakazam|175\/313
|move|p1a: Chansey|Thunderbolt|p2a: Alakazam
|-damage|p2a: Alakazam|118\/313
|
|turn|27
|
|switch|p1a: Snorlax|Snorlax|523\/523
|move|p2a: Alakazam|Recover|p2a: Alakazam
|-heal|p2a: Alakazam|274\/313
|
|turn|28
|
|move|p2a: Alakazam|Thunder Wave|p1a: Snorlax
|-status|p1a: Snorlax|par
|cant|p1a: Snorlax|par
|
|turn|29
|
|move|p2a: Alakazam|Seismic Toss|p1a: Snorlax
|-damage|p1a: Snorlax|423\/523 par
|cant|p1a: Snorlax|par
|
|turn|30
|
|move|p2a: Alakazam|Seismic Toss|p1a: Snorlax
|-damage|p1a: Snorlax|323\/523 par
|move|p1a: Snorlax|Body Slam|p2a: Alakazam
|-damage|p2a: Alakazam|106\/313
|
|turn|31
|
|move|p2a: Alakazam|Recover|p2a: Alakazam
|-heal|p2a: Alakazam|262\/313
|cant|p1a: Snorlax|par
|
|turn|32
|
|move|p2a: Alakazam|Psychic|p1a: Snorlax
|-crit|p1a: Snorlax
|-damage|p1a: Snorlax|0 fnt
|faint|p1a: Snorlax
|
|switch|p1a: Chansey|Chansey|703\/703 par
|turn|33
|
|move|p2a: Alakazam|Recover|p2a: Alakazam
|-heal|p2a: Alakazam|313\/313
|move|p1a: Chansey|Ice Beam|p2a: Alakazam
|-damage|p2a: Alakazam|246\/313
|
|turn|34
|
|switch|p2a: Starmie|Starmie|292\/323 par
|move|p1a: Chansey|Ice Beam|p2a: Starmie
|-resisted|p2a: Starmie
|-damage|p2a: Starmie|253\/323 par
|
|turn|35
|
|cant|p2a: Starmie|par
|move|p1a: Chansey|Thunderbolt|p2a: Starmie
|-supereffective|p2a: Starmie
|-damage|p2a: Starmie|96\/323 par
|
|turn|36
|
|move|p2a: Starmie|Recover|p2a: Starmie
|-heal|p2a: Starmie|257\/323 par
|move|p1a: Chansey|Thunderbolt|p2a: Starmie
|-supereffective|p2a: Starmie
|-damage|p2a: Starmie|105\/323 par
|
|turn|37
|
|cant|p2a: Starmie|par
|move|p1a: Chansey|Thunderbolt|p2a: Starmie
|-crit|p2a: Starmie
|-supereffective|p2a: Starmie
|-damage|p2a: Starmie|0 fnt
|faint|p2a: Starmie
|
|switch|p2a: Aerodactyl|Aerodactyl|58\/363 par
|turn|38
|
|switch|p1a: Gengar|Gengar|323\/323
|cant|p2a: Aerodactyl|par
|
|turn|39
|
|move|p1a: Gengar|Thunderbolt|p2a: Aerodactyl
|-supereffective|p2a: Aerodactyl
|-damage|p2a: Aerodactyl|0 fnt
|faint|p2a: Aerodactyl
|
|switch|p2a: Omastar|Omastar|343\/343
|turn|40
|
|move|p1a: Gengar|Mega Drain|p2a: Omastar
|-supereffective|p2a: Omastar
|-damage|p2a: Omastar|208\/343
|move|p2a: Omastar|Hydro Pump|p1a: Gengar
|-damage|p1a: Gengar|194\/323
|
|turn|41
|
|move|p1a: Gengar|Mega Drain|p2a: Omastar
|-supereffective|p2a: Omastar
|-damage|p2a: Omastar|69\/343
|-heal|p1a: Gengar|264\/323|[from] drain|[of] p2a: Omastar
|move|p2a: Omastar|Blizzard|p1a: Gengar
|-damage|p1a: Gengar|185\/323
|
|turn|42
|
|switch|p2a: Chansey|Chansey|703\/703
|move|p1a: Gengar|Thunderbolt|p2a: Chansey
|-damage|p2a: Chansey|619\/703
|
|turn|43
|
|switch|p1a: Chansey|Chansey|703\/703 par
|move|p2a: Chansey|Ice Beam|p1a: Chansey
|-damage|p1a: Chansey|635\/703 par
|
|turn|44
|
|move|p2a: Chansey|Ice Beam|p1a: Chansey
|-damage|p1a: Chansey|561\/703 par
|move|p1a: Chansey|Ice Beam|p2a: Chansey
|-damage|p2a: Chansey|543\/703
|
|turn|45
|
|move|p2a: Chansey|Ice Beam|p1a: Chansey
|-damage|p1a: Chansey|487\/703 par
|move|p1a: Chansey|Ice Beam|p2a: Chansey
|-damage|p2a: Chansey|469\/703
|
|turn|46
|
|move|p2a: Chansey|Ice Beam|p1a: Chansey
|-crit|p1a: Chansey
|-damage|p1a: Chansey|335\/703 par
|move|p1a: Chansey|Ice Beam|p2a: Chansey
|-damage|p2a: Chansey|401\/703
|
|turn|47
|
|move|p2a: Chansey|Ice Beam|p1a: Chansey
|-damage|p1a: Chansey|259\/703 par
|move|p1a: Chansey|Soft-Boiled|p1a: Chansey
|-heal|p1a: Chansey|610\/703 par
|
|turn|48
|
|move|p2a: Chansey|Soft-Boiled|p2a: Chansey
|-heal|p2a: Chansey|703\/703
|cant|p1a: Chansey|par
|
|turn|49
|
|move|p2a: Chansey|Thunder Wave|p1a: Chansey
|-fail|p1a: Chansey|par
|move|p1a: Chansey|Ice Beam|p2a: Chansey
|-damage|p2a: Chansey|635\/703
|
|turn|50
|
|move|p2a: Chansey|Ice Beam|p1a: Chansey
|-damage|p1a: Chansey|533\/703 par
|move|p1a: Chansey|Ice Beam|p2a: Chansey
|-damage|p2a: Chansey|558\/703
|
|turn|51
|
|switch|p2a: Alakazam|Alakazam|246\/313
|move|p1a: Chansey|Ice Beam|p2a: Alakazam
|-damage|p2a: Alakazam|181\/313
|
|turn|52
|
|move|p2a: Alakazam|Recover|p2a: Alakazam
|-heal|p2a: Alakazam|313\/313
|cant|p1a: Chansey|par
|
|turn|53
|
|move|p2a: Alakazam|Psychic|p1a: Chansey
|-damage|p1a: Chansey|400\/703 par
|move|p1a: Chansey|Thunder Wave|p2a: Alakazam
|-status|p2a: Alakazam|par
|
|turn|54
|
|move|p2a: Alakazam|Seismic Toss|p1a: Chansey
|-damage|p1a: Chansey|300\/703 par
|move|p1a: Chansey|Soft-Boiled|p1a: Chansey
|-heal|p1a: Chansey|651\/703 par
|
|turn|55
|
|move|p2a: Alakazam|Psychic|p1a: Chansey
|-damage|p1a: Chansey|531\/703 par
|cant|p1a: Chansey|par
|
|turn|56
|join|MiguelRx
|
|cant|p2a: Alakazam|par
|move|p1a: Chansey|Thunderbolt|p2a: Alakazam
|-crit|p2a: Alakazam
|-damage|p2a: Alakazam|198\/313 par
|
|turn|57
|c|★xJoelituh|k gg 
|
|move|p2a: Alakazam|Psychic|p1a: Chansey
|-damage|p1a: Chansey|402\/703 par
|-unboost|p1a: Chansey|spd|1
|-unboost|p1a: Chansey|spa|1
|move|p1a: Chansey|Thunderbolt|p2a: Alakazam
|-damage|p2a: Alakazam|153\/313 par
|
|turn|58
|-message|xJoelituh forfeited.
|
|win|4O4
|raw|Ladder updating...
|raw|4O4's rating: 1309 &rarr; <strong>1322<\/strong><br \/>(+13 for winning)
|raw|xJoelituh's rating: 1196 &rarr; <strong>1179<\/strong><br \/>(-17 for losing)
|leave|4O4
|player|p1