|j|HerpesFreeSince03
|j|StellarMelon
|player|p1|HerpesFreeSince03|1
|player|p2|StellarMelon|121
|gametype|singles
|gen|1
|tier|[Gen 1] Random Battle
|seed|55777,23236,54313,30870
|rule|Sleep Clause Mod: Limit one foe put to sleep
|rule|Freeze Clause Mod: Limit one foe frozen
|rule|HP Percentage Mod: HP is shown in percentages
|
|start
|switch|p1a: Ninetales|Ninetales, L85|298\/298
|switch|p2a: Golbat|Golbat, L90|318\/318
|turn|1
|choice|move 1|move 3
|
|move|p1a: Ninetales|Fire Blast|p2a: Golbat
|-damage|p2a: Golbat|187\/318
|move|p2a: Golbat|Double-Edge|p1a: Ninetales
|-damage|p1a: Ninetales|214\/298
|-damage|p2a: Golbat|166\/318|[from] recoil|[of] p1a: Ninetales
|
|turn|2
|choice|move 1|move 2
|
|move|p1a: Ninetales|Fire Blast|p2a: Golbat
|-damage|p2a: Golbat|25\/318
|move|p2a: Golbat|Hyper Beam|p1a: Ninetales|[miss]
|-miss|p2a: Golbat
|
|turn|3
|choice|move 2|move 2
|
|move|p1a: Ninetales|Body Slam|p2a: Golbat
|-damage|p2a: Golbat|0 fnt
|faint|p2a: Golbat
|choice||switch 2
|
|switch|p2a: Diglett|Diglett, L96|214\/214
|turn|4
|choice|switch 3|move 1
|
|switch|p1a: Farfetch'd|Farfetch'd, L99|304\/304
|move|p2a: Diglett|Earthquake|p1a: Farfetch'd
|-immune|p1a: Farfetch'd|[msg]
|
|turn|5
|choice|move 4|switch 5
|
|switch|p2a: Lapras|Lapras, L79|367\/367
|move|p1a: Farfetch'd|Sand Attack|p2a: Lapras
|-unboost|p2a: Lapras|accuracy|1
|
|turn|6
|choice|switch 6|move 1
|
|switch|p1a: Blastoise|Blastoise, L85|308\/308
|move|p2a: Lapras|Ice Beam|p1a: Blastoise
|-resisted|p1a: Blastoise
|-damage|p1a: Blastoise|265\/308
|
|turn|7
|choice|move 1|move 4
|
|move|p1a: Blastoise|Body Slam|p2a: Lapras
|-damage|p2a: Lapras|305\/367
|move|p2a: Lapras|Thunderbolt|p1a: Blastoise
|-supereffective|p1a: Blastoise
|-damage|p1a: Blastoise|156\/308
|
|turn|8
|c|★HerpesFreeSince03|Niggger
|choice|move 1|move 4
|
|move|p1a: Blastoise|Body Slam|p2a: Lapras
|-crit|p2a: Lapras
|-damage|p2a: Lapras|189\/367
|-status|p2a: Lapras|par
|move|p2a: Lapras|Thunderbolt|p1a: Blastoise
|-supereffective|p1a: Blastoise
|-damage|p1a: Blastoise|35\/308
|
|turn|9
|choice|move 1|move 4
|
|move|p1a: Blastoise|Body Slam|p2a: Lapras
|-damage|p2a: Lapras|124\/367 par
|cant|p2a: Lapras|par
|
|turn|10
|choice|move 3|move 4
|
|move|p1a: Blastoise|Rest|p1a: Blastoise
|-status|p1a: Blastoise|slp
|-heal|p1a: Blastoise|308\/308 slp|[silent]
|-status|p1a: Blastoise|slp|[from] move: Rest
|move|p2a: Lapras|Thunderbolt|p1a: Blastoise|[miss]
|-miss|p2a: Lapras
|
|turn|11
|choice|switch 5|switch 4
|
|switch|p1a: Magneton|Magneton, L90|273\/273
|switch|p2a: Jolteon|Jolteon, L79|265\/265
|
|turn|12
|choice|switch 4|move 1
|
|switch|p1a: Wigglytuff|Wigglytuff, L90|435\/435
|move|p2a: Jolteon|Thunderbolt|p1a: Wigglytuff
|-damage|p1a: Wigglytuff|306\/435
|
|turn|13
|choice|move 2|move 1
|
|move|p2a: Jolteon|Thunderbolt|p1a: Wigglytuff
|-damage|p1a: Wigglytuff|189\/435
|move|p1a: Wigglytuff|Sing|p2a: Jolteon
|-status|p2a: Jolteon|slp
|
|turn|14
|choice|move 3|switch 3
|
|switch|p2a: Wigglytuff|Wigglytuff, L90|435\/435
|move|p1a: Wigglytuff|Double-Edge|p2a: Wigglytuff
|-damage|p2a: Wigglytuff|301\/435
|-damage|p1a: Wigglytuff|156\/435|[from] recoil|[of] p2a: Wigglytuff
|
|turn|15
|choice|move 3|move 3
|
|move|p1a: Wigglytuff|Double-Edge|p2a: Wigglytuff
|-damage|p2a: Wigglytuff|161\/435
|-damage|p1a: Wigglytuff|121\/435|[from] recoil|[of] p2a: Wigglytuff
|move|p2a: Wigglytuff|Sing|p1a: Wigglytuff
|-status|p1a: Wigglytuff|slp
|
|turn|16
|choice|switch 3|move 2
|
|switch|p1a: Ninetales|Ninetales, L85|214\/298
|move|p2a: Wigglytuff|Blizzard|p1a: Ninetales
|-damage|p1a: Ninetales|158\/298
|
|turn|17
|choice|move 1|move 4
|
|move|p1a: Ninetales|Fire Blast|p2a: Wigglytuff
|-crit|p2a: Wigglytuff
|-damage|p2a: Wigglytuff|0 fnt
|faint|p2a: Wigglytuff
|choice||switch 4
|
|switch|p2a: Lapras|Lapras, L79|124\/367 par
|turn|18
|c|★StellarMelon|gg
|choice|move 1|move 2
|
|move|p1a: Ninetales|Fire Blast|p2a: Lapras
|-damage|p2a: Lapras|0 fnt
|faint|p2a: Lapras
|choice||switch 6
|
|switch|p2a: Pinsir|Pinsir, L85|284\/284
|turn|19
|choice|move 1|move 4
|
|move|p1a: Ninetales|Fire Blast|p2a: Pinsir
|-supereffective|p2a: Pinsir
|-damage|p2a: Pinsir|0 fnt
|faint|p2a: Pinsir
|choice||switch 5
|
|switch|p2a: Diglett|Diglett, L96|214\/214
|turn|20
|c|★HerpesFreeSince03|Ur so bad
|choice|switch 6|move 4
|
|switch|p1a: Farfetch'd|Farfetch'd, L99|304\/304
|move|p2a: Diglett|Mimic|p1a: Farfetch'd
|-start|p2a: Diglett|Mimic|Slash
|
|turn|21
|choice|move 4|move 4
|
|move|p2a: Diglett|Slash|p1a: Farfetch'd
|-crit|p1a: Farfetch'd
|-damage|p1a: Farfetch'd|209\/304
|move|p1a: Farfetch'd|Sand Attack|p2a: Diglett
|-unboost|p2a: Diglett|accuracy|1
|
|turn|22
|choice|move 1|move 4
|
|move|p2a: Diglett|Slash|p1a: Farfetch'd
|-crit|p1a: Farfetch'd
|-damage|p1a: Farfetch'd|106\/304
|move|p1a: Farfetch'd|Slash|p2a: Diglett
|-crit|p2a: Diglett
|-damage|p2a: Diglett|0 fnt
|faint|p2a: Diglett
|choice||switch 3
|
|switch|p2a: Jolteon|Jolteon, L79|265\/265 slp
|turn|23
|choice|switch 2|move 1
|
|switch|p1a: Rhyhorn|Rhyhorn, L96|348\/348
|cant|p2a: Jolteon|slp
|
|turn|24
|choice|move 2|move 4
|
|cant|p2a: Jolteon|slp
|move|p1a: Rhyhorn|Earthquake|p2a: Jolteon
|-supereffective|p2a: Jolteon
|-damage|p2a: Jolteon|0 fnt
|faint|p2a: Jolteon
|
|win|HerpesFreeSince03
|player|p1
|player|p2