|join|Top swagger
|join|XianJu
|player|p1|Top swagger|29
|player|p2|XianJu|130
|gametype|singles
|gen|1
|tier|[Gen 1] Random Battle
|rated
|seed|38766,10930,11813,64933
|rule|Sleep Clause Mod: Limit one foe put to sleep
|rule|Freeze Clause Mod: Limit one foe frozen
|rule|HP Percentage Mod: HP is shown in percentages
|
|start
|switch|p1a: Bulbasaur|Bulbasaur, L96|281\/281
|switch|p2a: Bellsprout|Bellsprout, L96|291\/291
|turn|1
|choice|switch 4|move 1
|
|switch|p1a: Articuno|Articuno, L79|304\/304
|move|p2a: Bellsprout|Sleep Powder|p1a: Articuno
|-status|p1a: Articuno|slp
|
|turn|2
|choice|move 2|switch 3
|
|switch|p2a: Mr. Mime|Mr. Mime, L85|242\/242
|cant|p1a: Articuno|slp
|
|turn|3
|choice|switch 5|move 2
|
|switch|p1a: Tauros|Tauros, L79|280\/280
|move|p2a: Mr. Mime|Thunderbolt|p1a: Tauros
|-damage|p1a: Tauros|194\/280
|
|turn|4
|choice|move 4|move 1
|
|move|p1a: Tauros|Earthquake|p2a: Mr. Mime
|-damage|p2a: Mr. Mime|168\/242
|move|p2a: Mr. Mime|Thunder Wave|p1a: Tauros
|-status|p1a: Tauros|par
|
|turn|5
|choice|move 4|move 3
|
|move|p2a: Mr. Mime|Psychic|p1a: Tauros
|-damage|p1a: Tauros|65\/280 par
|-unboost|p1a: Tauros|spd|1
|-unboost|p1a: Tauros|spa|1
|move|p1a: Tauros|Earthquake|p2a: Mr. Mime
|-damage|p2a: Mr. Mime|97\/242
|
|turn|6
|choice|move 1|move 3
|
|move|p2a: Mr. Mime|Psychic|p1a: Tauros
|-damage|p1a: Tauros|0 fnt
|faint|p1a: Tauros
|choice|switch 2|
|
|switch|p1a: Charmander|Charmander, L96|270\/270
|turn|7
|choice|move 3|move 1
|
|move|p2a: Mr. Mime|Thunder Wave|p1a: Charmander
|-status|p1a: Charmander|par
|move|p1a: Charmander|Fire Blast|p2a: Mr. Mime|[miss]
|-miss|p1a: Charmander
|
|turn|8
|choice|move 3|move 3
|
|move|p2a: Mr. Mime|Psychic|p1a: Charmander
|-damage|p1a: Charmander|144\/270 par
|-unboost|p1a: Charmander|spd|1
|-unboost|p1a: Charmander|spa|1
|move|p1a: Charmander|Fire Blast|p2a: Mr. Mime
|-damage|p2a: Mr. Mime|32\/242
|-status|p2a: Mr. Mime|brn
|
|turn|9
|choice|move 2|move 3
|
|move|p2a: Mr. Mime|Psychic|p1a: Charmander
|-damage|p1a: Charmander|0 fnt
|faint|p1a: Charmander
|choice|switch 3|
|
|switch|p1a: Raichu|Raichu, L85|276\/276
|turn|10
|choice|move 1|switch 3
|
|switch|p2a: Bellsprout|Bellsprout, L96|291\/291
|move|p1a: Raichu|Surf|p2a: Bellsprout
|-resisted|p2a: Bellsprout
|-damage|p2a: Bellsprout|261\/291
|
|turn|11
|choice|move 3|move 4
|
|move|p1a: Raichu|Thunder Wave|p2a: Bellsprout
|-status|p2a: Bellsprout|par
|move|p2a: Bellsprout|Body Slam|p1a: Raichu
|-damage|p1a: Raichu|192\/276
|-status|p1a: Raichu|par
|
|turn|12
|choice|switch 5|move 2
|
|switch|p1a: Articuno|Articuno, L79|304\/304 slp
|move|p2a: Bellsprout|Razor Leaf|p1a: Articuno
|-resisted|p1a: Articuno
|-damage|p1a: Articuno|279\/304 slp
|
|turn|13
|choice|move 2|switch 4
|
|switch|p2a: Jynx|Jynx, L79|265\/265
|cant|p1a: Articuno|slp
|
|turn|14
|leave|Top swagger
|player|p1
|-message|topswagger lost due to inactivity.
|
|win|XianJu
|raw|Top swagger's rating: 1026 &rarr; <strong>1011<\/strong><br \/>(-15 for losing)
|raw|XianJu's rating: 1000 &rarr; <strong>1043<\/strong><br \/>(+43 for winning)