|j|Dice
|j|Zenadark
|player|p1|Dice|168
|player|p2|Zenadark|164
|gametype|singles
|gen|1
|tier|[Gen 1] OU
|rated
|seed|25477,17165,30967,38548
|rule|Sleep Clause Mod: Limit one foe put to sleep
|rule|Freeze Clause Mod: Limit one foe frozen
|rule|Species Clause: Limit one of each Pokémon
|rule|OHKO Clause: OHKO moves are banned
|rule|Evasion Moves Clause: Evasion moves are banned
|rule|HP Percentage Mod: HP is shown in percentages
|
|start
|switch|p1a: Alakazam|Alakazam|313\/313
|switch|p2a: Starmie|Starmie|323\/323
|turn|1
|c|★Dice|hf
|c|★Zenadark|hf
|choice|switch 5|move 1
|
|switch|p1a: Chansey|Chansey|703\/703
|move|p2a: Starmie|Thunder Wave|p1a: Chansey
|-status|p1a: Chansey|par
|
|turn|2
|j|giara
|j|ProDigeZz
|c| giara|dice is bad
|c|★Dice|he
|c|★Dice|y
|c|★Dice|that's rude
|c|★Dice|:(
|choice|move 3|switch 6
|
|switch|p2a: Chansey|Chansey|703\/703
|move|p1a: Chansey|Ice Beam|p2a: Chansey
|-damage|p2a: Chansey|627\/703
|
|turn|3
|choice|move 1|move 3
|
|move|p2a: Chansey|Seismic Toss|p1a: Chansey
|-damage|p1a: Chansey|603\/703 par
|cant|p1a: Chansey|par
|
|turn|4
|c| giara|thats true
|choice|move 3|move 3
|
|move|p2a: Chansey|Seismic Toss|p1a: Chansey
|-damage|p1a: Chansey|503\/703 par
|move|p1a: Chansey|Ice Beam|p2a: Chansey
|-damage|p2a: Chansey|548\/703
|
|turn|5
|l|ProDigeZz
|c| giara|idc if its rude
|choice|move 4|switch 3
|
|switch|p2a: Tauros|Tauros|353\/353
|move|p1a: Chansey|Soft-Boiled|p1a: Chansey
|-heal|p1a: Chansey|703\/703 par
|
|turn|6
|choice|move 3|move 1
|
|move|p2a: Tauros|Body Slam|p1a: Chansey
|-damage|p1a: Chansey|449\/703 par
|move|p1a: Chansey|Ice Beam|p2a: Tauros
|-damage|p2a: Tauros|250\/353
|
|turn|7
|choice|switch 3|move 1
|
|switch|p1a: Slowbro|Slowbro|393\/393
|move|p2a: Tauros|Body Slam|p1a: Slowbro
|-damage|p1a: Slowbro|295\/393
|
|turn|8
|choice|move 2|switch 6
|
|switch|p2a: Starmie|Starmie|323\/323
|move|p1a: Slowbro|Psychic|p2a: Starmie
|-resisted|p2a: Starmie
|-damage|p2a: Starmie|274\/323
|-unboost|p2a: Starmie|spd|1
|-unboost|p2a: Starmie|spa|1
|
|turn|9
|choice|move 1|move 1
|
|move|p2a: Starmie|Thunder Wave|p1a: Slowbro
|-status|p1a: Slowbro|par
|move|p1a: Slowbro|Thunder Wave|p2a: Starmie
|-status|p2a: Starmie|par
|
|turn|10
|choice|switch 3|switch 5
|
|switch|p2a: Exeggutor|Exeggutor|393\/393
|switch|p1a: Chansey|Chansey|449\/703 par
|
|turn|11
|choice|move 4|move 2
|
|move|p2a: Exeggutor|Psychic|p1a: Chansey
|-crit|p1a: Chansey
|-damage|p1a: Chansey|199\/703 par
|-unboost|p1a: Chansey|spd|1
|-unboost|p1a: Chansey|spa|1
|move|p1a: Chansey|Soft-Boiled|p1a: Chansey
|-heal|p1a: Chansey|550\/703 par
|
|turn|12
|choice|switch 3|move 2
|
|switch|p1a: Slowbro|Slowbro|295\/393 par
|move|p2a: Exeggutor|Psychic|p1a: Slowbro
|-resisted|p1a: Slowbro
|-damage|p1a: Slowbro|229\/393 par
|-unboost|p1a: Slowbro|spd|1
|-unboost|p1a: Slowbro|spa|1
|
|turn|13
|choice|move 3|move 4
|
|move|p2a: Exeggutor|Mega Drain|p1a: Slowbro
|-supereffective|p1a: Slowbro
|-damage|p1a: Slowbro|35\/393 par
|move|p1a: Slowbro|Rest|p1a: Slowbro
|-status|p1a: Slowbro|slp
|-heal|p1a: Slowbro|393\/393 slp|[silent]
|-status|p1a: Slowbro|slp|[from] move: Rest
|
|turn|14
|choice|switch 3|move 1
|
|switch|p1a: Chansey|Chansey|550\/703 par
|move|p2a: Exeggutor|Sleep Powder|p1a: Chansey
|-fail|p1a: Chansey
|
|turn|15
|choice|move 1|switch 4
|
|switch|p2a: Rhydon|Rhydon|413\/413
|move|p1a: Chansey|Thunder Wave|p2a: Rhydon
|-immune|p2a: Rhydon|[msg]
|
|turn|16
|choice|switch 6|move 1
|
|switch|p1a: Exeggutor|Exeggutor|393\/393
|move|p2a: Rhydon|Substitute|p2a: Rhydon
|-start|p2a: Rhydon|Substitute
|-damage|p2a: Rhydon|310\/413
|
|turn|17
|choice|move 3|move 4
|
|move|p1a: Exeggutor|Sleep Powder|p2a: Rhydon
|-status|p2a: Rhydon|slp
|cant|p2a: Rhydon|slp
|
|turn|18
|c|★Zenadark|lol
|c| giara|zena :\/
|c|★Dice|=\/
|c|★Zenadark|jsavais pas ce détail ^^
|choice|move 1|move 4
|
|move|p1a: Exeggutor|Psychic|p2a: Rhydon
|-crit|p2a: Rhydon
|-end|p2a: Rhydon|Substitute
|cant|p2a: Rhydon|slp
|
|turn|19
|c| giara|ne pas savoir ça :v
|choice|move 1|switch 4
|
|switch|p2a: Exeggutor|Exeggutor|393\/393
|move|p1a: Exeggutor|Psychic|p2a: Exeggutor
|-resisted|p2a: Exeggutor
|-damage|p2a: Exeggutor|339\/393
|-unboost|p2a: Exeggutor|spd|1
|-unboost|p2a: Exeggutor|spa|1
|
|turn|20
|choice|switch 6|move 1
|
|switch|p1a: Chansey|Chansey|550\/703 par
|move|p2a: Exeggutor|Sleep Powder|p1a: Chansey
|-fail|p1a: Chansey
|
|turn|21
|choice|move 3|switch 4
|
|switch|p2a: Rhydon|Rhydon|310\/413 slp
|cant|p1a: Chansey|par
|
|turn|22
|choice|move 3|move 2
|
|cant|p2a: Rhydon|slp
|move|p1a: Chansey|Ice Beam|p2a: Rhydon
|-supereffective|p2a: Rhydon
|-damage|p2a: Rhydon|84\/413 slp
|
|turn|23
|choice|move 3|move 2
|
|-curestatus|p2a: Rhydon|slp
|move|p1a: Chansey|Ice Beam|p2a: Rhydon
|-supereffective|p2a: Rhydon
|-damage|p2a: Rhydon|0 fnt
|faint|p2a: Rhydon
|choice||switch 6
|
|switch|p2a: Tauros|Tauros|250\/353
|turn|24
|choice|switch 6|move 1
|
|switch|p1a: Exeggutor|Exeggutor|393\/393
|move|p2a: Tauros|Body Slam|p1a: Exeggutor
|-damage|p1a: Exeggutor|291\/393
|
|turn|25
|choice|move 1|move 4
|
|move|p2a: Tauros|Blizzard|p1a: Exeggutor
|-supereffective|p1a: Exeggutor
|-damage|p1a: Exeggutor|152\/393
|-status|p1a: Exeggutor|frz
|cant|p1a: Exeggutor|frz
|
|turn|26
|c|★Dice|rude
|c|★Zenadark|sry
|c| giara|bop
|choice|move 1|move 1
|
|move|p2a: Tauros|Body Slam|p1a: Exeggutor
|-damage|p1a: Exeggutor|43\/393 frz
|cant|p1a: Exeggutor|frz
|
|turn|27
|choice|move 1|move 3
|
|move|p2a: Tauros|Earthquake|p1a: Exeggutor
|-crit|p1a: Exeggutor
|-resisted|p1a: Exeggutor
|-damage|p1a: Exeggutor|0 fnt
|faint|p1a: Exeggutor
|choice|switch 2|
|
|switch|p1a: Snorlax|Snorlax|523\/523
|turn|28
|choice|move 1|move 1
|
|move|p2a: Tauros|Body Slam|p1a: Snorlax
|-damage|p1a: Snorlax|385\/523
|move|p1a: Snorlax|Body Slam|p2a: Tauros
|-damage|p2a: Tauros|141\/353
|
|turn|29
|choice|move 4|move 1
|
|move|p2a: Tauros|Body Slam|p1a: Snorlax
|-crit|p1a: Snorlax
|-damage|p1a: Snorlax|153\/523
|move|p1a: Snorlax|Hyper Beam|p2a: Tauros
|-damage|p2a: Tauros|0 fnt
|faint|p2a: Tauros
|choice||switch 2
|
|switch|p2a: Charizard|Charizard|359\/359
|turn|30
|c|★Zenadark|allez
|c| giara|oo
|choice|switch 5|switch 4
|
|switch|p2a: Exeggutor|Exeggutor|339\/393
|switch|p1a: Alakazam|Alakazam|313\/313
|
|turn|31
|choice|switch 6|move 2
|
|switch|p1a: Chansey|Chansey|550\/703 par
|move|p2a: Exeggutor|Psychic|p1a: Chansey
|-crit|p1a: Chansey
|-damage|p1a: Chansey|332\/703 par
|-unboost|p1a: Chansey|spd|1
|-unboost|p1a: Chansey|spa|1
|
|turn|32
|choice|move 4|move 3
|
|move|p2a: Exeggutor|Explosion|p1a: Chansey
|-damage|p1a: Chansey|0 fnt
|faint|p1a: Chansey
|faint|p2a: Exeggutor
|choice|switch 6|switch 3
|
|switch|p1a: Alakazam|Alakazam|313\/313
|switch|p2a: Chansey|Chansey|548\/703
|turn|33
|choice|move 2|move 4
|
|move|p1a: Alakazam|Thunder Wave|p2a: Chansey
|-status|p2a: Chansey|par
|move|p2a: Chansey|Soft-Boiled|p2a: Chansey
|-heal|p2a: Chansey|703\/703 par
|
|turn|34
|choice|switch 5|move 1
|
|switch|p1a: Snorlax|Snorlax|153\/523
|move|p2a: Chansey|Thunder Wave|p1a: Snorlax
|-status|p1a: Snorlax|par
|
|turn|35
|choice|move 3|move 3
|
|cant|p2a: Chansey|par
|move|p1a: Snorlax|Self-Destruct|p2a: Chansey
|-damage|p2a: Chansey|0 fnt
|faint|p2a: Chansey
|faint|p1a: Snorlax
|choice|switch 5|switch 5
|
|switch|p1a: Alakazam|Alakazam|313\/313
|switch|p2a: Starmie|Starmie|274\/323 par
|turn|36
|choice|move 4|move 1
|
|move|p1a: Alakazam|Seismic Toss|p2a: Starmie
|-damage|p2a: Starmie|174\/323 par
|move|p2a: Starmie|Thunder Wave|p1a: Alakazam
|-status|p1a: Alakazam|par
|
|turn|37
|choice|move 1|move 4
|
|move|p1a: Alakazam|Psychic|p2a: Starmie
|-resisted|p2a: Starmie
|-damage|p2a: Starmie|113\/323 par
|move|p2a: Starmie|Recover|p2a: Starmie
|-heal|p2a: Starmie|274\/323 par
|
|turn|38
|choice|move 1|move 2
|
|move|p1a: Alakazam|Psychic|p2a: Starmie
|-resisted|p2a: Starmie
|-damage|p2a: Starmie|212\/323 par
|cant|p2a: Starmie|par
|
|turn|39
|choice|move 1|move 2
|
|cant|p1a: Alakazam|par
|move|p2a: Starmie|Thunderbolt|p1a: Alakazam
|-damage|p1a: Alakazam|254\/313 par
|
|turn|40
|choice|move 1|move 3
|
|move|p1a: Alakazam|Psychic|p2a: Starmie
|-resisted|p2a: Starmie
|-damage|p2a: Starmie|148\/323 par
|-unboost|p2a: Starmie|spd|1
|-unboost|p2a: Starmie|spa|1
|move|p2a: Starmie|Blizzard|p1a: Alakazam
|-damage|p1a: Alakazam|207\/313 par
|
|turn|41
|choice|move 1|move 3
|
|move|p1a: Alakazam|Psychic|p2a: Starmie
|-resisted|p2a: Starmie
|-damage|p2a: Starmie|54\/323 par
|move|p2a: Starmie|Blizzard|p1a: Alakazam
|-damage|p1a: Alakazam|154\/313 par
|
|turn|42
|choice|move 1|move 3
|
|move|p1a: Alakazam|Psychic|p2a: Starmie
|-resisted|p2a: Starmie
|-damage|p2a: Starmie|0 fnt
|faint|p2a: Starmie
|choice||switch 4
|
|switch|p2a: Charizard|Charizard|359\/359
|turn|43
|choice|move 1|move 1
|
|move|p2a: Charizard|Swords Dance|p2a: Charizard
|-boost|p2a: Charizard|atk|2
|cant|p1a: Alakazam|par
|
|turn|44
|choice|move 1|move 3
|
|move|p2a: Charizard|Earthquake|p1a: Alakazam
|-damage|p1a: Alakazam|0 fnt
|faint|p1a: Alakazam
|choice|switch 4|
|
|switch|p1a: Tauros|Tauros|353\/353
|turn|45
|choice|move 1|move 2
|
|move|p1a: Tauros|Body Slam|p2a: Charizard
|-damage|p2a: Charizard|235\/359
|move|p2a: Charizard|Fire Blast|p1a: Tauros
|-damage|p1a: Tauros|197\/353
|
|turn|46
|choice|move 1|move 4
|
|move|p1a: Tauros|Body Slam|p2a: Charizard
|-crit|p2a: Charizard
|-damage|p2a: Charizard|0 fnt
|faint|p2a: Charizard
|
|win|Dice
|c|★Dice|gg
|raw|Dice's rating: 1252 &rarr; <strong>1266<\/strong><br \/>(+14 for winning)
|raw|Zenadark's rating: 1099 &rarr; <strong>1085<\/strong><br \/>(-14 for losing)
|c|★Zenadark|:\/
|c|★Zenadark|gg