|j|Golden Gyarados
|j|marcoasd
|player|p1|Golden Gyarados|37
|player|p2|marcoasd|2
|gametype|singles
|gen|1
|tier|[Gen 1] OU
|seed|
|rule|Sleep Clause Mod: Limit one foe put to sleep
|rule|Freeze Clause Mod: Limit one foe frozen
|rule|Species Clause: Limit one of each Pokémon
|rule|OHKO Clause: OHKO moves are banned
|rule|Evasion Moves Clause: Evasion moves are banned
|rule|HP Percentage Mod: HP is shown in percentages
|
|start
|switch|p1a: Gengar|Gengar, M|100\/100
|switch|p2a: Gengar|Gengar, M|100\/100
|turn|1
|j|Not Troller
|j|Coffe
|j|Emix lo zio
|j|charrol
|j|cybre
|c|★marcoasd|oof no jynx
|c|★Golden Gyarados|;)
|j|LuckSkill
|j|wolf of nb
|c|★marcoasd|this is the slowbro team
|choice||
|
|move|p2a: Gengar|Hypnosis|p1a: Gengar|[miss]
|-miss|p2a: Gengar
|move|p1a: Gengar|Hypnosis|p2a: Gengar|[miss]
|-miss|p1a: Gengar
|
|turn|2
|choice||
|
|move|p2a: Gengar|Hypnosis|p1a: Gengar
|-status|p1a: Gengar|slp
|cant|p1a: Gengar|slp
|
|turn|3
|j|The Idiot Ninja
|choice||
|
|switch|p1a: Chansey|Chansey|100\/100
|move|p2a: Gengar|Night Shade|p1a: Chansey
|-damage|p1a: Chansey|86\/100
|
|turn|4
|choice||
|
|switch|p2a: Chansey|Chansey|100\/100
|switch|p1a: Exeggutor|Exeggutor, M|100\/100
|
|turn|5
|l|Emix lo zio
|choice||
|
|switch|p2a: Gengar|Gengar, M|100\/100
|move|p1a: Exeggutor|Sleep Powder|p2a: Gengar
|-status|p2a: Gengar|slp
|
|turn|6
|choice||
|
|switch|p2a: Exeggutor|Exeggutor, M|100\/100
|switch|p1a: Chansey|Chansey|86\/100
|
|turn|7
|choice||
|
|move|p2a: Exeggutor|Stun Spore|p1a: Chansey
|-status|p1a: Chansey|par
|cant|p1a: Chansey|par
|
|turn|8
|choice||
|
|switch|p2a: Gengar|Gengar, M|100\/100 slp
|move|p1a: Chansey|Ice Beam|p2a: Gengar
|-damage|p2a: Gengar|79\/100 slp
|
|turn|9
|choice||
|
|switch|p2a: Snorlax|Snorlax, M|100\/100
|move|p1a: Chansey|Thunderbolt|p2a: Snorlax
|-damage|p2a: Snorlax|80\/100
|
|turn|10
|choice||
|
|move|p2a: Snorlax|Body Slam|p1a: Chansey
|-damage|p1a: Chansey|42\/100 par
|move|p1a: Chansey|Thunder Wave|p2a: Snorlax
|-status|p2a: Snorlax|par
|
|turn|11
|choice||
|
|cant|p1a: Chansey|par
|move|p2a: Snorlax|Body Slam|p1a: Chansey
|-damage|p1a: Chansey|2\/100 par
|
|turn|12
|choice||
|
|move|p1a: Chansey|Soft-Boiled|p1a: Chansey
|-heal|p1a: Chansey|52\/100 par
|cant|p2a: Snorlax|par
|
|turn|13
|choice||
|
|switch|p1a: Gengar|Gengar, M|100\/100 slp
|cant|p2a: Snorlax|par
|
|turn|14
|j|Feel My Style
|choice||
|
|switch|p1a: Exeggutor|Exeggutor, M|100\/100
|cant|p2a: Snorlax|par
|
|turn|15
|choice||
|
|switch|p2a: Chansey|Chansey|100\/100
|move|p1a: Exeggutor|Psychic|p2a: Chansey
|-crit|p2a: Chansey
|-damage|p2a: Chansey|68\/100
|
|turn|16
|choice||
|
|move|p1a: Exeggutor|Psychic|p2a: Chansey
|-damage|p2a: Chansey|53\/100
|move|p2a: Chansey|Seismic Toss|p1a: Exeggutor
|-damage|p1a: Exeggutor|75\/100
|
|turn|17
|choice||
|
|switch|p1a: Chansey|Chansey|52\/100 par
|move|p2a: Chansey|Soft-Boiled|p2a: Chansey
|-heal|p2a: Chansey|100\/100
|
|turn|18
|choice||
|
|switch|p2a: Snorlax|Snorlax, M|80\/100 par
|move|p1a: Chansey|Ice Beam|p2a: Snorlax
|-damage|p2a: Snorlax|62\/100 par
|
|turn|19
|choice||
|
|move|p1a: Chansey|Soft-Boiled|p1a: Chansey
|-heal|p1a: Chansey|100\/100 par
|cant|p2a: Snorlax|par
|
|turn|20
|choice||
|
|move|p1a: Chansey|Thunderbolt|p2a: Snorlax
|-crit|p2a: Snorlax
|-damage|p2a: Snorlax|23\/100 par
|move|p2a: Snorlax|Body Slam|p1a: Chansey
|-damage|p1a: Chansey|60\/100 par
|
|turn|21
|j|Rippin
|j|Mister vreo
|choice||
|
|cant|p1a: Chansey|par
|move|p2a: Snorlax|Earthquake|p1a: Chansey
|-damage|p1a: Chansey|28\/100 par
|
|turn|22
|choice||
|
|cant|p1a: Chansey|par
|move|p2a: Snorlax|Self-Destruct|p1a: Chansey
|-damage|p1a: Chansey|0 fnt
|faint|p1a: Chansey
|faint|p2a: Snorlax
|l|Mister vreo
|c|★Golden Gyarados|damn i was right too
|j|goeasyonmeplease
|choice||
|
|switch|p2a: Lapras|Lapras, M|100\/100
|switch|p1a: Exeggutor|Exeggutor, M|75\/100
|turn|23
|j|Lange
|choice||
|
|switch|p1a: Alakazam|Alakazam, M|100\/100
|move|p2a: Lapras|Blizzard|p1a: Alakazam
|-damage|p1a: Alakazam|63\/100
|
|turn|24
|choice||
|
|switch|p2a: Exeggutor|Exeggutor, M|100\/100
|move|p1a: Alakazam|Thunder Wave|p2a: Exeggutor
|-status|p2a: Exeggutor|par
|
|turn|25
|choice||
|
|switch|p1a: Gengar|Gengar, M|100\/100 slp
|move|p2a: Exeggutor|Stun Spore|p1a: Gengar|[miss]
|-miss|p2a: Exeggutor
|
|turn|26
|choice||
|
|switch|p1a: Exeggutor|Exeggutor, M|75\/100
|cant|p2a: Exeggutor|par
|
|turn|27
|choice||
|
|move|p1a: Exeggutor|Psychic|p2a: Exeggutor
|-resisted|p2a: Exeggutor
|-damage|p2a: Exeggutor|87\/100 par
|move|p2a: Exeggutor|Stun Spore|p1a: Exeggutor
|-status|p1a: Exeggutor|par
|
|turn|28
|choice||
|
|move|p2a: Exeggutor|Psychic|p1a: Exeggutor
|-resisted|p1a: Exeggutor
|-damage|p1a: Exeggutor|63\/100 par
|move|p1a: Exeggutor|Psychic|p2a: Exeggutor
|-resisted|p2a: Exeggutor
|-damage|p2a: Exeggutor|74\/100 par
|-unboost|p2a: Exeggutor|spd|1
|-unboost|p2a: Exeggutor|spa|1
|
|turn|29
|choice||
|
|switch|p2a: Chansey|Chansey|100\/100
|cant|p1a: Exeggutor|par
|
|turn|30
|choice||
|
|move|p2a: Chansey|Reflect|p2a: Chansey
|-start|p2a: Chansey|Reflect
|move|p1a: Exeggutor|Explosion|p2a: Chansey
|-damage|p2a: Chansey|46\/100
|faint|p1a: Exeggutor
|j|Specterito
|choice||
|
|switch|p1a: Tauros|Tauros|100\/100
|turn|31
|choice||
|
|move|p1a: Tauros|Body Slam|p2a: Chansey
|-damage|p2a: Chansey|28\/100
|move|p2a: Chansey|Thunder Wave|p1a: Tauros
|-status|p1a: Tauros|par
|
|turn|32
|choice||
|
|move|p2a: Chansey|Soft-Boiled|p2a: Chansey
|-heal|p2a: Chansey|77\/100
|cant|p1a: Tauros|par
|
|turn|33
|choice||
|
|switch|p2a: Gengar|Gengar, M|79\/100 slp
|move|p1a: Tauros|Body Slam|p2a: Gengar
|-immune|p2a: Gengar|[msg]
|
|turn|34
|choice||
|
|-curestatus|p2a: Gengar|slp
|cant|p1a: Tauros|par
|
|turn|35
|choice||
|
|move|p2a: Gengar|Thunderbolt|p1a: Tauros
|-damage|p1a: Tauros|67\/100 par
|move|p1a: Tauros|Earthquake|p2a: Gengar
|-supereffective|p2a: Gengar
|-damage|p2a: Gengar|8\/100
|
|turn|36
|choice||
|
|switch|p1a: Gengar|Gengar, M|100\/100 slp
|move|p2a: Gengar|Thunderbolt|p1a: Gengar
|-damage|p1a: Gengar|78\/100 slp
|
|turn|37
|choice||
|
|switch|p2a: Tauros|Tauros|100\/100
|cant|p1a: Gengar|slp
|
|turn|38
|choice||
|
|switch|p1a: Tauros|Tauros|67\/100 par
|move|p2a: Tauros|Blizzard|p1a: Tauros
|-damage|p1a: Tauros|41\/100 par
|
|turn|39
|choice||
|
|move|p2a: Tauros|Hyper Beam|p1a: Tauros
|-crit|p1a: Tauros
|-damage|p1a: Tauros|0 fnt
|faint|p1a: Tauros
|choice||
|
|switch|p1a: Alakazam|Alakazam, M|63\/100
|turn|40
|choice||
|
|move|p1a: Alakazam|Thunder Wave|p2a: Tauros
|-status|p2a: Tauros|par
|move|p2a: Tauros|Hyper Beam|p1a: Alakazam
|-damage|p1a: Alakazam|0 fnt
|faint|p1a: Alakazam
|choice||
|
|switch|p1a: Snorlax|Snorlax, M|100\/100
|turn|41
|choice||
|
|move|p1a: Snorlax|Reflect|p1a: Snorlax
|-start|p1a: Snorlax|Reflect
|move|p2a: Tauros|Body Slam|p1a: Snorlax
|-damage|p1a: Snorlax|88\/100
|
|turn|42
|choice||
|
|switch|p2a: Gengar|Gengar, M|8\/100
|move|p1a: Snorlax|Earthquake|p2a: Gengar
|-supereffective|p2a: Gengar
|-damage|p2a: Gengar|0 fnt
|faint|p2a: Gengar
|choice||
|
|switch|p2a: Chansey|Chansey|77\/100
|turn|43
|choice||
|
|move|p2a: Chansey|Reflect|p2a: Chansey
|-start|p2a: Chansey|Reflect
|move|p1a: Snorlax|Body Slam|p2a: Chansey
|-damage|p2a: Chansey|55\/100
|
|turn|44
|choice||
|
|move|p2a: Chansey|Soft-Boiled|p2a: Chansey
|-heal|p2a: Chansey|100\/100
|move|p1a: Snorlax|Body Slam|p2a: Chansey
|-damage|p2a: Chansey|78\/100
|
|turn|45
|choice||
|
|move|p2a: Chansey|Thunder Wave|p1a: Snorlax
|-status|p1a: Snorlax|par
|move|p1a: Snorlax|Body Slam|p2a: Chansey
|-damage|p2a: Chansey|58\/100
|
|turn|46
|choice||
|
|move|p2a: Chansey|Soft-Boiled|p2a: Chansey
|-heal|p2a: Chansey|100\/100
|cant|p1a: Snorlax|par
|
|turn|47
|choice||
|
|move|p2a: Chansey|Seismic Toss|p1a: Snorlax
|-damage|p1a: Snorlax|69\/100 par
|move|p1a: Snorlax|Body Slam|p2a: Chansey
|-damage|p2a: Chansey|79\/100
|
|turn|48
|choice||
|
|move|p2a: Chansey|Seismic Toss|p1a: Snorlax
|-damage|p1a: Snorlax|49\/100 par
|move|p1a: Snorlax|Body Slam|p2a: Chansey
|-damage|p2a: Chansey|57\/100
|
|turn|49
|choice||
|
|move|p2a: Chansey|Seismic Toss|p1a: Snorlax
|-damage|p1a: Snorlax|30\/100 par
|move|p1a: Snorlax|Rest|p1a: Snorlax
|-status|p1a: Snorlax|slp
|-heal|p1a: Snorlax|100\/100 slp|[silent]
|-status|p1a: Snorlax|slp|[from] move: Rest
|
|turn|50
|choice||
|
|move|p2a: Chansey|Seismic Toss|p1a: Snorlax
|-damage|p1a: Snorlax|81\/100 slp
|cant|p1a: Snorlax|slp
|
|turn|51
|choice||
|
|move|p2a: Chansey|Soft-Boiled|p2a: Chansey
|-heal|p2a: Chansey|100\/100
|-curestatus|p1a: Snorlax|slp
|
|turn|52
|choice||
|
|switch|p1a: Gengar|Gengar, M|78\/100 slp
|move|p2a: Chansey|Thunder Wave|p1a: Gengar
|-fail|p1a: Gengar
|
|turn|53
|choice||
|
|switch|p2a: Exeggutor|Exeggutor, M|74\/100 par
|-curestatus|p1a: Gengar|slp
|
|turn|54
|choice||
|
|move|p1a: Gengar|Confuse Ray|p2a: Exeggutor
|-start|p2a: Exeggutor|confusion
|-activate|p2a: Exeggutor|confusion
|-damage|p2a: Exeggutor|64\/100 par|[from] confusion
|
|turn|55
|choice||
|
|move|p1a: Gengar|Night Shade|p2a: Exeggutor
|-damage|p2a: Exeggutor|39\/100 par
|-activate|p2a: Exeggutor|confusion
|-damage|p2a: Exeggutor|29\/100 par|[from] confusion
|
|turn|56
|choice||
|
|move|p1a: Gengar|Night Shade|p2a: Exeggutor
|-damage|p2a: Exeggutor|4\/100 par
|-end|p2a: Exeggutor|confusion
|cant|p2a: Exeggutor|par
|
|turn|57
|j|DiggerSR
|choice||
|
|switch|p2a: Chansey|Chansey|100\/100
|move|p1a: Gengar|Night Shade|p2a: Chansey
|-damage|p2a: Chansey|86\/100
|
|turn|58
|choice||
|
|switch|p2a: Tauros|Tauros|100\/100 par
|move|p1a: Gengar|Hypnosis|p2a: Tauros|[miss]
|-miss|p1a: Gengar
|
|turn|59
|choice||
|
|move|p1a: Gengar|Confuse Ray|p2a: Tauros
|-start|p2a: Tauros|confusion
|-activate|p2a: Tauros|confusion
|-damage|p2a: Tauros|90\/100 par|[from] confusion
|
|turn|60
|choice||
|
|move|p1a: Gengar|Thunderbolt|p2a: Tauros
|-crit|p2a: Tauros
|-damage|p2a: Tauros|23\/100 par
|-activate|p2a: Tauros|confusion
|move|p2a: Tauros|Earthquake|p1a: Gengar
|-supereffective|p1a: Gengar
|-damage|p1a: Gengar|12\/100
|
|turn|61
|c| Specterito|this gengar is so fukin annoying
|choice||
|
|move|p1a: Gengar|Thunderbolt|p2a: Tauros
|-damage|p2a: Tauros|0 fnt
|faint|p2a: Tauros
|choice||
|
|switch|p2a: Lapras|Lapras, M|100\/100
|turn|62
|j|NaCl
|j|King Sun
|choice||
|
|move|p1a: Gengar|Hypnosis|p2a: Lapras
|-status|p2a: Lapras|slp
|cant|p2a: Lapras|slp
|
|turn|63
|j|Sl1m Sh4dy
|choice||
|
|switch|p2a: Chansey|Chansey|86\/100
|move|p1a: Gengar|Thunderbolt|p2a: Chansey
|-crit|p2a: Chansey
|-damage|p2a: Chansey|62\/100
|
|turn|64
|j|Peasounay
|j|Hollywood Zero
|choice||
|
|move|p1a: Gengar|Confuse Ray|p2a: Chansey
|-start|p2a: Chansey|confusion
|-activate|p2a: Chansey|confusion
|move|p2a: Chansey|Seismic Toss|p1a: Gengar
|-damage|p1a: Gengar|0 fnt
|faint|p1a: Gengar
|c| Specterito|stoss hitta ghost?
|choice||
|
|switch|p1a: Snorlax|Snorlax, M|81\/100
|turn|65
|c| Not Troller|si
|c| Specterito|figo
|choice||
|
|switch|p2a: Exeggutor|Exeggutor, M|4\/100 par
|move|p1a: Snorlax|Body Slam|p2a: Exeggutor
|-crit|p2a: Exeggutor
|-damage|p2a: Exeggutor|0 fnt
|faint|p2a: Exeggutor
|c| LuckSkill|l'hai appena visto
|c| Not Troller|e night shade i normal
|choice||
|
|switch|p2a: Chansey|Chansey|62\/100
|turn|66
|c|★Golden Gyarados|oh cmon, save the crits for the chansey, lax
|choice||
|
|move|p2a: Chansey|Reflect|p2a: Chansey
|-start|p2a: Chansey|Reflect
|move|p1a: Snorlax|Body Slam|p2a: Chansey
|-damage|p2a: Chansey|41\/100
|
|turn|67
|choice||
|
|move|p2a: Chansey|Soft-Boiled|p2a: Chansey
|-heal|p2a: Chansey|91\/100
|move|p1a: Snorlax|Body Slam|p2a: Chansey
|-damage|p2a: Chansey|69\/100
|
|turn|68
|c| LuckSkill|what a hard game
|c| Specterito|Ki vinc sek voi?
|l|Lange
|choice||
|
|move|p2a: Chansey|Thunder Wave|p1a: Snorlax
|-status|p1a: Snorlax|par
|move|p1a: Snorlax|Body Slam|p2a: Chansey
|-damage|p2a: Chansey|48\/100
|
|turn|69
|c| Feel My Style|marco
|c| Feel My Style|obv
|choice||
|
|move|p2a: Chansey|Soft-Boiled|p2a: Chansey
|-heal|p2a: Chansey|98\/100
|move|p1a: Snorlax|Body Slam|p2a: Chansey
|-damage|p2a: Chansey|78\/100
|
|turn|70
|c| Not Troller|dipende se lax crit
|j|EG Posho
|choice||
|
|move|p2a: Chansey|Seismic Toss|p1a: Snorlax
|-damage|p1a: Snorlax|62\/100 par
|move|p1a: Snorlax|Body Slam|p2a: Chansey
|-damage|p2a: Chansey|58\/100
|
|turn|71
|c| Not Troller|e da quando si sveglia lapras
|c| The Idiot Ninja|il lax crit quanta % è?
|choice||
|
|move|p2a: Chansey|Soft-Boiled|p2a: Chansey
|-heal|p2a: Chansey|100\/100
|cant|p1a: Snorlax|par
|
|turn|72
|c| Not Troller|quella di oras
|choice||
|
|move|p2a: Chansey|Seismic Toss|p1a: Snorlax
|-damage|p1a: Snorlax|43\/100 par
|move|p1a: Snorlax|Rest|p1a: Snorlax
|-status|p1a: Snorlax|slp
|-heal|p1a: Snorlax|100\/100 slp|[silent]
|-status|p1a: Snorlax|slp|[from] move: Rest
|
|turn|73
|l|EG Posho
|c| Coffe|ignora reflect il crit?
|c| The Idiot Ninja|bel
|c| Not Troller|6, qualcosa
|c| Not Troller|no
|c| Not Troller|sfonda il reflect
|c| Coffe|addirittura
|choice||
|
|move|p2a: Chansey|Seismic Toss|p1a: Snorlax
|-damage|p1a: Snorlax|81\/100 slp
|cant|p1a: Snorlax|slp
|
|turn|74
|c| Not Troller|e fa x4 quindi circa 80
|choice||
|
|move|p2a: Chansey|Seismic Toss|p1a: Snorlax
|-damage|p1a: Snorlax|62\/100 slp
|-curestatus|p1a: Snorlax|slp
|
|turn|75
|choice||
|
|move|p2a: Chansey|Thunder Wave|p1a: Snorlax
|-status|p1a: Snorlax|par
|move|p1a: Snorlax|Body Slam|p2a: Chansey
|-damage|p2a: Chansey|78\/100
|
|turn|76
|choice||
|
|move|p2a: Chansey|Seismic Toss|p1a: Snorlax
|-damage|p1a: Snorlax|43\/100 par
|move|p1a: Snorlax|Body Slam|p2a: Chansey
|-damage|p2a: Chansey|58\/100
|
|turn|77
|choice||
|
|move|p2a: Chansey|Seismic Toss|p1a: Snorlax
|-damage|p1a: Snorlax|24\/100 par
|move|p1a: Snorlax|Rest|p1a: Snorlax
|-status|p1a: Snorlax|slp
|-heal|p1a: Snorlax|100\/100 slp|[silent]
|-status|p1a: Snorlax|slp|[from] move: Rest
|
|turn|78
|choice||
|
|move|p2a: Chansey|Soft-Boiled|p2a: Chansey
|-heal|p2a: Chansey|100\/100
|cant|p1a: Snorlax|slp
|
|turn|79
|choice||
|
|move|p2a: Chansey|Seismic Toss|p1a: Snorlax
|-damage|p1a: Snorlax|81\/100 slp
|-curestatus|p1a: Snorlax|slp
|
|turn|80
|c| Specterito|Ma snorlax mica vince di ppstall
|choice||
|
|move|p2a: Chansey|Thunder Wave|p1a: Snorlax
|-status|p1a: Snorlax|par
|move|p1a: Snorlax|Body Slam|p2a: Chansey
|-damage|p2a: Chansey|80\/100
|
|turn|81
|c| Specterito|cliccando solo rest?
|choice||
|
|move|p2a: Chansey|Seismic Toss|p1a: Snorlax
|-damage|p1a: Snorlax|62\/100 par
|cant|p1a: Snorlax|par
|
|turn|82
|choice||
|
|move|p2a: Chansey|Seismic Toss|p1a: Snorlax
|-damage|p1a: Snorlax|43\/100 par
|cant|p1a: Snorlax|par
|
|turn|83
|choice||
|
|switch|p2a: Lapras|Lapras, M|100\/100 slp
|cant|p1a: Snorlax|par
|
|turn|84
|c| Not Troller|si
|choice||
|
|cant|p2a: Lapras|slp
|move|p1a: Snorlax|Body Slam|p2a: Lapras
|-damage|p2a: Lapras|74\/100 slp
|
|turn|85
|c| The Idiot Ninja|potrebbe morire di fullpara alternativamente
|choice||
|
|cant|p2a: Lapras|slp
|move|p1a: Snorlax|Body Slam|p2a: Lapras
|-damage|p2a: Lapras|46\/100 slp
|
|turn|86
|choice||
|
|cant|p2a: Lapras|slp
|move|p1a: Snorlax|Earthquake|p2a: Lapras
|-damage|p2a: Lapras|24\/100 slp
|
|turn|87
|choice||
|
|cant|p2a: Lapras|slp
|cant|p1a: Snorlax|par
|
|turn|88
|choice||
|
|-curestatus|p2a: Lapras|slp
|move|p1a: Snorlax|Body Slam|p2a: Lapras
|-damage|p2a: Lapras|0 fnt
|faint|p2a: Lapras
|c| The Idiot Ninja|che shitter sto lapras
|choice||
|
|switch|p2a: Chansey|Chansey|80\/100
|turn|89
|c| Coffe|:[
|choice||
|
|move|p2a: Chansey|Reflect|p2a: Chansey
|-start|p2a: Chansey|Reflect
|move|p1a: Snorlax|Rest|p1a: Snorlax
|-status|p1a: Snorlax|slp
|-heal|p1a: Snorlax|100\/100 slp|[silent]
|-status|p1a: Snorlax|slp|[from] move: Rest
|
|turn|90
|c| LUCKSKILL|gooo gg *-*
|c| LUCKSKILL|ma è secca?
|choice||
|
|move|p2a: Chansey|Seismic Toss|p1a: Snorlax
|-damage|p1a: Snorlax|81\/100 slp
|cant|p1a: Snorlax|slp
|
|turn|91
|c| The Idiot Ninja|sì
|c| Not Troller|si
|c| LUCKSKILL|nice
|c| Not Troller|egl tutte secche
|choice||
|
|move|p2a: Chansey|Seismic Toss|p1a: Snorlax
|-damage|p1a: Snorlax|62\/100 slp
|-curestatus|p1a: Snorlax|slp
|
|turn|92
|c| The Idiot Ninja|perché rby secca è cosa buona e giusta
|c| Peasounay|is this for something?
|c| The Idiot Ninja|come anche vgc16
|c| Not Troller|ipl
|choice||
|
|move|p2a: Chansey|Reflect|p2a: Chansey
|-fail|p2a: Chansey
|move|p1a: Snorlax|Reflect|p1a: Snorlax
|-start|p1a: Snorlax|Reflect
|
|turn|93
|c| Peasounay|k
|choice||
|
|move|p2a: Chansey|Reflect|p2a: Chansey
|-fail|p2a: Chansey
|move|p1a: Snorlax|Reflect|p1a: Snorlax
|-fail|p1a: Snorlax
|
|turn|94
|j|toxigen734
|choice||
|
|move|p2a: Chansey|Reflect|p2a: Chansey
|-fail|p2a: Chansey
|move|p1a: Snorlax|Reflect|p1a: Snorlax
|-fail|p1a: Snorlax
|
|turn|95
|choice||
|
|move|p2a: Chansey|Reflect|p2a: Chansey
|-fail|p2a: Chansey
|move|p1a: Snorlax|Reflect|p1a: Snorlax
|-fail|p1a: Snorlax
|
|turn|96
|choice||
|
|move|p2a: Chansey|Seismic Toss|p1a: Snorlax
|-damage|p1a: Snorlax|43\/100
|move|p1a: Snorlax|Reflect|p1a: Snorlax
|-fail|p1a: Snorlax
|
|turn|97
|l|charrol
|c| Not Troller|prima di ppstallare darei fondo ai pp di slam
|l|Specterito
|c| Not Troller|metti critta
|choice||
|
|move|p2a: Chansey|Seismic Toss|p1a: Snorlax
|-damage|p1a: Snorlax|24\/100
|move|p1a: Snorlax|Rest|p1a: Snorlax
|-status|p1a: Snorlax|slp
|-heal|p1a: Snorlax|100\/100 slp|[silent]
|-status|p1a: Snorlax|slp|[from] move: Rest
|
|turn|98
|choice||
|
|move|p2a: Chansey|Reflect|p2a: Chansey
|-fail|p2a: Chansey
|cant|p1a: Snorlax|slp
|
|turn|99
|choice||
|
|move|p2a: Chansey|Reflect|p2a: Chansey
|-fail|p2a: Chansey
|-curestatus|p1a: Snorlax|slp
|
|turn|100
|choice||
|
|move|p2a: Chansey|Reflect|p2a: Chansey
|-fail|p2a: Chansey
|move|p1a: Snorlax|Reflect|p1a: Snorlax
|-fail|p1a: Snorlax
|
|turn|101
|j|Mappazzone
|choice||
|
|move|p2a: Chansey|Reflect|p2a: Chansey
|-fail|p2a: Chansey
|move|p1a: Snorlax|Reflect|p1a: Snorlax
|-fail|p1a: Snorlax
|
|turn|102
|choice||
|
|move|p2a: Chansey|Reflect|p2a: Chansey
|-fail|p2a: Chansey
|move|p1a: Snorlax|Reflect|p1a: Snorlax
|-fail|p1a: Snorlax
|
|turn|103
|choice||
|
|move|p2a: Chansey|Reflect|p2a: Chansey
|-fail|p2a: Chansey
|move|p1a: Snorlax|Reflect|p1a: Snorlax
|-fail|p1a: Snorlax
|
|turn|104
|c| The Idiot Ninja|turni emozionanti
|choice||
|
|move|p2a: Chansey|Reflect|p2a: Chansey
|-fail|p2a: Chansey
|move|p1a: Snorlax|Reflect|p1a: Snorlax
|-fail|p1a: Snorlax
|
|turn|105
|c| Coffe|vince lax mi sa
|choice||
|
|move|p2a: Chansey|Reflect|p2a: Chansey
|-fail|p2a: Chansey
|move|p1a: Snorlax|Reflect|p1a: Snorlax
|-fail|p1a: Snorlax
|
|turn|106
|c| The Idiot Ninja|no
|c| The Idiot Ninja|vince chansey
|c| Coffe|ha rest
|choice||
|
|move|p2a: Chansey|Reflect|p2a: Chansey
|-fail|p2a: Chansey
|move|p1a: Snorlax|Reflect|p1a: Snorlax
|-fail|p1a: Snorlax
|
|turn|107
|c| The Idiot Ninja|non lo può usare a full
|c| The Idiot Ninja|mi pare
|choice||
|
|move|p2a: Chansey|Reflect|p2a: Chansey
|-fail|p2a: Chansey
|move|p1a: Snorlax|Reflect|p1a: Snorlax
|-fail|p1a: Snorlax
|
|turn|108
|choice||
|
|move|p2a: Chansey|Reflect|p2a: Chansey
|-fail|p2a: Chansey
|move|p1a: Snorlax|Reflect|p1a: Snorlax
|-fail|p1a: Snorlax
|
|turn|109
|choice||
|
|move|p2a: Chansey|Reflect|p2a: Chansey
|-fail|p2a: Chansey
|move|p1a: Snorlax|Reflect|p1a: Snorlax
|-fail|p1a: Snorlax
|
|turn|110
|c| Coffe|hai ragione
|choice||
|
|move|p2a: Chansey|Reflect|p2a: Chansey
|-fail|p2a: Chansey
|move|p1a: Snorlax|Reflect|p1a: Snorlax
|-fail|p1a: Snorlax
|
|turn|111
|c| Not Troller|si ma ha 13 seismic mi sa che ci arrivano
|c| The Idiot Ninja|quindi gli stalla i pp di tutto il resto e poi lo forza a restare only
|choice||
|
|move|p2a: Chansey|Reflect|p2a: Chansey
|-fail|p2a: Chansey
|move|p1a: Snorlax|Reflect|p1a: Snorlax
|-fail|p1a: Snorlax
|
|turn|112
|c| Not Troller|conta i twave con gli fp
|choice||
|
|move|p2a: Chansey|Reflect|p2a: Chansey
|-fail|p2a: Chansey
|move|p1a: Snorlax|Reflect|p1a: Snorlax
|-fail|p1a: Snorlax
|
|turn|113
|choice||
|
|move|p2a: Chansey|Reflect|p2a: Chansey
|-fail|p2a: Chansey
|move|p1a: Snorlax|Reflect|p1a: Snorlax
|-fail|p1a: Snorlax
|
|turn|114
|choice||
|
|move|p2a: Chansey|Reflect|p2a: Chansey
|-fail|p2a: Chansey
|move|p1a: Snorlax|Reflect|p1a: Snorlax
|-fail|p1a: Snorlax
|
|turn|115
|choice||
|
|move|p2a: Chansey|Reflect|p2a: Chansey
|-fail|p2a: Chansey
|move|p1a: Snorlax|Reflect|p1a: Snorlax
|-fail|p1a: Snorlax
|
|turn|116
|choice||
|
|move|p2a: Chansey|Reflect|p2a: Chansey
|-fail|p2a: Chansey
|move|p1a: Snorlax|Reflect|p1a: Snorlax
|-fail|p1a: Snorlax
|
|turn|117
|choice||
|
|move|p2a: Chansey|Reflect|p2a: Chansey
|-fail|p2a: Chansey
|move|p1a: Snorlax|Reflect|p1a: Snorlax
|-fail|p1a: Snorlax
|
|turn|118
|choice||
|
|move|p2a: Chansey|Reflect|p2a: Chansey
|-fail|p2a: Chansey
|move|p1a: Snorlax|Reflect|p1a: Snorlax
|-fail|p1a: Snorlax
|
|turn|119
|choice||
|
|move|p2a: Chansey|Reflect|p2a: Chansey
|-fail|p2a: Chansey
|move|p1a: Snorlax|Reflect|p1a: Snorlax
|-fail|p1a: Snorlax
|
|turn|120
|j|Alexander
|choice||
|
|move|p2a: Chansey|Reflect|p2a: Chansey
|-fail|p2a: Chansey
|move|p1a: Snorlax|Reflect|p1a: Snorlax
|-fail|p1a: Snorlax
|
|turn|121
|choice||
|
|move|p2a: Chansey|Reflect|p2a: Chansey
|-fail|p2a: Chansey
|move|p1a: Snorlax|Reflect|p1a: Snorlax
|-fail|p1a: Snorlax
|
|turn|122
|choice||
|
|move|p2a: Chansey|Thunder Wave|p1a: Snorlax
|-status|p1a: Snorlax|par
|move|p1a: Snorlax|Reflect|p1a: Snorlax
|-fail|p1a: Snorlax
|
|turn|123
|choice||
|
|move|p2a: Chansey|Thunder Wave|p1a: Snorlax
|-fail|p1a: Snorlax|par
|cant|p1a: Snorlax|par
|
|turn|124
|choice||
|
|move|p2a: Chansey|Thunder Wave|p1a: Snorlax
|-fail|p1a: Snorlax|par
|cant|p1a: Snorlax|par
|
|turn|125
|choice||
|
|move|p2a: Chansey|Thunder Wave|p1a: Snorlax
|-fail|p1a: Snorlax|par
|move|p1a: Snorlax|Reflect|p1a: Snorlax
|-fail|p1a: Snorlax
|
|turn|126
|c| Coffe|è sempre 25% in rby?
|c| Not Troller|si
|choice||
|
|move|p2a: Chansey|Thunder Wave|p1a: Snorlax
|-fail|p1a: Snorlax|par
|move|p1a: Snorlax|Reflect|p1a: Snorlax
|-fail|p1a: Snorlax
|
|turn|127
|c| Coffe|mi sembra troppo frequente
|choice||
|
|move|p2a: Chansey|Thunder Wave|p1a: Snorlax
|-fail|p1a: Snorlax|par
|cant|p1a: Snorlax|par
|
|turn|128
|choice||
|
|move|p2a: Chansey|Thunder Wave|p1a: Snorlax
|-fail|p1a: Snorlax|par
|move|p1a: Snorlax|Reflect|p1a: Snorlax
|-fail|p1a: Snorlax
|
|turn|129
|c| Alexander|tocca controllare in game
|choice||
|
|move|p2a: Chansey|Thunder Wave|p1a: Snorlax
|-fail|p1a: Snorlax|par
|cant|p1a: Snorlax|par
|
|turn|130
|choice||
|
|move|p2a: Chansey|Thunder Wave|p1a: Snorlax
|-fail|p1a: Snorlax|par
|cant|p1a: Snorlax|par
|
|turn|131
|c| The Idiot Ninja|"25%"
|choice||
|
|move|p2a: Chansey|Thunder Wave|p1a: Snorlax
|-fail|p1a: Snorlax|par
|move|p1a: Snorlax|Earthquake|p2a: Chansey
|-damage|p2a: Chansey|63\/100
|
|turn|132
|choice||
|
|move|p2a: Chansey|Thunder Wave|p1a: Snorlax
|-fail|p1a: Snorlax|par
|move|p1a: Snorlax|Earthquake|p2a: Chansey
|-damage|p2a: Chansey|46\/100
|
|turn|133
|choice||
|
|move|p2a: Chansey|Soft-Boiled|p2a: Chansey
|-heal|p2a: Chansey|96\/100
|move|p1a: Snorlax|Earthquake|p2a: Chansey
|-damage|p2a: Chansey|79\/100
|
|turn|134
|c| cybre|posso percepire l'adrenalina
|choice||
|
|move|p2a: Chansey|Thunder Wave|p1a: Snorlax
|-fail|p1a: Snorlax|par
|move|p1a: Snorlax|Earthquake|p2a: Chansey
|-damage|p2a: Chansey|63\/100
|
|turn|135
|j|pomy 2
|c| Alexander|per che è?
|choice||
|
|move|p2a: Chansey|Seismic Toss|p1a: Snorlax
|-damage|p1a: Snorlax|81\/100 par
|move|p1a: Snorlax|Earthquake|p2a: Chansey
|-damage|p2a: Chansey|47\/100
|
|turn|136
|c| Coffe|egl
|c| Not Troller|io percepisco le bestemmie di marco
|choice||
|
|move|p2a: Chansey|Soft-Boiled|p2a: Chansey
|-heal|p2a: Chansey|97\/100
|move|p1a: Snorlax|Earthquake|p2a: Chansey
|-damage|p2a: Chansey|80\/100
|
|turn|137
|choice||
|
|move|p2a: Chansey|Seismic Toss|p1a: Snorlax
|-damage|p1a: Snorlax|62\/100 par
|move|p1a: Snorlax|Earthquake|p2a: Chansey
|-damage|p2a: Chansey|62\/100
|
|turn|138
|c| Coffe|troller prestagli il tuo hax
|choice||
|
|move|p2a: Chansey|Seismic Toss|p1a: Snorlax
|-damage|p1a: Snorlax|43\/100 par
|move|p1a: Snorlax|Earthquake|p2a: Chansey
|-damage|p2a: Chansey|45\/100
|
|turn|139
|choice||
|
|move|p2a: Chansey|Seismic Toss|p1a: Snorlax
|-damage|p1a: Snorlax|24\/100 par
|move|p1a: Snorlax|Rest|p1a: Snorlax
|-status|p1a: Snorlax|slp
|-heal|p1a: Snorlax|100\/100 slp|[silent]
|-status|p1a: Snorlax|slp|[from] move: Rest
|
|turn|140
|c| Not Troller|ora ne servono 3
|c| The Idiot Ninja|ok
|c| The Idiot Ninja|ora devi fullparare
|c| The Idiot Ninja|no
|c| The Idiot Ninja|rip
|choice||
|
|move|p2a: Chansey|Thunder Wave|p1a: Snorlax
|-fail|p1a: Snorlax
|cant|p1a: Snorlax|slp
|
|turn|141
|choice||
|
|move|p2a: Chansey|Thunder Wave|p1a: Snorlax
|-fail|p1a: Snorlax
|-curestatus|p1a: Snorlax|slp
|
|turn|142
|choice||
|
|move|p2a: Chansey|Soft-Boiled|p2a: Chansey
|-heal|p2a: Chansey|95\/100
|move|p1a: Snorlax|Rest|p1a: Snorlax
|-fail|p1a: Snorlax
|
|turn|143
|choice||
|
|move|p2a: Chansey|Thunder Wave|p1a: Snorlax
|-status|p1a: Snorlax|par
|move|p1a: Snorlax|Earthquake|p2a: Chansey
|-crit|p2a: Chansey
|-damage|p2a: Chansey|32\/100
|
|turn|144
|choice||
|
|move|p2a: Chansey|Soft-Boiled|p2a: Chansey
|-heal|p2a: Chansey|82\/100
|move|p1a: Snorlax|Earthquake|p2a: Chansey
|-damage|p2a: Chansey|65\/100
|
|turn|145
|choice||
|
|move|p2a: Chansey|Thunder Wave|p1a: Snorlax
|-fail|p1a: Snorlax|par
|cant|p1a: Snorlax|par
|
|turn|146
|choice||
|
|move|p2a: Chansey|Thunder Wave|p1a: Snorlax
|-fail|p1a: Snorlax|par
|move|p1a: Snorlax|Earthquake|p2a: Chansey
|-damage|p2a: Chansey|50\/100
|
|turn|147
|c| Coffe|dai il crit è arrivato in un buon momento
|choice||
|
|move|p2a: Chansey|Soft-Boiled|p2a: Chansey
|-heal|p2a: Chansey|99\/100
|cant|p1a: Snorlax|par
|
|turn|148
|c| Not Troller|20 di marco ma
|choice||
|
|move|p2a: Chansey|Thunder Wave|p1a: Snorlax
|-fail|p1a: Snorlax|par
|move|p1a: Snorlax|Earthquake|p2a: Chansey
|-damage|p2a: Chansey|85\/100
|
|turn|149
|c| Not Troller|ogni seismic lo fa fottere dai rest
|c| Not Troller|rip
|c| The Idiot Ninja|20 da entrambe
|choice||
|
|move|p2a: Chansey|Thunder Wave|p1a: Snorlax
|-fail|p1a: Snorlax|par
|move|p1a: Snorlax|Earthquake|p2a: Chansey
|-damage|p2a: Chansey|68\/100
|
|turn|150
|choice||
|
|move|p2a: Chansey|Thunder Wave|p1a: Snorlax
|-fail|p1a: Snorlax|par
|move|p1a: Snorlax|Earthquake|p2a: Chansey
|-damage|p2a: Chansey|53\/100
|
|turn|151
|c| Alexander|lax è pure parato..
|c| Not Troller|i rest contano 3 turni e marco prima o poi deve attaccare
|choice||
|
|move|p2a: Chansey|Soft-Boiled|p2a: Chansey
|-heal|p2a: Chansey|100\/100
|move|p1a: Snorlax|Body Slam|p2a: Chansey
|-damage|p2a: Chansey|79\/100
|
|turn|152
|choice||
|
|move|p2a: Chansey|Thunder Wave|p1a: Snorlax
|-fail|p1a: Snorlax|par
|move|p1a: Snorlax|Body Slam|p2a: Chansey
|-damage|p2a: Chansey|58\/100
|
|turn|153
|choice||
|
|move|p2a: Chansey|Thunder Wave|p1a: Snorlax
|-fail|p1a: Snorlax|par
|move|p1a: Snorlax|Body Slam|p2a: Chansey
|-damage|p2a: Chansey|36\/100
|
|turn|154
|c| cybre|rip
|choice||
|
|move|p2a: Chansey|Soft-Boiled|p2a: Chansey
|-heal|p2a: Chansey|86\/100
|cant|p1a: Snorlax|par
|
|turn|155
|choice||
|
|move|p2a: Chansey|Thunder Wave|p1a: Snorlax
|-fail|p1a: Snorlax|par
|move|p1a: Snorlax|Body Slam|p2a: Chansey
|-damage|p2a: Chansey|64\/100
|
|turn|156
|c|★marcoasd|well gg
|c|★Golden Gyarados|gg
|choice||
|
|move|p2a: Chansey|Thunder Wave|p1a: Snorlax
|-fail|p1a: Snorlax|par
|cant|p1a: Snorlax|par
|
|turn|157
|choice||
|
|move|p2a: Chansey|Seismic Toss|p1a: Snorlax
|-damage|p1a: Snorlax|81\/100 par
|move|p1a: Snorlax|Body Slam|p2a: Chansey
|-damage|p2a: Chansey|42\/100
|
|turn|158
|c| Not Troller|vinci se ci cradily marco
|c| Coffe|ora missa tutto
|c| The Idiot Ninja|y ce la puoi farcela
|c| The Idiot Ninja|trentaquattro fullpara circa e ci siamo
|l|LUCKSKILL
|c| cybre|questo è un match che solo troller potrebbe vincere
|choice||
|
|move|p2a: Chansey|Seismic Toss|p1a: Snorlax
|-damage|p1a: Snorlax|62\/100 par
|move|p1a: Snorlax|Body Slam|p2a: Chansey
|-damage|p2a: Chansey|20\/100
|
|turn|159
|choice||
|
|move|p2a: Chansey|Seismic Toss|p1a: Snorlax
|-damage|p1a: Snorlax|43\/100 par
|cant|p1a: Snorlax|par
|
|turn|160
|c| The Idiot Ninja|1
|choice||
|
|move|p2a: Chansey|Seismic Toss|p1a: Snorlax
|-damage|p1a: Snorlax|24\/100 par
|move|p1a: Snorlax|Rest|p1a: Snorlax
|-status|p1a: Snorlax|slp
|-heal|p1a: Snorlax|100\/100 slp|[silent]
|-status|p1a: Snorlax|slp|[from] move: Rest
|
|turn|161
|c| cybre|ma zitto.
|choice||
|
|move|p2a: Chansey|Seismic Toss|p1a: Snorlax
|-damage|p1a: Snorlax|81\/100 slp
|cant|p1a: Snorlax|slp
|
|turn|162
|choice||
|
|move|p2a: Chansey|Seismic Toss|p1a: Snorlax
|-damage|p1a: Snorlax|62\/100 slp
|-curestatus|p1a: Snorlax|slp
|
|turn|163
|choice||
|
|move|p2a: Chansey|Thunder Wave|p1a: Snorlax
|-status|p1a: Snorlax|par
|move|p1a: Snorlax|Body Slam|p2a: Chansey
|-damage|p2a: Chansey|0 fnt
|faint|p2a: Chansey
|
|win|Golden Gyarados
|player|p1
|player|p2
|c| Coffe|rip
|l|cybre
|c| Not Troller|non bastano più rip
|l|wolf of nb
|l|pomy 2
|l|goeasyonmeplease
|l|DiggerSR
|l|Alexander
|l|NaCl
|l|toxigen734
|l|Rippin
|l|Mappazzone
|l|Coffe
|l|Golden Gyarados
|l|Sl1m Sh4dy
|j|Mappazzone
|l|Peasounay
|j|cybre
|l|King Sun
|l|cybre
|l|The Idiot Ninja
|l|Feel My Style