|join|AitorMaster
|join|turba
|player|p1|AitorMaster|169
|player|p2|turba|101
|gametype|singles
|gen|1
|tier|[Gen 1] Random Battle
|rated
|seed|44763,17883,5685,7166
|rule|Sleep Clause Mod: Limit one foe put to sleep
|rule|Freeze Clause Mod: Limit one foe frozen
|rule|HP Percentage Mod: HP is shown in percentages
|
|start
|switch|p1a: Pikachu|Pikachu, L96|262\/262
|switch|p2a: Alakazam|Alakazam, L79|249\/249
|turn|1
|choice|move 3|switch 6
|
|switch|p2a: Rhydon|Rhydon, L79|328\/328
|move|p1a: Pikachu|Thunder Wave|p2a: Rhydon
|-immune|p2a: Rhydon|[msg]
|
|turn|2
|c|★turba|Ugh. It's been so long since I played Gen I pokemon.
|choice|switch 6|move 1
|
|switch|p1a: Golduck|Golduck, L85|310\/310
|move|p2a: Rhydon|Substitute|p2a: Rhydon
|-start|p2a: Rhydon|Substitute
|-damage|p2a: Rhydon|246\/328
|
|turn|3
|choice|move 2|move 2
|
|move|p1a: Golduck|Blizzard|p2a: Rhydon
|-supereffective|p2a: Rhydon
|-end|p2a: Rhydon|Substitute
|move|p2a: Rhydon|Earthquake|p1a: Golduck
|-damage|p1a: Golduck|200\/310
|
|turn|4
|choice|move 2|switch 2
|
|switch|p2a: Zubat|Zubat, L96|272\/272
|move|p1a: Golduck|Blizzard|p2a: Zubat
|-supereffective|p2a: Zubat
|-damage|p2a: Zubat|65\/272
|
|turn|5
|choice|move 3|move 2
|
|move|p1a: Golduck|Body Slam|p2a: Zubat
|-crit|p2a: Zubat
|-damage|p2a: Zubat|0 fnt
|faint|p2a: Zubat
|choice||switch 3
|
|switch|p2a: Electrode|Electrode, L90|291\/291
|turn|6
|choice|switch 4|move 4
|
|switch|p1a: Dragonair|Dragonair, L85|277\/277
|move|p2a: Electrode|Thunderbolt|p1a: Dragonair
|-resisted|p1a: Dragonair
|-damage|p1a: Dragonair|215\/277
|
|turn|7
|choice|move 4|switch 4
|
|switch|p2a: Flareon|Flareon, L90|300\/300
|move|p1a: Dragonair|Thunder Wave|p2a: Flareon
|-status|p2a: Flareon|par
|
|turn|8
|choice|move 2|move 4
|
|move|p1a: Dragonair|Surf|p2a: Flareon
|-crit|p2a: Flareon
|-supereffective|p2a: Flareon
|-damage|p2a: Flareon|132\/300 par
|move|p2a: Flareon|Body Slam|p1a: Dragonair
|-damage|p1a: Dragonair|107\/277
|-status|p1a: Dragonair|par
|
|turn|9
|choice|move 2|move 4
|
|cant|p2a: Flareon|par
|move|p1a: Dragonair|Surf|p2a: Flareon
|-supereffective|p2a: Flareon
|-damage|p2a: Flareon|41\/300 par
|
|turn|10
|choice|move 2|move 4
|
|move|p2a: Flareon|Body Slam|p1a: Dragonair
|-damage|p1a: Dragonair|12\/277 par
|move|p1a: Dragonair|Surf|p2a: Flareon
|-supereffective|p2a: Flareon
|-damage|p2a: Flareon|0 fnt
|faint|p2a: Flareon
|choice||switch 4
|
|switch|p2a: Electrode|Electrode, L90|291\/291
|turn|11
|choice|move 4|move 4
|
|move|p2a: Electrode|Thunderbolt|p1a: Dragonair
|-crit|p1a: Dragonair
|-resisted|p1a: Dragonair
|-damage|p1a: Dragonair|0 fnt
|faint|p1a: Dragonair
|choice|switch 5|
|
|switch|p1a: Zapdos|Zapdos, L79|304\/304
|turn|12
|choice|move 2|switch 2
|
|switch|p2a: Rhydon|Rhydon, L79|246\/328
|move|p1a: Zapdos|Drill Peck|p2a: Rhydon
|-resisted|p2a: Rhydon
|-damage|p2a: Rhydon|218\/328
|
|turn|13
|choice|switch 4|move 3
|
|switch|p1a: Golduck|Golduck, L85|200\/310
|move|p2a: Rhydon|Rock Slide|p1a: Golduck|[miss]
|-miss|p2a: Rhydon
|
|turn|14
|choice|move 2|switch 5
|
|switch|p2a: Omastar|Omastar, L90|309\/309
|move|p1a: Golduck|Blizzard|p2a: Omastar
|-resisted|p2a: Omastar
|-damage|p2a: Omastar|281\/309
|
|turn|15
|choice|move 3|move 4
|
|move|p1a: Golduck|Body Slam|p2a: Omastar
|-resisted|p2a: Omastar
|-damage|p2a: Omastar|260\/309
|move|p2a: Omastar|Seismic Toss|p1a: Golduck
|-damage|p1a: Golduck|110\/310
|
|turn|16
|choice|move 2|move 4
|
|move|p1a: Golduck|Blizzard|p2a: Omastar
|-resisted|p2a: Omastar
|-damage|p2a: Omastar|229\/309
|move|p2a: Omastar|Seismic Toss|p1a: Golduck
|-damage|p1a: Golduck|20\/310
|
|turn|17
|choice|move 2|move 4
|
|move|p1a: Golduck|Blizzard|p2a: Omastar
|-crit|p2a: Omastar
|-resisted|p2a: Omastar
|-damage|p2a: Omastar|166\/309
|move|p2a: Omastar|Seismic Toss|p1a: Golduck
|-damage|p1a: Golduck|0 fnt
|faint|p1a: Golduck
|choice|switch 3|
|
|switch|p1a: Tauros|Tauros, L79|280\/280
|turn|18
|choice|move 1|move 4
|
|move|p1a: Tauros|Earthquake|p2a: Omastar
|-supereffective|p2a: Omastar
|-damage|p2a: Omastar|70\/309
|move|p2a: Omastar|Seismic Toss|p1a: Tauros
|-damage|p1a: Tauros|190\/280
|
|turn|19
|choice|move 1|move 3
|
|move|p1a: Tauros|Earthquake|p2a: Omastar
|-crit|p2a: Omastar
|-supereffective|p2a: Omastar
|-damage|p2a: Omastar|0 fnt
|faint|p2a: Omastar
|choice||switch 6
|
|switch|p2a: Alakazam|Alakazam, L79|249\/249
|turn|20
|choice|move 4|move 3
|
|move|p2a: Alakazam|Reflect|p2a: Alakazam
|-start|p2a: Alakazam|Reflect
|move|p1a: Tauros|Body Slam|p2a: Alakazam
|-damage|p2a: Alakazam|182\/249
|
|turn|21
|choice|move 4|move 4
|
|move|p2a: Alakazam|Thunder Wave|p1a: Tauros
|-status|p1a: Tauros|par
|cant|p1a: Tauros|par
|
|turn|22
|choice|move 4|move 1
|
|move|p2a: Alakazam|Psychic|p1a: Tauros
|-crit|p1a: Tauros
|-damage|p1a: Tauros|0 fnt
|faint|p1a: Tauros
|choice|switch 6|
|
|switch|p1a: Pikachu|Pikachu, L96|262\/262
|turn|23
|choice|move 1|move 1
|
|move|p2a: Alakazam|Psychic|p1a: Pikachu
|-damage|p1a: Pikachu|145\/262
|move|p1a: Pikachu|Surf|p2a: Alakazam
|-damage|p2a: Alakazam|133\/249
|
|turn|24
|choice|move 3|move 1
|
|move|p2a: Alakazam|Psychic|p1a: Pikachu
|-damage|p1a: Pikachu|9\/262
|-unboost|p1a: Pikachu|spd|1
|-unboost|p1a: Pikachu|spa|1
|move|p1a: Pikachu|Thunder Wave|p2a: Alakazam
|-status|p2a: Alakazam|par
|
|turn|25
|choice|move 4|move 1
|
|move|p1a: Pikachu|Thunder|p2a: Alakazam|[miss]
|-miss|p1a: Pikachu
|move|p2a: Alakazam|Psychic|p1a: Pikachu
|-damage|p1a: Pikachu|0 fnt
|faint|p1a: Pikachu
|choice|switch 2|
|
|switch|p1a: Seadra|Seadra, L90|282\/282
|turn|26
|choice|move 2|move 4
|
|move|p1a: Seadra|Hydro Pump|p2a: Alakazam
|-crit|p2a: Alakazam
|-damage|p2a: Alakazam|0 fnt
|faint|p2a: Alakazam
|choice||switch 2
|
|switch|p2a: Electrode|Electrode, L90|291\/291
|turn|27
|choice|switch 4|move 4
|
|switch|p1a: Zapdos|Zapdos, L79|304\/304
|move|p2a: Electrode|Thunderbolt|p1a: Zapdos
|-damage|p1a: Zapdos|220\/304
|
|turn|28
|choice|move 4|switch 5
|
|switch|p2a: Rhydon|Rhydon, L79|218\/328
|move|p1a: Zapdos|Thunder Wave|p2a: Rhydon
|-immune|p2a: Rhydon|[msg]
|
|turn|29
|choice|switch 4|move 4
|
|switch|p1a: Seadra|Seadra, L90|282\/282
|move|p2a: Rhydon|Body Slam|p1a: Seadra
|-damage|p1a: Seadra|229\/282
|-status|p1a: Seadra|par
|
|turn|30
|choice|move 3|switch 5
|
|switch|p2a: Electrode|Electrode, L90|291\/291
|move|p1a: Seadra|Blizzard|p2a: Electrode
|-damage|p2a: Electrode|197\/291
|
|turn|31
|choice|switch 4|move 4
|
|switch|p1a: Zapdos|Zapdos, L79|220\/304
|move|p2a: Electrode|Thunderbolt|p1a: Zapdos
|-damage|p1a: Zapdos|138\/304
|
|turn|32
|choice|move 2|switch 5
|
|switch|p2a: Rhydon|Rhydon, L79|218\/328
|move|p1a: Zapdos|Drill Peck|p2a: Rhydon
|-resisted|p2a: Rhydon
|-damage|p2a: Rhydon|188\/328
|
|turn|33
|choice|move 2|move 3
|
|move|p1a: Zapdos|Drill Peck|p2a: Rhydon
|-resisted|p2a: Rhydon
|-damage|p2a: Rhydon|158\/328
|move|p2a: Rhydon|Rock Slide|p1a: Zapdos
|-supereffective|p1a: Zapdos
|-damage|p1a: Zapdos|0 fnt
|faint|p1a: Zapdos
|choice|switch 4|
|
|switch|p1a: Seadra|Seadra, L90|229\/282 par
|turn|34
|choice|move 2|move 3
|
|move|p2a: Rhydon|Rock Slide|p1a: Seadra|[miss]
|-miss|p2a: Rhydon
|cant|p1a: Seadra|par
|
|turn|35
|choice|move 2|move 3
|
|move|p2a: Rhydon|Rock Slide|p1a: Seadra
|-damage|p1a: Seadra|152\/282 par
|move|p1a: Seadra|Hydro Pump|p2a: Rhydon
|-crit|p2a: Rhydon
|-supereffective|p2a: Rhydon
|-damage|p2a: Rhydon|0 fnt
|faint|p2a: Rhydon
|choice||switch 5
|
|switch|p2a: Electrode|Electrode, L90|197\/291
|turn|36
|choice|move 3|move 4
|
|move|p2a: Electrode|Thunderbolt|p1a: Seadra
|-supereffective|p1a: Seadra
|-damage|p1a: Seadra|0 fnt
|faint|p1a: Seadra
|
|win|turba
||Ladder (probably) updated, but score could not be retrieved (Response not received).
|leave|AitorMaster
|player|p1