|join|Amnesia LOL
|join|Lusch
|player|p1|Amnesia LOL|153
|player|p2|Lusch|153
|gametype|singles
|gen|1
|tier|[Gen 1] Random Battle
|rated
|rule|Sleep Clause Mod: Limit one foe put to sleep
|rule|Freeze Clause Mod: Limit one foe frozen
|rule|HP Percentage Mod: HP is shown in percentages
|
|start
|switch|p1a: Kakuna|Kakuna, L99|290\/290
|switch|p2a: Pidgeotto|Pidgeotto, L90|297\/297
|turn|1
|c|★Lusch|hiya
|
|move|p2a: Pidgeotto|Double-Edge|p1a: Kakuna
|-damage|p1a: Kakuna|174\/290
|-damage|p2a: Pidgeotto|268\/297|[from] recoil|[of] p1a: Kakuna
|move|p1a: Kakuna|String Shot|p2a: Pidgeotto
|-unboost|p2a: Pidgeotto|spe|1
|
|turn|2
|c|★Amnesia LOL|kakuna..
|c|★Amnesia LOL|hey man
|
|move|p1a: Kakuna|Poison Sting|p2a: Pidgeotto
|-damage|p2a: Pidgeotto|254\/297
|move|p2a: Pidgeotto|Double-Edge|p1a: Kakuna
|-damage|p1a: Kakuna|62\/290
|-damage|p2a: Pidgeotto|226\/297|[from] recoil|[of] p1a: Kakuna
|
|turn|3
|
|move|p1a: Kakuna|Poison Sting|p2a: Pidgeotto
|-damage|p2a: Pidgeotto|213\/297
|move|p2a: Pidgeotto|Double-Edge|p1a: Kakuna
|-damage|p1a: Kakuna|0 fnt
|-damage|p2a: Pidgeotto|198\/297|[from] recoil|[of] p1a: Kakuna
|faint|p1a: Kakuna
|
|switch|p1a: Articuno|Articuno, L79|304\/304
|turn|4
|
|move|p1a: Articuno|Blizzard|p2a: Pidgeotto
|-supereffective|p2a: Pidgeotto
|-damage|p2a: Pidgeotto|0 fnt
|faint|p2a: Pidgeotto
|
|switch|p2a: Parasect|Parasect, L90|291\/291
|turn|5
|
|switch|p1a: Dragonite|Dragonite, L85|328\/328
|move|p2a: Parasect|Spore|p1a: Dragonite
|-status|p1a: Dragonite|slp
|
|turn|6
|
|switch|p1a: Articuno|Articuno, L79|304\/304
|switch|p2a: Poliwhirl|Poliwhirl, L85|284\/284
|
|turn|7
|
|move|p2a: Poliwhirl|Amnesia|p2a: Poliwhirl
|-boost|p2a: Poliwhirl|spd|2
|-boost|p2a: Poliwhirl|spa|2
|move|p1a: Articuno|Blizzard|p2a: Poliwhirl
|-crit|p2a: Poliwhirl
|-resisted|p2a: Poliwhirl
|-damage|p2a: Poliwhirl|94\/284
|
|turn|8
|
|move|p2a: Poliwhirl|Blizzard|p1a: Articuno
|-damage|p1a: Articuno|208\/304
|move|p1a: Articuno|Blizzard|p2a: Poliwhirl
|-resisted|p2a: Poliwhirl
|-damage|p2a: Poliwhirl|49\/284
|
|turn|9
|c|★Amnesia LOL|nice little crit :P
|
|move|p2a: Poliwhirl|Surf|p1a: Articuno
|-damage|p1a: Articuno|97\/304
|move|p1a: Articuno|Blizzard|p2a: Poliwhirl|[miss]
|-miss|p1a: Articuno
|
|turn|10
|
|move|p2a: Poliwhirl|Surf|p1a: Articuno
|-damage|p1a: Articuno|0 fnt
|faint|p1a: Articuno
|
|switch|p1a: Mewtwo|Mewtwo, L68|285\/285
|turn|11
|c|★Lusch|rip
|c|★Amnesia LOL|lol i need to 1hit it
|c|★Amnesia LOL|or gg
|c|★Amnesia LOL|PLZ DIE
|c|★Lusch|or course it dies
|c|★Amnesia LOL|it has x2 spc and phsc is spc so maybe it lives
|c|★Amnesia LOL|i cant afford to let you hit me with it
|
|move|p1a: Mewtwo|Psychic|p2a: Poliwhirl
|-damage|p2a: Poliwhirl|0 fnt
|faint|p2a: Poliwhirl
|c|★Amnesia LOL|u got hypno or alakazam?:P
|c|★Amnesia LOL|to counter
|
|switch|p2a: Parasect|Parasect, L90|291\/291
|turn|12
|
|move|p1a: Mewtwo|Blizzard|p2a: Parasect
|-supereffective|p2a: Parasect
|-damage|p2a: Parasect|147\/291
|move|p2a: Parasect|Stun Spore|p1a: Mewtwo
|-status|p1a: Mewtwo|par
|
|turn|13
|
|move|p2a: Parasect|Body Slam|p1a: Mewtwo
|-damage|p1a: Mewtwo|206\/285 par
|cant|p1a: Mewtwo|par
|
|turn|14
|
|move|p2a: Parasect|Body Slam|p1a: Mewtwo
|-damage|p1a: Mewtwo|121\/285 par
|move|p1a: Mewtwo|Blizzard|p2a: Parasect
|-supereffective|p2a: Parasect
|-damage|p2a: Parasect|0 fnt
|faint|p2a: Parasect
|c|★Amnesia LOL|this is literally deja vous
|
|switch|p2a: Aerodactyl|Aerodactyl, L90|327\/327
|turn|15
|c|★Amnesia LOL|my last mewtwo i got b slammed, para'd first move then b-slammed to death
|
|move|p2a: Aerodactyl|Hyper Beam|p1a: Mewtwo
|-damage|p1a: Mewtwo|0 fnt
|faint|p1a: Mewtwo
|
|switch|p1a: Chansey|Chansey, L79|557\/557
|turn|16
|
|move|p2a: Aerodactyl|Double-Edge|p1a: Chansey
|-damage|p1a: Chansey|337\/557
|-damage|p2a: Aerodactyl|272\/327|[from] recoil|[of] p1a: Chansey
|move|p1a: Chansey|Thunder Wave|p2a: Aerodactyl
|-status|p2a: Aerodactyl|par
|
|turn|17
|
|move|p1a: Chansey|Ice Beam|p2a: Aerodactyl
|-supereffective|p2a: Aerodactyl
|-damage|p2a: Aerodactyl|136\/327 par
|move|p2a: Aerodactyl|Double-Edge|p1a: Chansey
|-damage|p1a: Chansey|104\/557
|-damage|p2a: Aerodactyl|78\/327 par|[from] recoil|[of] p1a: Chansey
|
|turn|18
|
|move|p1a: Chansey|Soft-Boiled|p1a: Chansey
|-heal|p1a: Chansey|382\/557
|cant|p2a: Aerodactyl|par
|
|turn|19
|
|move|p1a: Chansey|Ice Beam|p2a: Aerodactyl
|-supereffective|p2a: Aerodactyl
|-damage|p2a: Aerodactyl|0 fnt
|faint|p2a: Aerodactyl
|
|switch|p2a: Beedrill|Beedrill, L90|300\/300
|turn|20
|
|move|p2a: Beedrill|Swords Dance|p2a: Beedrill
|-boost|p2a: Beedrill|atk|2
|move|p1a: Chansey|Thunder Wave|p2a: Beedrill
|-status|p2a: Beedrill|par
|
|turn|21
|
|move|p1a: Chansey|Ice Beam|p2a: Beedrill
|-damage|p2a: Beedrill|221\/300 par
|move|p2a: Beedrill|Agility|p2a: Beedrill
|-boost|p2a: Beedrill|spe|2
|
|turn|22
|
|move|p2a: Beedrill|Hyper Beam|p1a: Chansey|[miss]
|-miss|p2a: Beedrill
|move|p1a: Chansey|Ice Beam|p2a: Beedrill
|-damage|p2a: Beedrill|131\/300 par
|
|turn|23
|
|move|p2a: Beedrill|Twineedle|p1a: Chansey
|-damage|p1a: Chansey|243\/557
|-damage|p1a: Chansey|104\/557
|-hitcount|p1a: Chansey|2
|move|p1a: Chansey|Ice Beam|p2a: Beedrill
|-damage|p2a: Beedrill|46\/300 par
|
|turn|24
|c|★Amnesia LOL|pls no
|c|★Amnesia LOL|die
|
|move|p2a: Beedrill|Twineedle|p1a: Chansey
|-damage|p1a: Chansey|0 fnt
|-hitcount|p1a: Chansey|1
|faint|p1a: Chansey
|
|switch|p1a: Snorlax|Snorlax, L79|415\/415
|turn|25
|
|move|p2a: Beedrill|Hyper Beam|p1a: Snorlax
|-damage|p1a: Snorlax|144\/415
|move|p1a: Snorlax|Ice Beam|p2a: Beedrill
|-damage|p2a: Beedrill|0 fnt
|faint|p2a: Beedrill
|c|★Amnesia LOL|omgzorz
|
|switch|p2a: Onix|Onix, L90|246\/246
|turn|26
|c|★Amnesia LOL|FUCK
|
|move|p2a: Onix|Earthquake|p1a: Snorlax
|-crit|p1a: Snorlax
|-damage|p1a: Snorlax|0 fnt
|faint|p1a: Snorlax
|c|★Amnesia LOL|crit
|
|switch|p1a: Dragonite|Dragonite, L85|328\/328 slp
|turn|27
|c|★Amnesia LOL|rock slided to death
|
|cant|p1a: Dragonite|slp
|move|p2a: Onix|Rock Slide|p1a: Dragonite
|-supereffective|p1a: Dragonite
|-damage|p1a: Dragonite|211\/328 slp
|
|turn|28
|c|★Amnesia LOL|:(
|c|★Amnesia LOL|wake pls
|c|★Amnesia LOL|wake pls
|c|★Lusch|onix is so weak
|c|★Amnesia LOL|wake pls
|c|★Amnesia LOL|i know :P
|c|★Amnesia LOL|need to wake this turn
|c|★Lusch|35% with stab super effective attack
|c|★Amnesia LOL|cmon smogon
|
|cant|p1a: Dragonite|slp
|move|p2a: Onix|Rock Slide|p1a: Dragonite
|-supereffective|p1a: Dragonite
|-damage|p1a: Dragonite|94\/328 slp
|
|turn|29
|c|★Amnesia LOL|gg
|
|cant|p1a: Dragonite|slp
|-curestatus|p1a: Dragonite|slp
|move|p2a: Onix|Rock Slide|p1a: Dragonite
|-supereffective|p1a: Dragonite
|-damage|p1a: Dragonite|0 fnt
|faint|p1a: Dragonite
|
|win|Lusch
|raw|Ladder updating...
|raw|Amnesia LOL's rating: 1257 &rarr; <strong>1241<\/strong><br \/>(-16 for losing)
|raw|Lusch's rating: 1390 &rarr; <strong>1402<\/strong><br \/>(+12 for winning)
|c|★Lusch|gg
|leave|Amnesia LOL
|player|p1