|join|qsns
|join|Noratraika
|player|p1|qsns|169
|player|p2|Noratraika|285
|gametype|singles
|gen|1
|tier|[Gen 1] OU
|rated
|seed|6941,53224,52517,32024
|rule|Sleep Clause Mod: Limit one foe put to sleep
|rule|Freeze Clause Mod: Limit one foe frozen
|rule|Species Clause: Limit one of each Pokémon
|rule|OHKO Clause: OHKO moves are banned
|rule|Evasion Moves Clause: Evasion moves are banned
|rule|HP Percentage Mod: HP is shown in percentages
|
|start
|switch|p1a: Starmie|Starmie|323\/323
|switch|p2a: Jynx|Jynx|333\/333
|turn|1
|choice|move 4|switch 6
|
|switch|p2a: Chansey|Chansey|703\/703
|move|p1a: Starmie|Thunder Wave|p2a: Chansey
|-status|p2a: Chansey|par
|
|turn|2
|choice|switch 6|move 4
|
|switch|p1a: Rhydon|Rhydon|413\/413
|cant|p2a: Chansey|par
|
|turn|3
|choice|move 3|switch 3
|
|switch|p2a: Starmie|Starmie|323\/323
|move|p1a: Rhydon|Body Slam|p2a: Starmie
|-damage|p2a: Starmie|242\/323
|
|turn|4
|choice|switch 4|move 2
|
|switch|p1a: Exeggutor|Exeggutor|393\/393
|move|p2a: Starmie|Ice Beam|p1a: Exeggutor
|-supereffective|p1a: Exeggutor
|-damage|p1a: Exeggutor|274\/393
|
|turn|5
|choice|move 2|switch 3
|
|switch|p2a: Chansey|Chansey|703\/703 par
|move|p1a: Exeggutor|Sleep Powder|p2a: Chansey
|-fail|p2a: Chansey
|
|turn|6
|choice|move 2|switch 6
|
|switch|p2a: Jynx|Jynx|333\/333
|move|p1a: Exeggutor|Sleep Powder|p2a: Jynx
|-status|p2a: Jynx|slp
|
|turn|7
|choice|move 3|move 2
|
|-curestatus|p2a: Jynx|slp
|move|p1a: Exeggutor|Psychic|p2a: Jynx
|-crit|p2a: Jynx
|-resisted|p2a: Jynx
|-damage|p2a: Jynx|216\/333
|
|turn|8
|choice|move 1|move 1
|
|move|p2a: Jynx|Lovely Kiss|p1a: Exeggutor|[miss]
|-miss|p2a: Jynx
|move|p1a: Exeggutor|Hyper Beam|p2a: Jynx
|-damage|p2a: Jynx|27\/333
|
|turn|9
|-mustrecharge|p1a: Exeggutor
|-mustrecharge|p1a: Exeggutor
|c|★Noratraika|lol
|c|★Noratraika|unmissable lovely kiss
|choice|move 1|move 1
|
|move|p2a: Jynx|Lovely Kiss|p1a: Exeggutor
|-status|p1a: Exeggutor|slp
|cant|p1a: Exeggutor|recharge
|
|turn|10
|choice|switch 6|move 2
|
|switch|p1a: Starmie|Starmie|323\/323
|move|p2a: Jynx|Ice Beam|p1a: Starmie
|-resisted|p1a: Starmie
|-damage|p1a: Starmie|266\/323
|
|turn|11
|choice|move 2|switch 6
|
|switch|p2a: Chansey|Chansey|703\/703 par
|move|p1a: Starmie|Thunderbolt|p2a: Chansey
|-crit|p2a: Chansey
|-damage|p2a: Chansey|566\/703 par
|
|turn|12
|choice|switch 6|move 4
|
|switch|p1a: Exeggutor|Exeggutor|274\/393 slp
|move|p2a: Chansey|Ice Beam|p1a: Exeggutor
|-supereffective|p1a: Exeggutor
|-damage|p1a: Exeggutor|132\/393 slp
|
|turn|13
|choice|switch 5|switch 6
|
|switch|p1a: Articuno|Articuno|383\/383
|switch|p2a: Jynx|Jynx|27\/333
|
|turn|14
|choice|move 1|move 4
|
|move|p2a: Jynx|Rest|p2a: Jynx
|-status|p2a: Jynx|slp
|-heal|p2a: Jynx|333\/333 slp|[silent]
|-status|p2a: Jynx|slp|[from] move: Rest
|move|p1a: Articuno|Blizzard|p2a: Jynx
|-resisted|p2a: Jynx
|-damage|p2a: Jynx|243\/333 slp
|
|turn|15
|choice|move 2|move 3
|
|cant|p2a: Jynx|slp
|move|p1a: Articuno|Sky Attack|p2a: Jynx|[still]
|-prepare|p1a: Articuno|Sky Attack|p2a: Jynx
|
|turn|16
|choice|move 1|switch 5
|
|switch|p2a: Zapdos|Zapdos|383\/383
|move|p1a: Articuno|Sky Attack|p2a: Zapdos
|-resisted|p2a: Zapdos
|-damage|p2a: Zapdos|298\/383
|
|turn|17
|choice|move 1|switch 3
|
|switch|p2a: Starmie|Starmie|242\/323
|move|p1a: Articuno|Blizzard|p2a: Starmie
|-resisted|p2a: Starmie
|-damage|p2a: Starmie|153\/323
|
|turn|18
|choice|move 3|move 1
|
|move|p2a: Starmie|Recover|p2a: Starmie
|-heal|p2a: Starmie|314\/323
|move|p1a: Articuno|Hyper Beam|p2a: Starmie
|-damage|p2a: Starmie|201\/323
|
|turn|19
|-mustrecharge|p1a: Articuno
|-mustrecharge|p1a: Articuno
|c|★qsns|o
|join|shaneghoul
|c|★qsns|that did 0
|choice|move 1|move 4
|
|move|p2a: Starmie|Thunder Wave|p1a: Articuno
|-status|p1a: Articuno|par
|cant|p1a: Articuno|recharge
|
|turn|20
|choice|move 1|move 3
|
|move|p2a: Starmie|Psychic|p1a: Articuno
|-damage|p1a: Articuno|297\/383 par
|move|p1a: Articuno|Blizzard|p2a: Starmie
|-resisted|p2a: Starmie
|-damage|p2a: Starmie|118\/323
|
|turn|21
|choice|switch 2|move 1
|
|switch|p1a: Chansey|Chansey|703\/703
|move|p2a: Starmie|Recover|p2a: Starmie
|-heal|p2a: Starmie|279\/323
|
|turn|22
|choice|switch 4|switch 6
|
|switch|p2a: Chansey|Chansey|566\/703 par
|switch|p1a: Rhydon|Rhydon|413\/413
|
|turn|23
|choice|move 4|switch 4
|
|switch|p2a: Snorlax|Snorlax|523\/523
|move|p1a: Rhydon|Substitute|p1a: Rhydon
|-start|p1a: Rhydon|Substitute
|-damage|p1a: Rhydon|310\/413
|
|turn|24
|choice|move 1|move 2
|
|move|p1a: Rhydon|Earthquake|p2a: Snorlax
|-damage|p2a: Snorlax|347\/523
|move|p2a: Snorlax|Ice Beam|p1a: Rhydon
|-supereffective|p1a: Rhydon
|-end|p1a: Rhydon|Substitute
|
|turn|25
|choice|switch 5|move 2
|
|switch|p1a: Exeggutor|Exeggutor|132\/393 slp
|move|p2a: Snorlax|Ice Beam|p1a: Exeggutor
|-supereffective|p1a: Exeggutor
|-damage|p1a: Exeggutor|40\/393 slp
|
|turn|26
|choice|move 4|switch 5
|
|switch|p2a: Jynx|Jynx|243\/333 slp
|cant|p1a: Exeggutor|slp
|
|turn|27
|choice|switch 3|move 2
|
|switch|p1a: Tauros|Tauros|353\/353
|-curestatus|p2a: Jynx|slp
|
|turn|28
|choice|move 1|switch 2
|
|switch|p2a: Tauros|Tauros|353\/353
|move|p1a: Tauros|Body Slam|p2a: Tauros
|-damage|p2a: Tauros|251\/353
|
|turn|29
|choice|switch 3|move 2
|
|switch|p1a: Exeggutor|Exeggutor|40\/393 slp
|move|p2a: Tauros|Body Slam|p1a: Exeggutor
|-damage|p1a: Exeggutor|0 fnt
|faint|p1a: Exeggutor
|choice|switch 4|
|
|switch|p1a: Chansey|Chansey|703\/703
|turn|30
|choice|move 1|switch 4
|
|switch|p2a: Chansey|Chansey|566\/703 par
|move|p1a: Chansey|Reflect|p1a: Chansey
|-start|p1a: Chansey|Reflect
|
|turn|31
|choice|switch 2|move 4
|
|switch|p1a: Articuno|Articuno|297\/383 par
|move|p2a: Chansey|Ice Beam|p1a: Articuno
|-damage|p1a: Articuno|235\/383 par
|
|turn|32
|choice|move 2|move 3
|
|move|p1a: Articuno|Sky Attack|p2a: Chansey|[still]
|-prepare|p1a: Articuno|Sky Attack|p2a: Chansey
|move|p2a: Chansey|Seismic Toss|p1a: Articuno
|-damage|p1a: Articuno|135\/383 par
|
|turn|33
|choice|move 1|switch 3
|
|switch|p2a: Zapdos|Zapdos|298\/383
|cant|p1a: Articuno|par
|
|turn|34
|choice|switch 5|switch 2
|
|switch|p2a: Jynx|Jynx|243\/333
|switch|p1a: Rhydon|Rhydon|310\/413
|
|turn|35
|choice|switch 6|move 2
|
|switch|p1a: Starmie|Starmie|266\/323
|move|p2a: Jynx|Ice Beam|p1a: Starmie
|-resisted|p1a: Starmie
|-damage|p1a: Starmie|207\/323
|
|turn|36
|choice|move 4|switch 3
|
|switch|p2a: Chansey|Chansey|566\/703 par
|move|p1a: Starmie|Thunder Wave|p2a: Chansey
|-fail|p2a: Chansey|par
|
|turn|37
|choice|switch 2|move 4
|
|switch|p1a: Chansey|Chansey|703\/703
|cant|p2a: Chansey|par
|
|turn|38
|choice|move 2|move 4
|
|move|p1a: Chansey|Seismic Toss|p2a: Chansey
|-damage|p2a: Chansey|466\/703 par
|move|p2a: Chansey|Ice Beam|p1a: Chansey
|-damage|p1a: Chansey|631\/703
|
|turn|39
|choice|move 2|move 1
|
|move|p1a: Chansey|Seismic Toss|p2a: Chansey
|-damage|p2a: Chansey|366\/703 par
|move|p2a: Chansey|Soft-Boiled|p2a: Chansey
|-heal|p2a: Chansey|703\/703 par
|
|turn|40
|choice|move 2|move 4
|
|move|p1a: Chansey|Seismic Toss|p2a: Chansey
|-damage|p2a: Chansey|603\/703 par
|cant|p2a: Chansey|par
|
|turn|41
|choice|move 2|move 4
|
|move|p1a: Chansey|Seismic Toss|p2a: Chansey
|-damage|p2a: Chansey|503\/703 par
|cant|p2a: Chansey|par
|
|turn|42
|choice|move 2|move 1
|
|move|p1a: Chansey|Seismic Toss|p2a: Chansey
|-damage|p2a: Chansey|403\/703 par
|cant|p2a: Chansey|par
|
|turn|43
|choice|switch 6|move 1
|
|switch|p1a: Rhydon|Rhydon|310\/413
|move|p2a: Chansey|Soft-Boiled|p2a: Chansey
|-heal|p2a: Chansey|703\/703 par
|
|turn|44
|choice|move 2|move 4
|
|move|p1a: Rhydon|Rock Slide|p2a: Chansey
|-damage|p2a: Chansey|392\/703 par
|cant|p2a: Chansey|par
|
|turn|45
|choice|move 1|switch 6
|
|switch|p2a: Starmie|Starmie|279\/323
|move|p1a: Rhydon|Earthquake|p2a: Starmie
|-damage|p2a: Starmie|129\/323
|
|turn|46
|c|★Noratraika|bitch PAR
|choice|move 3|move 1
|
|move|p2a: Starmie|Recover|p2a: Starmie
|-heal|p2a: Starmie|290\/323
|move|p1a: Rhydon|Body Slam|p2a: Starmie
|-damage|p2a: Starmie|198\/323
|
|turn|47
|choice|switch 6|move 2
|
|switch|p1a: Chansey|Chansey|631\/703
|move|p2a: Starmie|Ice Beam|p1a: Chansey
|-damage|p1a: Chansey|560\/703
|
|turn|48
|choice|move 2|switch 6
|
|switch|p2a: Chansey|Chansey|392\/703 par
|move|p1a: Chansey|Seismic Toss|p2a: Chansey
|-damage|p2a: Chansey|292\/703 par
|
|turn|49
|choice|switch 6|move 4
|
|switch|p1a: Rhydon|Rhydon|310\/413
|move|p2a: Chansey|Ice Beam|p1a: Rhydon
|-supereffective|p1a: Rhydon
|-damage|p1a: Rhydon|59\/413
|
|turn|50
|choice|move 2|switch 2
|
|switch|p2a: Zapdos|Zapdos|298\/383
|move|p1a: Rhydon|Rock Slide|p2a: Zapdos
|-crit|p2a: Zapdos
|-supereffective|p2a: Zapdos
|-damage|p2a: Zapdos|0 fnt
|faint|p2a: Zapdos
|choice||switch 4
|
|switch|p2a: Tauros|Tauros|251\/353
|turn|51
|choice|switch 5|move 1
|
|switch|p1a: Articuno|Articuno|135\/383 par
|move|p2a: Tauros|Earthquake|p1a: Articuno
|-immune|p1a: Articuno|[msg]
|
|turn|52
|choice|switch 6|move 2
|
|switch|p1a: Chansey|Chansey|560\/703
|move|p2a: Tauros|Body Slam|p1a: Chansey
|-damage|p1a: Chansey|275\/703
|
|turn|53
|choice|switch 6|move 3
|
|switch|p1a: Articuno|Articuno|135\/383 par
|move|p2a: Tauros|Hyper Beam|p1a: Articuno|[miss]
|-miss|p2a: Tauros
|
|turn|54
|choice|move 1|move 2
|
|move|p2a: Tauros|Body Slam|p1a: Articuno
|-damage|p1a: Articuno|40\/383 par
|move|p1a: Articuno|Blizzard|p2a: Tauros
|-damage|p2a: Tauros|34\/353
|
|turn|55
|choice|move 1|move 2
|
|move|p2a: Tauros|Body Slam|p1a: Articuno
|-damage|p1a: Articuno|0 fnt
|faint|p1a: Articuno
|choice|switch 2|
|
|switch|p1a: Starmie|Starmie|207\/323
|turn|56
|join|NV
|choice|switch 3|switch 3
|
|switch|p1a: Tauros|Tauros|353\/353
|switch|p2a: Jynx|Jynx|243\/333
|
|turn|57
|choice|move 3|switch 5
|
|switch|p2a: Snorlax|Snorlax|347\/523
|move|p1a: Tauros|Hyper Beam|p2a: Snorlax
|-damage|p2a: Snorlax|134\/523
|
|turn|58
|-mustrecharge|p1a: Tauros
|-mustrecharge|p1a: Tauros
|choice|move 1|move 2
|
|cant|p1a: Tauros|recharge
|move|p2a: Snorlax|Ice Beam|p1a: Tauros
|-damage|p1a: Tauros|281\/353
|
|turn|59
|choice|move 3|move 2
|
|move|p1a: Tauros|Hyper Beam|p2a: Snorlax
|-damage|p2a: Snorlax|0 fnt
|faint|p2a: Snorlax
|choice||switch 5
|
|switch|p2a: Jynx|Jynx|243\/333
|turn|60
|choice|move 3|switch 6
|
|switch|p2a: Starmie|Starmie|198\/323
|move|p1a: Tauros|Hyper Beam|p2a: Starmie
|-damage|p2a: Starmie|16\/323
|
|turn|61
|-mustrecharge|p1a: Tauros
|-mustrecharge|p1a: Tauros
|choice|move 1|move 4
|
|move|p2a: Starmie|Thunder Wave|p1a: Tauros
|-status|p1a: Tauros|par
|cant|p1a: Tauros|recharge
|
|turn|62
|choice|move 3|move 1
|
|move|p2a: Starmie|Recover|p2a: Starmie
|-heal|p2a: Starmie|177\/323
|move|p1a: Tauros|Hyper Beam|p2a: Starmie
|-damage|p2a: Starmie|0 fnt
|faint|p2a: Starmie
|choice||switch 3
|
|switch|p2a: Tauros|Tauros|34\/353
|turn|63
|choice|switch 6|move 2
|
|switch|p1a: Chansey|Chansey|275\/703
|move|p2a: Tauros|Body Slam|p1a: Chansey
|-damage|p1a: Chansey|0 fnt
|faint|p1a: Chansey
|choice|switch 3|
|
|switch|p1a: Starmie|Starmie|207\/323
|turn|64
|choice|switch 6|switch 6
|
|switch|p1a: Tauros|Tauros|281\/353 par
|switch|p2a: Jynx|Jynx|243\/333
|
|turn|65
|choice|move 3|move 3
|
|move|p2a: Jynx|Psychic|p1a: Tauros
|-damage|p1a: Tauros|150\/353 par
|move|p1a: Tauros|Hyper Beam|p2a: Jynx
|-damage|p2a: Jynx|0 fnt
|faint|p2a: Jynx
|choice||switch 6
|
|switch|p2a: Tauros|Tauros|34\/353
|turn|66
|choice|move 1|move 2
|
|move|p2a: Tauros|Body Slam|p1a: Tauros
|-crit|p1a: Tauros
|-damage|p1a: Tauros|0 fnt
|faint|p1a: Tauros
|choice|switch 6|
|
|switch|p1a: Starmie|Starmie|207\/323
|turn|67
|choice|move 2|switch 2
|
|switch|p2a: Chansey|Chansey|292\/703 par
|move|p1a: Starmie|Thunderbolt|p2a: Chansey
|-crit|p2a: Chansey
|-damage|p2a: Chansey|164\/703 par
|
|turn|68
|choice|move 2|move 1
|
|move|p1a: Starmie|Thunderbolt|p2a: Chansey
|-damage|p2a: Chansey|92\/703 par
|move|p2a: Chansey|Soft-Boiled|p2a: Chansey
|-heal|p2a: Chansey|443\/703 par
|
|turn|69
|choice|switch 5|move 3
|
|switch|p1a: Rhydon|Rhydon|59\/413
|cant|p2a: Chansey|par
|
|turn|70
|choice|move 1|move 3
|
|move|p1a: Rhydon|Earthquake|p2a: Chansey
|-damage|p2a: Chansey|77\/703 par
|move|p2a: Chansey|Seismic Toss|p1a: Rhydon
|-damage|p1a: Rhydon|0 fnt
|faint|p1a: Rhydon
|choice|switch 5|
|
|switch|p1a: Starmie|Starmie|207\/323
|turn|71
|choice|move 1|move 1
|
|move|p1a: Starmie|Blizzard|p2a: Chansey
|-crit|p2a: Chansey
|-damage|p2a: Chansey|0 fnt
|faint|p2a: Chansey
|choice||switch 2
|
|switch|p2a: Tauros|Tauros|34\/353
|turn|72
|choice|move 2|move 2
|
|move|p1a: Starmie|Thunderbolt|p2a: Tauros
|-damage|p2a: Tauros|0 fnt
|faint|p2a: Tauros
|
|win|qsns
|c|★qsns|gg
|raw|qsns's rating: 1157 &rarr; <strong>1171<\/strong><br \/>(+14 for winning)
|raw|Noratraika's rating: 1000 &rarr; <strong>1000<\/strong><br \/>(+0 for losing)