|j|memestar
|j|Magikarp Trainer
|player|p1|memestar|161
|player|p2|Magikarp Trainer|278
|gametype|singles
|gen|1
|tier|[Gen 1] OU
|rated
|seed|
|rule|Sleep Clause Mod: Limit one foe put to sleep
|rule|Freeze Clause Mod: Limit one foe frozen
|rule|Species Clause: Limit one of each Pokémon
|rule|OHKO Clause: OHKO moves are banned
|rule|Evasion Moves Clause: Evasion moves are banned
|rule|HP Percentage Mod: HP is shown in percentages
|
|start
|switch|p1a: Zapdos|Zapdos|100\/100
|switch|p2a: Tauros|Tauros|100\/100
|turn|1
|j|iBlitzYT
|choice||
|
|move|p2a: Tauros|Hyper Beam|p1a: Zapdos
|-damage|p1a: Zapdos|46\/100
|move|p1a: Zapdos|Thunder Wave|p2a: Tauros
|-status|p2a: Tauros|par
|
|turn|2
|-mustrecharge|p2a: Tauros
|-mustrecharge|p2a: Tauros
|choice||
|
|move|p1a: Zapdos|Drill Peck|p2a: Tauros
|-crit|p2a: Tauros
|-damage|p2a: Tauros|53\/100 par
|cant|p2a: Tauros|recharge
|
|turn|3
|choice||
|
|switch|p1a: Golem|Golem|100\/100
|move|p2a: Tauros|Hyper Beam|p1a: Golem
|-resisted|p1a: Golem
|-damage|p1a: Golem|79\/100
|
|turn|4
|-mustrecharge|p2a: Tauros
|l|iBlitzYT
|-mustrecharge|p2a: Tauros
|choice||
|
|move|p1a: Golem|Earthquake|p2a: Tauros
|-damage|p2a: Tauros|16\/100 par
|cant|p2a: Tauros|recharge
|
|turn|5
|choice||
|
|move|p1a: Golem|Double-Edge|p2a: Tauros
|-damage|p2a: Tauros|0 fnt
|-damage|p1a: Golem|75\/100|[from] recoil|[of] p2a: Tauros
|faint|p2a: Tauros
|choice||
|
|switch|p2a: Exeggutor|Exeggutor|100\/100
|turn|6
|choice||
|
|move|p2a: Exeggutor|Sleep Powder|p1a: Golem
|-status|p1a: Golem|slp
|-curestatus|p1a: Golem|slp
|
|turn|7
|choice||
|
|move|p2a: Exeggutor|Sleep Powder|p1a: Golem
|-status|p1a: Golem|slp
|cant|p1a: Golem|slp
|
|turn|8
|choice||
|
|switch|p1a: Chansey|Chansey|100\/100
|move|p2a: Exeggutor|Leech Seed|p1a: Chansey
|-start|p1a: Chansey|move: Leech Seed
|
|turn|9
|choice||
|
|switch|p2a: Slowbro|Slowbro|100\/100
|move|p1a: Chansey|Blizzard|p2a: Slowbro
|-resisted|p2a: Slowbro
|-damage|p2a: Slowbro|87\/100
|-damage|p1a: Chansey|94\/100|[from] Leech Seed|[of] p2a: Slowbro
|-heal|p2a: Slowbro|97\/100|[silent]
|
|turn|10
|choice||
|
|switch|p1a: Starmie|Starmie|100\/100
|move|p2a: Slowbro|Amnesia|p2a: Slowbro
|-boost|p2a: Slowbro|spd|2
|-boost|p2a: Slowbro|spa|2
|
|turn|11
|choice||
|
|move|p1a: Starmie|Psychic|p2a: Slowbro
|-resisted|p2a: Slowbro
|-damage|p2a: Slowbro|90\/100
|-unboost|p2a: Slowbro|spd|1
|-unboost|p2a: Slowbro|spa|1
|move|p2a: Slowbro|Amnesia|p2a: Slowbro
|-boost|p2a: Slowbro|spd|2
|-boost|p2a: Slowbro|spa|2
|
|turn|12
|choice||
|
|move|p1a: Starmie|Ice Beam|p2a: Slowbro
|-resisted|p2a: Slowbro
|-damage|p2a: Slowbro|86\/100
|-status|p2a: Slowbro|frz
|cant|p2a: Slowbro|frz
|
|turn|13
|choice||
|
|switch|p1a: Zapdos|Zapdos|46\/100
|cant|p2a: Slowbro|frz
|
|turn|14
|choice||
|
|move|p1a: Zapdos|Thunderbolt|p2a: Slowbro
|-supereffective|p2a: Slowbro
|-damage|p2a: Slowbro|56\/100 frz
|cant|p2a: Slowbro|frz
|
|turn|15
|choice||
|
|move|p1a: Zapdos|Thunderbolt|p2a: Slowbro
|-supereffective|p2a: Slowbro
|-damage|p2a: Slowbro|23\/100 frz
|cant|p2a: Slowbro|frz
|
|turn|16
|choice||
|
|move|p1a: Zapdos|Thunderbolt|p2a: Slowbro
|-supereffective|p2a: Slowbro
|-damage|p2a: Slowbro|0 fnt
|faint|p2a: Slowbro
|choice||
|
|switch|p2a: Dragonite|Dragonite|100\/100
|turn|17
|choice||
|
|move|p1a: Zapdos|Thunder Wave|p2a: Dragonite
|-status|p2a: Dragonite|par
|move|p2a: Dragonite|Hyper Beam|p1a: Zapdos|[miss]
|-miss|p2a: Dragonite
|
|turn|18
|choice||
|
|move|p1a: Zapdos|Thunderbolt|p2a: Dragonite
|-damage|p2a: Dragonite|65\/100 par
|move|p2a: Dragonite|Blizzard|p1a: Zapdos
|-crit|p1a: Zapdos
|-supereffective|p1a: Zapdos
|-damage|p1a: Zapdos|0 fnt
|faint|p1a: Zapdos
|choice||
|
|switch|p1a: Chansey|Chansey|94\/100
|turn|19
|choice||
|
|move|p1a: Chansey|Blizzard|p2a: Dragonite
|-supereffective|p2a: Dragonite
|-damage|p2a: Dragonite|0 fnt
|faint|p2a: Dragonite
|choice||
|
|switch|p2a: Exeggutor|Exeggutor|100\/100
|turn|20
|choice||
|
|move|p2a: Exeggutor|Sleep Powder|p1a: Chansey
|-message|Sleep Clause Mod activated.
|move|p1a: Chansey|Blizzard|p2a: Exeggutor
|-supereffective|p2a: Exeggutor
|-damage|p2a: Exeggutor|60\/100
|
|turn|21
|choice||
|
|move|p2a: Exeggutor|Leech Seed|p1a: Chansey
|-start|p1a: Chansey|move: Leech Seed
|move|p1a: Chansey|Blizzard|p2a: Exeggutor|[miss]
|-miss|p1a: Chansey
|-damage|p1a: Chansey|88\/100|[from] Leech Seed|[of] p2a: Exeggutor
|-heal|p2a: Exeggutor|71\/100|[silent]
|
|turn|22
|choice||
|
|switch|p1a: Starmie|Starmie|100\/100
|move|p2a: Exeggutor|Psychic|p1a: Starmie
|-resisted|p1a: Starmie
|-damage|p1a: Starmie|80\/100
|-unboost|p1a: Starmie|spd|1
|-unboost|p1a: Starmie|spa|1
|
|turn|23
|choice||
|
|move|p1a: Starmie|Ice Beam|p2a: Exeggutor
|-supereffective|p2a: Exeggutor
|-damage|p2a: Exeggutor|48\/100
|move|p2a: Exeggutor|Explosion|p1a: Starmie
|-damage|p1a: Starmie|10\/100
|faint|p2a: Exeggutor
|choice||
|
|switch|p2a: Starmie|Starmie|100\/100
|turn|24
|choice||
|
|move|p1a: Starmie|Recover|p1a: Starmie
|-heal|p1a: Starmie|60\/100
|move|p2a: Starmie|Psychic|p1a: Starmie
|-crit|p1a: Starmie
|-resisted|p1a: Starmie
|-damage|p1a: Starmie|29\/100
|-unboost|p1a: Starmie|spd|1
|-unboost|p1a: Starmie|spa|1
|
|turn|25
|choice||
|
|move|p1a: Starmie|Hydro Pump|p2a: Starmie
|-resisted|p2a: Starmie
|-damage|p2a: Starmie|90\/100
|move|p2a: Starmie|Blizzard|p1a: Starmie
|-resisted|p1a: Starmie
|-damage|p1a: Starmie|0 fnt
|faint|p1a: Starmie
|choice||
|
|switch|p1a: Exeggutor|Exeggutor|100\/100
|turn|26
|choice||
|
|move|p2a: Starmie|Blizzard|p1a: Exeggutor
|-supereffective|p1a: Exeggutor
|-damage|p1a: Exeggutor|60\/100
|move|p1a: Exeggutor|Sleep Powder|p2a: Starmie
|-status|p2a: Starmie|slp
|
|turn|27
|choice||
|
|cant|p2a: Starmie|slp
|move|p1a: Exeggutor|Leech Seed|p2a: Starmie|[miss]
|-miss|p1a: Exeggutor
|
|turn|28
|choice||
|
|cant|p2a: Starmie|slp
|move|p1a: Exeggutor|Leech Seed|p2a: Starmie
|-start|p2a: Starmie|move: Leech Seed
|
|turn|29
|choice||
|
|cant|p2a: Starmie|slp
|-damage|p2a: Starmie|84\/100 slp|[from] Leech Seed|[of] p1a: Exeggutor
|-heal|p1a: Exeggutor|65\/100|[silent]
|move|p1a: Exeggutor|Psychic|p2a: Starmie
|-resisted|p2a: Starmie
|-damage|p2a: Starmie|66\/100 slp
|
|turn|30
|choice||
|
|switch|p2a: Gengar|Gengar|100\/100
|switch|p1a: Golem|Golem|75\/100 slp
|
|turn|31
|choice||
|
|move|p2a: Gengar|Substitute|p2a: Gengar
|-start|p2a: Gengar|Substitute
|-damage|p2a: Gengar|76\/100
|-curestatus|p1a: Golem|slp
|
|turn|32
|choice||
|
|move|p2a: Gengar|Psychic|p1a: Golem
|-damage|p1a: Golem|42\/100
|-unboost|p1a: Golem|spd|1
|-unboost|p1a: Golem|spa|1
|move|p1a: Golem|Earthquake|p2a: Gengar
|-supereffective|p2a: Gengar
|-end|p2a: Gengar|Substitute
|
|turn|33
|choice||
|
|switch|p1a: Alakazam|Alakazam|100\/100
|move|p2a: Gengar|Psychic|p1a: Alakazam
|-resisted|p1a: Alakazam
|-damage|p1a: Alakazam|90\/100
|
|turn|34
|choice||
|
|move|p1a: Alakazam|Psychic|p2a: Gengar
|-supereffective|p2a: Gengar
|-damage|p2a: Gengar|5\/100
|-unboost|p2a: Gengar|spd|1
|-unboost|p2a: Gengar|spa|1
|move|p2a: Gengar|Thunderbolt|p1a: Alakazam
|-damage|p1a: Alakazam|74\/100
|-status|p1a: Alakazam|par
|
|turn|35
|choice||
|
|move|p2a: Gengar|Rest|p2a: Gengar
|-status|p2a: Gengar|slp
|-heal|p2a: Gengar|100\/100 slp|[silent]
|-status|p2a: Gengar|slp|[from] move: Rest
|move|p1a: Alakazam|Psychic|p2a: Gengar
|-crit|p2a: Gengar
|-supereffective|p2a: Gengar
|-damage|p2a: Gengar|0 fnt
|faint|p2a: Gengar
|choice||
|
|switch|p2a: Starmie|Starmie|66\/100 slp
|turn|36
|c|★Magikarp Trainer|hey man
|c|★memestar|hi
|c|★Magikarp Trainer|Yau are good
|c|★memestar|thanks
|c|★Magikarp Trainer|can you help me make a good gen 1 team ?
|c|★memestar|i guess
|choice||
|
|switch|p1a: Exeggutor|Exeggutor|65\/100
|-curestatus|p2a: Starmie|slp
|
|turn|37
|choice||
|
|move|p2a: Starmie|Blizzard|p1a: Exeggutor
|-supereffective|p1a: Exeggutor
|-damage|p1a: Exeggutor|23\/100
|move|p1a: Exeggutor|Sleep Powder|p2a: Starmie|[miss]
|-miss|p1a: Exeggutor
|
|turn|38
|choice||
|
|switch|p1a: Chansey|Chansey|88\/100
|move|p2a: Starmie|Blizzard|p1a: Chansey
|-damage|p1a: Chansey|76\/100
|
|turn|39
|choice||
|
|move|p2a: Starmie|Recover|p2a: Starmie
|-heal|p2a: Starmie|100\/100
|move|p1a: Chansey|Body Slam|p2a: Starmie
|-damage|p2a: Starmie|87\/100
|
|turn|40
|choice||
|
|move|p2a: Starmie|Hydro Pump|p1a: Chansey
|-damage|p1a: Chansey|58\/100
|move|p1a: Chansey|Blizzard|p2a: Starmie
|-resisted|p2a: Starmie
|-damage|p2a: Starmie|73\/100
|
|turn|41
|choice||
|
|move|p2a: Starmie|Hydro Pump|p1a: Chansey|[miss]
|-miss|p2a: Starmie
|move|p1a: Chansey|Body Slam|p2a: Starmie
|-damage|p2a: Starmie|61\/100
|-status|p2a: Starmie|par
|
|turn|42
|choice||
|
|move|p1a: Chansey|Soft-Boiled|p1a: Chansey
|-heal|p1a: Chansey|100\/100
|move|p2a: Starmie|Hydro Pump|p1a: Chansey|[miss]
|-miss|p2a: Starmie
|
|turn|43
|choice||
|
|move|p1a: Chansey|Psychic|p2a: Starmie
|-resisted|p2a: Starmie
|-damage|p2a: Starmie|49\/100 par
|move|p2a: Starmie|Recover|p2a: Starmie
|-heal|p2a: Starmie|99\/100 par
|
|turn|44
|choice||
|
|switch|p1a: Golem|Golem|42\/100
|move|p2a: Starmie|Blizzard|p1a: Golem
|-supereffective|p1a: Golem
|-damage|p1a: Golem|0 fnt
|faint|p1a: Golem
|choice||
|
|switch|p1a: Exeggutor|Exeggutor|23\/100
|turn|45
|choice||
|
|move|p1a: Exeggutor|Leech Seed|p2a: Starmie
|-start|p2a: Starmie|move: Leech Seed
|move|p2a: Starmie|Blizzard|p1a: Exeggutor
|-supereffective|p1a: Exeggutor
|-damage|p1a: Exeggutor|0 fnt
|faint|p1a: Exeggutor
|choice||
|
|switch|p1a: Alakazam|Alakazam|74\/100 par
|turn|46
|choice||
|
|move|p1a: Alakazam|Reflect|p1a: Alakazam
|-start|p1a: Alakazam|Reflect
|move|p2a: Starmie|Hydro Pump|p1a: Alakazam
|-damage|p1a: Alakazam|35\/100 par
|-damage|p2a: Starmie|93\/100 par|[from] Leech Seed|[of] p1a: Alakazam
|-heal|p1a: Alakazam|41\/100 par|[silent]
|
|turn|47
|choice||
|
|move|p1a: Alakazam|Recover|p1a: Alakazam
|-heal|p1a: Alakazam|91\/100 par
|move|p2a: Starmie|Hydro Pump|p1a: Alakazam
|-damage|p1a: Alakazam|56\/100 par
|-damage|p2a: Starmie|87\/100 par|[from] Leech Seed|[of] p1a: Alakazam
|-heal|p1a: Alakazam|62\/100 par|[silent]
|
|turn|48
|choice||
|
|move|p1a: Alakazam|Psychic|p2a: Starmie
|-resisted|p2a: Starmie
|-damage|p2a: Starmie|68\/100 par
|move|p2a: Starmie|Hydro Pump|p1a: Alakazam|[miss]
|-miss|p2a: Starmie
|-damage|p2a: Starmie|61\/100 par|[from] Leech Seed|[of] p1a: Alakazam
|-heal|p1a: Alakazam|69\/100 par|[silent]
|
|turn|49
|choice||
|
|move|p1a: Alakazam|Body Slam|p2a: Starmie
|-crit|p2a: Starmie
|-damage|p2a: Starmie|33\/100 par
|move|p2a: Starmie|Blizzard|p1a: Alakazam
|-damage|p1a: Alakazam|44\/100 par
|-damage|p2a: Starmie|27\/100 par|[from] Leech Seed|[of] p1a: Alakazam
|-heal|p1a: Alakazam|51\/100 par|[silent]
|
|turn|50
|choice||
|
|move|p1a: Alakazam|Body Slam|p2a: Starmie
|-damage|p2a: Starmie|12\/100 par
|move|p2a: Starmie|Recover|p2a: Starmie
|-heal|p2a: Starmie|62\/100 par
|-damage|p2a: Starmie|56\/100 par|[from] Leech Seed|[of] p1a: Alakazam
|-heal|p1a: Alakazam|57\/100 par|[silent]
|
|turn|51
|choice||
|
|move|p1a: Alakazam|Body Slam|p2a: Starmie
|-damage|p2a: Starmie|39\/100 par
|move|p2a: Starmie|Recover|p2a: Starmie
|-heal|p2a: Starmie|89\/100 par
|-damage|p2a: Starmie|83\/100 par|[from] Leech Seed|[of] p1a: Alakazam
|-heal|p1a: Alakazam|63\/100 par|[silent]
|
|turn|52
|choice||
|
|cant|p1a: Alakazam|par
|move|p2a: Starmie|Blizzard|p1a: Alakazam
|-crit|p1a: Alakazam
|-damage|p1a: Alakazam|19\/100 par
|-damage|p2a: Starmie|77\/100 par|[from] Leech Seed|[of] p1a: Alakazam
|-heal|p1a: Alakazam|25\/100 par|[silent]
|
|turn|53
|choice||
|
|move|p1a: Alakazam|Body Slam|p2a: Starmie
|-damage|p2a: Starmie|62\/100 par
|move|p2a: Starmie|Hydro Pump|p1a: Alakazam
|-damage|p1a: Alakazam|0 fnt
|faint|p1a: Alakazam
|choice||
|
|switch|p1a: Chansey|Chansey|100\/100
|turn|54
|choice||
|
|move|p1a: Chansey|Psychic|p2a: Starmie
|-resisted|p2a: Starmie
|-damage|p2a: Starmie|52\/100 par
|move|p2a: Starmie|Psychic|p1a: Chansey
|-damage|p1a: Chansey|86\/100
|-damage|p2a: Starmie|46\/100 par|[from] Leech Seed|[of] p1a: Chansey
|-heal|p1a: Chansey|89\/100|[silent]
|
|turn|55
|choice||
|
|move|p1a: Chansey|Body Slam|p2a: Starmie
|-damage|p2a: Starmie|32\/100 par
|cant|p2a: Starmie|par
|-damage|p2a: Starmie|26\/100 par|[from] Leech Seed|[of] p1a: Chansey
|-heal|p1a: Chansey|92\/100|[silent]
|
|turn|56
|choice||
|
|move|p1a: Chansey|Blizzard|p2a: Starmie
|-resisted|p2a: Starmie
|-damage|p2a: Starmie|12\/100 par
|move|p2a: Starmie|Recover|p2a: Starmie
|-heal|p2a: Starmie|62\/100 par
|-damage|p2a: Starmie|56\/100 par|[from] Leech Seed|[of] p1a: Chansey
|-heal|p1a: Chansey|95\/100|[silent]
|
|turn|57
|choice||
|
|move|p1a: Chansey|Psychic|p2a: Starmie
|-crit|p2a: Starmie
|-resisted|p2a: Starmie
|-damage|p2a: Starmie|33\/100 par
|move|p2a: Starmie|Recover|p2a: Starmie
|-heal|p2a: Starmie|83\/100 par
|-damage|p2a: Starmie|76\/100 par|[from] Leech Seed|[of] p1a: Chansey
|-heal|p1a: Chansey|98\/100|[silent]
|
|turn|58
|choice||
|
|move|p1a: Chansey|Psychic|p2a: Starmie
|-resisted|p2a: Starmie
|-damage|p2a: Starmie|64\/100 par
|cant|p2a: Starmie|par
|-damage|p2a: Starmie|58\/100 par|[from] Leech Seed|[of] p1a: Chansey
|-heal|p1a: Chansey|99\/100|[silent]
|
|turn|59
|choice||
|
|move|p1a: Chansey|Blizzard|p2a: Starmie
|-resisted|p2a: Starmie
|-damage|p2a: Starmie|44\/100 par
|move|p2a: Starmie|Recover|p2a: Starmie
|-heal|p2a: Starmie|93\/100 par
|-damage|p2a: Starmie|87\/100 par|[from] Leech Seed|[of] p1a: Chansey
|-heal|p1a: Chansey|100\/100|[silent]
|
|turn|60
|c|★Magikarp Trainer|its a infinite battle haha
|choice||
|
|move|p1a: Chansey|Psychic|p2a: Starmie
|-resisted|p2a: Starmie
|-damage|p2a: Starmie|76\/100 par
|-unboost|p2a: Starmie|spd|1
|-unboost|p2a: Starmie|spa|1
|move|p2a: Starmie|Psychic|p1a: Chansey
|-damage|p1a: Chansey|91\/100
|-damage|p2a: Starmie|70\/100 par|[from] Leech Seed|[of] p1a: Chansey
|-heal|p1a: Chansey|94\/100|[silent]
|
|turn|61
|c|★memestar|stall match lol
|choice||
|
|move|p1a: Chansey|Body Slam|p2a: Starmie
|-damage|p2a: Starmie|58\/100 par
|cant|p2a: Starmie|par
|-damage|p2a: Starmie|52\/100 par|[from] Leech Seed|[of] p1a: Chansey
|-heal|p1a: Chansey|97\/100|[silent]
|
|turn|62
|choice||
|
|move|p1a: Chansey|Psychic|p2a: Starmie
|-resisted|p2a: Starmie
|-damage|p2a: Starmie|34\/100 par
|-unboost|p2a: Starmie|spd|1
|-unboost|p2a: Starmie|spa|1
|move|p2a: Starmie|Recover|p2a: Starmie
|-heal|p2a: Starmie|83\/100 par
|-damage|p2a: Starmie|77\/100 par|[from] Leech Seed|[of] p1a: Chansey
|-heal|p1a: Chansey|99\/100|[silent]
|
|turn|63
|choice||
|
|move|p1a: Chansey|Psychic|p2a: Starmie
|-resisted|p2a: Starmie
|-damage|p2a: Starmie|55\/100 par
|move|p2a: Starmie|Psychic|p1a: Chansey
|-damage|p1a: Chansey|93\/100
|-damage|p2a: Starmie|49\/100 par|[from] Leech Seed|[of] p1a: Chansey
|-heal|p1a: Chansey|96\/100|[silent]
|
|turn|64
|choice||
|
|move|p1a: Chansey|Blizzard|p2a: Starmie
|-resisted|p2a: Starmie
|-damage|p2a: Starmie|19\/100 par
|move|p2a: Starmie|Recover|p2a: Starmie
|-heal|p2a: Starmie|69\/100 par
|-damage|p2a: Starmie|62\/100 par|[from] Leech Seed|[of] p1a: Chansey
|-heal|p1a: Chansey|99\/100|[silent]
|
|turn|65
|choice||
|
|move|p1a: Chansey|Body Slam|p2a: Starmie
|-damage|p2a: Starmie|49\/100 par
|move|p2a: Starmie|Psychic|p1a: Chansey
|-damage|p1a: Chansey|91\/100
|-unboost|p1a: Chansey|spd|1
|-unboost|p1a: Chansey|spa|1
|-damage|p2a: Starmie|43\/100 par|[from] Leech Seed|[of] p1a: Chansey
|-heal|p1a: Chansey|94\/100|[silent]
|
|turn|66
|choice||
|
|move|p1a: Chansey|Body Slam|p2a: Starmie
|-damage|p2a: Starmie|30\/100 par
|move|p2a: Starmie|Recover|p2a: Starmie
|-heal|p2a: Starmie|80\/100 par
|-damage|p2a: Starmie|74\/100 par|[from] Leech Seed|[of] p1a: Chansey
|-heal|p1a: Chansey|97\/100|[silent]
|
|turn|67
|choice||
|
|move|p1a: Chansey|Psychic|p2a: Starmie
|-resisted|p2a: Starmie
|-damage|p2a: Starmie|59\/100 par
|-unboost|p2a: Starmie|spd|1
|-unboost|p2a: Starmie|spa|1
|move|p2a: Starmie|Psychic|p1a: Chansey
|-damage|p1a: Chansey|87\/100
|-unboost|p1a: Chansey|spd|1
|-unboost|p1a: Chansey|spa|1
|-damage|p2a: Starmie|53\/100 par|[from] Leech Seed|[of] p1a: Chansey
|-heal|p1a: Chansey|90\/100|[silent]
|
|turn|68
|choice||
|
|move|p1a: Chansey|Body Slam|p2a: Starmie
|-damage|p2a: Starmie|41\/100 par
|move|p2a: Starmie|Recover|p2a: Starmie
|-heal|p2a: Starmie|91\/100 par
|-damage|p2a: Starmie|84\/100 par|[from] Leech Seed|[of] p1a: Chansey
|-heal|p1a: Chansey|93\/100|[silent]
|
|turn|69
|choice||
|
|move|p1a: Chansey|Body Slam|p2a: Starmie
|-damage|p2a: Starmie|71\/100 par
|move|p2a: Starmie|Psychic|p1a: Chansey
|-damage|p1a: Chansey|82\/100
|-damage|p2a: Starmie|65\/100 par|[from] Leech Seed|[of] p1a: Chansey
|-heal|p1a: Chansey|85\/100|[silent]
|
|turn|70
|choice||
|
|move|p1a: Chansey|Body Slam|p2a: Starmie
|-damage|p2a: Starmie|52\/100 par
|move|p2a: Starmie|Recover|p2a: Starmie
|-heal|p2a: Starmie|100\/100 par
|-damage|p2a: Starmie|94\/100 par|[from] Leech Seed|[of] p1a: Chansey
|-heal|p1a: Chansey|87\/100|[silent]
|
|turn|71
|choice||
|
|move|p1a: Chansey|Body Slam|p2a: Starmie
|-damage|p2a: Starmie|81\/100 par
|move|p2a: Starmie|Psychic|p1a: Chansey
|-damage|p1a: Chansey|75\/100
|-damage|p2a: Starmie|74\/100 par|[from] Leech Seed|[of] p1a: Chansey
|-heal|p1a: Chansey|78\/100|[silent]
|
|turn|72
|choice||
|
|move|p1a: Chansey|Psychic|p2a: Starmie
|-resisted|p2a: Starmie
|-damage|p2a: Starmie|60\/100 par
|-unboost|p2a: Starmie|spd|1
|-unboost|p2a: Starmie|spa|1
|move|p2a: Starmie|Psychic|p1a: Chansey
|-crit|p1a: Chansey
|-damage|p1a: Chansey|51\/100
|-unboost|p1a: Chansey|spd|1
|-unboost|p1a: Chansey|spa|1
|-damage|p2a: Starmie|53\/100 par|[from] Leech Seed|[of] p1a: Chansey
|-heal|p1a: Chansey|54\/100|[silent]
|
|turn|73
|choice||
|
|move|p1a: Chansey|Psychic|p2a: Starmie
|-resisted|p2a: Starmie
|-damage|p2a: Starmie|40\/100 par
|move|p2a: Starmie|Recover|p2a: Starmie
|-heal|p2a: Starmie|89\/100 par
|-damage|p2a: Starmie|83\/100 par|[from] Leech Seed|[of] p1a: Chansey
|-heal|p1a: Chansey|57\/100|[silent]
|
|turn|74
|c|★Magikarp Trainer|magnificent battle
|choice||
|
|move|p1a: Chansey|Psychic|p2a: Starmie
|-resisted|p2a: Starmie
|-damage|p2a: Starmie|70\/100 par
|-unboost|p2a: Starmie|spd|1
|-unboost|p2a: Starmie|spa|1
|cant|p2a: Starmie|par
|-damage|p2a: Starmie|64\/100 par|[from] Leech Seed|[of] p1a: Chansey
|-heal|p1a: Chansey|60\/100|[silent]
|
|turn|75
|c|★memestar|you'll run out of recover pp soon
|choice||
|
|move|p1a: Chansey|Psychic|p2a: Starmie
|-resisted|p2a: Starmie
|-damage|p2a: Starmie|48\/100 par
|move|p2a: Starmie|Recover|p2a: Starmie
|-heal|p2a: Starmie|98\/100 par
|-damage|p2a: Starmie|92\/100 par|[from] Leech Seed|[of] p1a: Chansey
|-heal|p1a: Chansey|62\/100|[silent]
|
|turn|76
|c|★Magikarp Trainer|18 pps
|c|★Magikarp Trainer|haha
|choice||
|
|move|p1a: Chansey|Psychic|p2a: Starmie
|-resisted|p2a: Starmie
|-damage|p2a: Starmie|74\/100 par
|move|p2a: Starmie|Psychic|p1a: Chansey
|-damage|p1a: Chansey|52\/100
|-damage|p2a: Starmie|68\/100 par|[from] Leech Seed|[of] p1a: Chansey
|-heal|p1a: Chansey|55\/100|[silent]
|
|turn|77
|c|★memestar|rip
|choice||
|
|move|p1a: Chansey|Soft-Boiled|p1a: Chansey
|-heal|p1a: Chansey|100\/100
|cant|p2a: Starmie|par
|-damage|p2a: Starmie|62\/100 par|[from] Leech Seed|[of] p1a: Chansey
|
|turn|78
|choice||
|
|move|p1a: Chansey|Body Slam|p2a: Starmie
|-damage|p2a: Starmie|50\/100 par
|move|p2a: Starmie|Recover|p2a: Starmie
|-heal|p2a: Starmie|99\/100 par
|-damage|p2a: Starmie|94\/100 par|[from] Leech Seed|[of] p1a: Chansey
|
|turn|79
|choice||
|
|move|p1a: Chansey|Body Slam|p2a: Starmie
|-damage|p2a: Starmie|81\/100 par
|move|p2a: Starmie|Psychic|p1a: Chansey
|-damage|p1a: Chansey|90\/100
|-damage|p2a: Starmie|75\/100 par|[from] Leech Seed|[of] p1a: Chansey
|-heal|p1a: Chansey|93\/100|[silent]
|
|turn|80
|choice||
|
|move|p1a: Chansey|Body Slam|p2a: Starmie
|-damage|p2a: Starmie|61\/100 par
|cant|p2a: Starmie|par
|-damage|p2a: Starmie|55\/100 par|[from] Leech Seed|[of] p1a: Chansey
|-heal|p1a: Chansey|96\/100|[silent]
|
|turn|81
|choice||
|
|move|p1a: Chansey|Psychic|p2a: Starmie
|-resisted|p2a: Starmie
|-damage|p2a: Starmie|40\/100 par
|move|p2a: Starmie|Recover|p2a: Starmie
|-heal|p2a: Starmie|89\/100 par
|-damage|p2a: Starmie|83\/100 par|[from] Leech Seed|[of] p1a: Chansey
|-heal|p1a: Chansey|99\/100|[silent]
|
|turn|82
|choice||
|
|move|p1a: Chansey|Psychic|p2a: Starmie
|-resisted|p2a: Starmie
|-damage|p2a: Starmie|66\/100 par
|cant|p2a: Starmie|par
|-damage|p2a: Starmie|60\/100 par|[from] Leech Seed|[of] p1a: Chansey
|-heal|p1a: Chansey|100\/100|[silent]
|
|turn|83
|choice||
|
|move|p1a: Chansey|Psychic|p2a: Starmie
|-resisted|p2a: Starmie
|-damage|p2a: Starmie|44\/100 par
|-unboost|p2a: Starmie|spd|1
|-unboost|p2a: Starmie|spa|1
|move|p2a: Starmie|Psychic|p1a: Chansey
|-damage|p1a: Chansey|91\/100
|-damage|p2a: Starmie|38\/100 par|[from] Leech Seed|[of] p1a: Chansey
|-heal|p1a: Chansey|94\/100|[silent]
|
|turn|84
|choice||
|
|move|p1a: Chansey|Body Slam|p2a: Starmie
|-damage|p2a: Starmie|25\/100 par
|move|p2a: Starmie|Recover|p2a: Starmie
|-heal|p2a: Starmie|75\/100 par
|-damage|p2a: Starmie|69\/100 par|[from] Leech Seed|[of] p1a: Chansey
|-heal|p1a: Chansey|97\/100|[silent]
|
|turn|85
|choice||
|
|move|p1a: Chansey|Body Slam|p2a: Starmie
|-damage|p2a: Starmie|57\/100 par
|move|p2a: Starmie|Psychic|p1a: Chansey
|-damage|p1a: Chansey|87\/100
|-damage|p2a: Starmie|51\/100 par|[from] Leech Seed|[of] p1a: Chansey
|-heal|p1a: Chansey|90\/100|[silent]
|
|turn|86
|choice||
|
|move|p1a: Chansey|Body Slam|p2a: Starmie
|-damage|p2a: Starmie|38\/100 par
|cant|p2a: Starmie|par
|-damage|p2a: Starmie|32\/100 par|[from] Leech Seed|[of] p1a: Chansey
|-heal|p1a: Chansey|93\/100|[silent]
|
|turn|87
|choice||
|
|move|p1a: Chansey|Body Slam|p2a: Starmie
|-damage|p2a: Starmie|20\/100 par
|cant|p2a: Starmie|par
|-damage|p2a: Starmie|14\/100 par|[from] Leech Seed|[of] p1a: Chansey
|-heal|p1a: Chansey|96\/100|[silent]
|
|turn|88
|c|★Magikarp Trainer|gg
|choice||
|
|move|p1a: Chansey|Body Slam|p2a: Starmie
|-damage|p2a: Starmie|0 fnt
|faint|p2a: Starmie
|
|win|memestar
|player|p1
|player|p2
|c|★memestar|gg
|c|★Magikarp Trainer|i was expecting 100 turns
|raw|memestar's rating: 1163 &rarr; <strong>1180<\/strong><br \/>(+17 for winning)
|raw|Magikarp Trainer's rating: 1046 &rarr; <strong>1035<\/strong><br \/>(-11 for losing)
|c|★Magikarp Trainer|haha
|c|★memestar|same
|c|★memestar|so you need gen 1 advice?
|c|★Magikarp Trainer|yes
|c|★Magikarp Trainer|i dont understand much of the gen 1 mechanics
|c|★memestar|take out dragonite ice beam\/blizzard will always one shot it
|c|★memestar|gen 1 based around special, use light screen on at least 1 pokemon
|c|★Magikarp Trainer|right
|c|★Magikarp Trainer|really, heere dont have special defense
|c|★Magikarp Trainer|so the special acts both atack and def ?
|c|★memestar|if your gengar keeps getting destroyed by psychics then switch it for a jolteon or something fast that can paralyze\/sleep
|c|★memestar|attack\/defense is not really important in gen 1, mostly focuses on special and special defense
|c|★memestar|thats really all there is, switch up your team a bit and you'll be fine
|c|★Magikarp Trainer|right man
|c|★Magikarp Trainer|thank you very much
|c|★memestar|i gtg, good luck i the future
|c|★Magikarp Trainer|:)
|c|★memestar|no problem
|l|memestar