|join|bestintheworld15
|join|Beargoat!
|player|p1|bestintheworld15|102
|player|p2|Beargoat!|151
|gametype|singles
|gen|1
|tier|[Gen 1] OU (beta)
|rated
|rule|Sleep Clause Mod: Limit one foe put to sleep
|rule|Species Clause: Limit one of each Pokémon
|rule|OHKO Clause: OHKO moves are banned
|rule|Evasion Moves Clause: Evasion moves are banned
|rule|HP Percentage Mod: HP is shown in percentages
|
|start
|switch|p1a: Alakazam|Alakazam|313\/313
|switch|p2a: Nidoking|Nidoking|365\/365
|turn|1
|
|move|p1a: Alakazam|Psychic|p2a: Nidoking
|-supereffective|p2a: Nidoking
|-damage|p2a: Nidoking|30\/365
|-unboost|p2a: Nidoking|spd|1
|-unboost|p2a: Nidoking|spa|1
|move|p2a: Nidoking|Surf|p1a: Alakazam
|-damage|p1a: Alakazam|282\/313
|
|turn|2
|
|move|p1a: Alakazam|Psychic|p2a: Nidoking
|-supereffective|p2a: Nidoking
|-damage|p2a: Nidoking|0 fnt
|faint|p2a: Nidoking
|
|switch|p2a: Tauros|Tauros|353\/353
|turn|3
|
|move|p1a: Alakazam|Thunder Wave|p2a: Tauros
|-status|p2a: Tauros|par
|move|p2a: Tauros|Double-Edge|p1a: Alakazam
|-crit|p1a: Alakazam
|-damage|p1a: Alakazam|0 fnt
|-damage|p2a: Tauros|282\/353 par|[from] recoil|[of] p1a: Alakazam
|faint|p1a: Alakazam
|
|switch|p1a: Gengar|Gengar|323\/323
|turn|4
|
|move|p1a: Gengar|Explosion|p2a: Tauros
|-crit|p2a: Tauros
|-damage|p2a: Tauros|0 fnt
|faint|p2a: Tauros
|faint|p1a: Gengar
|
|switch|p2a: Alakazam|Alakazam|313\/313
|switch|p1a: Snorlax|Snorlax|523\/523
|turn|5
|
|move|p2a: Alakazam|Psychic|p1a: Snorlax
|-damage|p1a: Snorlax|362\/523
|move|p1a: Snorlax|Self-Destruct|p2a: Alakazam
|-damage|p2a: Alakazam|0 fnt
|faint|p2a: Alakazam
|faint|p1a: Snorlax
|
|switch|p2a: Lapras|Lapras|463\/463
|switch|p1a: Lapras|Lapras|463\/463
|turn|6
|c|★bestintheworld15|like the suisides
|
|move|p2a: Lapras|Toxic|p1a: Lapras|[miss]
|-miss|p2a: Lapras
|move|p1a: Lapras|Thunderbolt|p2a: Lapras
|-supereffective|p2a: Lapras
|-damage|p2a: Lapras|305\/463
|
|turn|7
|
|move|p1a: Lapras|Confuse Ray|p2a: Lapras
|-start|p2a: Lapras|confusion
|-activate|p2a: Lapras|confusion
|-damage|p2a: Lapras|271\/463|[from] confusion
|
|turn|8
|
|-activate|p2a: Lapras|confusion
|move|p2a: Lapras|Toxic|p1a: Lapras
|-status|p1a: Lapras|tox
|move|p1a: Lapras|Thunderbolt|p2a: Lapras
|-crit|p2a: Lapras
|-supereffective|p2a: Lapras
|-damage|p2a: Lapras|0 fnt
|-damage|p1a: Lapras|435\/463 tox|[from] tox|[of] p2a: Lapras
|faint|p2a: Lapras
|
|switch|p2a: Raichu|Raichu|323\/323
|turn|9
|
|move|p2a: Raichu|Thunderbolt|p1a: Lapras
|-supereffective|p1a: Lapras
|-damage|p1a: Lapras|221\/463 tox
|move|p1a: Lapras|Confuse Ray|p2a: Raichu
|-start|p2a: Raichu|confusion
|-damage|p1a: Lapras|165\/463 tox|[from] tox|[of] p2a: Raichu
|
|turn|10
|
|-activate|p2a: Raichu|confusion
|move|p2a: Raichu|Thunderbolt|p1a: Lapras
|-supereffective|p1a: Lapras
|-damage|p1a: Lapras|0 fnt
|faint|p1a: Lapras
|
|switch|p1a: Dragonite|Dragonite|385\/385
|turn|11
|
|-activate|p2a: Raichu|confusion
|move|p2a: Raichu|Thunder Wave|p1a: Dragonite
|-status|p1a: Dragonite|par
|cant|p1a: Dragonite|par
|
|turn|12
|
|-activate|p2a: Raichu|confusion
|-damage|p2a: Raichu|281\/323|[from] confusion
|move|p1a: Dragonite|Hyper Beam|p2a: Raichu
|-damage|p2a: Raichu|76\/323
|
|turn|13
|
|-activate|p2a: Raichu|confusion
|-damage|p2a: Raichu|36\/323|[from] confusion
|cant|p1a: Dragonite|recharge
|
|turn|14
|
|-end|p2a: Raichu|confusion
|move|p2a: Raichu|Thunderbolt|p1a: Dragonite
|-damage|p1a: Dragonite|273\/385 par
|move|p1a: Dragonite|Surf|p2a: Raichu
|-damage|p2a: Raichu|0 fnt
|faint|p2a: Raichu
|
|switch|p2a: Onix|Onix|273\/273
|turn|15
|
|move|p2a: Onix|Rock Slide|p1a: Dragonite
|-supereffective|p1a: Dragonite
|-damage|p1a: Dragonite|145\/385 par
|cant|p1a: Dragonite|par
|
|turn|16
|
|move|p2a: Onix|Double-Edge|p1a: Dragonite
|-damage|p1a: Dragonite|93\/385 par
|-damage|p2a: Onix|260\/273|[from] recoil|[of] p1a: Dragonite
|move|p1a: Dragonite|Surf|p2a: Onix
|-supereffective|p2a: Onix
|-damage|p2a: Onix|0 fnt
|faint|p2a: Onix
|
|win|bestintheworld15
|raw|Ladder updating...
|raw|bestintheworld15's rating: 1045 &rarr; <strong>1082<\/strong><br \/>(+37 for winning)
|raw|Beargoat!'s rating: 1084 &rarr; <strong>1059<\/strong><br \/>(-25 for losing)
|c|★bestintheworld15|gg
|leave|Beargoat!
|player|p2