|j|Azawa
|j|bulleto
|player|p1|Azawa|108
|player|p2|bulleto|265
|gametype|singles
|gen|1
|tier|[Gen 1] Random Battle
|rated
|seed|49394,12705,36419,32881
|rule|Sleep Clause Mod: Limit one foe put to sleep
|rule|Freeze Clause Mod: Limit one foe frozen
|rule|HP Percentage Mod: HP is shown in percentages
|
|start
|switch|p1a: Clefairy|Clefairy, L95|326\/326
|switch|p2a: Dratini|Dratini, L96|274\/274
|turn|1
|choice|move 4|move 4
|
|move|p2a: Dratini|Hyper Beam|p1a: Clefairy
|-damage|p1a: Clefairy|195\/326
|move|p1a: Clefairy|Blizzard|p2a: Dratini
|-supereffective|p2a: Dratini
|-damage|p2a: Dratini|87\/274
|
|turn|2
|-mustrecharge|p2a: Dratini
|-mustrecharge|p2a: Dratini
|choice|move 4|move 1
|
|cant|p2a: Dratini|recharge
|move|p1a: Clefairy|Blizzard|p2a: Dratini|[miss]
|-miss|p1a: Clefairy
|
|turn|3
|choice|move 4|switch 4
|
|switch|p2a: Hitmonchan|Hitmonchan, L90|273\/273
|move|p1a: Clefairy|Blizzard|p2a: Hitmonchan
|-crit|p2a: Hitmonchan
|-damage|p2a: Hitmonchan|49\/273
|
|turn|4
|choice|move 3|move 1
|
|move|p2a: Hitmonchan|Submission|p1a: Clefairy
|-supereffective|p1a: Clefairy
|-damage|p1a: Clefairy|0 fnt
|-damage|p2a: Hitmonchan|1\/273|[from] recoil|[of] p1a: Clefairy
|faint|p1a: Clefairy
|choice|switch 6|
|
|switch|p1a: Hitmonchan|Hitmonchan, L90|273\/273
|turn|5
|choice|move 4|move 2
|
|move|p1a: Hitmonchan|Body Slam|p2a: Hitmonchan
|-damage|p2a: Hitmonchan|0 fnt
|faint|p2a: Hitmonchan
|choice||switch 6
|
|switch|p2a: Slowbro|Slowbro, L79|312\/312
|turn|6
|choice|switch 2|move 4
|
|switch|p1a: Slowpoke|Slowpoke, L96|368\/368
|move|p2a: Slowbro|Amnesia|p2a: Slowbro
|-boost|p2a: Slowbro|spd|2
|-boost|p2a: Slowbro|spa|2
|
|turn|7
|choice|move 3|move 4
|
|move|p2a: Slowbro|Amnesia|p2a: Slowbro
|-boost|p2a: Slowbro|spd|2
|-boost|p2a: Slowbro|spa|2
|move|p1a: Slowpoke|Thunder Wave|p2a: Slowbro
|-status|p2a: Slowbro|par
|
|turn|8
|choice|move 4|move 1
|
|move|p1a: Slowpoke|Amnesia|p1a: Slowpoke
|-boost|p1a: Slowpoke|spd|2
|-boost|p1a: Slowpoke|spa|2
|move|p2a: Slowbro|Surf|p1a: Slowpoke
|-resisted|p1a: Slowpoke
|-damage|p1a: Slowpoke|293\/368
|
|turn|9
|choice|move 4|move 2
|
|move|p1a: Slowpoke|Amnesia|p1a: Slowpoke
|-boost|p1a: Slowpoke|spd|2
|-boost|p1a: Slowpoke|spa|2
|move|p2a: Slowbro|Thunder Wave|p1a: Slowpoke
|-status|p1a: Slowpoke|par
|
|turn|10
|choice|move 1|move 4
|
|move|p1a: Slowpoke|Surf|p2a: Slowbro
|-resisted|p2a: Slowbro
|-damage|p2a: Slowbro|267\/312 par
|move|p2a: Slowbro|Amnesia|p2a: Slowbro
|-boost|p2a: Slowbro|spd|2
|-boost|p2a: Slowbro|spa|2
|
|turn|11
|choice|move 4|move 4
|
|move|p1a: Slowpoke|Amnesia|p1a: Slowpoke
|-boost|p1a: Slowpoke|spd|2
|-boost|p1a: Slowpoke|spa|2
|move|p2a: Slowbro|Amnesia|p2a: Slowbro
|-boost|p2a: Slowbro|spd|2
|-boost|p2a: Slowbro|spa|2
|
|turn|12
|choice|move 1|move 1
|
|move|p2a: Slowbro|Surf|p1a: Slowpoke
|-crit|p1a: Slowpoke
|-resisted|p1a: Slowpoke
|-damage|p1a: Slowpoke|193\/368 par
|move|p1a: Slowpoke|Surf|p2a: Slowbro
|-resisted|p2a: Slowbro
|-damage|p2a: Slowbro|220\/312 par
|
|turn|13
|choice|move 1|move 1
|
|cant|p2a: Slowbro|par
|move|p1a: Slowpoke|Surf|p2a: Slowbro
|-resisted|p2a: Slowbro
|-damage|p2a: Slowbro|178\/312 par
|
|turn|14
|choice|move 1|move 1
|
|move|p1a: Slowpoke|Surf|p2a: Slowbro
|-resisted|p2a: Slowbro
|-damage|p2a: Slowbro|136\/312 par
|move|p2a: Slowbro|Surf|p1a: Slowpoke
|-resisted|p1a: Slowpoke
|-damage|p1a: Slowpoke|138\/368 par
|
|turn|15
|choice|move 2|move 1
|
|move|p2a: Slowbro|Surf|p1a: Slowpoke
|-resisted|p1a: Slowpoke
|-damage|p1a: Slowpoke|88\/368 par
|cant|p1a: Slowpoke|par
|
|turn|16
|choice|move 2|move 1
|
|cant|p2a: Slowbro|par
|move|p1a: Slowpoke|Rest|p1a: Slowpoke
|-status|p1a: Slowpoke|slp
|-heal|p1a: Slowpoke|368\/368 slp|[silent]
|-status|p1a: Slowpoke|slp|[from] move: Rest
|
|turn|17
|choice|move 3|switch 2
|
|switch|p2a: Gloom|Gloom, L90|291\/291
|cant|p1a: Slowpoke|slp
|
|turn|18
|choice|move 1|move 2
|
|move|p2a: Gloom|Swords Dance|p2a: Gloom
|-boost|p2a: Gloom|atk|2
|-curestatus|p1a: Slowpoke|slp
|
|turn|19
|choice|move 3|move 2
|
|move|p2a: Gloom|Swords Dance|p2a: Gloom
|-boost|p2a: Gloom|atk|2
|move|p1a: Slowpoke|Thunder Wave|p2a: Gloom
|-status|p2a: Gloom|par
|
|turn|20
|choice|move 1|move 3
|
|move|p2a: Gloom|Double-Edge|p1a: Slowpoke
|-crit|p1a: Slowpoke
|-damage|p1a: Slowpoke|235\/368
|-damage|p2a: Gloom|258\/291 par|[from] recoil|[of] p1a: Slowpoke
|move|p1a: Slowpoke|Surf|p2a: Gloom
|-resisted|p2a: Gloom
|-damage|p2a: Gloom|108\/291 par
|
|turn|21
|choice|move 1|move 4
|
|move|p2a: Gloom|Sleep Powder|p1a: Slowpoke
|-status|p1a: Slowpoke|slp
|cant|p1a: Slowpoke|slp
|
|turn|22
|choice|move 1|move 1
|
|cant|p2a: Gloom|par
|cant|p1a: Slowpoke|slp
|
|turn|23
|choice|move 1|move 1
|
|move|p2a: Gloom|Mega Drain|p1a: Slowpoke
|-crit|p1a: Slowpoke
|-supereffective|p1a: Slowpoke
|-damage|p1a: Slowpoke|0 fnt
|-heal|p2a: Gloom|225\/291 par|[from] drain|[of] p1a: Slowpoke
|faint|p1a: Slowpoke
|choice|switch 4|
|
|switch|p1a: Mewtwo|Mewtwo, L70|293\/293
|turn|24
|choice|move 1|move 4
|
|move|p1a: Mewtwo|Psychic|p2a: Gloom
|-supereffective|p2a: Gloom
|-damage|p2a: Gloom|51\/291 par
|move|p2a: Gloom|Sleep Powder|p1a: Mewtwo
|-status|p1a: Mewtwo|slp
|
|turn|25
|choice|switch 3|move 2
|
|switch|p1a: Weepinbell|Weepinbell, L85|284\/284
|move|p2a: Gloom|Swords Dance|p2a: Gloom
|-boost|p2a: Gloom|atk|2
|
|turn|26
|choice|move 4|move 3
|
|move|p1a: Weepinbell|Body Slam|p2a: Gloom
|-damage|p2a: Gloom|0 fnt
|faint|p2a: Gloom
|choice||switch 5
|
|switch|p2a: Cloyster|Cloyster, L83|253\/253
|turn|27
|choice|move 3|move 2
|
|move|p2a: Cloyster|Blizzard|p1a: Weepinbell
|-supereffective|p1a: Weepinbell
|-damage|p1a: Weepinbell|49\/284
|move|p1a: Weepinbell|Sleep Powder|p2a: Cloyster
|-status|p2a: Cloyster|slp
|
|turn|28
|choice|move 1|switch 3
|
|switch|p2a: Lickitung|Lickitung, L90|345\/345
|move|p1a: Weepinbell|Razor Leaf|p2a: Lickitung
|-damage|p2a: Lickitung|281\/345
|
|turn|29
|choice|switch 2|move 3
|
|switch|p1a: Hitmonchan|Hitmonchan, L90|273\/273
|move|p2a: Lickitung|Earthquake|p1a: Hitmonchan
|-damage|p1a: Hitmonchan|219\/273
|
|turn|30
|choice|move 4|switch 2
|
|switch|p2a: Slowbro|Slowbro, L79|136\/312 par
|move|p1a: Hitmonchan|Body Slam|p2a: Slowbro
|-damage|p2a: Slowbro|71\/312 par
|
|turn|31
|choice|move 4|move 3
|
|move|p1a: Hitmonchan|Body Slam|p2a: Slowbro
|-damage|p2a: Slowbro|5\/312 par
|cant|p2a: Slowbro|par
|
|turn|32
|choice|move 4|move 3
|
|move|p1a: Hitmonchan|Body Slam|p2a: Slowbro
|-damage|p2a: Slowbro|0 fnt
|faint|p2a: Slowbro
|choice||switch 3
|
|switch|p2a: Cloyster|Cloyster, L83|253\/253 slp
|turn|33
|choice|move 4|move 1
|
|move|p1a: Hitmonchan|Body Slam|p2a: Cloyster
|-damage|p2a: Cloyster|208\/253 slp
|cant|p2a: Cloyster|slp
|
|turn|34
|choice|move 3|move 1
|
|move|p1a: Hitmonchan|Submission|p2a: Cloyster
|-crit|p2a: Cloyster
|-supereffective|p2a: Cloyster
|-damage|p2a: Cloyster|0 fnt
|-damage|p1a: Hitmonchan|167\/273|[from] recoil|[of] p2a: Cloyster
|faint|p2a: Cloyster
|choice||switch 4
|
|switch|p2a: Dratini|Dratini, L96|87\/274
|turn|35
|choice|switch 2|move 4
|
|switch|p1a: Weepinbell|Weepinbell, L85|49\/284
|move|p2a: Dratini|Hyper Beam|p1a: Weepinbell
|-damage|p1a: Weepinbell|0 fnt
|faint|p1a: Weepinbell
|choice|switch 5|
|
|switch|p1a: Sandslash|Sandslash, L85|301\/301
|turn|36
|choice|move 1|move 3
|
|move|p1a: Sandslash|Earthquake|p2a: Dratini
|-damage|p2a: Dratini|0 fnt
|faint|p2a: Dratini
|choice||switch 2
|
|switch|p2a: Lickitung|Lickitung, L90|281\/345
|turn|37
|choice|move 2|move 4
|
|move|p1a: Sandslash|Body Slam|p2a: Lickitung
|-crit|p2a: Lickitung
|-damage|p2a: Lickitung|147\/345
|move|p2a: Lickitung|Swords Dance|p2a: Lickitung
|-boost|p2a: Lickitung|atk|2
|
|turn|38
|choice|move 3|move 1
|
|move|p1a: Sandslash|Hyper Beam|p2a: Lickitung
|-damage|p2a: Lickitung|40\/345
|move|p2a: Lickitung|Body Slam|p1a: Sandslash
|-damage|p1a: Sandslash|183\/301
|-status|p1a: Sandslash|par
|
|turn|39
|-mustrecharge|p1a: Sandslash
|-mustrecharge|p1a: Sandslash
|choice|move 1|move 1
|
|move|p2a: Lickitung|Body Slam|p1a: Sandslash
|-damage|p1a: Sandslash|61\/301 par
|cant|p1a: Sandslash|recharge
|
|turn|40
|choice|move 2|move 1
|
|move|p2a: Lickitung|Body Slam|p1a: Sandslash
|-damage|p1a: Sandslash|0 fnt
|faint|p1a: Sandslash
|choice|switch 2|
|
|switch|p1a: Hitmonchan|Hitmonchan, L90|167\/273
|turn|41
|choice|move 4|move 2
|
|move|p1a: Hitmonchan|Body Slam|p2a: Lickitung
|-damage|p2a: Lickitung|0 fnt
|faint|p2a: Lickitung
|
|win|Azawa
|player|p1
|player|p2
|l|bulleto
|raw|Azawa's rating: 1212 &rarr; <strong>1224<\/strong><br \/>(+12 for winning)
|raw|bulleto's rating: 1000 &rarr; <strong>1000<\/strong><br \/>(+0 for losing)