|join|OldKeith
|join|kid gf lol
|player|p1|OldKeith|10
|player|p2|kid gf lol|114
|gametype|singles
|gen|1
|tier|[Gen 1] Random Battle
|rated
|rule|Sleep Clause Mod: Limit one foe put to sleep
|rule|Freeze Clause Mod: Limit one foe frozen
|rule|HP Percentage Mod: HP is shown in percentages
|
|start
|switch|p1a: Farfetch'd|Farfetch'd, L95|292\/292
|switch|p2a: Arcanine|Arcanine, L86|330\/330
|turn|1
|
|move|p2a: Arcanine|Fire Blast|p1a: Farfetch'd
|-damage|p1a: Farfetch'd|165\/292
|move|p1a: Farfetch'd|Body Slam|p2a: Arcanine
|-crit|p2a: Arcanine
|-damage|p2a: Arcanine|154\/330
|-status|p2a: Arcanine|par
|
|turn|2
|
|switch|p2a: Omastar|Omastar, L86|296\/296
|move|p1a: Farfetch'd|Swords Dance|p1a: Farfetch'd
|-boost|p1a: Farfetch'd|atk|2
|
|turn|3
|
|move|p1a: Farfetch'd|Toxic|p2a: Omastar|[miss]
|-miss|p1a: Farfetch'd
|move|p2a: Omastar|Blizzard|p1a: Farfetch'd
|-supereffective|p1a: Farfetch'd
|-damage|p1a: Farfetch'd|0 fnt
|faint|p1a: Farfetch'd
|
|switch|p1a: Zapdos|Zapdos, L82|315\/315
|turn|4
|join|Kel9901
|
|move|p1a: Zapdos|Thunderbolt|p2a: Omastar
|-crit|p2a: Omastar
|-supereffective|p2a: Omastar
|-damage|p2a: Omastar|0 fnt
|faint|p2a: Omastar
|c| Kel9901|kid getting rekt?
|
|switch|p2a: Articuno|Articuno, L86|330\/330
|turn|5
|c|★kid gf lol|i love this lol
|c| Kel9901|yeah suspicion confirmed
|c|★kid gf lol|except for this battle
|
|move|p1a: Zapdos|Thunderbolt|p2a: Articuno
|-supereffective|p2a: Articuno
|-damage|p2a: Articuno|162\/330
|-status|p2a: Articuno|par
|cant|p2a: Articuno|par
|
|turn|6
|c| Kel9901|lol
|c| Kel9901|LOL
|c|★kid gf lol|well i mean what can i do
|c| Kel9901|such a scrubby nub
|c|★kid gf lol|10% followed by 25%
|c|★kid gf lol|2.5%
|
|move|p1a: Zapdos|Thunderbolt|p2a: Articuno
|-supereffective|p2a: Articuno
|-damage|p2a: Articuno|0 fnt
|faint|p2a: Articuno
|
|switch|p2a: Tangela|Tangela, L86|287\/287
|turn|7
|c|★kid gf lol|joim needs to fix these sets asap
|
|move|p1a: Zapdos|Drill Peck|p2a: Tangela
|-supereffective|p2a: Tangela
|-damage|p2a: Tangela|157\/287
|move|p2a: Tangela|Sleep Powder|p1a: Zapdos
|-status|p1a: Zapdos|slp
|
|turn|8
|c|★kid gf lol|first off magicarp doesnt get dragon rage gen1..
|c| Kel9901|aparently it does
|
|cant|p1a: Zapdos|slp
|move|p2a: Tangela|Body Slam|p1a: Zapdos
|-damage|p1a: Zapdos|265\/315 slp
|
|turn|9
|c|★kid gf lol|since when...
|c|★kid gf lol|where
|c| Kel9901|acc. to guy on smogon forums
|
|cant|p1a: Zapdos|slp
|move|p2a: Tangela|Body Slam|p1a: Zapdos
|-damage|p1a: Zapdos|216\/315 slp
|
|turn|10
|c|★kid gf lol|i played gen1 ..
|
|cant|p1a: Zapdos|slp
|move|p2a: Tangela|Sleep Powder|p1a: Zapdos
|-fail|p1a: Zapdos|slp
|
|turn|11
|c| Kel9901|oldkeith u have another battle
|c| Kel9901|vs me
|
|cant|p1a: Zapdos|slp
|move|p2a: Tangela|Sleep Powder|p1a: Zapdos
|-fail|p1a: Zapdos|slp
|
|turn|12
|
|cant|p1a: Zapdos|slp
|-curestatus|p1a: Zapdos|slp
|move|p2a: Tangela|Sleep Powder|p1a: Zapdos
|-status|p1a: Zapdos|slp
|
|turn|13
|
|switch|p1a: Tangela|Tangela, L86|287\/287
|move|p2a: Tangela|Swords Dance|p2a: Tangela
|-boost|p2a: Tangela|atk|2
|
|turn|14
|c| Kel9901|http:\/\/www.smogon.com\/forums\/threads\/random-battles.3526564\/
|c| Kel9901|post 19
|
|switch|p2a: Arcanine|Arcanine, L86|154\/330 par
|move|p1a: Tangela|Stun Spore|p2a: Arcanine
|-fail|p2a: Arcanine|par
|
|turn|15
|
|switch|p1a: Dewgong|Dewgong, L86|330\/330
|move|p2a: Arcanine|Fire Blast|p1a: Dewgong
|-damage|p1a: Dewgong|228\/330
|-status|p1a: Dewgong|brn
|
|turn|16
|
|move|p1a: Dewgong|Surf|p2a: Arcanine
|-supereffective|p2a: Arcanine
|-damage|p2a: Arcanine|0 fnt
|faint|p2a: Arcanine
|
|switch|p2a: Venomoth|Venomoth, L86|296\/296
|turn|17
|
|move|p2a: Venomoth|Psychic|p1a: Dewgong
|-crit|p1a: Dewgong
|-damage|p1a: Dewgong|118\/330 brn
|move|p1a: Dewgong|Blizzard|p2a: Venomoth
|-crit|p2a: Venomoth
|-damage|p2a: Venomoth|72\/296
|-damage|p1a: Dewgong|98\/330 brn|[from] brn|[of] p2a: Venomoth
|
|turn|18
|
|move|p2a: Venomoth|Mega Drain|p1a: Dewgong
|-crit|p1a: Dewgong
|-supereffective|p1a: Dewgong
|-damage|p1a: Dewgong|0 fnt
|-heal|p2a: Venomoth|121\/296|[from] drain|[of] p1a: Dewgong
|faint|p1a: Dewgong
|c|★kid gf lol|zapdos is pretty much mvp for these random battles
|
|switch|p1a: Pidgeot|Pidgeot, L86|318\/318
|turn|19
|c|★kid gf lol|since it hits almost everything
|
|move|p1a: Pidgeot|Double-Edge|p2a: Venomoth
|-damage|p2a: Venomoth|0 fnt
|-damage|p1a: Pidgeot|288\/318|[from] recoil|[of] p2a: Venomoth
|faint|p2a: Venomoth
|
|switch|p2a: Tangela|Tangela, L86|157\/287
|turn|20
|
|move|p1a: Pidgeot|Double-Edge|p2a: Tangela
|-crit|p2a: Tangela
|-damage|p2a: Tangela|0 fnt
|-damage|p1a: Pidgeot|249\/318|[from] recoil|[of] p2a: Tangela
|faint|p2a: Tangela
|
|switch|p2a: Parasect|Parasect, L86|279\/279
|turn|21
|
|move|p1a: Pidgeot|Double-Edge|p2a: Parasect
|-damage|p2a: Parasect|183\/279
|-damage|p1a: Pidgeot|225\/318|[from] recoil|[of] p2a: Parasect
|move|p2a: Parasect|Slash|p1a: Pidgeot
|-damage|p1a: Pidgeot|172\/318
|
|turn|22
|c|★kid gf lol|having a team this shitty doesnt help
|
|move|p1a: Pidgeot|Double-Edge|p2a: Parasect
|-damage|p2a: Parasect|80\/279
|-damage|p1a: Pidgeot|147\/318|[from] recoil|[of] p2a: Parasect
|move|p2a: Parasect|Body Slam|p1a: Pidgeot
|-damage|p1a: Pidgeot|75\/318
|
|turn|23
|
|move|p1a: Pidgeot|Double-Edge|p2a: Parasect
|-damage|p2a: Parasect|0 fnt
|-damage|p1a: Pidgeot|55\/318|[from] recoil|[of] p2a: Parasect
|faint|p2a: Parasect
|
|win|OldKeith
|raw|Ladder updating...
|raw|OldKeith's rating: 1306 &rarr; <strong>1317<\/strong><br \/>(+11 for winning)
|raw|kid gf lol's rating: 1135 &rarr; <strong>1122<\/strong><br \/>(-13 for losing)
|leave|kid gf lol
|player|p2