|join|kid gf lol
|join|NAM2F
|player|p1|kid gf lol|114
|player|p2|NAM2F|101
|gametype|singles
|gen|1
|tier|[Gen 1] Random Battle
|rated
|rule|Sleep Clause Mod: Limit one foe put to sleep
|rule|Freeze Clause Mod: Limit one foe frozen
|rule|HP Percentage Mod: HP is shown in percentages
|
|start
|switch|p1a: Alakazam|Alakazam, L79|249\/249
|switch|p2a: Blastoise|Blastoise, L85|308\/308
|turn|1
|join|byyyst
|c| byyyst|swagggg
|c| byyyst|big battle
|c|★NAM2F|oh lol
|c|★NAM2F|oh fuck i can't lose this
|c| byyyst|lol dont worry he'll make some crucial mistakes
|c| byyyst|consistently does
|c|★NAM2F|swag
|
|move|p1a: Alakazam|Thunder Wave|p2a: Blastoise
|-status|p2a: Blastoise|par
|move|p2a: Blastoise|Body Slam|p1a: Alakazam
|-damage|p1a: Alakazam|159\/249
|-status|p1a: Alakazam|par
|
|turn|2
|c| byyyst|swaaaag
|
|move|p1a: Alakazam|Psychic|p2a: Blastoise
|-damage|p2a: Blastoise|207\/308 par
|cant|p2a: Blastoise|par
|
|turn|3
|c| byyyst|solid start
|
|move|p1a: Alakazam|Psychic|p2a: Blastoise
|-damage|p2a: Blastoise|107\/308 par
|move|p2a: Blastoise|Body Slam|p1a: Alakazam
|-damage|p1a: Alakazam|79\/249 par
|
|turn|4
|
|move|p1a: Alakazam|Recover|p1a: Alakazam
|-heal|p1a: Alakazam|203\/249 par
|move|p2a: Blastoise|Body Slam|p1a: Alakazam
|-damage|p1a: Alakazam|112\/249 par
|
|turn|5
|
|move|p1a: Alakazam|Recover|p1a: Alakazam
|-heal|p1a: Alakazam|236\/249 par
|move|p2a: Blastoise|Body Slam|p1a: Alakazam
|-damage|p1a: Alakazam|146\/249 par
|
|turn|6
|
|move|p1a: Alakazam|Reflect|p1a: Alakazam
|-start|p1a: Alakazam|Reflect
|cant|p2a: Blastoise|par
|
|turn|7
|c|★NAM2F|so gay
|
|move|p1a: Alakazam|Recover|p1a: Alakazam
|-heal|p1a: Alakazam|249\/249 par
|cant|p2a: Blastoise|par
|
|turn|8
|c|★NAM2F|zero paras
|
|cant|p1a: Alakazam|par
|move|p2a: Blastoise|Body Slam|p1a: Alakazam
|-damage|p1a: Alakazam|205\/249 par
|
|turn|9
|c| byyyst|^^^^
|
|move|p1a: Alakazam|Psychic|p2a: Blastoise
|-damage|p2a: Blastoise|5\/308 par
|cant|p2a: Blastoise|par
|
|turn|10
|c| byyyst|there ya go :#
|c| byyyst|......
|c|★NAM2F|nbasf
|
|move|p1a: Alakazam|Psychic|p2a: Blastoise
|-damage|p2a: Blastoise|0 fnt
|faint|p2a: Blastoise
|
|switch|p2a: Flareon|Flareon, L90|300\/300
|turn|11
|
|move|p2a: Flareon|Fire Blast|p1a: Alakazam|[miss]
|-miss|p2a: Flareon
|move|p1a: Alakazam|Thunder Wave|p2a: Flareon
|-status|p2a: Flareon|par
|
|turn|12
|
|move|p1a: Alakazam|Psychic|p2a: Flareon
|-damage|p2a: Flareon|221\/300 par
|move|p2a: Flareon|Fire Blast|p1a: Alakazam
|-crit|p1a: Alakazam
|-damage|p1a: Alakazam|0 fnt
|faint|p1a: Alakazam
|c| byyyst|oooook
|
|switch|p1a: Rhyhorn|Rhyhorn, L96|348\/348
|turn|13
|
|switch|p2a: Clefable|Clefable, L85|335\/335
|move|p1a: Rhyhorn|Earthquake|p2a: Clefable
|-crit|p2a: Clefable
|-damage|p2a: Clefable|80\/335
|
|turn|14
|c|★NAM2F|ncf
|
|switch|p1a: Pidgey|Pidgey, L96|272\/272
|move|p2a: Clefable|Ice Beam|p1a: Pidgey|[miss]
|-miss|p2a: Clefable
|
|turn|15
|c|★NAM2F|seriously
|c| byyyst|rhyhorn is really fast
|c| byyyst|so it crits a lot
|c| byyyst|my GOD
|c|★NAM2F|right
|
|move|p1a: Pidgey|Double-Edge|p2a: Clefable
|-damage|p2a: Clefable|0 fnt
|-damage|p1a: Pidgey|252\/272|[from] recoil|[of] p2a: Clefable
|faint|p2a: Clefable
|
|switch|p2a: Nidoqueen|Nidoqueen, L85|327\/327
|turn|16
|c|★NAM2F|cant get rewarded for him making a moronic play
|c| byyyst|nooooope
|c| byyyst|cant get shit
|
|move|p2a: Nidoqueen|Blizzard|p1a: Pidgey|[miss]
|-miss|p2a: Nidoqueen
|move|p1a: Pidgey|Double-Edge|p2a: Nidoqueen
|-damage|p2a: Nidoqueen|239\/327
|-damage|p1a: Pidgey|230\/272|[from] recoil|[of] p2a: Nidoqueen
|
|turn|17
|c| byyyst|ice incoming for sure? better go flying
|c| byyyst|get LUCKIER
|c| byyyst|jeeeeeesus
|
|move|p2a: Nidoqueen|Blizzard|p1a: Pidgey
|-supereffective|p1a: Pidgey
|-damage|p1a: Pidgey|28\/272
|-status|p1a: Pidgey|frz
|cant|p1a: Pidgey|frz
|
|turn|18
|c|★NAM2F|this is fucking insane
|c|★NAM2F|tybg
|
|move|p2a: Nidoqueen|Blizzard|p1a: Pidgey
|-supereffective|p1a: Pidgey
|-damage|p1a: Pidgey|0 fnt
|faint|p1a: Pidgey
|
|switch|p1a: Venusaur|Venusaur, L85|310\/310
|turn|19
|
|switch|p2a: Flareon|Flareon, L90|221\/300 par
|move|p1a: Venusaur|Sleep Powder|p2a: Flareon
|-fail|p2a: Flareon
|
|turn|20
|
|switch|p1a: Rhyhorn|Rhyhorn, L96|348\/348
|move|p2a: Flareon|Fire Blast|p1a: Rhyhorn
|-resisted|p1a: Rhyhorn
|-damage|p1a: Rhyhorn|223\/348
|-status|p1a: Rhyhorn|brn
|
|turn|21
|c| byyyst|ty sir
|c| byyyst|something
|c|★NAM2F|i feel so unbad its not even funny
|
|switch|p2a: Ivysaur|Ivysaur, L85|276\/276
|move|p1a: Rhyhorn|Earthquake|p2a: Ivysaur
|-damage|p2a: Ivysaur|204\/276
|-damage|p1a: Rhyhorn|202\/348 brn|[from] brn|[of] p2a: Ivysaur
|
|turn|22
|
|switch|p1a: Weezing|Weezing, L90|300\/300
|move|p2a: Ivysaur|Sleep Powder|p1a: Weezing|[miss]
|-miss|p2a: Ivysaur
|
|turn|23
|
|move|p1a: Weezing|Fire Blast|p2a: Ivysaur
|-supereffective|p2a: Ivysaur
|-damage|p2a: Ivysaur|5\/276
|-status|p2a: Ivysaur|brn
|move|p2a: Ivysaur|Sleep Powder|p1a: Weezing|[miss]
|-miss|p2a: Ivysaur
|-damage|p2a: Ivysaur|0 fnt|[from] brn|[of] p1a: Weezing
|faint|p2a: Ivysaur
|c| byyyst|lmfao
|c| byyyst|NO
|c|★NAM2F|this is insane
|c| byyyst|WAYYYYYYYY
|
|switch|p2a: Nidoqueen|Nidoqueen, L85|239\/327
|turn|24
|c| byyyst|hes soooooo bad
|
|move|p2a: Nidoqueen|Earthquake|p1a: Weezing
|-supereffective|p1a: Weezing
|-damage|p1a: Weezing|145\/300
|move|p1a: Weezing|Fire Blast|p2a: Nidoqueen
|-crit|p2a: Nidoqueen
|-damage|p2a: Nidoqueen|44\/327
|
|turn|25
|
|switch|p1a: Rhyhorn|Rhyhorn, L96|202\/348 brn
|-damage|p1a: Rhyhorn|181\/348 brn|[from] brn
|move|p2a: Nidoqueen|Earthquake|p1a: Rhyhorn
|-crit|p1a: Rhyhorn
|-supereffective|p1a: Rhyhorn
|-damage|p1a: Rhyhorn|0 fnt
|faint|p1a: Rhyhorn
|
|switch|p1a: Hitmonlee|Hitmonlee, L90|273\/273
|turn|26
|c|★NAM2F|can i get rewarded ever?
|
|move|p1a: Hitmonlee|Body Slam|p2a: Nidoqueen
|-crit|p2a: Nidoqueen
|-damage|p2a: Nidoqueen|0 fnt
|faint|p2a: Nidoqueen
|c| byyyst|rewarded--not even once
|
|switch|p2a: Kabuto|Kabuto, L96|252\/252
|turn|27
|
|switch|p1a: Venusaur|Venusaur, L85|310\/310
|move|p2a: Kabuto|Body Slam|p1a: Venusaur
|-damage|p1a: Venusaur|241\/310
|
|turn|28
|
|switch|p1a: Hitmonlee|Hitmonlee, L90|273\/273
|switch|p2a: Flareon|Flareon, L90|221\/300 par
|
|turn|29
|
|switch|p2a: Kabuto|Kabuto, L96|252\/252
|move|p1a: Hitmonlee|High Jump Kick|p2a: Kabuto
|-supereffective|p2a: Kabuto
|-damage|p2a: Kabuto|49\/252
|
|turn|30
|c|★NAM2F|oh right
|
|move|p1a: Hitmonlee|High Jump Kick|p2a: Kabuto
|-supereffective|p2a: Kabuto
|-damage|p2a: Kabuto|0 fnt
|faint|p2a: Kabuto
|c| byyyst|lol its w\/e
|
|switch|p2a: Flareon|Flareon, L90|221\/300 par
|turn|31
|c| byyyst|it was over
|
|move|p1a: Hitmonlee|High Jump Kick|p2a: Flareon
|-damage|p2a: Flareon|71\/300 par
|move|p2a: Flareon|Fire Blast|p1a: Hitmonlee
|-damage|p1a: Hitmonlee|26\/273
|
|turn|32
|
|move|p2a: Flareon|Quick Attack|p1a: Hitmonlee
|-damage|p1a: Hitmonlee|0 fnt
|faint|p1a: Hitmonlee
|c|★NAM2F|so gay
|
|switch|p1a: Venusaur|Venusaur, L85|241\/310
|turn|33
|c|★NAM2F|he didn't deserve this at all
|
|move|p1a: Venusaur|Leech Seed|p2a: Flareon
|-start|p2a: Flareon|move: Leech Seed
|move|p2a: Flareon|Fire Blast|p1a: Venusaur
|-supereffective|p1a: Venusaur
|-damage|p1a: Venusaur|0 fnt
|faint|p1a: Venusaur
|
|switch|p1a: Weezing|Weezing, L90|145\/300
|turn|34
|c| byyyst|nooope
|
|move|p1a: Weezing|Sludge|p2a: Flareon
|-damage|p2a: Flareon|0 fnt
|faint|p2a: Flareon
|
|win|kid gf lol
|raw|Ladder updating...
|raw|kid gf lol's rating: 1340 &rarr; <strong>1365<\/strong><br \/>(+25 for winning)
|raw|NAM2F's rating: 1435 &rarr; <strong>1410<\/strong><br \/>(-25 for losing)
|c|★NAM2F|soooooooo gay
|c|★kid gf lol|i win!!!
|leave|kid gf lol
|player|p1
|c|★NAM2F|what a fag
|c| byyyst|huge fag
|c|★NAM2F|js