|join|iluvhermione
|join|sciberbia
|player|p1|iluvhermione|2
|player|p2|sciberbia|52
|gametype|singles
|gen|1
|tier|[Gen 1] Random Battle
|rated
|rule|Sleep Clause Mod: Limit one foe put to sleep
|rule|Freeze Clause Mod: Limit one foe frozen
|rule|HP Percentage Mod: HP is shown in percentages
|
|start
|switch|p1a: Pidgey|Pidgey, L96|272\/272
|switch|p2a: Machoke|Machoke, L85|310\/310
|turn|1
|
|move|p1a: Pidgey|Double-Edge|p2a: Machoke
|-damage|p2a: Machoke|211\/310
|-damage|p1a: Pidgey|248\/272|[from] recoil|[of] p2a: Machoke
|move|p2a: Machoke|Rock Slide|p1a: Pidgey
|-supereffective|p1a: Pidgey
|-damage|p1a: Pidgey|88\/272
|
|turn|2
|
|switch|p1a: Slowbro|Slowbro, L79|312\/312
|move|p2a: Machoke|Rock Slide|p1a: Slowbro
|-damage|p1a: Slowbro|264\/312
|
|turn|3
|
|switch|p2a: Dragonair|Dragonair, L85|277\/277
|move|p1a: Slowbro|Amnesia|p1a: Slowbro
|-boost|p1a: Slowbro|spd|2
|-boost|p1a: Slowbro|spa|2
|
|turn|4
|
|move|p2a: Dragonair|Thunder|p1a: Slowbro
|-supereffective|p1a: Slowbro
|-damage|p1a: Slowbro|183\/312
|move|p1a: Slowbro|Thunder Wave|p2a: Dragonair
|-status|p2a: Dragonair|par
|
|turn|5
|
|move|p1a: Slowbro|Amnesia|p1a: Slowbro
|-boost|p1a: Slowbro|spd|2
|-boost|p1a: Slowbro|spa|2
|move|p2a: Dragonair|Thunder Wave|p1a: Slowbro
|-status|p1a: Slowbro|par
|
|turn|6
|
|move|p1a: Slowbro|Amnesia|p1a: Slowbro
|-boost|p1a: Slowbro|spd|2
|-boost|p1a: Slowbro|spa|2
|move|p2a: Dragonair|Thunder|p1a: Slowbro
|-crit|p1a: Slowbro
|-supereffective|p1a: Slowbro
|-damage|p1a: Slowbro|0 fnt
|faint|p1a: Slowbro
|
|switch|p1a: Jynx|Jynx, L79|265\/265
|turn|7
|
|switch|p2a: Kingler|Kingler, L85|267\/267
|move|p1a: Jynx|Blizzard|p2a: Kingler|[miss]
|-miss|p1a: Jynx
|
|turn|8
|
|move|p1a: Jynx|Lovely Kiss|p2a: Kingler
|-status|p2a: Kingler|slp
|cant|p2a: Kingler|slp
|
|turn|9
|
|move|p1a: Jynx|Psychic|p2a: Kingler
|-damage|p2a: Kingler|156\/267 slp
|-unboost|p2a: Kingler|spd|1
|-unboost|p2a: Kingler|spa|1
|-curestatus|p2a: Kingler|slp
|
|turn|10
|
|switch|p2a: Magneton|Magneton, L90|273\/273
|move|p1a: Jynx|Lovely Kiss|p2a: Magneton
|-status|p2a: Magneton|slp
|
|turn|11
|
|move|p1a: Jynx|Psychic|p2a: Magneton
|-damage|p2a: Magneton|214\/273 slp
|-unboost|p2a: Magneton|spd|1
|-unboost|p2a: Magneton|spa|1
|cant|p2a: Magneton|slp
|
|turn|12
|
|switch|p2a: Kingler|Kingler, L85|156\/267
|move|p1a: Jynx|Psychic|p2a: Kingler
|-damage|p2a: Kingler|49\/267
|-unboost|p2a: Kingler|spd|1
|-unboost|p2a: Kingler|spa|1
|
|turn|13
|
|move|p1a: Jynx|Psychic|p2a: Kingler
|-damage|p2a: Kingler|0 fnt
|faint|p2a: Kingler
|
|switch|p2a: Rattata|Rattata, L96|252\/252
|turn|14
|
|move|p2a: Rattata|Super Fang|p1a: Jynx
|-damage|p1a: Jynx|133\/265
|move|p1a: Jynx|Blizzard|p2a: Rattata
|-crit|p2a: Rattata
|-damage|p2a: Rattata|0 fnt
|faint|p2a: Rattata
|
|switch|p2a: Machoke|Machoke, L85|211\/310
|turn|15
|
|move|p1a: Jynx|Psychic|p2a: Machoke
|-supereffective|p2a: Machoke
|-damage|p2a: Machoke|0 fnt
|faint|p2a: Machoke
|
|switch|p2a: Scyther|Scyther, L90|309\/309
|turn|16
|
|move|p2a: Scyther|Hyper Beam|p1a: Jynx
|-crit|p1a: Jynx
|-damage|p1a: Jynx|0 fnt
|faint|p1a: Jynx
|
|switch|p1a: Meowth|Meowth, L96|272\/272
|turn|17
|
|move|p2a: Scyther|Swords Dance|p2a: Scyther
|-boost|p2a: Scyther|atk|2
|move|p1a: Meowth|Body Slam|p2a: Scyther
|-damage|p2a: Scyther|236\/309
|
|turn|18
|
|move|p2a: Scyther|Swords Dance|p2a: Scyther
|-boost|p2a: Scyther|atk|2
|move|p1a: Meowth|Body Slam|p2a: Scyther
|-damage|p2a: Scyther|166\/309
|
|turn|19
|
|move|p2a: Scyther|Hyper Beam|p1a: Meowth
|-damage|p1a: Meowth|0 fnt
|faint|p1a: Meowth
|
|switch|p1a: Marowak|Marowak, L90|291\/291
|turn|20
|
|move|p2a: Scyther|Swords Dance|p2a: Scyther
|-boost|p2a: Scyther|atk|2
|move|p1a: Marowak|Body Slam|p2a: Scyther
|-damage|p2a: Scyther|108\/309
|
|turn|21
|
|move|p2a: Scyther|Hyper Beam|p1a: Marowak
|-damage|p1a: Marowak|0 fnt
|faint|p1a: Marowak
|
|switch|p1a: Kakuna|Kakuna, L99|290\/290
|turn|22
|
|move|p2a: Scyther|Hyper Beam|p1a: Kakuna|[miss]
|-miss|p2a: Scyther
|move|p1a: Kakuna|String Shot|p2a: Scyther
|-unboost|p2a: Scyther|spe|1
|
|turn|23
|
|move|p2a: Scyther|Agility|p2a: Scyther
|-boost|p2a: Scyther|spe|2
|move|p1a: Kakuna|String Shot|p2a: Scyther
|
|turn|24
|
|move|p2a: Scyther|Hyper Beam|p1a: Kakuna
|-damage|p1a: Kakuna|0 fnt
|faint|p1a: Kakuna
|
|switch|p1a: Pidgey|Pidgey, L96|88\/272
|turn|25
|
|move|p2a: Scyther|Hyper Beam|p1a: Pidgey
|-damage|p1a: Pidgey|0 fnt
|faint|p1a: Pidgey
|
|win|sciberbia
|raw|iluvhermione's rating: 1384 &rarr; <strong>1353<\/strong><br \/>(-31 for losing)
|raw|sciberbia's rating: 1175 &rarr; <strong>1213<\/strong><br \/>(+38 for winning)
|c|★iluvhermione|gg
|leave|iluvhermione
|player|p1
|c|★sciberbia|gg