|j|xhuntingx
|j|SinisterHFigure
|player|p1|xhuntingx|290
|player|p2|SinisterHFigure|269
|gametype|singles
|gen|1
|tier|[Gen 1] OU
|rated
|seed|24263,19453,61129,42309
|rule|Sleep Clause Mod: Limit one foe put to sleep
|rule|Freeze Clause Mod: Limit one foe frozen
|rule|Species Clause: Limit one of each Pokémon
|rule|OHKO Clause: OHKO moves are banned
|rule|Evasion Moves Clause: Evasion moves are banned
|rule|HP Percentage Mod: HP is shown in percentages
|
|start
|switch|p1a: Alakazam|Alakazam|313\/313
|switch|p2a: Dragonair|Dragonair|325\/325
|turn|1
|choice|move 3|move 2
|
|move|p1a: Alakazam|Toxic|p2a: Dragonair
|-status|p2a: Dragonair|tox
|move|p2a: Dragonair|Thunder Wave|p1a: Alakazam
|-status|p1a: Alakazam|par
|-damage|p2a: Dragonair|305\/325 tox|[from] tox|[of] p1a: Alakazam
|
|turn|2
|choice|move 1|move 1
|
|move|p2a: Dragonair|Wrap|p1a: Alakazam
|-damage|p1a: Alakazam|297\/313 par
|-activate|p1a: Alakazam|move: Wrap|[of] p2a: Dragonair
|-damage|p2a: Dragonair|265\/325 tox|[from] tox|[of] p1a: Alakazam
|cant|p1a: Alakazam|partiallytrapped
|
|turn|3
|choice|switch 3|switch 2
|
|switch|p2a: Lickitung|Lickitung|383\/383
|switch|p1a: Snorlax|Snorlax|523\/523
|
|turn|4
|choice|move 2|move 1
|
|move|p1a: Snorlax|Blizzard|p2a: Lickitung
|-crit|p2a: Lickitung
|-damage|p2a: Lickitung|186\/383
|move|p2a: Lickitung|Wrap|p1a: Snorlax|[miss]
|-miss|p2a: Lickitung
|
|turn|5
|choice|move 2|switch 6
|
|switch|p2a: Cloyster|Cloyster|303\/303
|move|p1a: Snorlax|Blizzard|p2a: Cloyster
|-resisted|p2a: Cloyster
|-damage|p2a: Cloyster|283\/303
|
|turn|6
|choice|move 3|move 1
|
|move|p2a: Cloyster|Clamp|p1a: Snorlax
|-damage|p1a: Snorlax|475\/523
|-activate|p1a: Snorlax|move: Clamp|[of] p2a: Cloyster
|cant|p1a: Snorlax|partiallytrapped
|
|turn|7
|choice|move 2|move 1
|
|move|p2a: Cloyster|Clamp|p1a: Snorlax
|-damage|p1a: Snorlax|427\/523
|cant|p1a: Snorlax|partiallytrapped
|
|turn|8
|choice|switch 6|move 1
|
|switch|p1a: Hitmonlee|Hitmonlee|303\/303
|move|p2a: Cloyster|Clamp|p1a: Hitmonlee
|-damage|p1a: Hitmonlee|236\/303
|-activate|p1a: Hitmonlee|move: Clamp|[of] p2a: Cloyster
|
|turn|9
|choice|move 1|switch 4
|
|switch|p2a: Arbok|Arbok|323\/323
|cant|p1a: Hitmonlee|partiallytrapped
|
|-end|p1a: Hitmonlee|Clamp|[partiallytrapped]
|turn|10
|choice|move 2|move 1
|
|move|p1a: Hitmonlee|Body Slam|p2a: Arbok
|-damage|p2a: Arbok|221\/323
|move|p2a: Arbok|Glare|p1a: Hitmonlee
|-status|p1a: Hitmonlee|par
|
|turn|11
|choice|move 4|move 2
|
|move|p2a: Arbok|Wrap|p1a: Hitmonlee
|-damage|p1a: Hitmonlee|220\/303 par
|-activate|p1a: Hitmonlee|move: Wrap|[of] p2a: Arbok
|cant|p1a: Hitmonlee|par
|
|turn|12
|choice|switch 5|move 2
|
|switch|p1a: Charizard|Charizard|359\/359
|move|p2a: Arbok|Wrap|p1a: Charizard
|-damage|p1a: Charizard|346\/359
|-activate|p1a: Charizard|move: Wrap|[of] p2a: Arbok
|
|turn|13
|choice|move 2|switch 5
|
|switch|p2a: Dragonite|Dragonite|385\/385
|cant|p1a: Charizard|partiallytrapped
|
|-end|p1a: Charizard|Wrap|[partiallytrapped]
|turn|14
|choice|move 3|move 2
|
|move|p1a: Charizard|Swords Dance|p1a: Charizard
|-boost|p1a: Charizard|atk|2
|move|p2a: Dragonite|Thunder Wave|p1a: Charizard
|-status|p1a: Charizard|par
|
|turn|15
|choice|move 4|move 1
|
|move|p2a: Dragonite|Wrap|p1a: Charizard
|-crit|p1a: Charizard
|-damage|p1a: Charizard|312\/359 par
|-activate|p1a: Charizard|move: Wrap|[of] p2a: Dragonite
|cant|p1a: Charizard|partiallytrapped
|
|turn|16
|choice|move 4|move 1
|
|move|p2a: Dragonite|Wrap|p1a: Charizard
|-damage|p1a: Charizard|278\/359 par
|cant|p1a: Charizard|partiallytrapped
|
|turn|17
|choice|move 4|move 1
|
|move|p2a: Dragonite|Wrap|p1a: Charizard
|-damage|p1a: Charizard|244\/359 par
|cant|p1a: Charizard|partiallytrapped
|
|-end|p1a: Charizard|Wrap|[partiallytrapped]
|turn|18
|choice|move 4|move 1
|
|move|p2a: Dragonite|Wrap|p1a: Charizard
|-damage|p1a: Charizard|225\/359 par
|-activate|p1a: Charizard|move: Wrap|[of] p2a: Dragonite
|cant|p1a: Charizard|partiallytrapped
|
|turn|19
|choice|move 4|move 1
|
|move|p2a: Dragonite|Wrap|p1a: Charizard
|-damage|p1a: Charizard|206\/359 par
|cant|p1a: Charizard|partiallytrapped
|
|turn|20
|choice|move 3|move 1
|
|move|p2a: Dragonite|Wrap|p1a: Charizard
|-damage|p1a: Charizard|187\/359 par
|cant|p1a: Charizard|partiallytrapped
|
|-end|p1a: Charizard|Wrap|[partiallytrapped]
|turn|21
|choice|move 4|move 1
|
|move|p2a: Dragonite|Wrap|p1a: Charizard|[miss]
|-miss|p2a: Dragonite
|cant|p1a: Charizard|par
|
|turn|22
|choice|move 4|move 1
|
|move|p2a: Dragonite|Wrap|p1a: Charizard
|-damage|p1a: Charizard|169\/359 par
|-activate|p1a: Charizard|move: Wrap|[of] p2a: Dragonite
|cant|p1a: Charizard|partiallytrapped
|
|turn|23
|choice|move 4|move 1
|
|move|p2a: Dragonite|Wrap|p1a: Charizard
|-damage|p1a: Charizard|151\/359 par
|cant|p1a: Charizard|par
|
|turn|24
|choice|move 4|move 1
|
|move|p2a: Dragonite|Wrap|p1a: Charizard
|-damage|p1a: Charizard|133\/359 par
|cant|p1a: Charizard|partiallytrapped
|
|-end|p1a: Charizard|Wrap|[partiallytrapped]
|turn|25
|choice|move 4|move 3
|
|move|p2a: Dragonite|Surf|p1a: Charizard
|-supereffective|p1a: Charizard
|-damage|p1a: Charizard|0 fnt
|faint|p1a: Charizard
|choice|switch 4|
|
|switch|p1a: Slowbro|Slowbro|393\/393
|turn|26
|choice|move 2|switch 2
|
|switch|p2a: Dragonair|Dragonair|265\/325 tox
|-status|p2a: Dragonair|psn
|-damage|p2a: Dragonair|245\/325 psn|[from] psn
|move|p1a: Slowbro|Blizzard|p2a: Dragonair
|-supereffective|p2a: Dragonair
|-damage|p2a: Dragonair|56\/325 psn
|
|turn|27
|choice|move 2|move 2
|
|move|p2a: Dragonair|Thunder Wave|p1a: Slowbro
|-status|p1a: Slowbro|par
|-damage|p2a: Dragonair|36\/325 psn|[from] psn|[of] p1a: Slowbro
|move|p1a: Slowbro|Blizzard|p2a: Dragonair
|-supereffective|p2a: Dragonair
|-damage|p2a: Dragonair|0 fnt
|faint|p2a: Dragonair
|choice||switch 6
|
|switch|p2a: Lickitung|Lickitung|186\/383
|turn|28
|choice|move 3|move 1
|
|move|p2a: Lickitung|Wrap|p1a: Slowbro|[miss]
|-miss|p2a: Lickitung
|move|p1a: Slowbro|Surf|p2a: Lickitung
|-damage|p2a: Lickitung|45\/383
|
|turn|29
|choice|move 3|move 1
|
|move|p2a: Lickitung|Wrap|p1a: Slowbro
|-damage|p1a: Slowbro|380\/393 par
|-activate|p1a: Slowbro|move: Wrap|[of] p2a: Lickitung
|cant|p1a: Slowbro|partiallytrapped
|
|turn|30
|choice|move 3|move 1
|
|move|p2a: Lickitung|Wrap|p1a: Slowbro
|-damage|p1a: Slowbro|367\/393 par
|cant|p1a: Slowbro|partiallytrapped
|
|turn|31
|choice|move 3|move 1
|
|move|p2a: Lickitung|Wrap|p1a: Slowbro
|-damage|p1a: Slowbro|354\/393 par
|cant|p1a: Slowbro|partiallytrapped
|
|-end|p1a: Slowbro|Wrap|[partiallytrapped]
|turn|32
|choice|move 3|move 1
|
|move|p2a: Lickitung|Wrap|p1a: Slowbro
|-damage|p1a: Slowbro|340\/393 par
|-activate|p1a: Slowbro|move: Wrap|[of] p2a: Lickitung
|cant|p1a: Slowbro|partiallytrapped
|
|turn|33
|choice|switch 2|move 1
|
|switch|p1a: Gengar|Gengar|323\/323
|move|p2a: Lickitung|Wrap|p1a: Gengar
|-damage|p1a: Gengar|323\/323
|-activate|p1a: Gengar|move: Wrap|[of] p2a: Lickitung
|
|turn|34
|choice|move 1|switch 5
|
|switch|p2a: Arbok|Arbok|221\/323
|cant|p1a: Gengar|partiallytrapped
|
|-end|p1a: Gengar|Wrap|[partiallytrapped]
|turn|35
|choice|move 1|move 1
|
|move|p1a: Gengar|Psychic|p2a: Arbok
|-crit|p2a: Arbok
|-supereffective|p2a: Arbok
|-damage|p2a: Arbok|0 fnt
|faint|p2a: Arbok
|choice||switch 3
|
|switch|p2a: Victreebel|Victreebel|363\/363
|turn|36
|choice|switch 5|move 1
|
|switch|p1a: Hitmonlee|Hitmonlee|220\/303 par
|move|p2a: Victreebel|Stun Spore|p1a: Hitmonlee|[miss]
|-miss|p2a: Victreebel
|
|turn|37
|choice|move 4|move 2
|
|move|p2a: Victreebel|Wrap|p1a: Hitmonlee
|-damage|p1a: Hitmonlee|202\/303 par
|-activate|p1a: Hitmonlee|move: Wrap|[of] p2a: Victreebel
|cant|p1a: Hitmonlee|par
|
|turn|38
|choice|move 4|move 2
|
|move|p2a: Victreebel|Wrap|p1a: Hitmonlee
|-damage|p1a: Hitmonlee|184\/303 par
|cant|p1a: Hitmonlee|partiallytrapped
|
|turn|39
|choice|move 4|move 2
|
|move|p2a: Victreebel|Wrap|p1a: Hitmonlee
|-damage|p1a: Hitmonlee|166\/303 par
|cant|p1a: Hitmonlee|partiallytrapped
|
|-end|p1a: Hitmonlee|Wrap|[partiallytrapped]
|turn|40
|choice|move 4|move 2
|
|move|p2a: Victreebel|Wrap|p1a: Hitmonlee
|-crit|p1a: Hitmonlee
|-damage|p1a: Hitmonlee|128\/303 par
|-activate|p1a: Hitmonlee|move: Wrap|[of] p2a: Victreebel
|cant|p1a: Hitmonlee|partiallytrapped
|
|turn|41
|choice|move 4|move 2
|
|move|p2a: Victreebel|Wrap|p1a: Hitmonlee
|-damage|p1a: Hitmonlee|90\/303 par
|cant|p1a: Hitmonlee|partiallytrapped
|
|turn|42
|choice|move 4|move 2
|
|move|p2a: Victreebel|Wrap|p1a: Hitmonlee
|-damage|p1a: Hitmonlee|52\/303 par
|cant|p1a: Hitmonlee|partiallytrapped
|
|-end|p1a: Hitmonlee|Wrap|[partiallytrapped]
|turn|43
|choice|switch 5|move 4
|
|switch|p1a: Gengar|Gengar|323\/323
|move|p2a: Victreebel|Body Slam|p1a: Gengar
|-immune|p1a: Gengar|[msg]
|
|turn|44
|choice|move 3|move 1
|
|move|p1a: Gengar|Confuse Ray|p2a: Victreebel
|-start|p2a: Victreebel|confusion
|-activate|p2a: Victreebel|confusion
|move|p2a: Victreebel|Stun Spore|p1a: Gengar
|-status|p1a: Gengar|par
|
|turn|45
|choice|move 3|switch 2
|
|switch|p2a: Dragonite|Dragonite|385\/385
|move|p1a: Gengar|Confuse Ray|p2a: Dragonite
|-start|p2a: Dragonite|confusion
|
|turn|46
|choice|move 3|move 1
|
|-activate|p2a: Dragonite|confusion
|-damage|p2a: Dragonite|341\/385|[from] confusion
|cant|p1a: Gengar|par
|
|turn|47
|choice|move 1|move 1
|
|-activate|p2a: Dragonite|confusion
|-damage|p2a: Dragonite|297\/385|[from] confusion
|move|p1a: Gengar|Psychic|p2a: Dragonite
|-damage|p2a: Dragonite|217\/385
|
|turn|48
|choice|move 1|move 1
|
|-activate|p2a: Dragonite|confusion
|-damage|p2a: Dragonite|173\/385|[from] confusion
|move|p1a: Gengar|Psychic|p2a: Dragonite
|-damage|p2a: Dragonite|81\/385
|
|turn|49
|choice|move 1|move 1
|
|-end|p2a: Dragonite|confusion
|move|p2a: Dragonite|Wrap|p1a: Gengar
|-damage|p1a: Gengar|323\/323 par
|-activate|p1a: Gengar|move: Wrap|[of] p2a: Dragonite
|cant|p1a: Gengar|partiallytrapped
|
|turn|50
|choice|move 1|switch 4
|
|switch|p2a: Cloyster|Cloyster|283\/303
|cant|p1a: Gengar|partiallytrapped
|
|-end|p1a: Gengar|Wrap|[partiallytrapped]
|turn|51
|choice|move 2|move 1
|
|move|p2a: Cloyster|Clamp|p1a: Gengar
|-damage|p1a: Gengar|290\/323 par
|-activate|p1a: Gengar|move: Clamp|[of] p2a: Cloyster
|cant|p1a: Gengar|partiallytrapped
|
|turn|52
|choice|switch 6|move 1
|
|switch|p1a: Snorlax|Snorlax|427\/523
|move|p2a: Cloyster|Clamp|p1a: Snorlax
|-damage|p1a: Snorlax|375\/523
|-activate|p1a: Snorlax|move: Clamp|[of] p2a: Cloyster
|
|turn|53
|choice|move 3|move 1
|
|move|p2a: Cloyster|Clamp|p1a: Snorlax
|-damage|p1a: Snorlax|323\/523
|cant|p1a: Snorlax|partiallytrapped
|
|turn|54
|choice|move 4|move 1
|
|move|p2a: Cloyster|Clamp|p1a: Snorlax
|-damage|p1a: Snorlax|271\/523
|cant|p1a: Snorlax|partiallytrapped
|
|-end|p1a: Snorlax|Clamp|[partiallytrapped]
|turn|55
|choice|move 4|move 1
|
|move|p2a: Cloyster|Clamp|p1a: Snorlax
|-damage|p1a: Snorlax|219\/523
|-activate|p1a: Snorlax|move: Clamp|[of] p2a: Cloyster
|cant|p1a: Snorlax|partiallytrapped
|
|turn|56
|choice|switch 3|move 1
|
|switch|p1a: Alakazam|Alakazam|297\/313 par
|move|p2a: Cloyster|Clamp|p1a: Alakazam|[miss]
|-miss|p2a: Cloyster
|
|turn|57
|choice|move 3|move 1
|
|move|p2a: Cloyster|Clamp|p1a: Alakazam
|-damage|p1a: Alakazam|264\/313 par
|-activate|p1a: Alakazam|move: Clamp|[of] p2a: Cloyster
|cant|p1a: Alakazam|partiallytrapped
|
|turn|58
|choice|move 3|move 1
|
|move|p2a: Cloyster|Clamp|p1a: Alakazam
|-damage|p1a: Alakazam|231\/313 par
|cant|p1a: Alakazam|partiallytrapped
|
|turn|59
|choice|move 3|move 1
|
|move|p2a: Cloyster|Clamp|p1a: Alakazam
|-damage|p1a: Alakazam|198\/313 par
|cant|p1a: Alakazam|partiallytrapped
|
|-end|p1a: Alakazam|Clamp|[partiallytrapped]
|turn|60
|-message|xhuntingx forfeited.
|
|win|SinisterHFigure
|l|xhuntingx
|player|p1
|raw|xhuntingx's rating: 1029 &rarr; <strong>1018<\/strong><br \/>(-11 for losing)
|raw|SinisterHFigure's rating: 1118 &rarr; <strong>1137<\/strong><br \/>(+19 for winning)