|j|substan
|j|fapkingg
|player|p1|substan|121
|player|p2|fapkingg|96
|gametype|singles
|gen|1
|tier|[Gen 1] OU
|seed|29612,58110,7414,62503
|rule|Sleep Clause Mod: Limit one foe put to sleep
|rule|Freeze Clause Mod: Limit one foe frozen
|rule|Species Clause: Limit one of each Pokémon
|rule|OHKO Clause: OHKO moves are banned
|rule|Evasion Moves Clause: Evasion moves are banned
|rule|HP Percentage Mod: HP is shown in percentages
|
|start
|switch|p1a: Gengar|Gengar|323\/323
|switch|p2a: Alakazam|Alakazam|313\/313
|turn|1
|j|absdaddy
|c|★fapkingg|hf man xd
|c|★substan|you too
|choice|switch 2|move 1
|
|switch|p1a: Chansey|Chansey|703\/703
|move|p2a: Alakazam|Psychic|p1a: Chansey
|-damage|p1a: Chansey|578\/703
|
|turn|2
|c| absdaddy|thanks guys
|choice|move 1|move 4
|
|move|p2a: Alakazam|Thunder Wave|p1a: Chansey
|-status|p1a: Chansey|par
|cant|p1a: Chansey|par
|
|turn|3
|choice|move 1|move 1
|
|move|p2a: Alakazam|Psychic|p1a: Chansey
|-crit|p1a: Chansey
|-damage|p1a: Chansey|343\/703 par
|cant|p1a: Chansey|par
|
|turn|4
|c|★substan|off to a great start
|choice|move 4|move 1
|
|move|p2a: Alakazam|Psychic|p1a: Chansey
|-damage|p1a: Chansey|226\/703 par
|move|p1a: Chansey|Soft-Boiled|p1a: Chansey
|-heal|p1a: Chansey|577\/703 par
|
|turn|5
|choice|move 3|move 1
|
|move|p2a: Alakazam|Psychic|p1a: Chansey
|-damage|p1a: Chansey|457\/703 par
|-unboost|p1a: Chansey|spd|1
|-unboost|p1a: Chansey|spa|1
|move|p1a: Chansey|Thunder Wave|p2a: Alakazam
|-status|p2a: Alakazam|par
|
|turn|6
|choice|move 4|move 1
|
|cant|p2a: Alakazam|par
|cant|p1a: Chansey|par
|
|turn|7
|choice|move 4|move 1
|
|move|p2a: Alakazam|Psychic|p1a: Chansey
|-crit|p1a: Chansey
|-damage|p1a: Chansey|218\/703 par
|-unboost|p1a: Chansey|spd|1
|-unboost|p1a: Chansey|spa|1
|move|p1a: Chansey|Soft-Boiled|p1a: Chansey
|-heal|p1a: Chansey|569\/703 par
|
|turn|8
|choice|switch 4|move 1
|
|switch|p1a: Exeggutor|Exeggutor|393\/393
|cant|p2a: Alakazam|par
|
|turn|9
|choice|switch 4|move 3
|
|switch|p1a: Chansey|Chansey|569\/703 par
|move|p2a: Alakazam|Seismic Toss|p1a: Chansey
|-damage|p1a: Chansey|469\/703 par
|
|turn|10
|choice|move 4|move 1
|
|cant|p2a: Alakazam|par
|move|p1a: Chansey|Soft-Boiled|p1a: Chansey
|-heal|p1a: Chansey|703\/703 par
|
|turn|11
|choice|move 1|move 3
|
|cant|p2a: Alakazam|par
|cant|p1a: Chansey|par
|
|turn|12
|choice|move 1|move 3
|
|move|p2a: Alakazam|Seismic Toss|p1a: Chansey
|-damage|p1a: Chansey|603\/703 par
|cant|p1a: Chansey|par
|
|turn|13
|choice|move 1|move 1
|
|move|p2a: Alakazam|Psychic|p1a: Chansey
|-damage|p1a: Chansey|466\/703 par
|move|p1a: Chansey|Ice Beam|p2a: Alakazam
|-damage|p2a: Alakazam|252\/313 par
|
|turn|14
|choice|move 4|move 1
|
|cant|p2a: Alakazam|par
|move|p1a: Chansey|Soft-Boiled|p1a: Chansey
|-heal|p1a: Chansey|703\/703 par
|
|turn|15
|choice|move 2|move 3
|
|move|p2a: Alakazam|Seismic Toss|p1a: Chansey
|-damage|p1a: Chansey|603\/703 par
|move|p1a: Chansey|Thunderbolt|p2a: Alakazam
|-crit|p2a: Alakazam
|-damage|p2a: Alakazam|134\/313 par
|
|turn|16
|choice|switch 3|move 1
|
|switch|p1a: Snorlax|Snorlax|523\/523
|move|p2a: Alakazam|Psychic|p1a: Snorlax
|-crit|p1a: Snorlax
|-damage|p1a: Snorlax|196\/523
|
|turn|17
|choice|move 2|switch 4
|
|switch|p2a: Exeggutor|Exeggutor|393\/393
|move|p1a: Snorlax|Earthquake|p2a: Exeggutor
|-resisted|p2a: Exeggutor
|-damage|p2a: Exeggutor|346\/393
|
|turn|18
|choice|switch 3|move 1
|
|switch|p1a: Chansey|Chansey|603\/703 par
|move|p2a: Exeggutor|Sleep Powder|p1a: Chansey
|-fail|p1a: Chansey
|
|turn|19
|choice|switch 3|switch 4
|
|switch|p2a: Alakazam|Alakazam|134\/313 par
|switch|p1a: Snorlax|Snorlax|196\/523
|
|turn|20
|choice|move 1|switch 4
|
|switch|p2a: Exeggutor|Exeggutor|346\/393
|move|p1a: Snorlax|Body Slam|p2a: Exeggutor
|-damage|p2a: Exeggutor|222\/393
|
|turn|21
|choice|move 4|switch 4
|
|switch|p2a: Alakazam|Alakazam|134\/313 par
|move|p1a: Snorlax|Self-Destruct|p2a: Alakazam
|-damage|p2a: Alakazam|0 fnt
|faint|p2a: Alakazam
|faint|p1a: Snorlax
|choice|switch 2|switch 4
|
|switch|p1a: Gengar|Gengar|323\/323
|switch|p2a: Exeggutor|Exeggutor|222\/393
|turn|22
|choice|move 1|move 1
|
|move|p1a: Gengar|Hypnosis|p2a: Exeggutor|[miss]
|-miss|p1a: Gengar
|move|p2a: Exeggutor|Sleep Powder|p1a: Gengar
|-status|p1a: Gengar|slp
|
|turn|23
|c|★substan|lol
|choice|switch 3|switch 5
|
|switch|p1a: Chansey|Chansey|603\/703 par
|switch|p2a: Snorlax|Snorlax|523\/523
|
|turn|24
|choice|move 3|move 2
|
|move|p2a: Snorlax|Earthquake|p1a: Chansey
|-damage|p1a: Chansey|356\/703 par
|move|p1a: Chansey|Thunder Wave|p2a: Snorlax
|-status|p2a: Snorlax|par
|
|turn|25
|choice|move 4|move 1
|
|cant|p1a: Chansey|par
|move|p2a: Snorlax|Body Slam|p1a: Chansey
|-damage|p1a: Chansey|80\/703 par
|
|turn|26
|choice|switch 3|move 3
|
|switch|p1a: Gengar|Gengar|323\/323 slp
|move|p2a: Snorlax|Hyper Beam|p1a: Gengar
|-immune|p1a: Gengar|[msg]
|
|turn|27
|choice|move 4|move 1
|
|cant|p1a: Gengar|slp
|move|p2a: Snorlax|Body Slam|p1a: Gengar
|-immune|p1a: Gengar|[msg]
|
|turn|28
|choice|move 3|move 2
|
|cant|p1a: Gengar|slp
|move|p2a: Snorlax|Earthquake|p1a: Gengar
|-supereffective|p1a: Gengar
|-damage|p1a: Gengar|92\/323 slp
|
|turn|29
|choice|move 4|move 2
|
|cant|p1a: Gengar|slp
|cant|p2a: Snorlax|par
|
|turn|30
|c|★substan|lol
|c|★substan|fuck this stupid shit
|-message|substan forfeited.
|
|win|fapkingg
|l|substan
|player|p1