|join|Zokuru
|join|Giju
|player|p1|Zokuru|170
|player|p2|Giju|163
|gametype|singles
|gen|1
|tier|[Gen 1] OU
|rule|Sleep Clause Mod: Limit one foe put to sleep
|rule|Freeze Clause Mod: Limit one foe frozen
|rule|Species Clause: Limit one of each Pokémon
|rule|OHKO Clause: OHKO moves are banned
|rule|Evasion Moves Clause: Evasion moves are banned
|rule|HP Percentage Mod: HP is shown in percentages
|
|start
|switch|p1a: Jolteon|Jolteon|333\/333
|switch|p2a: Alak|Alakazam|313\/313
|turn|1
|
|switch|p2a: Gol|Golem|363\/363
|move|p1a: Jolteon|Pin Missile|p2a: Gol
|-crit|p2a: Gol
|-damage|p2a: Gol|350\/363
|-damage|p2a: Gol|337\/363
|-damage|p2a: Gol|324\/363
|-damage|p2a: Gol|311\/363
|-hitcount|p2a: Gol|4
|
|turn|2
|
|switch|p1a: Starmie|Starmie|323\/323
|move|p2a: Gol|Body Slam|p1a: Starmie
|-damage|p1a: Starmie|248\/323
|
|turn|3
|c|★Giju|jolt looks good
|
|switch|p2a: Chan|Chansey|703\/703
|move|p1a: Starmie|Thunder Wave|p2a: Chan
|-status|p2a: Chan|par
|
|turn|4
|
|switch|p1a: Jolteon|Jolteon|333\/333
|move|p2a: Chan|Thunderbolt|p1a: Jolteon
|-crit|p1a: Jolteon
|-resisted|p1a: Jolteon
|-damage|p1a: Jolteon|264\/333
|
|turn|5
|
|move|p1a: Jolteon|Double Kick|p2a: Chan
|-crit|p2a: Chan
|-supereffective|p2a: Chan
|-damage|p2a: Chan|494\/703 par
|-damage|p2a: Chan|285\/703 par
|-hitcount|p2a: Chan|2
|cant|p2a: Chan|par
|
|turn|6
|
|move|p1a: Jolteon|Double Kick|p2a: Chan
|-supereffective|p2a: Chan
|-damage|p2a: Chan|185\/703 par
|-damage|p2a: Chan|85\/703 par
|-hitcount|p2a: Chan|2
|move|p2a: Chan|Soft-Boiled|p2a: Chan
|-heal|p2a: Chan|436\/703 par
|
|turn|7
|
|switch|p1a: Snorlax|Snorlax|523\/523
|move|p2a: Chan|Thunder Wave|p1a: Snorlax
|-status|p1a: Snorlax|par
|
|turn|8
|
|switch|p2a: Snor|Snorlax|523\/523
|move|p1a: Snorlax|Body Slam|p2a: Snor
|-crit|p2a: Snor
|-damage|p2a: Snor|233\/523
|
|turn|9
|c|★Zokuru|._.
|
|move|p2a: Snor|Body Slam|p1a: Snorlax
|-damage|p1a: Snorlax|379\/523 par
|move|p1a: Snorlax|Reflect|p1a: Snorlax
|-start|p1a: Snorlax|Reflect
|
|turn|10
|
|move|p2a: Snor|Self-Destruct|p1a: Snorlax
|-damage|p1a: Snorlax|174\/523 par
|faint|p2a: Snor
|
|switch|p2a: Alak|Alakazam|313\/313
|turn|11
|
|move|p2a: Alak|Psychic|p1a: Snorlax
|-damage|p1a: Snorlax|16\/523 par
|move|p1a: Snorlax|Rest|p1a: Snorlax
|-status|p1a: Snorlax|slp
|-heal|p1a: Snorlax|523\/523 slp|[silent]
|-status|p1a: Snorlax|slp|[from] move: Rest
|
|turn|12
|
|move|p2a: Alak|Psychic|p1a: Snorlax
|-damage|p1a: Snorlax|349\/523 slp
|cant|p1a: Snorlax|slp
|
|turn|13
|
|switch|p1a: Starmie|Starmie|248\/323
|move|p2a: Alak|Psychic|p1a: Starmie
|-resisted|p1a: Starmie
|-damage|p1a: Starmie|187\/323
|-unboost|p1a: Starmie|spd|1
|-unboost|p1a: Starmie|spa|1
|
|turn|14
|
|switch|p2a: Chan|Chansey|436\/703 par
|move|p1a: Starmie|Thunder Wave|p2a: Chan
|-fail|p2a: Chan|par
|
|turn|15
|
|move|p1a: Starmie|Recover|p1a: Starmie
|-heal|p1a: Starmie|323\/323
|move|p2a: Chan|Thunderbolt|p1a: Starmie
|-supereffective|p1a: Starmie
|-damage|p1a: Starmie|96\/323
|
|turn|16
|
|switch|p1a: Snorlax|Snorlax|349\/523 slp
|cant|p2a: Chan|par
|
|turn|17
|
|switch|p1a: Jolteon|Jolteon|264\/333
|switch|p2a: Exeggutor|Exeggutor|393\/393
|
|turn|18
|
|move|p1a: Jolteon|Pin Missile|p2a: Exeggutor|[miss]
|-miss|p1a: Jolteon
|move|p2a: Exeggutor|Sleep Powder|p1a: Jolteon|[miss]
|-miss|p2a: Exeggutor
|
|turn|19
|c|★Zokuru|:o
|c|★Giju|ç_ç
|
|move|p1a: Jolteon|Pin Missile|p2a: Exeggutor
|-crit|p2a: Exeggutor
|-supereffective|p2a: Exeggutor
|-damage|p2a: Exeggutor|315\/393
|-damage|p2a: Exeggutor|237\/393
|-hitcount|p2a: Exeggutor|2
|move|p2a: Exeggutor|Sleep Powder|p1a: Jolteon
|-status|p1a: Jolteon|slp
|
|turn|20
|
|cant|p1a: Jolteon|slp
|move|p2a: Exeggutor|Stun Spore|p1a: Jolteon|[miss]
|-miss|p2a: Exeggutor
|
|turn|21
|
|cant|p1a: Jolteon|slp
|move|p2a: Exeggutor|Psychic|p1a: Jolteon
|-damage|p1a: Jolteon|139\/333 slp
|-unboost|p1a: Jolteon|spd|1
|-unboost|p1a: Jolteon|spa|1
|
|turn|22
|
|switch|p1a: Chansey|Chansey|703\/703
|move|p2a: Exeggutor|Psychic|p1a: Chansey
|-damage|p1a: Chansey|579\/703
|
|turn|23
|
|switch|p2a: Chan|Chansey|436\/703 par
|move|p1a: Chansey|Sing|p2a: Chan
|-fail|p2a: Chan
|
|turn|24
|
|move|p1a: Chansey|Seismic Toss|p2a: Chan
|-damage|p2a: Chan|336\/703 par
|move|p2a: Chan|Thunderbolt|p1a: Chansey
|-damage|p1a: Chansey|510\/703
|
|turn|25
|
|move|p1a: Chansey|Seismic Toss|p2a: Chan
|-damage|p2a: Chan|236\/703 par
|move|p2a: Chan|Soft-Boiled|p2a: Chan
|-heal|p2a: Chan|587\/703 par
|
|turn|26
|
|move|p1a: Chansey|Seismic Toss|p2a: Chan
|-damage|p2a: Chan|487\/703 par
|move|p2a: Chan|Ice Beam|p1a: Chansey
|-damage|p1a: Chansey|434\/703
|
|turn|27
|
|move|p1a: Chansey|Soft-Boiled|p1a: Chansey
|-heal|p1a: Chansey|703\/703
|move|p2a: Chan|Ice Beam|p1a: Chansey
|-damage|p1a: Chansey|630\/703
|
|turn|28
|
|switch|p1a: Snorlax|Snorlax|349\/523 slp
|move|p2a: Chan|Thunderbolt|p1a: Snorlax
|-crit|p1a: Snorlax
|-damage|p1a: Snorlax|165\/523 slp
|
|turn|29
|
|-curestatus|p1a: Snorlax|slp
|move|p2a: Chan|Thunderbolt|p1a: Snorlax
|-damage|p1a: Snorlax|57\/523
|
|turn|30
|
|switch|p2a: Gol|Golem|311\/363
|move|p1a: Snorlax|Rest|p1a: Snorlax
|-status|p1a: Snorlax|slp
|-heal|p1a: Snorlax|523\/523 slp|[silent]
|-status|p1a: Snorlax|slp|[from] move: Rest
|
|turn|31
|
|switch|p1a: Jolteon|Jolteon|139\/333 slp
|move|p2a: Gol|Earthquake|p1a: Jolteon
|-supereffective|p1a: Jolteon
|-damage|p1a: Jolteon|0 fnt
|faint|p1a: Jolteon
|
|switch|p1a: Starmie|Starmie|96\/323
|turn|32
|
|switch|p2a: Chan|Chansey|487\/703 par
|move|p1a: Starmie|Recover|p1a: Starmie
|-heal|p1a: Starmie|257\/323
|
|turn|33
|
|move|p1a: Starmie|Psychic|p2a: Chan
|-damage|p2a: Chan|383\/703 par
|move|p2a: Chan|Thunderbolt|p1a: Starmie
|-supereffective|p1a: Starmie
|-damage|p1a: Starmie|100\/323
|-status|p1a: Starmie|par
|
|turn|34
|
|switch|p1a: Alakazam|Alakazam|313\/313
|move|p2a: Chan|Thunderbolt|p1a: Alakazam
|-damage|p1a: Alakazam|247\/313
|-status|p1a: Alakazam|par
|
|turn|35
|c|★Giju|sorry
|c|★Giju|O.O
|
|move|p1a: Alakazam|Psychic|p2a: Chan
|-damage|p2a: Chan|260\/703 par
|move|p2a: Chan|Soft-Boiled|p2a: Chan
|-heal|p2a: Chan|611\/703 par
|
|turn|36
|
|move|p1a: Alakazam|Psychic|p2a: Chan
|-damage|p2a: Chan|484\/703 par
|-unboost|p2a: Chan|spd|1
|-unboost|p2a: Chan|spa|1
|move|p2a: Chan|Thunderbolt|p1a: Alakazam
|-damage|p1a: Alakazam|203\/313 par
|
|turn|37
|
|switch|p2a: Exeggutor|Exeggutor|237\/393
|cant|p1a: Alakazam|par
|
|turn|38
|
|move|p2a: Exeggutor|Psychic|p1a: Alakazam
|-resisted|p1a: Alakazam
|-damage|p1a: Alakazam|150\/313 par
|cant|p1a: Alakazam|par
|
|turn|39
|
|move|p2a: Exeggutor|Psychic|p1a: Alakazam
|-resisted|p1a: Alakazam
|-damage|p1a: Alakazam|101\/313 par
|-unboost|p1a: Alakazam|spd|1
|-unboost|p1a: Alakazam|spa|1
|move|p1a: Alakazam|Recover|p1a: Alakazam
|-heal|p1a: Alakazam|257\/313 par
|
|turn|40
|
|switch|p1a: Chansey|Chansey|630\/703
|move|p2a: Exeggutor|Psychic|p1a: Chansey
|-crit|p1a: Chansey
|-damage|p1a: Chansey|382\/703
|
|turn|41
|
|move|p2a: Exeggutor|Sleep Powder|p1a: Chansey|[miss]
|-miss|p2a: Exeggutor
|move|p1a: Chansey|Seismic Toss|p2a: Exeggutor
|-damage|p2a: Exeggutor|137\/393
|
|turn|42
|
|switch|p1a: Alakazam|Alakazam|257\/313 par
|move|p2a: Exeggutor|Sleep Powder|p1a: Alakazam
|-fail|p1a: Alakazam
|
|turn|43
|
|switch|p1a: Koopacow|Tauros|353\/353
|move|p2a: Exeggutor|Psychic|p1a: Koopacow
|-damage|p1a: Koopacow|194\/353
|
|turn|44
|
|move|p1a: Koopacow|Blizzard|p2a: Exeggutor|[miss]
|-miss|p1a: Koopacow
|move|p2a: Exeggutor|Psychic|p1a: Koopacow
|-damage|p1a: Koopacow|32\/353
|-unboost|p1a: Koopacow|spd|1
|-unboost|p1a: Koopacow|spa|1
|
|turn|45
|
|move|p1a: Koopacow|Hyper Beam|p2a: Exeggutor
|-crit|p2a: Exeggutor
|-damage|p2a: Exeggutor|0 fnt
|faint|p2a: Exeggutor
|
|switch|p2a: Alak|Alakazam|313\/313
|turn|46
|
|switch|p1a: Alakazam|Alakazam|257\/313 par
|move|p2a: Alak|Seismic Toss|p1a: Alakazam
|-damage|p1a: Alakazam|157\/313 par
|
|turn|47
|
|switch|p2a: Chan|Chansey|484\/703 par
|move|p1a: Alakazam|Thunder Wave|p2a: Chan
|-fail|p2a: Chan|par
|
|turn|48
|
|move|p1a: Alakazam|Recover|p1a: Alakazam
|-heal|p1a: Alakazam|313\/313 par
|move|p2a: Chan|Ice Beam|p1a: Alakazam
|-damage|p1a: Alakazam|251\/313 par
|
|turn|49
|
|move|p1a: Alakazam|Psychic|p2a: Chan
|-damage|p2a: Chan|352\/703 par
|move|p2a: Chan|Thunderbolt|p1a: Alakazam
|-crit|p1a: Alakazam
|-damage|p1a: Alakazam|132\/313 par
|
|turn|50
|
|switch|p2a: Gol|Golem|311\/363
|move|p1a: Alakazam|Recover|p1a: Alakazam
|-heal|p1a: Alakazam|288\/313 par
|
|turn|51
|
|switch|p1a: Starmie|Starmie|100\/323 par
|move|p2a: Gol|Earthquake|p1a: Starmie
|-damage|p1a: Starmie|0 fnt
|faint|p1a: Starmie
|
|switch|p1a: Koopacow|Tauros|32\/353
|turn|52
|
|move|p1a: Koopacow|Blizzard|p2a: Gol
|-supereffective|p2a: Gol
|-damage|p2a: Gol|85\/363
|move|p2a: Gol|Body Slam|p1a: Koopacow
|-damage|p1a: Koopacow|0 fnt
|faint|p1a: Koopacow
|
|switch|p1a: Chansey|Chansey|382\/703
|turn|53
|
|switch|p2a: Chan|Chansey|352\/703 par
|move|p1a: Chansey|Soft-Boiled|p1a: Chansey
|-heal|p1a: Chansey|703\/703
|
|turn|54
|
|switch|p1a: Alakazam|Alakazam|288\/313 par
|move|p2a: Chan|Ice Beam|p1a: Alakazam
|-damage|p1a: Alakazam|223\/313 par
|
|turn|55
|
|move|p1a: Alakazam|Thunder Wave|p2a: Chan
|-fail|p2a: Chan|par
|move|p2a: Chan|Ice Beam|p1a: Alakazam
|-damage|p1a: Alakazam|165\/313 par
|
|turn|56
|
|move|p1a: Alakazam|Recover|p1a: Alakazam
|-heal|p1a: Alakazam|313\/313 par
|move|p2a: Chan|Soft-Boiled|p2a: Chan
|-heal|p2a: Chan|703\/703 par
|
|turn|57
|
|move|p1a: Alakazam|Psychic|p2a: Chan
|-damage|p2a: Chan|568\/703 par
|move|p2a: Chan|Thunderbolt|p1a: Alakazam
|-damage|p1a: Alakazam|255\/313 par
|
|turn|58
|
|cant|p1a: Alakazam|par
|move|p2a: Chan|Thunderbolt|p1a: Alakazam
|-damage|p1a: Alakazam|197\/313 par
|
|turn|59
|
|move|p1a: Alakazam|Psychic|p2a: Chan
|-damage|p2a: Chan|450\/703 par
|cant|p2a: Chan|par
|
|turn|60
|
|cant|p1a: Alakazam|par
|move|p2a: Chan|Thunderbolt|p1a: Alakazam
|-damage|p1a: Alakazam|139\/313 par
|
|turn|61
|
|switch|p2a: Gol|Golem|85\/363
|cant|p1a: Alakazam|par
|
|turn|62
|
|move|p2a: Gol|Earthquake|p1a: Alakazam|[miss]
|-miss|p2a: Gol
|move|p1a: Alakazam|Psychic|p2a: Gol
|-damage|p2a: Gol|0 fnt
|faint|p2a: Gol
|c|★Giju|miss?!
|
|switch|p2a: Tau|Tauros|353\/353
|turn|63
|c|★Zokuru|1\/256
|
|move|p2a: Tau|Body Slam|p1a: Alakazam
|-damage|p1a: Alakazam|0 fnt
|faint|p1a: Alakazam
|c|★Giju|lol!
|
|switch|p1a: Chansey|Chansey|703\/703
|turn|64
|
|switch|p2a: Chan|Chansey|450\/703 par
|move|p1a: Chansey|Thunder Wave|p2a: Chan
|-fail|p2a: Chan|par
|
|turn|65
|
|switch|p1a: Snorlax|Snorlax|523\/523 slp
|cant|p2a: Chan|par
|
|turn|66
|
|cant|p1a: Snorlax|slp
|cant|p2a: Chan|par
|
|turn|67
|
|switch|p2a: Alak|Alakazam|313\/313
|-curestatus|p1a: Snorlax|slp
|
|turn|68
|
|switch|p2a: Chan|Chansey|450\/703 par
|move|p1a: Snorlax|Body Slam|p2a: Chan
|-damage|p2a: Chan|181\/703 par
|
|turn|69
|
|move|p1a: Snorlax|Body Slam|p2a: Chan
|-damage|p2a: Chan|0 fnt
|faint|p2a: Chan
|
|switch|p2a: Alak|Alakazam|313\/313
|turn|70
|
|move|p2a: Alak|Psychic|p1a: Snorlax
|-damage|p1a: Snorlax|360\/523
|-unboost|p1a: Snorlax|spd|1
|-unboost|p1a: Snorlax|spa|1
|move|p1a: Snorlax|Body Slam|p2a: Alak
|-damage|p2a: Alak|155\/313
|-status|p2a: Alak|par
|
|turn|71
|
|move|p1a: Snorlax|Body Slam|p2a: Alak
|-damage|p2a: Alak|0 fnt
|faint|p2a: Alak
|
|switch|p2a: Tau|Tauros|353\/353
|turn|72
|
|move|p2a: Tau|Body Slam|p1a: Snorlax
|-damage|p1a: Snorlax|237\/523
|move|p1a: Snorlax|Reflect|p1a: Snorlax
|-start|p1a: Snorlax|Reflect
|
|turn|73
|
|move|p2a: Tau|Blizzard|p1a: Snorlax
|-damage|p1a: Snorlax|84\/523
|move|p1a: Snorlax|Rest|p1a: Snorlax
|-status|p1a: Snorlax|slp
|-heal|p1a: Snorlax|523\/523 slp|[silent]
|-status|p1a: Snorlax|slp|[from] move: Rest
|
|turn|74
|
|move|p2a: Tau|Blizzard|p1a: Snorlax
|-damage|p1a: Snorlax|373\/523 slp
|cant|p1a: Snorlax|slp
|
|turn|75
|
|move|p2a: Tau|Blizzard|p1a: Snorlax
|-damage|p1a: Snorlax|217\/523 slp
|-curestatus|p1a: Snorlax|slp
|
|turn|76
|
|move|p2a: Tau|Blizzard|p1a: Snorlax
|-damage|p1a: Snorlax|57\/523
|-status|p1a: Snorlax|frz
|cant|p1a: Snorlax|frz
|
|turn|77
|
|move|p2a: Tau|Body Slam|p1a: Snorlax
|-damage|p1a: Snorlax|0 fnt
|faint|p1a: Snorlax
|
|switch|p1a: Chansey|Chansey|703\/703
|turn|78
|
|move|p2a: Tau|Body Slam|p1a: Chansey
|-damage|p1a: Chansey|422\/703
|move|p1a: Chansey|Sing|p2a: Tau|[miss]
|-miss|p1a: Chansey
|
|turn|79
|
|move|p2a: Tau|Hyper Beam|p1a: Chansey
|-damage|p1a: Chansey|0 fnt
|faint|p1a: Chansey
|
|win|Giju
|join|thomthebomb
|c|★Giju|my god
|c|★Zokuru|Last ?
|c|★Giju|what a bat ç_ç
|c|★Zokuru|Gg
|c|★Giju|i can't ç_ç
|c|★Giju|need to go!
|leave|thomthebomb
|c|★Zokuru|Ok
|c|★Giju|but later?
|c|★Zokuru|Bye
|c|★Giju|when you'll be up?
|c|★Giju|i'll at 19
|c|★Zokuru|I'll remember you
|c|★Giju|ok
|c|★Giju|:D
|leave|Zokuru
|player|p1