|j|Elexion
|j|Riote
|player|p1|Elexion|169
|player|p2|Riote|263
|gametype|singles
|gen|1
|tier|[Gen 1] Random Battle
|rated
|seed|46708,9679,2852,43999
|rule|Sleep Clause Mod: Limit one foe put to sleep
|rule|Freeze Clause Mod: Limit one foe frozen
|rule|HP Percentage Mod: HP is shown in percentages
|
|start
|switch|p1a: Kabuto|Kabuto, L96|252\/252
|switch|p2a: Vileplume|Vileplume, L90|318\/318
|turn|1
|choice|switch 6|move 2
|
|switch|p1a: Zapdos|Zapdos, L79|304\/304
|move|p2a: Vileplume|Sleep Powder|p1a: Zapdos
|-status|p1a: Zapdos|slp
|
|turn|2
|choice|switch 2|move 3
|
|switch|p1a: Growlithe|Growlithe, L96|300\/300
|move|p2a: Vileplume|Swords Dance|p2a: Vileplume
|-boost|p2a: Vileplume|atk|2
|
|turn|3
|choice|move 2|switch 2
|
|switch|p2a: Golem|Golem, L79|288\/288
|move|p1a: Growlithe|Fire Blast|p2a: Golem
|-resisted|p2a: Golem
|-damage|p2a: Golem|214\/288
|-status|p2a: Golem|brn
|
|turn|4
|choice|switch 4|move 2
|
|switch|p1a: Seaking|Seaking, L90|327\/327
|move|p2a: Golem|Rock Slide|p1a: Seaking
|-damage|p1a: Seaking|283\/327
|-damage|p2a: Golem|196\/288 brn|[from] brn|[of] p1a: Seaking
|
|turn|5
|choice|move 3|switch 3
|
|switch|p2a: Vaporeon|Vaporeon, L85|395\/395
|move|p1a: Seaking|Surf|p2a: Vaporeon
|-resisted|p2a: Vaporeon
|-damage|p2a: Vaporeon|353\/395
|
|turn|6
|choice|move 2|move 4
|
|move|p1a: Seaking|Double-Edge|p2a: Vaporeon
|-damage|p2a: Vaporeon|253\/395
|-damage|p1a: Seaking|258\/327|[from] recoil|[of] p2a: Vaporeon
|move|p2a: Vaporeon|Body Slam|p1a: Seaking
|-damage|p1a: Seaking|208\/327
|
|turn|7
|choice|move 1|move 2
|
|move|p1a: Seaking|Hyper Beam|p2a: Vaporeon
|-damage|p2a: Vaporeon|100\/395
|move|p2a: Vaporeon|Surf|p1a: Seaking
|-resisted|p1a: Seaking
|-damage|p1a: Seaking|151\/327
|
|turn|8
|-mustrecharge|p1a: Seaking
|-mustrecharge|p1a: Seaking
|choice|move 1|move 1
|
|cant|p1a: Seaking|recharge
|move|p2a: Vaporeon|Mimic|p1a: Seaking
|-start|p2a: Vaporeon|Mimic|Hyper Beam
|
|turn|9
|choice|move 1|switch 3
|
|switch|p2a: Golem|Golem, L79|196\/288 brn
|-damage|p2a: Golem|178\/288 brn|[from] brn
|move|p1a: Seaking|Hyper Beam|p2a: Golem|[miss]
|-miss|p1a: Seaking
|
|turn|10
|choice|move 3|switch 3
|
|switch|p2a: Vaporeon|Vaporeon, L85|100\/395
|move|p1a: Seaking|Surf|p2a: Vaporeon
|-resisted|p2a: Vaporeon
|-damage|p2a: Vaporeon|56\/395
|
|turn|11
|choice|move 1|move 4
|
|move|p1a: Seaking|Hyper Beam|p2a: Vaporeon
|-damage|p2a: Vaporeon|0 fnt
|faint|p2a: Vaporeon
|choice||switch 4
|
|switch|p2a: Mr. Mime|Mr. Mime, L85|242\/242
|turn|12
|choice|move 1|move 4
|
|move|p2a: Mr. Mime|Thunder Wave|p1a: Seaking
|-status|p1a: Seaking|par
|move|p1a: Seaking|Hyper Beam|p2a: Mr. Mime
|-crit|p2a: Mr. Mime
|-damage|p2a: Mr. Mime|0 fnt
|faint|p2a: Mr. Mime
|choice||switch 3
|
|switch|p2a: Golem|Golem, L79|178\/288 brn
|turn|13
|choice|move 3|move 1
|
|move|p2a: Golem|Explosion|p1a: Seaking
|-damage|p1a: Seaking|29\/327 par
|faint|p2a: Golem
|choice||switch 2
|
|switch|p2a: Vileplume|Vileplume, L90|318\/318
|turn|14
|choice|move 4|move 4
|
|move|p2a: Vileplume|Mega Drain|p1a: Seaking
|-supereffective|p1a: Seaking
|-damage|p1a: Seaking|0 fnt
|faint|p1a: Seaking
|choice|switch 4|
|
|switch|p1a: Growlithe|Growlithe, L96|300\/300
|turn|15
|choice|move 2|switch 5
|
|switch|p2a: Machoke|Machoke, L85|310\/310
|move|p1a: Growlithe|Fire Blast|p2a: Machoke|[miss]
|-miss|p1a: Growlithe
|
|turn|16
|choice|move 4|move 3
|
|move|p1a: Growlithe|Reflect|p1a: Growlithe
|-start|p1a: Growlithe|Reflect
|move|p2a: Machoke|Earthquake|p1a: Growlithe
|-crit|p1a: Growlithe
|-supereffective|p1a: Growlithe
|-damage|p1a: Growlithe|0 fnt
|faint|p1a: Growlithe
|choice|switch 5|
|
|switch|p1a: Hitmonchan|Hitmonchan, L90|273\/273
|turn|17
|choice|move 2|move 2
|
|move|p1a: Hitmonchan|Seismic Toss|p2a: Machoke
|-damage|p2a: Machoke|220\/310
|move|p2a: Machoke|Counter|p1a: Hitmonchan
|-damage|p1a: Hitmonchan|93\/273
|
|turn|18
|choice|move 1|move 3
|
|move|p2a: Machoke|Earthquake|p1a: Hitmonchan
|-damage|p1a: Hitmonchan|24\/273
|move|p1a: Hitmonchan|Counter|p2a: Machoke
|-fail|p1a: Hitmonchan
|
|turn|19
|choice|move 2|move 3
|
|move|p1a: Hitmonchan|Seismic Toss|p2a: Machoke
|-damage|p2a: Machoke|130\/310
|move|p2a: Machoke|Earthquake|p1a: Hitmonchan
|-damage|p1a: Hitmonchan|0 fnt
|faint|p1a: Hitmonchan
|choice|switch 3|
|
|switch|p1a: Raticate|Raticate, L85|267\/267
|turn|20
|choice|move 4|move 2
|
|move|p1a: Raticate|Hyper Beam|p2a: Machoke
|-crit|p2a: Machoke
|-damage|p2a: Machoke|0 fnt
|faint|p2a: Machoke
|choice||switch 5
|
|switch|p2a: Vileplume|Vileplume, L90|318\/318
|turn|21
|choice|move 3|move 4
|
|move|p1a: Raticate|Blizzard|p2a: Vileplume
|-supereffective|p2a: Vileplume
|-damage|p2a: Vileplume|215\/318
|move|p2a: Vileplume|Mega Drain|p1a: Raticate
|-damage|p1a: Raticate|203\/267
|-heal|p2a: Vileplume|247\/318|[from] drain|[of] p1a: Raticate
|
|turn|22
|choice|move 3|move 3
|
|move|p1a: Raticate|Blizzard|p2a: Vileplume
|-supereffective|p2a: Vileplume
|-damage|p2a: Vileplume|147\/318
|-status|p2a: Vileplume|frz
|cant|p2a: Vileplume|frz
|
|turn|23
|choice|move 3|move 4
|
|move|p1a: Raticate|Blizzard|p2a: Vileplume
|-supereffective|p2a: Vileplume
|-damage|p2a: Vileplume|51\/318 frz
|cant|p2a: Vileplume|frz
|
|turn|24
|choice|move 3|move 4
|
|move|p1a: Raticate|Blizzard|p2a: Vileplume
|-supereffective|p2a: Vileplume
|-damage|p2a: Vileplume|0 fnt
|faint|p2a: Vileplume
|choice||switch 6
|
|switch|p2a: Hypno|Hypno, L85|318\/318
|turn|25
|choice|move 4|move 2
|
|move|p1a: Raticate|Hyper Beam|p2a: Hypno
|-damage|p2a: Hypno|165\/318
|move|p2a: Hypno|Thunder Wave|p1a: Raticate
|-status|p1a: Raticate|par
|
|turn|26
|-mustrecharge|p1a: Raticate
|-mustrecharge|p1a: Raticate
|choice|move 1|move 1
|
|move|p2a: Hypno|Psychic|p1a: Raticate
|-damage|p1a: Raticate|55\/267 par
|cant|p1a: Raticate|recharge
|
|turn|27
|choice|move 3|move 1
|
|move|p2a: Hypno|Psychic|p1a: Raticate
|-crit|p1a: Raticate
|-damage|p1a: Raticate|0 fnt
|faint|p1a: Raticate
|choice|switch 6|
|
|switch|p1a: Kabuto|Kabuto, L96|252\/252
|turn|28
|choice|move 2|move 3
|
|move|p1a: Kabuto|Swords Dance|p1a: Kabuto
|-boost|p1a: Kabuto|atk|2
|move|p2a: Hypno|Counter|p1a: Kabuto
|-fail|p2a: Hypno
|
|turn|29
|choice|move 2|move 2
|
|move|p1a: Kabuto|Swords Dance|p1a: Kabuto
|-boost|p1a: Kabuto|atk|2
|move|p2a: Hypno|Thunder Wave|p1a: Kabuto
|-status|p1a: Kabuto|par
|
|turn|30
|choice|move 4|move 1
|
|move|p2a: Hypno|Psychic|p1a: Kabuto
|-damage|p1a: Kabuto|113\/252 par
|cant|p1a: Kabuto|par
|
|turn|31
|choice|move 4|move 1
|
|move|p2a: Hypno|Psychic|p1a: Kabuto
|-damage|p1a: Kabuto|0 fnt
|faint|p1a: Kabuto
|c|★Riote|weak zapdos
|choice|switch 2|
|
|switch|p1a: Zapdos|Zapdos, L79|304\/304 slp
|turn|32
|c|★Elexion|welp fuck you
|choice|move 3|move 1
|
|cant|p1a: Zapdos|slp
|move|p2a: Hypno|Psychic|p1a: Zapdos
|-damage|p1a: Zapdos|209\/304 slp
|
|turn|33
|choice|move 4|move 1
|
|cant|p1a: Zapdos|slp
|move|p2a: Hypno|Psychic|p1a: Zapdos
|-damage|p1a: Zapdos|113\/304 slp
|-unboost|p1a: Zapdos|spd|1
|-unboost|p1a: Zapdos|spa|1
|
|turn|34
|choice|move 4|move 1
|
|cant|p1a: Zapdos|slp
|move|p2a: Hypno|Psychic|p1a: Zapdos
|-damage|p1a: Zapdos|0 fnt
|faint|p1a: Zapdos
|
|win|Riote
|raw|Elexion's rating: 1153 &rarr; <strong>1127<\/strong><br \/>(-26 for losing)
|raw|Riote's rating: 1141 &rarr; <strong>1167<\/strong><br \/>(+26 for winning)
|c|★Riote|gg