|join|SlickDickMcPrick
|join|eldougi
|player|p1|SlickDickMcPrick|33
|player|p2|eldougi|169
|gametype|singles
|gen|1
|tier|[Gen 1] Random Battle
|rated
|rule|Sleep Clause Mod: Limit one foe put to sleep
|rule|Freeze Clause Mod: Limit one foe frozen
|rule|HP Percentage Mod: HP is shown in percentages
|
|start
|switch|p1a: Spearow|Spearow, L96|272\/272
|switch|p2a: Omanyte|Omanyte, L96|262\/262
|turn|1
|
|switch|p1a: Slowbro|Slowbro, L79|312\/312
|move|p2a: Omanyte|Blizzard|p1a: Slowbro
|-resisted|p1a: Slowbro
|-damage|p1a: Slowbro|252\/312
|
|turn|2
|
|move|p2a: Omanyte|Seismic Toss|p1a: Slowbro
|-damage|p1a: Slowbro|156\/312
|move|p1a: Slowbro|Amnesia|p1a: Slowbro
|-boost|p1a: Slowbro|spd|2
|-boost|p1a: Slowbro|spa|2
|
|turn|3
|
|move|p2a: Omanyte|Seismic Toss|p1a: Slowbro
|-damage|p1a: Slowbro|60\/312
|move|p1a: Slowbro|Thunder Wave|p2a: Omanyte
|-status|p2a: Omanyte|par
|
|turn|4
|
|move|p1a: Slowbro|Rest|p1a: Slowbro
|-status|p1a: Slowbro|slp
|-heal|p1a: Slowbro|312\/312 slp|[silent]
|-status|p1a: Slowbro|slp|[from] move: Rest
|move|p2a: Omanyte|Seismic Toss|p1a: Slowbro
|-damage|p1a: Slowbro|216\/312 slp
|
|turn|5
|
|switch|p1a: Spearow|Spearow, L96|272\/272
|move|p2a: Omanyte|Rest|p2a: Omanyte
|-fail|p2a: Omanyte
|
|turn|6
|
|switch|p1a: Slowbro|Slowbro, L79|216\/312 slp
|switch|p2a: Farfetch'd|Farfetch'd, L99|304\/304
|
|turn|7
|
|move|p2a: Farfetch'd|Slash|p1a: Slowbro
|-crit|p1a: Slowbro
|-damage|p1a: Slowbro|69\/312 slp
|cant|p1a: Slowbro|slp
|
|turn|8
|
|switch|p1a: Zubat|Zubat, L96|272\/272
|move|p2a: Farfetch'd|Swords Dance|p2a: Farfetch'd
|-boost|p2a: Farfetch'd|atk|2
|
|turn|9
|
|move|p2a: Farfetch'd|Slash|p1a: Zubat
|-damage|p1a: Zubat|53\/272
|move|p1a: Zubat|Confuse Ray|p2a: Farfetch'd
|-start|p2a: Farfetch'd|confusion
|
|turn|10
|
|-activate|p2a: Farfetch'd|confusion
|move|p2a: Farfetch'd|Slash|p1a: Zubat
|-crit|p1a: Zubat
|-damage|p1a: Zubat|0 fnt
|faint|p1a: Zubat
|
|switch|p1a: Spearow|Spearow, L96|272\/272
|turn|11
|
|move|p1a: Spearow|Mirror Move|p1a: Spearow
|move|p1a: Spearow|Slash|p2a: Farfetch'd|[from]Mirror Move
|-crit|p2a: Farfetch'd
|-damage|p2a: Farfetch'd|154\/304
|-activate|p2a: Farfetch'd|confusion
|move|p2a: Farfetch'd|Slash|p1a: Spearow
|-crit|p1a: Spearow
|-damage|p1a: Spearow|26\/272
|
|turn|12
|
|move|p1a: Spearow|Mirror Move|p1a: Spearow
|move|p1a: Spearow|Slash|p2a: Farfetch'd|[from]Mirror Move
|-crit|p2a: Farfetch'd
|-damage|p2a: Farfetch'd|0 fnt
|faint|p2a: Farfetch'd
|
|switch|p2a: Omanyte|Omanyte, L96|262\/262 par
|turn|13
|
|move|p1a: Spearow|Mirror Move|p1a: Spearow
|-fail|p1a: Spearow
|move|p2a: Omanyte|Seismic Toss|p1a: Spearow
|-damage|p1a: Spearow|0 fnt
|faint|p1a: Spearow
|
|switch|p1a: Primeape|Primeape, L85|284\/284
|turn|14
|
|move|p1a: Primeape|Submission|p2a: Omanyte
|-supereffective|p2a: Omanyte
|-damage|p2a: Omanyte|102\/262 par
|-damage|p1a: Primeape|244\/284|[from] recoil|[of] p2a: Omanyte
|move|p2a: Omanyte|Surf|p1a: Primeape
|-damage|p1a: Primeape|82\/284
|
|turn|15
|
|move|p1a: Primeape|Submission|p2a: Omanyte
|-crit|p2a: Omanyte
|-supereffective|p2a: Omanyte
|-damage|p2a: Omanyte|0 fnt
|-damage|p1a: Primeape|57\/284|[from] recoil|[of] p2a: Omanyte
|faint|p2a: Omanyte
|
|switch|p2a: Moltres|Moltres, L85|327\/327
|turn|16
|
|move|p1a: Primeape|Hyper Beam|p2a: Moltres
|-damage|p2a: Moltres|215\/327
|move|p2a: Moltres|Substitute|p2a: Moltres
|-start|p2a: Moltres|Substitute
|-damage|p2a: Moltres|134\/327
|
|turn|17
|
|cant|p1a: Primeape|recharge
|move|p2a: Moltres|Agility|p2a: Moltres
|-boost|p2a: Moltres|spe|2
|
|turn|18
|
|move|p2a: Moltres|Fire Blast|p1a: Primeape
|-crit|p1a: Primeape
|-damage|p1a: Primeape|0 fnt
|faint|p1a: Primeape
|
|switch|p1a: Arcanine|Arcanine, L85|327\/327
|turn|19
|
|move|p2a: Moltres|Toxic|p1a: Arcanine
|-status|p1a: Arcanine|tox
|move|p1a: Arcanine|Body Slam|p2a: Moltres
|-activate|p2a: Moltres|Substitute|[damage]
|-damage|p1a: Arcanine|307\/327 tox|[from] tox|[of] p2a: Moltres
|
|turn|20
|
|move|p2a: Moltres|Fire Blast|p1a: Arcanine
|-resisted|p1a: Arcanine
|-damage|p1a: Arcanine|222\/327 tox
|move|p1a: Arcanine|Body Slam|p2a: Moltres
|-end|p2a: Moltres|Substitute
|-damage|p1a: Arcanine|182\/327 tox|[from] tox|[of] p2a: Moltres
|
|turn|21
|
|move|p2a: Moltres|Substitute|p2a: Moltres
|-start|p2a: Moltres|Substitute
|-damage|p2a: Moltres|53\/327
|move|p1a: Arcanine|Fire Blast|p2a: Moltres
|-resisted|p2a: Moltres
|-activate|p2a: Moltres|Substitute|[damage]
|-damage|p1a: Arcanine|122\/327 tox|[from] tox|[of] p2a: Moltres
|
|turn|22
|
|move|p2a: Moltres|Fire Blast|p1a: Arcanine
|-resisted|p1a: Arcanine
|-damage|p1a: Arcanine|39\/327 tox
|move|p1a: Arcanine|Body Slam|p2a: Moltres
|-end|p2a: Moltres|Substitute
|-damage|p1a: Arcanine|0 fnt|[from] tox|[of] p2a: Moltres
|faint|p1a: Arcanine
|
|switch|p1a: Porygon|Porygon, L85|284\/284
|turn|23
|c|★SlickDickMcPrick|clever
|
|move|p2a: Moltres|Fire Blast|p1a: Porygon
|-damage|p1a: Porygon|104\/284
|move|p1a: Porygon|Thunder Wave|p2a: Moltres
|-status|p2a: Moltres|par
|
|turn|24
|c|★eldougi|thx
|
|move|p1a: Porygon|Recover|p1a: Porygon
|-heal|p1a: Porygon|246\/284
|move|p2a: Moltres|Fire Blast|p1a: Porygon
|-damage|p1a: Porygon|76\/284
|
|turn|25
|
|move|p1a: Porygon|Recover|p1a: Porygon
|-heal|p1a: Porygon|218\/284
|move|p2a: Moltres|Toxic|p1a: Porygon
|-status|p1a: Porygon|tox
|
|turn|26
|
|move|p1a: Porygon|Ice Beam|p2a: Moltres
|-supereffective|p2a: Moltres
|-damage|p2a: Moltres|0 fnt
|faint|p2a: Moltres
|
|switch|p2a: Arcanine|Arcanine, L85|327\/327
|turn|27
|
|move|p2a: Arcanine|Body Slam|p1a: Porygon
|-damage|p1a: Porygon|138\/284 tox
|move|p1a: Porygon|Thunder Wave|p2a: Arcanine
|-status|p2a: Arcanine|par
|-damage|p1a: Porygon|121\/284 tox|[from] tox|[of] p2a: Arcanine
|
|turn|28
|
|move|p1a: Porygon|Recover|p1a: Porygon
|-heal|p1a: Porygon|263\/284 tox
|-damage|p1a: Porygon|229\/284 tox|[from] psn
|move|p2a: Arcanine|Fire Blast|p1a: Porygon
|-damage|p1a: Porygon|111\/284 tox
|
|turn|29
|
|move|p1a: Porygon|Recover|p1a: Porygon
|-heal|p1a: Porygon|253\/284 tox
|-damage|p1a: Porygon|202\/284 tox|[from] psn
|move|p2a: Arcanine|Mimic|p1a: Porygon
|-start|p2a: Arcanine|Mimic|Thunder Wave
|
|turn|30
|
|move|p1a: Porygon|Ice Beam|p2a: Arcanine
|-damage|p2a: Arcanine|264\/327 par
|-damage|p1a: Porygon|134\/284 tox|[from] tox|[of] p2a: Arcanine
|cant|p2a: Arcanine|par
|
|turn|31
|
|move|p1a: Porygon|Hyper Beam|p2a: Arcanine
|-damage|p2a: Arcanine|143\/327 par
|-damage|p1a: Porygon|49\/284 tox|[from] tox|[of] p2a: Arcanine
|cant|p2a: Arcanine|par
|
|turn|32
|
|cant|p1a: Porygon|recharge
|-damage|p1a: Porygon|0 fnt|[from] tox|[of] p2a: Arcanine
|faint|p1a: Porygon
|
|switch|p1a: Slowbro|Slowbro, L79|69\/312 slp
|turn|33
|
|cant|p1a: Slowbro|slp
|-curestatus|p1a: Slowbro|slp
|cant|p2a: Arcanine|par
|
|turn|34
|
|move|p1a: Slowbro|Rest|p1a: Slowbro
|-status|p1a: Slowbro|slp
|-heal|p1a: Slowbro|312\/312 slp|[silent]
|-status|p1a: Slowbro|slp|[from] move: Rest
|move|p2a: Arcanine|Body Slam|p1a: Slowbro
|-damage|p1a: Slowbro|254\/312 slp
|
|turn|35
|
|cant|p1a: Slowbro|slp
|move|p2a: Arcanine|Body Slam|p1a: Slowbro
|-crit|p1a: Slowbro
|-damage|p1a: Slowbro|143\/312 slp
|
|turn|36
|
|cant|p1a: Slowbro|slp
|-curestatus|p1a: Slowbro|slp
|move|p2a: Arcanine|Body Slam|p1a: Slowbro
|-damage|p1a: Slowbro|81\/312
|
|turn|37
|
|move|p1a: Slowbro|Rest|p1a: Slowbro
|-status|p1a: Slowbro|slp
|-heal|p1a: Slowbro|312\/312 slp|[silent]
|-status|p1a: Slowbro|slp|[from] move: Rest
|move|p2a: Arcanine|Body Slam|p1a: Slowbro
|-damage|p1a: Slowbro|248\/312 slp
|
|turn|38
|
|switch|p2a: Nidoqueen|Nidoqueen, L85|327\/327
|cant|p1a: Slowbro|slp
|
|turn|39
|
|move|p2a: Nidoqueen|Thunderbolt|p1a: Slowbro|[miss]
|-miss|p2a: Nidoqueen
|cant|p1a: Slowbro|slp
|-curestatus|p1a: Slowbro|slp
|
|turn|40
|
|move|p2a: Nidoqueen|Thunderbolt|p1a: Slowbro
|-supereffective|p1a: Slowbro
|-damage|p1a: Slowbro|125\/312
|move|p1a: Slowbro|Amnesia|p1a: Slowbro
|-boost|p1a: Slowbro|spd|2
|-boost|p1a: Slowbro|spa|2
|
|turn|41
|
|move|p2a: Nidoqueen|Thunderbolt|p1a: Slowbro
|-supereffective|p1a: Slowbro
|-damage|p1a: Slowbro|54\/312
|move|p1a: Slowbro|Surf|p2a: Nidoqueen
|-supereffective|p2a: Nidoqueen
|-damage|p2a: Nidoqueen|0 fnt
|faint|p2a: Nidoqueen
|
|switch|p2a: Arbok|Arbok, L85|276\/276
|turn|42
|
|move|p2a: Arbok|Hyper Beam|p1a: Slowbro
|-damage|p1a: Slowbro|0 fnt
|faint|p1a: Slowbro
|
|win|eldougi
|raw|Ladder updating...
|raw|SlickDickMcPrick's rating: 1263 &rarr; <strong>1226<\/strong><br \/>(-37 for losing)
|raw|eldougi's rating: 1076 &rarr; <strong>1119<\/strong><br \/>(+43 for winning)
|c|★eldougi|nice game
|leave|SlickDickMcPrick
|player|p1