|join|Powered By Pokes
|join|Makka no Boukansha
|player|p1|Powered By Pokes|92
|player|p2|Makka no Boukansha|260
|gametype|singles
|gen|1
|tier|[Gen 1] Random Battle
|rated
|rule|Sleep Clause Mod: Limit one foe put to sleep
|rule|Freeze Clause Mod: Limit one foe frozen
|rule|HP Percentage Mod: HP is shown in percentages
|
|start
|switch|p1a: Clefable|Clefable, L86|339\/339
|switch|p2a: Chansey|Chansey, L82|578\/578
|turn|1
|
|move|p1a: Clefable|Sing|p2a: Chansey
|-status|p2a: Chansey|slp
|cant|p2a: Chansey|slp
|
|turn|2
|
|switch|p2a: Pinsir|Pinsir, L86|287\/287
|move|p1a: Clefable|Thunder|p2a: Pinsir
|-damage|p2a: Pinsir|176\/287
|
|turn|3
|
|move|p2a: Pinsir|Swords Dance|p2a: Pinsir
|-boost|p2a: Pinsir|atk|2
|move|p1a: Clefable|Thunderbolt|p2a: Pinsir
|-crit|p2a: Pinsir
|-damage|p2a: Pinsir|25\/287
|
|turn|4
|
|move|p2a: Pinsir|Submission|p1a: Clefable
|-crit|p1a: Clefable
|-supereffective|p1a: Clefable
|-damage|p1a: Clefable|24\/339
|-damage|p2a: Pinsir|0 fnt|[from] recoil|[of] p1a: Clefable
|faint|p2a: Pinsir
|
|switch|p2a: Pikachu|Pikachu, L92|251\/251
|turn|5
|
|move|p2a: Pikachu|Thunderbolt|p1a: Clefable
|-crit|p1a: Clefable
|-damage|p1a: Clefable|0 fnt
|faint|p1a: Clefable
|
|switch|p1a: Graveler|Graveler, L86|270\/270
|turn|6
|
|move|p2a: Pikachu|Surf|p1a: Graveler
|-supereffective|p1a: Graveler
|-damage|p1a: Graveler|0 fnt
|faint|p1a: Graveler
|
|switch|p1a: Kangaskhan|Kangaskhan, L86|356\/356
|turn|7
|
|move|p2a: Pikachu|Thunder Wave|p1a: Kangaskhan
|-status|p1a: Kangaskhan|par
|move|p1a: Kangaskhan|Earthquake|p2a: Pikachu
|-supereffective|p2a: Pikachu
|-damage|p2a: Pikachu|13\/251
|
|turn|8
|
|move|p2a: Pikachu|Thunderbolt|p1a: Kangaskhan
|-damage|p1a: Kangaskhan|230\/356 par
|cant|p1a: Kangaskhan|par
|
|turn|9
|
|move|p2a: Pikachu|Thunderbolt|p1a: Kangaskhan
|-damage|p1a: Kangaskhan|114\/356 par
|move|p1a: Kangaskhan|Earthquake|p2a: Pikachu
|-supereffective|p2a: Pikachu
|-damage|p2a: Pikachu|0 fnt
|faint|p2a: Pikachu
|
|switch|p2a: Golem|Golem, L82|299\/299
|turn|10
|
|move|p2a: Golem|Earthquake|p1a: Kangaskhan
|-damage|p1a: Kangaskhan|0 fnt
|faint|p1a: Kangaskhan
|
|switch|p1a: Exeggutor|Exeggutor, L82|324\/324
|turn|11
|
|switch|p2a: Chansey|Chansey, L82|578\/578 slp
|move|p1a: Exeggutor|Mega Drain|p2a: Chansey
|-damage|p2a: Chansey|533\/578 slp
|
|turn|12
|
|move|p1a: Exeggutor|Hyper Beam|p2a: Chansey
|-damage|p2a: Chansey|277\/578 slp
|cant|p2a: Chansey|slp
|
|turn|13
|
|cant|p1a: Exeggutor|recharge
|cant|p2a: Chansey|slp
|
|turn|14
|
|move|p1a: Exeggutor|Hyper Beam|p2a: Chansey
|-damage|p2a: Chansey|7\/578 slp
|cant|p2a: Chansey|slp
|
|turn|15
|
|cant|p1a: Exeggutor|recharge
|cant|p2a: Chansey|slp
|
|turn|16
|
|move|p1a: Exeggutor|Egg Bomb|p2a: Chansey|[miss]
|-miss|p1a: Exeggutor
|cant|p2a: Chansey|slp
|-curestatus|p2a: Chansey|slp
|
|turn|17
|
|move|p1a: Exeggutor|Mega Drain|p2a: Chansey
|-damage|p2a: Chansey|0 fnt
|faint|p2a: Chansey
|
|switch|p2a: Exeggutor|Exeggutor, L82|324\/324
|turn|18
|
|move|p2a: Exeggutor|Stun Spore|p1a: Exeggutor|[miss]
|-miss|p2a: Exeggutor
|move|p1a: Exeggutor|Hyper Beam|p2a: Exeggutor
|-damage|p2a: Exeggutor|225\/324
|
|turn|19
|
|cant|p1a: Exeggutor|recharge
|move|p2a: Exeggutor|Stun Spore|p1a: Exeggutor|[miss]
|-miss|p2a: Exeggutor
|
|turn|20
|
|move|p1a: Exeggutor|Egg Bomb|p2a: Exeggutor
|-damage|p2a: Exeggutor|157\/324
|move|p2a: Exeggutor|Egg Bomb|p1a: Exeggutor
|-damage|p1a: Exeggutor|255\/324
|
|turn|21
|
|move|p2a: Exeggutor|Egg Bomb|p1a: Exeggutor
|-damage|p1a: Exeggutor|183\/324
|move|p1a: Exeggutor|Hyper Beam|p2a: Exeggutor
|-damage|p2a: Exeggutor|55\/324
|
|turn|22
|
|cant|p1a: Exeggutor|recharge
|move|p2a: Exeggutor|Egg Bomb|p1a: Exeggutor
|-crit|p1a: Exeggutor
|-damage|p1a: Exeggutor|37\/324
|
|turn|23
|
|move|p2a: Exeggutor|Hyper Beam|p1a: Exeggutor|[miss]
|-miss|p2a: Exeggutor
|move|p1a: Exeggutor|Mega Drain|p2a: Exeggutor
|-resisted|p2a: Exeggutor
|-damage|p2a: Exeggutor|37\/324
|-heal|p1a: Exeggutor|46\/324|[from] drain|[of] p2a: Exeggutor
|
|turn|24
|
|move|p1a: Exeggutor|Mega Drain|p2a: Exeggutor
|-resisted|p2a: Exeggutor
|-damage|p2a: Exeggutor|19\/324
|-heal|p1a: Exeggutor|55\/324|[from] drain|[of] p2a: Exeggutor
|move|p2a: Exeggutor|Hyper Beam|p1a: Exeggutor
|-damage|p1a: Exeggutor|0 fnt
|faint|p1a: Exeggutor
|
|switch|p1a: Nidoking|Nidoking, L86|315\/315
|turn|25
|
|move|p1a: Nidoking|Thunderbolt|p2a: Exeggutor
|-resisted|p2a: Exeggutor
|-damage|p2a: Exeggutor|0 fnt
|faint|p2a: Exeggutor
|
|switch|p2a: Butterfree|Butterfree, L86|279\/279
|turn|26
|
|move|p1a: Nidoking|Thunderbolt|p2a: Butterfree
|-supereffective|p2a: Butterfree
|-damage|p2a: Butterfree|146\/279
|-status|p2a: Butterfree|par
|move|p2a: Butterfree|Sleep Powder|p1a: Nidoking
|-status|p1a: Nidoking|slp
|
|turn|27
|
|switch|p2a: Golem|Golem, L82|299\/299
|cant|p1a: Nidoking|slp
|
|turn|28
|
|switch|p1a: Primeape|Primeape, L86|287\/287
|move|p2a: Golem|Earthquake|p1a: Primeape
|-damage|p1a: Primeape|157\/287
|
|turn|29
|
|switch|p2a: Butterfree|Butterfree, L86|146\/279 par
|move|p1a: Primeape|Mega Kick|p2a: Butterfree
|-damage|p2a: Butterfree|20\/279 par
|
|turn|30
|
|move|p1a: Primeape|Body Slam|p2a: Butterfree
|-damage|p2a: Butterfree|0 fnt
|faint|p2a: Butterfree
|
|switch|p2a: Golem|Golem, L82|299\/299
|turn|31
|
|move|p1a: Primeape|Mega Kick|p2a: Golem
|-resisted|p2a: Golem
|-damage|p2a: Golem|263\/299
|move|p2a: Golem|Earthquake|p1a: Primeape
|-damage|p1a: Primeape|25\/287
|
|turn|32
|
|move|p1a: Primeape|Hyper Beam|p2a: Golem
|-resisted|p2a: Golem
|-damage|p2a: Golem|219\/299
|move|p2a: Golem|Body Slam|p1a: Primeape
|-damage|p1a: Primeape|0 fnt
|faint|p1a: Primeape
|
|switch|p1a: Nidoking|Nidoking, L86|315\/315 slp
|turn|33
|
|cant|p1a: Nidoking|slp
|-curestatus|p1a: Nidoking|slp
|move|p2a: Golem|Earthquake|p1a: Nidoking
|-supereffective|p1a: Nidoking
|-damage|p1a: Nidoking|69\/315
|
|turn|34
|c|★Powered By Pokes|gg
|c|★Makka no Boukansha|g
|
|move|p1a: Nidoking|Blizzard|p2a: Golem
|-supereffective|p2a: Golem
|-damage|p2a: Golem|19\/299
|-status|p2a: Golem|frz
|cant|p2a: Golem|frz
|
|turn|35
|c|★Makka no Boukansha|gg
|c|★Makka no Boukansha|NOOOOOOO
|c|★Powered By Pokes|ohhhhh nooooooooo lol
|
|move|p1a: Nidoking|Body Slam|p2a: Golem
|-resisted|p2a: Golem
|-damage|p2a: Golem|0 fnt
|faint|p2a: Golem
|
|win|Powered By Pokes
|raw|Ladder updating...
|raw|Powered By Pokes's rating: 1077 &rarr; <strong>1114<\/strong><br \/>(+37 for winning)
|raw|Makka no Boukansha's rating: 1181 &rarr; <strong>1149<\/strong><br \/>(-32 for losing)
|c|★Makka no Boukansha|gg