|join|XianJu
|join|rsc
|player|p1|XianJu|130
|player|p2|rsc|1
|gametype|singles
|gen|1
|tier|[Gen 1] Random Battle
|rated
|rule|Sleep Clause Mod: Limit one foe put to sleep
|rule|Freeze Clause Mod: Limit one foe frozen
|rule|HP Percentage Mod: HP is shown in percentages
|
|start
|switch|p1a: Venonat|Venonat, L96|310\/310
|switch|p2a: Hitmonchan|Hitmonchan, L90|273\/273
|turn|1
|
|move|p2a: Hitmonchan|Body Slam|p1a: Venonat
|-damage|p1a: Venonat|227\/310
|move|p1a: Venonat|Psychic|p2a: Hitmonchan
|-supereffective|p2a: Hitmonchan
|-damage|p2a: Hitmonchan|120\/273
|-unboost|p2a: Hitmonchan|spd|1
|-unboost|p2a: Hitmonchan|spa|1
|
|turn|2
|
|move|p2a: Hitmonchan|Body Slam|p1a: Venonat
|-crit|p1a: Venonat
|-damage|p1a: Venonat|62\/310
|move|p1a: Venonat|Sleep Powder|p2a: Hitmonchan
|-status|p2a: Hitmonchan|slp
|
|turn|3
|
|switch|p2a: Parasect|Parasect, L90|291\/291
|move|p1a: Venonat|Psychic|p2a: Parasect
|-crit|p2a: Parasect
|-damage|p2a: Parasect|189\/291
|
|turn|4
|
|move|p1a: Venonat|Stun Spore|p2a: Parasect
|-status|p2a: Parasect|par
|cant|p2a: Parasect|par
|
|turn|5
|
|move|p1a: Venonat|Psychic|p2a: Parasect
|-damage|p2a: Parasect|140\/291 par
|-unboost|p2a: Parasect|spd|1
|-unboost|p2a: Parasect|spa|1
|cant|p2a: Parasect|par
|
|turn|6
|
|switch|p1a: Lapras|Lapras, L79|367\/367
|move|p2a: Parasect|Body Slam|p1a: Lapras
|-damage|p1a: Lapras|293\/367
|
|turn|7
|
|move|p1a: Lapras|Blizzard|p2a: Parasect
|-supereffective|p2a: Parasect
|-damage|p2a: Parasect|0 fnt
|faint|p2a: Parasect
|
|switch|p2a: Poliwag|Poliwag, L96|272\/272
|turn|8
|
|move|p2a: Poliwag|Amnesia|p2a: Poliwag
|-boost|p2a: Poliwag|spd|2
|-boost|p2a: Poliwag|spa|2
|move|p1a: Lapras|Confuse Ray|p2a: Poliwag
|-start|p2a: Poliwag|confusion
|
|turn|9
|
|-activate|p2a: Poliwag|confusion
|move|p2a: Poliwag|Psychic|p1a: Lapras
|-damage|p1a: Lapras|192\/367
|-unboost|p1a: Lapras|spd|1
|-unboost|p1a: Lapras|spa|1
|move|p1a: Lapras|Body Slam|p2a: Poliwag
|-damage|p2a: Poliwag|202\/272
|
|turn|10
|
|switch|p1a: Electrode|Electrode, L90|291\/291
|-activate|p2a: Poliwag|confusion
|move|p2a: Poliwag|Psychic|p1a: Electrode
|-crit|p1a: Electrode
|-damage|p1a: Electrode|190\/291
|
|turn|11
|
|switch|p2a: Golem|Golem, L79|288\/288
|move|p1a: Electrode|Thunderbolt|p2a: Golem
|-immune|p2a: Golem|[msg]
|
|turn|12
|
|move|p1a: Electrode|Explosion|p2a: Golem
|-resisted|p2a: Golem
|-damage|p2a: Golem|218\/288
|faint|p1a: Electrode
|
|switch|p1a: Lapras|Lapras, L79|192\/367
|turn|13
|
|move|p1a: Lapras|Blizzard|p2a: Golem
|-supereffective|p2a: Golem
|-damage|p2a: Golem|0 fnt
|faint|p2a: Golem
|
|switch|p2a: Poliwag|Poliwag, L96|202\/272
|turn|14
|
|move|p2a: Poliwag|Psychic|p1a: Lapras
|-damage|p1a: Lapras|141\/367
|move|p1a: Lapras|Confuse Ray|p2a: Poliwag
|-start|p2a: Poliwag|confusion
|
|turn|15
|
|switch|p2a: Ninetales|Ninetales, L85|298\/298
|move|p1a: Lapras|Body Slam|p2a: Ninetales
|-damage|p2a: Ninetales|241\/298
|-status|p2a: Ninetales|par
|
|turn|16
|
|move|p1a: Lapras|Confuse Ray|p2a: Ninetales
|-start|p2a: Ninetales|confusion
|-activate|p2a: Ninetales|confusion
|move|p2a: Ninetales|Confuse Ray|p1a: Lapras
|-start|p1a: Lapras|confusion
|
|turn|17
|
|switch|p1a: Kabutops|Kabutops, L85|276\/276
|switch|p2a: Poliwag|Poliwag, L96|202\/272
|
|turn|18
|
|move|p2a: Poliwag|Surf|p1a: Kabutops
|-damage|p1a: Kabutops|189\/276
|move|p1a: Kabutops|Body Slam|p2a: Poliwag
|-damage|p2a: Poliwag|100\/272
|
|turn|19
|
|move|p2a: Poliwag|Surf|p1a: Kabutops
|-damage|p1a: Kabutops|93\/276
|move|p1a: Kabutops|Body Slam|p2a: Poliwag
|-damage|p2a: Poliwag|0 fnt
|faint|p2a: Poliwag
|
|switch|p2a: Wartortle|Wartortle, L85|274\/274
|turn|20
|
|move|p1a: Kabutops|Hyper Beam|p2a: Wartortle|[miss]
|-miss|p1a: Kabutops
|move|p2a: Wartortle|Hydro Pump|p1a: Kabutops
|-damage|p1a: Kabutops|0 fnt
|faint|p1a: Kabutops
|
|switch|p1a: Venonat|Venonat, L96|62\/310
|turn|21
|
|switch|p1a: Machamp|Machamp, L90|345\/345
|move|p2a: Wartortle|Hydro Pump|p1a: Machamp
|-crit|p1a: Machamp
|-damage|p1a: Machamp|125\/345
|
|turn|22
|
|move|p1a: Machamp|Earthquake|p2a: Wartortle
|-damage|p2a: Wartortle|163\/274
|move|p2a: Wartortle|Hydro Pump|p1a: Machamp|[miss]
|-miss|p2a: Wartortle
|
|turn|23
|
|move|p1a: Machamp|Earthquake|p2a: Wartortle
|-damage|p2a: Wartortle|65\/274
|move|p2a: Wartortle|Hydro Pump|p1a: Machamp
|-damage|p1a: Machamp|7\/345
|
|turn|24
|
|move|p1a: Machamp|Earthquake|p2a: Wartortle
|-damage|p2a: Wartortle|0 fnt
|faint|p2a: Wartortle
|
|switch|p2a: Ninetales|Ninetales, L85|241\/298 par
|turn|25
|
|move|p1a: Machamp|Earthquake|p2a: Ninetales
|-crit|p2a: Ninetales
|-supereffective|p2a: Ninetales
|-damage|p2a: Ninetales|0 fnt
|faint|p2a: Ninetales
|-message|rsc forfeited.
|
|win|XianJu
|leave|rsc
|player|p2
|raw|XianJu's rating: 1346 &rarr; <strong>1352<\/strong><br \/>(+6 for winning)
|raw|rsc's rating: 1059 &rarr; <strong>1053<\/strong><br \/>(-6 for losing)