|j|marcoasd
|j|CRITKING
|player|p1|marcoasd|1
|player|p2|CRITKING|157
|gametype|singles
|gen|1
|tier|[Gen 1] OU
|seed|9313,16526,39686,21078
|rule|Sleep Clause Mod: Limit one foe put to sleep
|rule|Freeze Clause Mod: Limit one foe frozen
|rule|Species Clause: Limit one of each Pokémon
|rule|OHKO Clause: OHKO moves are banned
|rule|Evasion Moves Clause: Evasion moves are banned
|rule|HP Percentage Mod: HP is shown in percentages
|
|start
|switch|p1a: Jolteon|Jolteon|333\/333
|switch|p2a: Jynx|Jynx|333\/333
|turn|1
|c|★CRITKING|vediamo un po
|choice|move 1|move 1
|
|move|p1a: Jolteon|Thunder Wave|p2a: Jynx
|-status|p2a: Jynx|par
|move|p2a: Jynx|Lovely Kiss|p1a: Jolteon|[miss]
|-miss|p2a: Jynx
|
|turn|2
|choice|move 2|move 1
|
|move|p1a: Jolteon|Thunderbolt|p2a: Jynx
|-damage|p2a: Jynx|208\/333 par
|move|p2a: Jynx|Lovely Kiss|p1a: Jolteon|[miss]
|-miss|p2a: Jynx
|
|turn|3
|c|★CRITKING|sigh
|choice|move 2|move 1
|
|move|p1a: Jolteon|Thunderbolt|p2a: Jynx
|-damage|p2a: Jynx|94\/333 par
|move|p2a: Jynx|Lovely Kiss|p1a: Jolteon
|-status|p1a: Jolteon|slp
|
|turn|4
|choice|switch 6|move 3
|
|switch|p1a: Lapras|Lapras|463\/463
|move|p2a: Jynx|Blizzard|p1a: Lapras|[miss]
|-miss|p2a: Jynx
|
|turn|5
|choice|move 3|switch 2
|
|switch|p2a: Chansey|Chansey|703\/703
|move|p1a: Lapras|Body Slam|p2a: Chansey
|-damage|p2a: Chansey|541\/703
|
|turn|6
|choice|move 4|move 2
|
|move|p1a: Lapras|Sing|p2a: Chansey|[miss]
|-miss|p1a: Lapras
|move|p2a: Chansey|Thunder Wave|p1a: Lapras
|-status|p1a: Lapras|par
|
|turn|7
|choice|move 3|move 4
|
|move|p2a: Chansey|Seismic Toss|p1a: Lapras
|-damage|p1a: Lapras|363\/463 par
|cant|p1a: Lapras|par
|
|turn|8
|choice|move 3|switch 2
|
|switch|p2a: Jynx|Jynx|94\/333 par
|move|p1a: Lapras|Body Slam|p2a: Jynx
|-damage|p2a: Jynx|0 fnt
|faint|p2a: Jynx
|c|★marcoasd|e jynx fece una finaccia
|c|★marcoasd|come sempre del resto
|c|★CRITKING|mh
|c|★CRITKING|ero indeciso fra zam e jynx lead per sto team
|c|★CRITKING|ma a vederla meglio
|c|★CRITKING|ci vuole starmie
|choice||switch 2
|
|switch|p2a: Chansey|Chansey|541\/703
|turn|9
|choice|switch 4|move 4
|
|switch|p1a: Exeggutor|Exeggutor|393\/393
|move|p2a: Chansey|Seismic Toss|p1a: Exeggutor
|-damage|p1a: Exeggutor|293\/393
|
|turn|10
|choice|move 1|switch 3
|
|switch|p2a: Exeggutor|Exeggutor|393\/393
|move|p1a: Exeggutor|Sleep Powder|p2a: Exeggutor|[miss]
|-miss|p1a: Exeggutor
|
|turn|11
|choice|move 1|move 1
|
|move|p1a: Exeggutor|Sleep Powder|p2a: Exeggutor
|-status|p2a: Exeggutor|slp
|cant|p2a: Exeggutor|slp
|
|turn|12
|choice|switch 3|move 3
|
|switch|p1a: Alakazam|Alakazam|313\/313
|cant|p2a: Exeggutor|slp
|
|turn|13
|choice|move 3|switch 4
|
|switch|p2a: Snorlax|Snorlax|523\/523
|move|p1a: Alakazam|Seismic Toss|p2a: Snorlax
|-damage|p2a: Snorlax|423\/523
|
|turn|14
|choice|move 1|move 1
|
|move|p1a: Alakazam|Thunder Wave|p2a: Snorlax
|-status|p2a: Snorlax|par
|cant|p2a: Snorlax|par
|
|turn|15
|choice|switch 4|move 1
|
|switch|p1a: Lapras|Lapras|363\/463 par
|move|p2a: Snorlax|Body Slam|p1a: Lapras
|-damage|p1a: Lapras|235\/463 par
|
|turn|16
|choice|move 1|move 1
|
|move|p1a: Lapras|Blizzard|p2a: Snorlax
|-damage|p2a: Snorlax|242\/523 par
|move|p2a: Snorlax|Body Slam|p1a: Lapras
|-crit|p1a: Lapras
|-damage|p1a: Lapras|0 fnt
|faint|p1a: Lapras
|choice|switch 5|
|
|switch|p1a: Snorlax|Snorlax|523\/523
|turn|17
|choice|move 3|switch 3
|
|switch|p2a: Chansey|Chansey|541\/703
|move|p1a: Snorlax|Counter|p2a: Chansey
|-damage|p2a: Chansey|71\/703
|
|turn|18
|c|★marcoasd|bam
|c|★CRITKING|mhmh
|c|★CRITKING|volevo scoppiare
|c|★CRITKING|ma se fossi stato reflect
|c|★marcoasd|esatto
|choice|move 1|move 3
|
|move|p2a: Chansey|Soft-Boiled|p2a: Chansey
|-heal|p2a: Chansey|422\/703
|move|p1a: Snorlax|Body Slam|p2a: Chansey
|-damage|p2a: Chansey|148\/703
|
|turn|19
|choice|move 1|move 3
|
|move|p2a: Chansey|Soft-Boiled|p2a: Chansey
|-heal|p2a: Chansey|499\/703
|move|p1a: Snorlax|Body Slam|p2a: Chansey
|-damage|p2a: Chansey|226\/703
|
|turn|20
|choice|move 4|move 3
|
|move|p2a: Chansey|Soft-Boiled|p2a: Chansey
|-heal|p2a: Chansey|577\/703
|move|p1a: Snorlax|Self-Destruct|p2a: Chansey
|-damage|p2a: Chansey|0 fnt
|faint|p2a: Chansey
|faint|p1a: Snorlax
|choice|switch 2|switch 3
|
|switch|p1a: Moltres|Moltres|383\/383
|switch|p2a: Snorlax|Snorlax|242\/523 par
|turn|21
|c|★CRITKING|ah
|c|★CRITKING|ripp
|c|★CRITKING|vabbe dai missa
|choice|move 2|move 4
|
|move|p1a: Moltres|Fire Spin|p2a: Snorlax|[miss]
|-miss|p1a: Moltres
|move|p2a: Snorlax|Self-Destruct|p1a: Moltres
|-damage|p1a: Moltres|6\/383
|faint|p2a: Snorlax
|c|★CRITKING|niente male
|c|★marcoasd|asd
|choice||switch 6
|
|switch|p2a: Tauros|Tauros|353\/353
|turn|22
|choice|switch 6|move 1
|
|switch|p1a: Jolteon|Jolteon|333\/333 slp
|move|p2a: Tauros|Body Slam|p1a: Jolteon
|-damage|p1a: Jolteon|201\/333 slp
|
|turn|23
|choice|move 2|move 1
|
|-curestatus|p1a: Jolteon|slp
|move|p2a: Tauros|Body Slam|p1a: Jolteon
|-damage|p1a: Jolteon|71\/333
|
|turn|24
|c|★CRITKING|noo
|c|★CRITKING|che choke
|c|★marcoasd|noooon male
|c|★CRITKING|dio merda
|choice|move 1|switch 4
|
|switch|p2a: Exeggutor|Exeggutor|393\/393 slp
|move|p1a: Jolteon|Thunder Wave|p2a: Exeggutor
|-fail|p2a: Exeggutor
|
|turn|25
|choice|move 3|switch 5
|
|switch|p2a: Kangaskhan|Kangaskhan|413\/413
|move|p1a: Jolteon|Pin Missile|p2a: Kangaskhan
|-damage|p2a: Kangaskhan|402\/413
|-damage|p2a: Kangaskhan|391\/413
|-damage|p2a: Kangaskhan|380\/413
|-damage|p2a: Kangaskhan|369\/413
|-hitcount|p2a: Kangaskhan|4
|
|turn|26
|c|★marcoasd|te critto
|choice|move 2|move 2
|
|move|p1a: Jolteon|Thunderbolt|p2a: Kangaskhan
|-damage|p2a: Kangaskhan|185\/413
|move|p2a: Kangaskhan|Body Slam|p1a: Jolteon
|-damage|p1a: Jolteon|0 fnt
|faint|p1a: Jolteon
|choice|switch 4|
|
|switch|p1a: Alakazam|Alakazam|313\/313
|turn|27
|c|★CRITKING|cazz psychic fa millemila
|choice|move 2|switch 5
|
|switch|p2a: Exeggutor|Exeggutor|393\/393 slp
|move|p1a: Alakazam|Psychic|p2a: Exeggutor
|-crit|p2a: Exeggutor
|-resisted|p2a: Exeggutor
|-damage|p2a: Exeggutor|290\/393 slp
|
|turn|28
|choice|move 3|move 3
|
|move|p1a: Alakazam|Seismic Toss|p2a: Exeggutor
|-damage|p2a: Exeggutor|190\/393 slp
|cant|p2a: Exeggutor|slp
|
|turn|29
|j|Jaeck
|c|★CRITKING|rip
|choice|switch 6|move 3
|
|switch|p1a: Moltres|Moltres|6\/383
|cant|p2a: Exeggutor|slp
|
|turn|30
|c|★marcoasd|never forget
|l|Jaeck
|choice|move 4|move 4
|
|move|p1a: Moltres|Agility|p1a: Moltres
|-boost|p1a: Moltres|spe|2
|cant|p2a: Exeggutor|slp
|
|turn|31
|choice|move 1|move 4
|
|move|p1a: Moltres|Fire Blast|p2a: Exeggutor
|-supereffective|p2a: Exeggutor
|-damage|p2a: Exeggutor|0 fnt
|faint|p2a: Exeggutor
|choice||switch 4
|
|switch|p2a: Tauros|Tauros|353\/353
|turn|32
|choice|move 1|move 1
|
|move|p1a: Moltres|Fire Blast|p2a: Tauros
|-damage|p2a: Tauros|162\/353
|move|p2a: Tauros|Body Slam|p1a: Moltres
|-damage|p1a: Moltres|0 fnt
|faint|p1a: Moltres
|c|★CRITKING|gg
|c|★marcoasd|non è ancora detto
|j|Marquis Warren
|c|★marcoasd|comunque gg
|l|Marquis Warren
|c|★CRITKING|vabbe
|choice|switch 3|
|
|switch|p1a: Exeggutor|Exeggutor|293\/393
|turn|33
|c|★CRITKING|ah
|c|★CRITKING|è vero è un roll con zam
|c|★CRITKING|beh frezze adesso allora
|choice|move 3|move 4
|
|move|p2a: Tauros|Blizzard|p1a: Exeggutor
|-supereffective|p1a: Exeggutor
|-damage|p1a: Exeggutor|157\/393
|move|p1a: Exeggutor|Psychic|p2a: Tauros
|-damage|p2a: Tauros|14\/353
|
|turn|34
|c|★marcoasd|mah dovevi mandare kanga forse
|c|★marcoasd|non so se poteva sopravvivere, ma comunque non fa più un cazzo
|c|★marcoasd|e con tauros tirare beam
|choice|move 3|move 3
|
|move|p2a: Tauros|Hyper Beam|p1a: Exeggutor
|-damage|p1a: Exeggutor|0 fnt
|faint|p1a: Exeggutor
|c|★CRITKING|non vive
|c|★marcoasd|sperando di crittare
|c|★marcoasd|proprio 0?
|c|★marcoasd|allora critbeam
|c|★marcoasd|con tauros
|c|★marcoasd|poi paraslam su zam e kanga può servire
|c|★marcoasd|soprattuto visto che è stoss
|c|★marcoasd|poi bèh avevo pure sleep
|c|★marcoasd|quindibò
|c|★marcoasd|proprio ch hb
|choice|switch 6|
|
|switch|p1a: Alakazam|Alakazam|313\/313
|turn|35
|c|★CRITKING|ok ora mi servono 2 255
|c|★CRITKING|lol
|c|★marcoasd|basterebbe uno
|choice|move 2|move 1
|
|move|p1a: Alakazam|Psychic|p2a: Tauros
|-damage|p2a: Tauros|0 fnt
|faint|p2a: Tauros
|c|★marcoasd|con fp o ch con roll gadollo
|choice||switch 5
|
|switch|p2a: Kangaskhan|Kangaskhan|185\/413
|turn|36
|c|★marcoasd|g
|choice|move 2|move 3
|
|move|p1a: Alakazam|Psychic|p2a: Kangaskhan
|-damage|p2a: Kangaskhan|0 fnt
|faint|p2a: Kangaskhan
|
|win|marcoasd
|player|p1
|player|p2
|c|★marcoasd|g
|c|★CRITKING|gg
|l|marcoasd