|j|testrun.exe
|j|Vashimus
|player|p1|testrun.exe|101
|player|p2|Vashimus|283
|gametype|singles
|gen|1
|tier|[Gen 1] OU
|rated
|seed|
|rule|Sleep Clause Mod: Limit one foe put to sleep
|rule|Freeze Clause Mod: Limit one foe frozen
|rule|Species Clause: Limit one of each Pokémon
|rule|OHKO Clause: OHKO moves are banned
|rule|Evasion Moves Clause: Evasion moves are banned
|rule|HP Percentage Mod: HP is shown in percentages
|
|start
|switch|p1a: Alakazam|Alakazam|100\/100
|switch|p2a: Jynx|Jynx|100\/100
|turn|1
|choice||
|
|move|p1a: Alakazam|Thunder Wave|p2a: Jynx
|-status|p2a: Jynx|par
|move|p2a: Jynx|Lovely Kiss|p1a: Alakazam
|-status|p1a: Alakazam|slp
|
|turn|2
|choice||
|
|cant|p1a: Alakazam|slp
|move|p2a: Jynx|Mimic|p1a: Alakazam
|-start|p2a: Jynx|Mimic|Thunder Wave
|
|turn|3
|choice||
|
|cant|p1a: Alakazam|slp
|move|p2a: Jynx|Blizzard|p1a: Alakazam
|-crit|p1a: Alakazam
|-damage|p1a: Alakazam|32\/100 slp
|
|turn|4
|choice||
|
|-curestatus|p1a: Alakazam|slp
|move|p2a: Jynx|Thunder Wave|p1a: Alakazam
|-status|p1a: Alakazam|par
|
|turn|5
|choice||
|
|move|p1a: Alakazam|Recover|p1a: Alakazam
|-heal|p1a: Alakazam|82\/100 par
|move|p2a: Jynx|Blizzard|p1a: Alakazam
|-crit|p1a: Alakazam
|-damage|p1a: Alakazam|16\/100 par
|
|turn|6
|choice||
|
|cant|p1a: Alakazam|par
|move|p2a: Jynx|Psychic|p1a: Alakazam
|-resisted|p1a: Alakazam
|-damage|p1a: Alakazam|2\/100 par
|
|turn|7
|choice||
|
|move|p1a: Alakazam|Recover|p1a: Alakazam
|-heal|p1a: Alakazam|52\/100 par
|move|p2a: Jynx|Psychic|p1a: Alakazam
|-resisted|p1a: Alakazam
|-damage|p1a: Alakazam|39\/100 par
|
|turn|8
|choice||
|
|move|p1a: Alakazam|Recover|p1a: Alakazam
|-heal|p1a: Alakazam|89\/100 par
|move|p2a: Jynx|Psychic|p1a: Alakazam
|-crit|p1a: Alakazam
|-resisted|p1a: Alakazam
|-damage|p1a: Alakazam|65\/100 par
|
|turn|9
|choice||
|
|move|p1a: Alakazam|Recover|p1a: Alakazam
|-heal|p1a: Alakazam|100\/100 par
|move|p2a: Jynx|Psychic|p1a: Alakazam
|-resisted|p1a: Alakazam
|-damage|p1a: Alakazam|87\/100 par
|
|turn|10
|choice||
|
|cant|p1a: Alakazam|par
|move|p2a: Jynx|Blizzard|p1a: Alakazam
|-damage|p1a: Alakazam|54\/100 par
|
|turn|11
|choice||
|
|move|p1a: Alakazam|Recover|p1a: Alakazam
|-heal|p1a: Alakazam|100\/100 par
|move|p2a: Jynx|Psychic|p1a: Alakazam
|-resisted|p1a: Alakazam
|-damage|p1a: Alakazam|88\/100 par
|
|turn|12
|choice||
|
|move|p1a: Alakazam|Seismic Toss|p2a: Jynx
|-damage|p2a: Jynx|70\/100 par
|move|p2a: Jynx|Psychic|p1a: Alakazam
|-resisted|p1a: Alakazam
|-damage|p1a: Alakazam|74\/100 par
|
|turn|13
|choice||
|
|move|p1a: Alakazam|Seismic Toss|p2a: Jynx
|-damage|p2a: Jynx|40\/100 par
|move|p2a: Jynx|Blizzard|p1a: Alakazam
|-damage|p1a: Alakazam|37\/100 par
|
|turn|14
|choice||
|
|switch|p2a: Snorlax|Snorlax|100\/100
|cant|p1a: Alakazam|par
|
|turn|15
|choice||
|
|switch|p1a: Victreebel|Victreebel|100\/100
|move|p2a: Snorlax|Body Slam|p1a: Victreebel
|-damage|p1a: Victreebel|64\/100
|
|turn|16
|choice||
|
|switch|p2a: Jynx|Jynx|40\/100 par
|move|p1a: Victreebel|Sleep Powder|p2a: Jynx|[miss]
|-miss|p1a: Victreebel
|
|turn|17
|choice||
|
|move|p1a: Victreebel|Hyper Beam|p2a: Jynx
|-damage|p2a: Jynx|0 fnt
|faint|p2a: Jynx
|choice||
|
|switch|p2a: Alakazam|Alakazam|100\/100
|turn|18
|choice||
|
|switch|p1a: Jynx|Jynx|100\/100
|move|p2a: Alakazam|Psychic|p1a: Jynx|[miss]
|-miss|p2a: Alakazam
|
|turn|19
|choice||
|
|move|p2a: Alakazam|Thunder Wave|p1a: Jynx
|-status|p1a: Jynx|par
|move|p1a: Jynx|Lovely Kiss|p2a: Alakazam
|-status|p2a: Alakazam|slp
|
|turn|20
|choice||
|
|switch|p2a: Tauros|Tauros|100\/100
|move|p1a: Jynx|Hyper Beam|p2a: Tauros
|-damage|p2a: Tauros|76\/100
|
|turn|21
|-mustrecharge|p1a: Jynx
|-mustrecharge|p1a: Jynx
|choice||
|
|move|p2a: Tauros|Body Slam|p1a: Jynx
|-damage|p1a: Jynx|46\/100 par
|cant|p1a: Jynx|recharge
|
|turn|22
|choice||
|
|switch|p1a: Slowbro|Slowbro|100\/100
|move|p2a: Tauros|Body Slam|p1a: Slowbro
|-damage|p1a: Slowbro|76\/100
|
|turn|23
|choice||
|
|switch|p2a: Zapdos|Zapdos|100\/100
|move|p1a: Slowbro|Surf|p2a: Zapdos
|-damage|p2a: Zapdos|80\/100
|
|turn|24
|choice||
|
|switch|p1a: Jolteon|Jolteon|100\/100
|move|p2a: Zapdos|Thunderbolt|p1a: Jolteon
|-resisted|p1a: Jolteon
|-damage|p1a: Jolteon|81\/100
|
|turn|25
|choice||
|
|switch|p2a: Alakazam|Alakazam|100\/100 slp
|move|p1a: Jolteon|Thunderbolt|p2a: Alakazam
|-damage|p2a: Alakazam|70\/100 slp
|
|turn|26
|choice||
|
|move|p1a: Jolteon|Pin Missile|p2a: Alakazam
|-crit|p2a: Alakazam
|-supereffective|p2a: Alakazam
|-damage|p2a: Alakazam|53\/100 slp
|-damage|p2a: Alakazam|35\/100 slp
|-hitcount|p2a: Alakazam|2
|cant|p2a: Alakazam|slp
|
|turn|27
|choice||
|
|switch|p2a: Chansey|Chansey|100\/100
|move|p1a: Jolteon|Pin Missile|p2a: Chansey
|-damage|p2a: Chansey|97\/100
|-damage|p2a: Chansey|94\/100
|-hitcount|p2a: Chansey|2
|
|turn|28
|choice||
|
|switch|p1a: Jynx|Jynx|46\/100 par
|move|p2a: Chansey|Ice Beam|p1a: Jynx
|-resisted|p1a: Jynx
|-damage|p1a: Jynx|33\/100 par
|
|turn|29
|choice||
|
|move|p2a: Chansey|Thunderbolt|p1a: Jynx
|-damage|p1a: Jynx|11\/100 par
|move|p1a: Jynx|Blizzard|p2a: Chansey
|-damage|p2a: Chansey|74\/100
|
|turn|30
|choice||
|
|move|p2a: Chansey|Thunderbolt|p1a: Jynx
|-damage|p1a: Jynx|0 fnt
|faint|p1a: Jynx
|choice||
|
|switch|p1a: Alakazam|Alakazam|37\/100 par
|turn|31
|choice||
|
|switch|p2a: Snorlax|Snorlax|100\/100
|move|p1a: Alakazam|Recover|p1a: Alakazam
|-heal|p1a: Alakazam|87\/100 par
|
|turn|32
|choice||
|
|switch|p1a: Slowbro|Slowbro|76\/100
|move|p2a: Snorlax|Amnesia|p2a: Snorlax
|-boost|p2a: Snorlax|spd|2
|-boost|p2a: Snorlax|spa|2
|
|turn|33
|choice||
|
|switch|p2a: Zapdos|Zapdos|80\/100
|move|p1a: Slowbro|Amnesia|p1a: Slowbro
|-boost|p1a: Slowbro|spd|2
|-boost|p1a: Slowbro|spa|2
|
|turn|34
|choice||
|
|move|p2a: Zapdos|Thunderbolt|p1a: Slowbro
|-crit|p1a: Slowbro
|-supereffective|p1a: Slowbro
|-damage|p1a: Slowbro|0 fnt
|faint|p1a: Slowbro
|choice||
|
|switch|p1a: Jolteon|Jolteon|81\/100
|turn|35
|choice||
|
|move|p1a: Jolteon|Thunderbolt|p2a: Zapdos
|-damage|p2a: Zapdos|53\/100
|move|p2a: Zapdos|Thunder Wave|p1a: Jolteon
|-status|p1a: Jolteon|par
|
|turn|36
|choice||
|
|switch|p2a: Snorlax|Snorlax|100\/100
|cant|p1a: Jolteon|par
|
|turn|37
|choice||
|
|move|p2a: Snorlax|Amnesia|p2a: Snorlax
|-boost|p2a: Snorlax|spd|2
|-boost|p2a: Snorlax|spa|2
|move|p1a: Jolteon|Thunderbolt|p2a: Snorlax
|-damage|p2a: Snorlax|85\/100
|
|turn|38
|choice||
|
|move|p2a: Snorlax|Amnesia|p2a: Snorlax
|-boost|p2a: Snorlax|spd|2
|-boost|p2a: Snorlax|spa|2
|move|p1a: Jolteon|Double Kick|p2a: Snorlax
|-crit|p2a: Snorlax
|-supereffective|p2a: Snorlax
|-damage|p2a: Snorlax|67\/100
|-damage|p2a: Snorlax|50\/100
|-hitcount|p2a: Snorlax|2
|
|turn|39
|choice||
|
|move|p2a: Snorlax|Reflect|p2a: Snorlax
|-start|p2a: Snorlax|Reflect
|move|p1a: Jolteon|Double Kick|p2a: Snorlax
|-supereffective|p2a: Snorlax
|-damage|p2a: Snorlax|45\/100
|-damage|p2a: Snorlax|40\/100
|-hitcount|p2a: Snorlax|2
|
|turn|40
|choice||
|
|move|p2a: Snorlax|Rest|p2a: Snorlax
|-status|p2a: Snorlax|slp
|-heal|p2a: Snorlax|100\/100 slp|[silent]
|-status|p2a: Snorlax|slp|[from] move: Rest
|move|p1a: Jolteon|Double Kick|p2a: Snorlax
|-crit|p2a: Snorlax
|-supereffective|p2a: Snorlax
|-damage|p2a: Snorlax|82\/100 slp
|-damage|p2a: Snorlax|64\/100 slp
|-hitcount|p2a: Snorlax|2
|
|turn|41
|choice||
|
|cant|p2a: Snorlax|slp
|move|p1a: Jolteon|Double Kick|p2a: Snorlax
|-supereffective|p2a: Snorlax
|-damage|p2a: Snorlax|59\/100 slp
|-damage|p2a: Snorlax|54\/100 slp
|-hitcount|p2a: Snorlax|2
|
|turn|42
|choice||
|
|-curestatus|p2a: Snorlax|slp
|move|p1a: Jolteon|Double Kick|p2a: Snorlax
|-supereffective|p2a: Snorlax
|-damage|p2a: Snorlax|49\/100
|-damage|p2a: Snorlax|45\/100
|-hitcount|p2a: Snorlax|2
|
|turn|43
|choice||
|
|move|p2a: Snorlax|Body Slam|p1a: Jolteon
|-damage|p1a: Jolteon|37\/100 par
|move|p1a: Jolteon|Double Kick|p2a: Snorlax
|-supereffective|p2a: Snorlax
|-damage|p2a: Snorlax|40\/100
|-damage|p2a: Snorlax|35\/100
|-hitcount|p2a: Snorlax|2
|
|turn|44
|choice||
|
|move|p2a: Snorlax|Rest|p2a: Snorlax
|-status|p2a: Snorlax|slp
|-heal|p2a: Snorlax|100\/100 slp|[silent]
|-status|p2a: Snorlax|slp|[from] move: Rest
|move|p1a: Jolteon|Double Kick|p2a: Snorlax
|-supereffective|p2a: Snorlax
|-damage|p2a: Snorlax|96\/100 slp
|-damage|p2a: Snorlax|91\/100 slp
|-hitcount|p2a: Snorlax|2
|
|turn|45
|choice||
|
|cant|p2a: Snorlax|slp
|move|p1a: Jolteon|Double Kick|p2a: Snorlax
|-supereffective|p2a: Snorlax
|-damage|p2a: Snorlax|86\/100 slp
|-damage|p2a: Snorlax|81\/100 slp
|-hitcount|p2a: Snorlax|2
|
|turn|46
|choice||
|
|-curestatus|p2a: Snorlax|slp
|move|p1a: Jolteon|Double Kick|p2a: Snorlax
|-supereffective|p2a: Snorlax
|-damage|p2a: Snorlax|76\/100
|-damage|p2a: Snorlax|71\/100
|-hitcount|p2a: Snorlax|2
|
|turn|47
|choice||
|
|move|p2a: Snorlax|Body Slam|p1a: Jolteon
|-damage|p1a: Jolteon|0 fnt
|faint|p1a: Jolteon
|choice||
|
|switch|p1a: Victreebel|Victreebel|64\/100
|turn|48
|choice||
|
|move|p1a: Victreebel|Swords Dance|p1a: Victreebel
|-boost|p1a: Victreebel|atk|2
|move|p2a: Snorlax|Body Slam|p1a: Victreebel
|-damage|p1a: Victreebel|24\/100
|
|turn|49
|choice||
|
|move|p1a: Victreebel|Sleep Powder|p2a: Snorlax
|-message|Sleep Clause Mod activated.
|move|p2a: Snorlax|Body Slam|p1a: Victreebel
|-damage|p1a: Victreebel|0 fnt
|faint|p1a: Victreebel
|-message|testrun.exe forfeited.
|
|win|Vashimus
|player|p1
|player|p2
|l|testrun.exe
|raw|testrun.exe's rating: 1135 &rarr; <strong>1122<\/strong><br \/>(-13 for losing)
|raw|Vashimus's rating: 1320 &rarr; <strong>1331<\/strong><br \/>(+11 for winning)