|join|darthlegit
|join|Dragon Rulers!!!
|player|p1|darthlegit|20
|player|p2|Dragon Rulers!!!|148
|gametype|singles
|gen|1
|tier|[Gen 1] OU (beta)
|rated
|rule|Sleep Clause Mod: Limit one foe put to sleep
|rule|Species Clause: Limit one of each Pokemon
|rule|OHKO Clause: OHKO moves are banned
|rule|Moody Clause: Moody is banned
|rule|Evasion Moves Clause: Evasion moves are banned
|rule|Endless Battle Clause: Forcing endless battles is banned.
|rule|HP Percentage Mod: HP is reported as percentages
|
|start
|switch|p1a: Ninetales|Ninetales|349\/349
|switch|p2a: Egg Sandwich ;)|Exeggutor|393\/393
|turn|1
|join|xggfg
|leave|xggfg
|
|switch|p2a: Meter :P|Golem|363\/363
|move|p1a: Ninetales|Body Slam|p2a: Meter :P
|-resisted|p2a: Meter :P
|-damage|p2a: Meter :P|341\/363
|-status|p2a: Meter :P|par
|
|turn|2
|
|switch|p1a: Exeggutor|Exeggutor|393\/393
|move|p2a: Meter :P|Rock Slide|p1a: Exeggutor
|-damage|p1a: Exeggutor|287\/393
|
|turn|3
|
|switch|p2a: Egg Sandwich ;)|Exeggutor|393\/393
|move|p1a: Exeggutor|Stun Spore|p2a: Egg Sandwich ;)
|-status|p2a: Egg Sandwich ;)|par
|
|turn|4
|
|switch|p1a: Cloyster|Cloyster|303\/303
|move|p2a: Egg Sandwich ;)|Sleep Powder|p1a: Cloyster
|-status|p1a: Cloyster|slp
|
|turn|5
|
|switch|p1a: Jynx|Jynx|333\/333
|move|p2a: Egg Sandwich ;)|Mega Drain|p1a: Jynx
|-damage|p1a: Jynx|273\/333
|
|turn|6
|
|switch|p2a: Ace ;)|Articuno|383\/383
|move|p1a: Jynx|Blizzard|p2a: Ace ;)
|-damage|p2a: Ace ;)|270\/383
|
|turn|7
|
|switch|p1a: Jolteon|Jolteon|333\/333
|switch|p2a: Yay ^_^|Chansey|703\/703
|
|turn|8
|
|switch|p2a: Meter :P|Golem|341\/363 par
|move|p1a: Jolteon|Thunder Wave|p2a: Meter :P
|-immune|p2a: Meter :P|[msg]
|
|turn|9
|
|switch|p1a: Exeggutor|Exeggutor|287\/393
|move|p2a: Meter :P|Rock Slide|p1a: Exeggutor
|-damage|p1a: Exeggutor|178\/393
|
|turn|10
|
|switch|p2a: Egg Sandwich ;)|Exeggutor|393\/393 par
|move|p1a: Exeggutor|Mega Drain|p2a: Egg Sandwich ;)
|-resisted|p2a: Egg Sandwich ;)
|-damage|p2a: Egg Sandwich ;)|371\/393 par
|-heal|p1a: Exeggutor|189\/393|[from] drain|[of] p2a: Egg Sandwich ;)
|
|turn|11
|
|switch|p1a: Ninetales|Ninetales|349\/349
|move|p2a: Egg Sandwich ;)|Psychic|p1a: Ninetales
|-damage|p1a: Ninetales|233\/349
|
|turn|12
|
|switch|p2a: Meter :P|Golem|341\/363 par
|move|p1a: Ninetales|Fire Spin|p2a: Meter :P
|-resisted|p2a: Meter :P
|-damage|p2a: Meter :P|327\/363 par
|-activate|p2a: Meter :P|move: Fire Spin|[of] p1a: Ninetales
|
|turn|13
|
|move|p1a: Ninetales|Fire Spin|p2a: Meter :P
|-damage|p2a: Meter :P|313\/363 par
|cant|p2a: Meter :P|par
|
|-end|p2a: Meter :P|Fire Spin|[partiallytrapped]
|turn|14
|
|move|p1a: Ninetales|Fire Spin|p2a: Meter :P
|-resisted|p2a: Meter :P
|-damage|p2a: Meter :P|300\/363 par
|-activate|p2a: Meter :P|move: Fire Spin|[of] p1a: Ninetales
|cant|p2a: Meter :P|par
|
|turn|15
|
|move|p1a: Ninetales|Fire Spin|p2a: Meter :P
|-damage|p2a: Meter :P|287\/363 par
|cant|p2a: Meter :P|partiallytrapped
|
|turn|16
|
|move|p1a: Ninetales|Fire Spin|p2a: Meter :P
|-damage|p2a: Meter :P|274\/363 par
|cant|p2a: Meter :P|partiallytrapped
|
|-end|p2a: Meter :P|Fire Spin|[partiallytrapped]
|turn|17
|
|move|p1a: Ninetales|Fire Spin|p2a: Meter :P
|-resisted|p2a: Meter :P
|-damage|p2a: Meter :P|261\/363 par
|-activate|p2a: Meter :P|move: Fire Spin|[of] p1a: Ninetales
|cant|p2a: Meter :P|par
|
|turn|18
|
|move|p1a: Ninetales|Fire Spin|p2a: Meter :P
|-damage|p2a: Meter :P|248\/363 par
|cant|p2a: Meter :P|partiallytrapped
|
|-end|p2a: Meter :P|Fire Spin|[partiallytrapped]
|turn|19
|
|move|p1a: Ninetales|Fire Spin|p2a: Meter :P
|-resisted|p2a: Meter :P
|-damage|p2a: Meter :P|235\/363 par
|-activate|p2a: Meter :P|move: Fire Spin|[of] p1a: Ninetales
|cant|p2a: Meter :P|par
|
|turn|20
|
|move|p1a: Ninetales|Fire Spin|p2a: Meter :P
|-damage|p2a: Meter :P|222\/363 par
|cant|p2a: Meter :P|partiallytrapped
|
|turn|21
|
|switch|p2a: Kazam!!!|Alakazam|313\/313
|move|p1a: Ninetales|Fire Spin|p2a: Kazam!!!
|-damage|p2a: Kazam!!!|297\/313
|-activate|p2a: Kazam!!!|move: Fire Spin|[of] p1a: Ninetales
|
|turn|22
|
|switch|p1a: Jynx|Jynx|273\/333
|cant|p2a: Kazam!!!|partiallytrapped
|
|-end|p2a: Kazam!!!|Fire Spin|[partiallytrapped]
|turn|23
|
|switch|p2a: Yay ^_^|Chansey|703\/703
|move|p1a: Jynx|Blizzard|p2a: Yay ^_^
|-damage|p2a: Yay ^_^|575\/703
|
|turn|24
|
|move|p1a: Jynx|Lovely Kiss|p2a: Yay ^_^
|-status|p2a: Yay ^_^|slp
|cant|p2a: Yay ^_^|slp
|
|turn|25
|
|switch|p2a: Ace ;)|Articuno|270\/383
|move|p1a: Jynx|Psychic|p2a: Ace ;)
|-damage|p2a: Ace ;)|180\/383
|-unboost|p2a: Ace ;)|spd|1
|-unboost|p2a: Ace ;)|spa|1
|
|turn|26
|
|move|p1a: Jynx|Psychic|p2a: Ace ;)
|-damage|p2a: Ace ;)|41\/383
|move|p2a: Ace ;)|Hyper Beam|p1a: Jynx
|-damage|p1a: Jynx|75\/333
|
|turn|27
|
|move|p1a: Jynx|Psychic|p2a: Ace ;)
|-damage|p2a: Ace ;)|0 fnt
|faint|p2a: Ace ;)
|
|
|switch|p2a: Kazam!!!|Alakazam|297\/313
|turn|28
|
|switch|p1a: Exeggutor|Exeggutor|189\/393
|move|p2a: Kazam!!!|Seismic Toss|p1a: Exeggutor
|-damage|p1a: Exeggutor|89\/393
|
|turn|29
|
|switch|p2a: Egg Sandwich ;)|Exeggutor|371\/393 par
|switch|p1a: Jolteon|Jolteon|333\/333
|
|turn|30
|
|switch|p2a: Meter :P|Golem|222\/363 par
|move|p1a: Jolteon|Pin Missile|p2a: Meter :P
|-damage|p2a: Meter :P|215\/363 par
|-damage|p2a: Meter :P|208\/363 par
|-damage|p2a: Meter :P|201\/363 par
|-damage|p2a: Meter :P|194\/363 par
|-hitcount|p2a: Meter :P|4
|
|turn|31
|
|switch|p1a: Kabutops|Kabutops|323\/323
|move|p2a: Meter :P|Earthquake|p1a: Kabutops
|-supereffective|p1a: Kabutops
|-damage|p1a: Kabutops|62\/323
|
|turn|32
|
|switch|p2a: Egg Sandwich ;)|Exeggutor|371\/393 par
|move|p1a: Kabutops|Surf|p2a: Egg Sandwich ;)
|-resisted|p2a: Egg Sandwich ;)
|-damage|p2a: Egg Sandwich ;)|332\/393 par
|
|turn|33
|
|switch|p1a: Cloyster|Cloyster|303\/303 slp
|move|p2a: Egg Sandwich ;)|Psychic|p1a: Cloyster
|-damage|p1a: Cloyster|168\/303 slp
|-unboost|p1a: Cloyster|spd|1
|-unboost|p1a: Cloyster|spa|1
|
|turn|34
|
|switch|p1a: Ninetales|Ninetales|233\/349
|move|p2a: Egg Sandwich ;)|Psychic|p1a: Ninetales
|-damage|p1a: Ninetales|119\/349
|
|turn|35
|
|switch|p2a: Kazam!!!|Alakazam|297\/313
|move|p1a: Ninetales|Fire Spin|p2a: Kazam!!!|[miss]
|-miss|p1a: Ninetales
|
|turn|36
|
|move|p2a: Kazam!!!|Psychic|p1a: Ninetales
|-damage|p1a: Ninetales|0 fnt
|faint|p1a: Ninetales
|
|
|switch|p1a: Cloyster|Cloyster|168\/303 slp
|turn|37
|
|move|p2a: Kazam!!!|Psychic|p1a: Cloyster
|-damage|p1a: Cloyster|30\/303 slp
|-unboost|p1a: Cloyster|spd|1
|-unboost|p1a: Cloyster|spa|1
|cant|p1a: Cloyster|slp
|
|turn|38
|-message|darthlegit forfeited.
|
|win|Dragon Rulers!!!
|raw|Ladder updating...
|raw|darthlegit's rating: 1216 &rarr; <strong>1188<\/strong><br \/>(-28 for losing)
|raw|Dragon Rulers!!!'s rating: 1166 &rarr; <strong>1195<\/strong><br \/>(+29 for winning)
|leave|darthlegit
|player|p1