|j|FadeBeat
|j|business is cool
|player|p1|FadeBeat|162
|player|p2|business is cool|76
|gametype|singles
|gen|1
|tier|[Gen 1] Random Battle
|rated
|seed|14801,24233,37509,47413
|rule|Sleep Clause Mod: Limit one foe put to sleep
|rule|Freeze Clause Mod: Limit one foe frozen
|rule|HP Percentage Mod: HP is shown in percentages
|
|start
|switch|p1a: Venonat|Venonat, L96|310\/310
|switch|p2a: Pidgeot|Pidgeot, L90|333\/333
|turn|1
|choice|switch 4|move 1
|
|switch|p1a: Golem|Golem, L79|288\/288
|move|p2a: Pidgeot|Double-Edge|p1a: Golem
|-resisted|p1a: Golem
|-damage|p1a: Golem|244\/288
|-damage|p2a: Pidgeot|322\/333|[from] recoil|[of] p1a: Golem
|
|turn|2
|choice|move 4|move 1
|
|move|p2a: Pidgeot|Double-Edge|p1a: Golem
|-resisted|p1a: Golem
|-damage|p1a: Golem|200\/288
|-damage|p2a: Pidgeot|311\/333|[from] recoil|[of] p1a: Golem
|move|p1a: Golem|Body Slam|p2a: Pidgeot
|-damage|p2a: Pidgeot|250\/333
|
|turn|3
|choice|move 2|move 1
|
|move|p2a: Pidgeot|Double-Edge|p1a: Golem
|-resisted|p1a: Golem
|-damage|p1a: Golem|156\/288
|-damage|p2a: Pidgeot|239\/333|[from] recoil|[of] p1a: Golem
|move|p1a: Golem|Rock Slide|p2a: Pidgeot
|-supereffective|p2a: Pidgeot
|-damage|p2a: Pidgeot|81\/333
|
|turn|4
|choice|move 2|move 1
|
|move|p2a: Pidgeot|Double-Edge|p1a: Golem
|-resisted|p1a: Golem
|-damage|p1a: Golem|116\/288
|-damage|p2a: Pidgeot|71\/333|[from] recoil|[of] p1a: Golem
|move|p1a: Golem|Rock Slide|p2a: Pidgeot
|-supereffective|p2a: Pidgeot
|-damage|p2a: Pidgeot|0 fnt
|faint|p2a: Pidgeot
|choice||switch 6
|
|switch|p2a: Jynx|Jynx, L79|265\/265
|turn|5
|choice|move 1|move 1
|
|move|p2a: Jynx|Blizzard|p1a: Golem
|-crit|p1a: Golem
|-supereffective|p1a: Golem
|-damage|p1a: Golem|0 fnt
|faint|p1a: Golem
|choice|switch 2|
|
|switch|p1a: Snorlax|Snorlax, L79|415\/415
|turn|6
|choice|move 3|move 2
|
|move|p2a: Jynx|Lovely Kiss|p1a: Snorlax
|-status|p1a: Snorlax|slp
|cant|p1a: Snorlax|slp
|
|turn|7
|choice|move 4|switch 2
|
|switch|p2a: Meowth|Meowth, L96|272\/272
|cant|p1a: Snorlax|slp
|
|turn|8
|choice|move 4|move 1
|
|move|p2a: Meowth|Slash|p1a: Snorlax
|-crit|p1a: Snorlax
|-damage|p1a: Snorlax|251\/415 slp
|-curestatus|p1a: Snorlax|slp
|
|turn|9
|choice|move 4|move 1
|
|move|p2a: Meowth|Slash|p1a: Snorlax
|-crit|p1a: Snorlax
|-damage|p1a: Snorlax|87\/415
|move|p1a: Snorlax|Thunderbolt|p2a: Meowth
|-damage|p2a: Meowth|209\/272
|
|turn|10
|choice|move 2|move 1
|
|move|p2a: Meowth|Slash|p1a: Snorlax
|-crit|p1a: Snorlax
|-damage|p1a: Snorlax|0 fnt
|faint|p1a: Snorlax
|choice|switch 3|
|
|switch|p1a: Machoke|Machoke, L85|310\/310
|turn|11
|choice|move 4|switch 4
|
|switch|p2a: Gengar|Gengar, L79|257\/257
|move|p1a: Machoke|Counter|p2a: Gengar
|-damage|p2a: Gengar|83\/257
|
|turn|12
|choice|switch 4|move 2
|
|switch|p1a: Venonat|Venonat, L96|310\/310
|move|p2a: Gengar|Explosion|p1a: Venonat
|-damage|p1a: Venonat|122\/310
|faint|p2a: Gengar
|choice||switch 2
|
|switch|p2a: Jynx|Jynx, L79|265\/265
|turn|13
|choice|move 3|move 3
|
|move|p2a: Jynx|Psychic|p1a: Venonat
|-supereffective|p1a: Venonat
|-damage|p1a: Venonat|0 fnt
|faint|p1a: Venonat
|choice|switch 6|
|
|switch|p1a: Wigglytuff|Wigglytuff, L90|435\/435
|turn|14
|choice|move 2|move 2
|
|move|p2a: Jynx|Lovely Kiss|p1a: Wigglytuff
|-status|p1a: Wigglytuff|slp
|-curestatus|p1a: Wigglytuff|slp
|
|turn|15
|choice|move 2|move 2
|
|move|p2a: Jynx|Lovely Kiss|p1a: Wigglytuff
|-status|p1a: Wigglytuff|slp
|cant|p1a: Wigglytuff|slp
|
|turn|16
|choice|move 2|move 3
|
|move|p2a: Jynx|Psychic|p1a: Wigglytuff
|-crit|p1a: Wigglytuff
|-damage|p1a: Wigglytuff|233\/435 slp
|-unboost|p1a: Wigglytuff|spd|1
|-unboost|p1a: Wigglytuff|spa|1
|cant|p1a: Wigglytuff|slp
|
|turn|17
|choice|move 2|move 3
|
|move|p2a: Jynx|Psychic|p1a: Wigglytuff
|-damage|p1a: Wigglytuff|60\/435 slp
|-unboost|p1a: Wigglytuff|spd|1
|-unboost|p1a: Wigglytuff|spa|1
|cant|p1a: Wigglytuff|slp
|
|turn|18
|choice|move 4|move 3
|
|move|p2a: Jynx|Psychic|p1a: Wigglytuff
|-damage|p1a: Wigglytuff|0 fnt
|faint|p1a: Wigglytuff
|choice|switch 4|
|
|switch|p1a: Machoke|Machoke, L85|310\/310
|turn|19
|choice|move 2|move 3
|
|move|p2a: Jynx|Psychic|p1a: Machoke
|-supereffective|p1a: Machoke
|-damage|p1a: Machoke|79\/310
|-unboost|p1a: Machoke|spd|1
|-unboost|p1a: Machoke|spa|1
|move|p1a: Machoke|Rock Slide|p2a: Jynx
|-supereffective|p2a: Jynx
|-damage|p2a: Jynx|74\/265
|
|turn|20
|choice|move 4|move 3
|
|move|p2a: Jynx|Psychic|p1a: Machoke
|-crit|p1a: Machoke
|-supereffective|p1a: Machoke
|-damage|p1a: Machoke|0 fnt
|faint|p1a: Machoke
|choice|switch 5|
|
|switch|p1a: Mewtwo|Mewtwo, L70|293\/293
|turn|21
|choice|move 3|move 2
|
|move|p1a: Mewtwo|Barrier|p1a: Mewtwo
|-boost|p1a: Mewtwo|def|2
|move|p2a: Jynx|Lovely Kiss|p1a: Mewtwo
|-status|p1a: Mewtwo|slp
|
|turn|22
|choice|move 3|switch 3
|
|switch|p2a: Muk|Muk, L90|372\/372
|cant|p1a: Mewtwo|slp
|
|turn|23
|choice|move 1|move 1
|
|cant|p1a: Mewtwo|slp
|move|p2a: Muk|Explosion|p1a: Mewtwo
|-damage|p1a: Mewtwo|132\/293 slp
|faint|p2a: Muk
|choice||switch 4
|
|switch|p2a: Meowth|Meowth, L96|209\/272
|turn|24
|choice|move 1|move 1
|
|move|p2a: Meowth|Slash|p1a: Mewtwo
|-crit|p1a: Mewtwo
|-damage|p1a: Mewtwo|0 fnt
|faint|p1a: Mewtwo
|
|win|business is cool
|player|p1
|player|p2
|raw|FadeBeat's rating: 1038 &rarr; <strong>1024<\/strong><br \/>(-14 for losing)
|raw|business is cool's rating: 1085 &rarr; <strong>1109<\/strong><br \/>(+24 for winning)
|c|★business is cool|gg
|l|FadeBeat