|join|eldougi
|join|lkjslkdfj
|player|p1|eldougi|102
|player|p2|lkjslkdfj|266
|gametype|singles
|gen|1
|tier|[Gen 1] Random Battle
|rated
|rule|Sleep Clause Mod: Limit one foe put to sleep
|rule|Freeze Clause Mod: Limit one foe frozen
|rule|HP Percentage Mod: HP is shown in percentages
|
|start
|switch|p1a: Tentacool|Tentacool, L96|272\/272
|switch|p2a: Persian|Persian, L79|265\/265
|turn|1
|
|move|p2a: Persian|Slash|p1a: Tentacool
|-crit|p1a: Tentacool
|-damage|p1a: Tentacool|131\/272
|move|p1a: Tentacool|Hydro Pump|p2a: Persian
|-damage|p2a: Persian|45\/265
|
|turn|2
|
|switch|p1a: Aerodactyl|Aerodactyl, L85|310\/310
|move|p2a: Persian|Slash|p1a: Aerodactyl
|-crit|p1a: Aerodactyl
|-resisted|p1a: Aerodactyl
|-damage|p1a: Aerodactyl|247\/310
|
|turn|3
|
|switch|p2a: Graveler|Graveler, L85|267\/267
|move|p1a: Aerodactyl|Double-Edge|p2a: Graveler
|-crit|p2a: Graveler
|-resisted|p2a: Graveler
|-damage|p2a: Graveler|202\/267
|-damage|p1a: Aerodactyl|231\/310|[from] recoil|[of] p2a: Graveler
|
|turn|4
|
|move|p1a: Aerodactyl|Reflect|p1a: Aerodactyl
|-start|p1a: Aerodactyl|Reflect
|move|p2a: Graveler|Rock Slide|p1a: Aerodactyl
|-supereffective|p1a: Aerodactyl
|-damage|p1a: Aerodactyl|139\/310
|
|turn|5
|
|switch|p1a: Marowak|Marowak, L85|276\/276
|move|p2a: Graveler|Rock Slide|p1a: Marowak
|-resisted|p1a: Marowak
|-damage|p1a: Marowak|240\/276
|
|turn|6
|
|switch|p2a: Kingler|Kingler, L85|267\/267
|move|p1a: Marowak|Blizzard|p2a: Kingler
|-crit|p2a: Kingler
|-resisted|p2a: Kingler
|-damage|p2a: Kingler|182\/267
|
|turn|7
|
|switch|p1a: Lapras|Lapras, L79|367\/367
|move|p2a: Kingler|Crabhammer|p1a: Lapras|[miss]
|-miss|p2a: Kingler
|
|turn|8
|
|switch|p2a: Magneton|Magneton, L85|259\/259
|move|p1a: Lapras|Confuse Ray|p2a: Magneton
|-start|p2a: Magneton|confusion
|
|turn|9
|
|switch|p2a: Tentacruel|Tentacruel, L85|310\/310
|switch|p1a: Marowak|Marowak, L85|240\/276
|
|turn|10
|
|switch|p1a: Tentacool|Tentacool, L96|131\/272
|move|p2a: Tentacruel|Swords Dance|p2a: Tentacruel
|-boost|p2a: Tentacruel|atk|2
|
|turn|11
|
|move|p2a: Tentacruel|Hyper Beam|p1a: Tentacool
|-damage|p1a: Tentacool|0 fnt
|faint|p1a: Tentacool
|
|switch|p1a: Butterfree|Butterfree, L85|276\/276
|turn|12
|
|move|p2a: Tentacruel|Hyper Beam|p1a: Butterfree
|-crit|p1a: Butterfree
|-damage|p1a: Butterfree|23\/276
|move|p1a: Butterfree|Stun Spore|p2a: Tentacruel
|-status|p2a: Tentacruel|par
|
|turn|13
|-mustrecharge|p2a: Tentacruel
|-mustrecharge|p2a: Tentacruel
|
|move|p1a: Butterfree|Psychic|p2a: Tentacruel
|-crit|p2a: Tentacruel
|-supereffective|p2a: Tentacruel
|-damage|p2a: Tentacruel|121\/310 par
|-unboost|p2a: Tentacruel|spd|1
|-unboost|p2a: Tentacruel|spa|1
|cant|p2a: Tentacruel|recharge
|
|turn|14
|
|switch|p2a: Kingler|Kingler, L85|182\/267
|move|p1a: Butterfree|Psychic|p2a: Kingler
|-damage|p2a: Kingler|104\/267
|
|turn|15
|
|move|p2a: Kingler|Body Slam|p1a: Butterfree
|-damage|p1a: Butterfree|0 fnt
|faint|p1a: Butterfree
|
|switch|p1a: Lapras|Lapras, L79|367\/367
|turn|16
|
|move|p2a: Kingler|Body Slam|p1a: Lapras
|-damage|p1a: Lapras|276\/367
|move|p1a: Lapras|Body Slam|p2a: Kingler
|-damage|p2a: Kingler|62\/267
|-status|p2a: Kingler|par
|
|turn|17
|c|★lkjslkdfj|lmao wanna get luckier
|c|★lkjslkdfj|my god
|
|move|p1a: Lapras|Confuse Ray|p2a: Kingler
|-start|p2a: Kingler|confusion
|cant|p2a: Kingler|par
|
|turn|18
|c|★lkjslkdfj|this would be super over had you not haxed the ever living shit out of me
|
|move|p1a: Lapras|Body Slam|p2a: Kingler
|-damage|p2a: Kingler|21\/267 par
|cant|p2a: Kingler|par
|
|turn|19
|c|★lkjslkdfj|But I guess you have to rely on that when you're bad
|
|move|p1a: Lapras|Body Slam|p2a: Kingler
|-damage|p2a: Kingler|0 fnt
|faint|p2a: Kingler
|
|switch|p2a: Primeape|Primeape, L85|284\/284
|turn|20
|
|move|p2a: Primeape|Submission|p1a: Lapras
|-supereffective|p1a: Lapras
|-damage|p1a: Lapras|56\/367
|-damage|p2a: Primeape|229\/284|[from] recoil|[of] p1a: Lapras
|move|p1a: Lapras|Ice Beam|p2a: Primeape
|-damage|p2a: Primeape|118\/284
|
|turn|21
|leave|eldougi
|player|p1
|-message|eldougi lost due to inactivity.
|
|win|lkjslkdfj
|raw|Ladder updating...
|raw|eldougi's rating: 1210 &rarr; <strong>1172<\/strong><br \/>(-38 for losing)
|raw|lkjslkdfj's rating: 1000 &rarr; <strong>1062<\/strong><br \/>(+62 for winning)