|j|Mega-Noctali
|j|nhiausd
|player|p1|Mega-Noctali|65
|player|p2|nhiausd|266
|gametype|singles
|gen|1
|tier|[Gen 1] Random Battle
|rated
|seed|35067,32639,43073,13569
|rule|Sleep Clause Mod: Limit one foe put to sleep
|rule|Freeze Clause Mod: Limit one foe frozen
|rule|HP Percentage Mod: HP is shown in percentages
|
|start
|switch|p1a: Persian|Persian, L79|265\/265
|switch|p2a: Electrode|Electrode, L90|291\/291
|turn|1
|choice|move 3|switch 2
|
|switch|p2a: Arbok|Arbok, L90|291\/291
|move|p1a: Persian|Body Slam|p2a: Arbok
|-damage|p2a: Arbok|221\/291
|
|turn|2
|choice|move 1|move 3
|
|move|p1a: Persian|Slash|p2a: Arbok
|-crit|p2a: Arbok
|-damage|p2a: Arbok|114\/291
|move|p2a: Arbok|Earthquake|p1a: Persian
|-damage|p1a: Persian|164\/265
|
|turn|3
|choice|move 1|move 1
|
|move|p1a: Persian|Slash|p2a: Arbok
|-crit|p2a: Arbok
|-damage|p2a: Arbok|0 fnt
|faint|p2a: Arbok
|choice||switch 3
|
|switch|p2a: Graveler|Graveler, L85|267\/267
|turn|4
|choice|move 2|move 4
|
|move|p1a: Persian|Bubble Beam|p2a: Graveler
|-crit|p2a: Graveler
|-supereffective|p2a: Graveler
|-damage|p2a: Graveler|0 fnt
|faint|p2a: Graveler
|c|★nhiausd|what
|c|★nhiausd|?
|c|★nhiausd|bubble beam really
|choice||switch 4
|
|switch|p2a: Venusaur|Venusaur, L85|310\/310
|turn|5
|choice|move 3|move 2
|
|move|p1a: Persian|Body Slam|p2a: Venusaur
|-damage|p2a: Venusaur|244\/310
|move|p2a: Venusaur|Leech Seed|p1a: Persian
|-start|p1a: Persian|move: Leech Seed
|
|turn|6
|choice|move 3|move 1
|
|move|p1a: Persian|Body Slam|p2a: Venusaur
|-damage|p2a: Venusaur|181\/310
|-damage|p1a: Persian|148\/265|[from] Leech Seed|[of] p2a: Venusaur
|-heal|p2a: Venusaur|197\/310|[silent]
|move|p2a: Venusaur|Body Slam|p1a: Persian
|-damage|p1a: Persian|71\/265
|
|turn|7
|choice|move 3|move 1
|
|move|p1a: Persian|Body Slam|p2a: Venusaur
|-damage|p2a: Venusaur|134\/310
|-damage|p1a: Persian|55\/265|[from] Leech Seed|[of] p2a: Venusaur
|-heal|p2a: Venusaur|150\/310|[silent]
|move|p2a: Venusaur|Body Slam|p1a: Persian
|-damage|p1a: Persian|0 fnt
|faint|p1a: Persian
|choice|switch 6|
|
|switch|p1a: Charizard|Charizard, L85|306\/306
|turn|8
|choice|move 2|switch 5
|
|switch|p2a: Starmie|Starmie, L79|257\/257
|move|p1a: Charizard|Fire Blast|p2a: Starmie
|-crit|p2a: Starmie
|-resisted|p2a: Starmie
|-damage|p2a: Starmie|145\/257
|-status|p2a: Starmie|brn
|
|turn|9
|choice|switch 4|move 3
|
|switch|p1a: Tangela|Tangela, L85|284\/284
|move|p2a: Starmie|Surf|p1a: Tangela
|-resisted|p1a: Tangela
|-damage|p1a: Tangela|244\/284
|-damage|p2a: Starmie|129\/257 brn|[from] brn|[of] p1a: Tangela
|
|turn|10
|choice|move 1|switch 6
|
|switch|p2a: Mew|Mew, L74|300\/300
|move|p1a: Tangela|Stun Spore|p2a: Mew
|-status|p2a: Mew|par
|
|turn|11
|choice|move 3|move 2
|
|move|p1a: Tangela|Body Slam|p2a: Mew
|-damage|p2a: Mew|249\/300 par
|move|p2a: Mew|Blizzard|p1a: Tangela
|-supereffective|p1a: Tangela
|-damage|p1a: Tangela|126\/284
|
|turn|12
|choice|move 4|move 2
|
|move|p1a: Tangela|Mega Drain|p2a: Mew
|-damage|p2a: Mew|200\/300 par
|-heal|p1a: Tangela|150\/284|[from] drain|[of] p2a: Mew
|move|p2a: Mew|Blizzard|p1a: Tangela
|-supereffective|p1a: Tangela
|-damage|p1a: Tangela|36\/284
|
|turn|13
|choice|move 2|move 2
|
|move|p1a: Tangela|Hyper Beam|p2a: Mew
|-damage|p2a: Mew|117\/300 par
|move|p2a: Mew|Blizzard|p1a: Tangela
|-supereffective|p1a: Tangela
|-damage|p1a: Tangela|0 fnt
|faint|p1a: Tangela
|choice|switch 2|
|
|switch|p1a: Machop|Machop, L96|329\/329
|turn|14
|choice|move 3|move 1
|
|move|p1a: Machop|Mega Kick|p2a: Mew
|-damage|p2a: Mew|23\/300 par
|move|p2a: Mew|Hyper Beam|p1a: Machop
|-crit|p1a: Machop
|-damage|p1a: Machop|120\/329
|
|turn|15
|-mustrecharge|p2a: Mew
|-mustrecharge|p2a: Mew
|choice|move 1|move 1
|
|move|p1a: Machop|Earthquake|p2a: Mew
|-damage|p2a: Mew|0 fnt
|faint|p2a: Mew
|choice||switch 2
|
|switch|p2a: Electrode|Electrode, L90|291\/291
|turn|16
|choice|move 2|move 2
|
|move|p2a: Electrode|Thunderbolt|p1a: Machop
|-damage|p1a: Machop|0 fnt
|faint|p1a: Machop
|choice|switch 5|
|
|switch|p1a: Porygon|Porygon, L85|284\/284
|turn|17
|choice|move 4|move 2
|
|move|p2a: Electrode|Thunderbolt|p1a: Porygon
|-damage|p1a: Porygon|165\/284
|move|p1a: Porygon|Thunder Wave|p2a: Electrode
|-status|p2a: Electrode|par
|
|turn|18
|choice|move 3|move 2
|
|move|p1a: Porygon|Agility|p1a: Porygon
|-boost|p1a: Porygon|spe|2
|move|p2a: Electrode|Thunderbolt|p1a: Porygon
|-damage|p1a: Porygon|44\/284
|
|turn|19
|choice|move 1|move 2
|
|move|p1a: Porygon|Recover|p1a: Porygon
|-heal|p1a: Porygon|186\/284
|move|p2a: Electrode|Thunderbolt|p1a: Porygon
|-crit|p1a: Porygon
|-damage|p1a: Porygon|0 fnt
|faint|p1a: Porygon
|choice|switch 3|
|
|switch|p1a: Weezing|Weezing, L90|300\/300
|turn|20
|choice|move 2|move 2
|
|move|p1a: Weezing|Sludge|p2a: Electrode
|-damage|p2a: Electrode|209\/291 par
|move|p2a: Electrode|Thunderbolt|p1a: Weezing
|-damage|p1a: Weezing|209\/300
|
|turn|21
|choice|move 3|move 2
|
|move|p1a: Weezing|Thunder|p2a: Electrode|[miss]
|-miss|p1a: Weezing
|move|p2a: Electrode|Thunderbolt|p1a: Weezing
|-damage|p1a: Weezing|117\/300
|
|turn|22
|choice|move 2|move 2
|
|move|p1a: Weezing|Sludge|p2a: Electrode
|-damage|p2a: Electrode|126\/291 par
|move|p2a: Electrode|Thunderbolt|p1a: Weezing
|-damage|p1a: Weezing|15\/300
|
|turn|23
|choice|move 4|move 2
|
|move|p1a: Weezing|Fire Blast|p2a: Electrode
|-damage|p2a: Electrode|36\/291 par
|move|p2a: Electrode|Thunderbolt|p1a: Weezing
|-crit|p1a: Weezing
|-damage|p1a: Weezing|0 fnt
|faint|p1a: Weezing
|choice|switch 4|
|
|switch|p1a: Charizard|Charizard, L85|306\/306
|turn|24
|choice|move 4|move 1
|
|move|p1a: Charizard|Body Slam|p2a: Electrode
|-crit|p2a: Electrode
|-damage|p2a: Electrode|0 fnt
|faint|p2a: Electrode
|choice||switch 6
|
|switch|p2a: Starmie|Starmie, L79|129\/257 brn
|turn|25
|choice|move 1|move 3
|
|move|p2a: Starmie|Surf|p1a: Charizard
|-supereffective|p1a: Charizard
|-damage|p1a: Charizard|126\/306
|-damage|p2a: Starmie|113\/257 brn|[from] brn|[of] p1a: Charizard
|move|p1a: Charizard|Hyper Beam|p2a: Starmie
|-damage|p2a: Starmie|0 fnt
|faint|p2a: Starmie
|choice||switch 5
|
|switch|p2a: Venusaur|Venusaur, L85|150\/310
|turn|26
|choice|move 2|move 1
|
|move|p1a: Charizard|Fire Blast|p2a: Venusaur
|-crit|p2a: Venusaur
|-supereffective|p2a: Venusaur
|-damage|p2a: Venusaur|0 fnt
|faint|p2a: Venusaur
|
|win|Mega-Noctali
|c|★Mega-Noctali|gg
|raw|Mega-Noctali's rating: 1304 &rarr; <strong>1314<\/strong><br \/>(+10 for winning)
|raw|nhiausd's rating: 1102 &rarr; <strong>1091<\/strong><br \/>(-11 for losing)
|c|★nhiausd|gg
|l|Mega-Noctali
|player|p1