|j|Sorcerer222
|j|Dazmi
|player|p1|Sorcerer222|269
|player|p2|Dazmi|144
|gametype|singles
|gen|1
|tier|[Gen 1] OU
|rated
|seed|41414,2421,17301,28119
|rule|Sleep Clause Mod: Limit one foe put to sleep
|rule|Freeze Clause Mod: Limit one foe frozen
|rule|Species Clause: Limit one of each Pokémon
|rule|OHKO Clause: OHKO moves are banned
|rule|Evasion Moves Clause: Evasion moves are banned
|rule|HP Percentage Mod: HP is shown in percentages
|
|start
|switch|p1a: Starmie|Starmie|323\/323
|switch|p2a: Alakazam|Alakazam|313\/313
|turn|1
|choice|move 1|move 3
|
|move|p2a: Alakazam|Thunder Wave|p1a: Starmie
|-status|p1a: Starmie|par
|move|p1a: Starmie|Hydro Pump|p2a: Alakazam
|-damage|p2a: Alakazam|196\/313
|
|turn|2
|choice|switch 6|switch 5
|
|switch|p2a: Chansey|Chansey|703\/703
|switch|p1a: Rhydon|Rhydon|413\/413
|
|turn|3
|choice|move 2|move 1
|
|move|p2a: Chansey|Ice Beam|p1a: Rhydon
|-supereffective|p1a: Rhydon
|-damage|p1a: Rhydon|169\/413
|-status|p1a: Rhydon|frz
|cant|p1a: Rhydon|frz
|
|turn|4
|choice|move 2|move 1
|
|move|p2a: Chansey|Ice Beam|p1a: Rhydon
|-supereffective|p1a: Rhydon
|-damage|p1a: Rhydon|0 fnt
|faint|p1a: Rhydon
|choice|switch 4|
|
|switch|p1a: Dragonite|Dragonite|385\/385
|turn|5
|choice|move 1|move 1
|
|move|p1a: Dragonite|Body Slam|p2a: Chansey
|-crit|p2a: Chansey
|-damage|p2a: Chansey|253\/703
|move|p2a: Chansey|Ice Beam|p1a: Dragonite
|-supereffective|p1a: Dragonite
|-damage|p1a: Dragonite|80\/385
|
|turn|6
|choice|move 1|move 3
|
|move|p1a: Dragonite|Body Slam|p2a: Chansey
|-crit|p2a: Chansey
|-damage|p2a: Chansey|0 fnt
|faint|p2a: Chansey
|choice||switch 2
|
|switch|p2a: Tauros|Tauros|353\/353
|turn|7
|choice|move 2|move 4
|
|move|p2a: Tauros|Blizzard|p1a: Dragonite
|-supereffective|p1a: Dragonite
|-damage|p1a: Dragonite|0 fnt
|faint|p1a: Dragonite
|choice|switch 2|
|
|switch|p1a: Alakazam|Alakazam|313\/313
|turn|8
|choice|move 4|move 1
|
|move|p1a: Alakazam|Reflect|p1a: Alakazam
|-start|p1a: Alakazam|Reflect
|move|p2a: Tauros|Body Slam|p1a: Alakazam
|-crit|p1a: Alakazam
|-damage|p1a: Alakazam|31\/313
|
|turn|9
|choice|move 1|move 1
|
|move|p1a: Alakazam|Psychic|p2a: Tauros
|-damage|p2a: Tauros|198\/353
|-unboost|p2a: Tauros|spd|1
|-unboost|p2a: Tauros|spa|1
|move|p2a: Tauros|Body Slam|p1a: Alakazam
|-damage|p1a: Alakazam|0 fnt
|faint|p1a: Alakazam
|choice|switch 5|
|
|switch|p1a: Jolteon|Jolteon|333\/333
|turn|10
|choice|move 2|move 3
|
|move|p1a: Jolteon|Thunder Wave|p2a: Tauros
|-status|p2a: Tauros|par
|cant|p2a: Tauros|par
|
|turn|11
|choice|move 1|move 3
|
|move|p1a: Jolteon|Thunderbolt|p2a: Tauros
|-crit|p2a: Tauros
|-damage|p2a: Tauros|0 fnt
|faint|p2a: Tauros
|choice||switch 4
|
|switch|p2a: Buffy|Rhydon|413\/413
|turn|12
|choice|switch 3|move 4
|
|switch|p1a: Lapras|Lapras|463\/463
|move|p2a: Buffy|Substitute|p2a: Buffy
|-start|p2a: Buffy|Substitute
|-damage|p2a: Buffy|310\/413
|
|turn|13
|choice|move 2|move 1
|
|move|p1a: Lapras|Body Slam|p2a: Buffy
|-resisted|p2a: Buffy
|-activate|p2a: Buffy|Substitute|[damage]
|move|p2a: Buffy|Body Slam|p1a: Lapras
|-damage|p1a: Lapras|365\/463
|
|turn|14
|choice|move 4|move 2
|
|move|p1a: Lapras|Surf|p2a: Buffy
|-supereffective|p2a: Buffy
|-end|p2a: Buffy|Substitute
|move|p2a: Buffy|Rock Slide|p1a: Lapras
|-supereffective|p1a: Lapras
|-damage|p1a: Lapras|121\/463
|
|turn|15
|choice|move 4|switch 3
|
|switch|p2a: Exeggutor|Exeggutor|393\/393
|move|p1a: Lapras|Surf|p2a: Exeggutor
|-resisted|p2a: Exeggutor
|-damage|p2a: Exeggutor|342\/393
|
|turn|16
|choice|move 1|move 4
|
|move|p1a: Lapras|Blizzard|p2a: Exeggutor
|-supereffective|p2a: Exeggutor
|-damage|p2a: Exeggutor|94\/393
|move|p2a: Exeggutor|Mega Drain|p1a: Lapras
|-supereffective|p1a: Lapras
|-damage|p1a: Lapras|6\/463
|-heal|p2a: Exeggutor|151\/393|[from] drain|[of] p1a: Lapras
|
|turn|17
|choice|move 1|move 4
|
|move|p1a: Lapras|Blizzard|p2a: Exeggutor
|-supereffective|p2a: Exeggutor
|-damage|p2a: Exeggutor|0 fnt
|faint|p2a: Exeggutor
|choice||switch 5
|
|switch|p2a: Alakazam|Alakazam|196\/313
|turn|18
|choice|move 3|move 1
|
|move|p2a: Alakazam|Psychic|p1a: Lapras
|-damage|p1a: Lapras|0 fnt
|faint|p1a: Lapras
|choice|switch 3|
|
|switch|p1a: Jolteon|Jolteon|333\/333
|turn|19
|choice|move 2|switch 3
|
|switch|p2a: Buffy|Rhydon|310\/413
|move|p1a: Jolteon|Thunder Wave|p2a: Buffy
|-immune|p2a: Buffy|[msg]
|
|turn|20
|choice|switch 6|move 4
|
|switch|p1a: Starmie|Starmie|323\/323 par
|move|p2a: Buffy|Substitute|p2a: Buffy
|-start|p2a: Buffy|Substitute
|-damage|p2a: Buffy|207\/413
|
|turn|21
|choice|move 1|move 3
|
|move|p2a: Buffy|Earthquake|p1a: Starmie
|-damage|p1a: Starmie|163\/323 par
|move|p1a: Starmie|Hydro Pump|p2a: Buffy
|-supereffective|p2a: Buffy
|-end|p2a: Buffy|Substitute
|
|turn|22
|choice|move 1|switch 6
|
|switch|p2a: Slowbro|Slowbro|393\/393
|cant|p1a: Starmie|par
|
|turn|23
|choice|move 2|move 1
|
|move|p2a: Slowbro|Amnesia|p2a: Slowbro
|-boost|p2a: Slowbro|spd|2
|-boost|p2a: Slowbro|spa|2
|move|p1a: Starmie|Thunderbolt|p2a: Slowbro
|-supereffective|p2a: Slowbro
|-damage|p2a: Slowbro|303\/393
|
|turn|24
|choice|move 2|move 1
|
|move|p2a: Slowbro|Amnesia|p2a: Slowbro
|-boost|p2a: Slowbro|spd|2
|-boost|p2a: Slowbro|spa|2
|move|p1a: Starmie|Thunderbolt|p2a: Slowbro
|-supereffective|p2a: Slowbro
|-damage|p2a: Slowbro|243\/393
|
|turn|25
|choice|move 2|move 1
|
|move|p2a: Slowbro|Amnesia|p2a: Slowbro
|-boost|p2a: Slowbro|spd|2
|-boost|p2a: Slowbro|spa|2
|move|p1a: Starmie|Thunderbolt|p2a: Slowbro
|-crit|p2a: Slowbro
|-supereffective|p2a: Slowbro
|-damage|p2a: Slowbro|0 fnt
|faint|p2a: Slowbro
|choice||switch 3
|
|switch|p2a: Alakazam|Alakazam|196\/313
|turn|26
|choice|move 1|move 2
|
|move|p2a: Alakazam|Recover|p2a: Alakazam
|-heal|p2a: Alakazam|313\/313
|move|p1a: Starmie|Hydro Pump|p2a: Alakazam
|-damage|p2a: Alakazam|189\/313
|
|turn|27
|choice|move 1|move 2
|
|move|p2a: Alakazam|Recover|p2a: Alakazam
|-heal|p2a: Alakazam|313\/313
|move|p1a: Starmie|Hydro Pump|p2a: Alakazam
|-crit|p2a: Alakazam
|-damage|p2a: Alakazam|88\/313
|
|turn|28
|choice|move 1|move 2
|
|move|p2a: Alakazam|Recover|p2a: Alakazam
|-heal|p2a: Alakazam|244\/313
|move|p1a: Starmie|Hydro Pump|p2a: Alakazam
|-damage|p2a: Alakazam|138\/313
|
|turn|29
|choice|move 1|move 2
|
|move|p2a: Alakazam|Recover|p2a: Alakazam
|-heal|p2a: Alakazam|294\/313
|move|p1a: Starmie|Hydro Pump|p2a: Alakazam
|-damage|p2a: Alakazam|173\/313
|
|turn|30
|choice|move 2|move 2
|
|move|p2a: Alakazam|Recover|p2a: Alakazam
|-heal|p2a: Alakazam|313\/313
|move|p1a: Starmie|Thunderbolt|p2a: Alakazam
|-damage|p2a: Alakazam|247\/313
|
|turn|31
|choice|move 4|move 1
|
|move|p2a: Alakazam|Psychic|p1a: Starmie
|-resisted|p1a: Starmie
|-damage|p1a: Starmie|99\/323 par
|move|p1a: Starmie|Blizzard|p2a: Alakazam
|-crit|p2a: Alakazam
|-damage|p2a: Alakazam|100\/313
|
|turn|32
|choice|move 4|move 2
|
|move|p2a: Alakazam|Recover|p2a: Alakazam
|-heal|p2a: Alakazam|256\/313
|cant|p1a: Starmie|par
|
|turn|33
|choice|move 4|move 1
|
|move|p2a: Alakazam|Psychic|p1a: Starmie
|-resisted|p1a: Starmie
|-damage|p1a: Starmie|34\/323 par
|-unboost|p1a: Starmie|spd|1
|-unboost|p1a: Starmie|spa|1
|move|p1a: Starmie|Blizzard|p2a: Alakazam|[miss]
|-miss|p1a: Starmie
|
|turn|34
|choice|move 1|move 1
|
|move|p2a: Alakazam|Psychic|p1a: Starmie
|-resisted|p1a: Starmie
|-damage|p1a: Starmie|0 fnt
|faint|p1a: Starmie
|choice|switch 6|
|
|switch|p1a: Jolteon|Jolteon|333\/333
|turn|35
|choice|move 4|move 1
|
|move|p1a: Jolteon|Hyper Beam|p2a: Alakazam
|-damage|p2a: Alakazam|124\/313
|move|p2a: Alakazam|Psychic|p1a: Jolteon
|-crit|p1a: Jolteon
|-damage|p1a: Jolteon|89\/333
|-unboost|p1a: Jolteon|spd|1
|-unboost|p1a: Jolteon|spa|1
|
|turn|36
|-mustrecharge|p1a: Jolteon
|-mustrecharge|p1a: Jolteon
|choice|move 1|move 1
|
|cant|p1a: Jolteon|recharge
|move|p2a: Alakazam|Psychic|p1a: Jolteon
|-damage|p1a: Jolteon|0 fnt
|faint|p1a: Jolteon
|
|win|Dazmi
|player|p1
|player|p2
|raw|Sorcerer222's rating: 1000 &rarr; <strong>1000<\/strong><br \/>(+0 for losing)
|raw|Dazmi's rating: 1212 &rarr; <strong>1224<\/strong><br \/>(+12 for winning)
|c|★Sorcerer222|gg
|l|Sorcerer222