|join|Eldougi
|join|Makiz0rz
|player|p1|Eldougi|170
|player|p2|Makiz0rz|7
|gametype|singles
|gen|1
|tier|[Gen 1] Random Battle
|rated
|rule|Sleep Clause Mod: Limit one foe put to sleep
|rule|Freeze Clause Mod: Limit one foe frozen
|rule|HP Percentage Mod: HP is shown in percentages
|
|start
|switch|p1a: Dugtrio|Dugtrio, L85|233\/233
|switch|p2a: Mankey|Mankey, L96|272\/272
|turn|1
|
|move|p1a: Dugtrio|Earthquake|p2a: Mankey
|-damage|p2a: Mankey|128\/272
|move|p2a: Mankey|Rock Slide|p1a: Dugtrio
|-crit|p1a: Dugtrio
|-resisted|p1a: Dugtrio
|-damage|p1a: Dugtrio|157\/233
|
|turn|2
|
|move|p1a: Dugtrio|Earthquake|p2a: Mankey
|-damage|p2a: Mankey|0 fnt
|faint|p2a: Mankey
|
|switch|p2a: Exeggutor|Exeggutor, L79|312\/312
|turn|3
|
|move|p1a: Dugtrio|Earthquake|p2a: Exeggutor
|-crit|p2a: Exeggutor
|-resisted|p2a: Exeggutor
|-damage|p2a: Exeggutor|208\/312
|move|p2a: Exeggutor|Sleep Powder|p1a: Dugtrio
|-status|p1a: Dugtrio|slp
|
|turn|4
|
|switch|p1a: Arcanine|Arcanine, L85|327\/327
|move|p2a: Exeggutor|Sleep Powder|p1a: Arcanine
|-message|Sleep Clause Mod activated.
|
|turn|5
|
|switch|p2a: Golem|Golem, L79|288\/288
|move|p1a: Arcanine|Fire Blast|p2a: Golem
|-crit|p2a: Golem
|-resisted|p2a: Golem
|-damage|p2a: Golem|128\/288
|-status|p2a: Golem|brn
|
|turn|6
|
|switch|p1a: Tangela|Tangela, L85|284\/284
|move|p2a: Golem|Earthquake|p1a: Tangela
|-resisted|p1a: Tangela
|-damage|p1a: Tangela|264\/284
|-damage|p2a: Golem|110\/288 brn|[from] brn|[of] p1a: Tangela
|
|turn|7
|
|switch|p2a: Exeggutor|Exeggutor, L79|208\/312
|move|p1a: Tangela|Swords Dance|p1a: Tangela
|-boost|p1a: Tangela|atk|2
|
|turn|8
|
|move|p1a: Tangela|Body Slam|p2a: Exeggutor
|-damage|p2a: Exeggutor|110\/312
|move|p2a: Exeggutor|Sleep Powder|p1a: Tangela|[miss]
|-miss|p2a: Exeggutor
|
|turn|9
|
|move|p1a: Tangela|Swords Dance|p1a: Tangela
|-boost|p1a: Tangela|atk|2
|move|p2a: Exeggutor|Sleep Powder|p1a: Tangela
|-message|Sleep Clause Mod activated.
|
|turn|10
|
|move|p1a: Tangela|Swords Dance|p1a: Tangela
|-boost|p1a: Tangela|atk|2
|move|p2a: Exeggutor|Sleep Powder|p1a: Tangela
|-message|Sleep Clause Mod activated.
|
|turn|11
|
|move|p1a: Tangela|Swords Dance|p1a: Tangela
|-boost|p1a: Tangela|atk|2
|move|p2a: Exeggutor|Sleep Powder|p1a: Tangela
|-message|Sleep Clause Mod activated.
|
|turn|12
|
|move|p1a: Tangela|Body Slam|p2a: Exeggutor
|-damage|p2a: Exeggutor|0 fnt
|faint|p2a: Exeggutor
|
|switch|p2a: Mr. Mime|Mr. Mime, L85|242\/242
|turn|13
|
|move|p2a: Mr. Mime|Psychic|p1a: Tangela
|-crit|p1a: Tangela
|-damage|p1a: Tangela|75\/284
|move|p1a: Tangela|Body Slam|p2a: Mr. Mime
|-damage|p2a: Mr. Mime|38\/242
|
|turn|14
|
|move|p2a: Mr. Mime|Psychic|p1a: Tangela
|-damage|p1a: Tangela|0 fnt
|faint|p1a: Tangela
|
|switch|p1a: Arcanine|Arcanine, L85|327\/327
|turn|15
|
|move|p1a: Arcanine|Body Slam|p2a: Mr. Mime
|-damage|p2a: Mr. Mime|0 fnt
|faint|p2a: Mr. Mime
|
|switch|p2a: Golem|Golem, L79|110\/288 brn
|turn|16
|
|switch|p1a: Squirtle|Squirtle, L96|279\/279
|move|p2a: Golem|Earthquake|p1a: Squirtle
|-damage|p1a: Squirtle|274\/279
|-damage|p2a: Golem|92\/288 brn|[from] brn|[of] p1a: Squirtle
|
|turn|17
|
|switch|p2a: Pinsir|Pinsir, L85|284\/284
|move|p1a: Squirtle|Surf|p2a: Pinsir
|-crit|p2a: Pinsir
|-damage|p2a: Pinsir|70\/284
|
|turn|18
|
|move|p2a: Pinsir|Hyper Beam|p1a: Squirtle
|-crit|p1a: Squirtle
|-damage|p1a: Squirtle|0 fnt
|faint|p1a: Squirtle
|
|switch|p1a: Arcanine|Arcanine, L85|327\/327
|turn|19
|
|switch|p2a: Marowak|Marowak, L85|276\/276
|move|p1a: Arcanine|Fire Blast|p2a: Marowak
|-damage|p2a: Marowak|109\/276
|
|turn|20
|
|move|p1a: Arcanine|Fire Blast|p2a: Marowak
|-damage|p2a: Marowak|0 fnt
|faint|p2a: Marowak
|
|switch|p2a: Golem|Golem, L79|92\/288 brn
|turn|21
|
|move|p1a: Arcanine|Fire Blast|p2a: Golem
|-resisted|p2a: Golem
|-damage|p2a: Golem|13\/288 brn
|move|p2a: Golem|Earthquake|p1a: Arcanine
|-supereffective|p1a: Arcanine
|-damage|p1a: Arcanine|316\/327
|-damage|p2a: Golem|0 fnt|[from] brn|[of] p1a: Arcanine
|faint|p2a: Golem
|
|switch|p2a: Pinsir|Pinsir, L85|70\/284
|turn|22
|
|move|p1a: Arcanine|Body Slam|p2a: Pinsir
|-damage|p2a: Pinsir|7\/284
|-status|p2a: Pinsir|par
|move|p2a: Pinsir|Hyper Beam|p1a: Arcanine
|-damage|p1a: Arcanine|187\/327
|
|turn|23
|-mustrecharge|p2a: Pinsir
|-mustrecharge|p2a: Pinsir
|
|move|p1a: Arcanine|Body Slam|p2a: Pinsir
|-crit|p2a: Pinsir
|-damage|p2a: Pinsir|0 fnt
|faint|p2a: Pinsir
|
|win|Eldougi
|raw|Ladder updating...
|raw|Eldougi's rating: 1342 &rarr; <strong>1352<\/strong><br \/>(+10 for winning)
|raw|Makiz0rz's rating: 1159 &rarr; <strong>1146<\/strong><br \/>(-13 for losing)