|join|Chargin' Chuck
|join|iluvhermione
|player|p1|Chargin' Chuck|176
|player|p2|iluvhermione|265
|gametype|singles
|gen|1
|tier|[Gen 1] Random Battle
|rated
|rule|Sleep Clause Mod: Limit one foe put to sleep
|rule|Freeze Clause Mod: Limit one foe frozen
|rule|HP Percentage Mod: HP is shown in percentages
|
|start
|switch|p1a: Kabuto|Kabuto, L96|252\/252
|switch|p2a: Arcanine|Arcanine, L85|327\/327
|turn|1
|
|switch|p2a: Dragonair|Dragonair, L85|277\/277
|move|p1a: Kabuto|Body Slam|p2a: Dragonair
|-damage|p2a: Dragonair|193\/277
|
|turn|2
|
|move|p2a: Dragonair|Thunder Wave|p1a: Kabuto
|-status|p1a: Kabuto|par
|move|p1a: Kabuto|Body Slam|p2a: Dragonair
|-damage|p2a: Dragonair|107\/277
|
|turn|3
|
|move|p2a: Dragonair|Thunder|p1a: Kabuto
|-supereffective|p1a: Kabuto
|-damage|p1a: Kabuto|57\/252 par
|move|p1a: Kabuto|Slash|p2a: Dragonair
|-crit|p2a: Dragonair
|-damage|p2a: Dragonair|0 fnt
|faint|p2a: Dragonair
|
|switch|p2a: Omastar|Omastar, L90|309\/309
|turn|4
|
|move|p2a: Omastar|Surf|p1a: Kabuto
|-damage|p1a: Kabuto|0 fnt
|faint|p1a: Kabuto
|
|switch|p1a: Electabuzz|Electabuzz, L85|284\/284
|turn|5
|
|switch|p2a: Magneton|Magneton, L90|273\/273
|move|p1a: Electabuzz|Thunderbolt|p2a: Magneton
|-crit|p2a: Magneton
|-resisted|p2a: Magneton
|-damage|p2a: Magneton|201\/273
|
|turn|6
|
|switch|p1a: Ivysaur|Ivysaur, L85|276\/276
|move|p2a: Magneton|Thunder Wave|p1a: Ivysaur
|-status|p1a: Ivysaur|par
|
|turn|7
|
|move|p2a: Magneton|Hyper Beam|p1a: Ivysaur
|-damage|p1a: Ivysaur|167\/276 par
|move|p1a: Ivysaur|Sleep Powder|p2a: Magneton
|-status|p2a: Magneton|slp
|
|turn|8
|-mustrecharge|p2a: Magneton
|-mustrecharge|p2a: Magneton
|
|cant|p2a: Magneton|recharge
|move|p1a: Ivysaur|Leech Seed|p2a: Magneton
|-start|p2a: Magneton|move: Leech Seed
|
|turn|9
|
|switch|p2a: Arcanine|Arcanine, L85|327\/327
|switch|p1a: Persian|Persian, L79|265\/265
|
|turn|10
|
|move|p1a: Persian|Bubble Beam|p2a: Arcanine
|-supereffective|p2a: Arcanine
|-damage|p2a: Arcanine|261\/327
|move|p2a: Arcanine|Body Slam|p1a: Persian
|-damage|p1a: Persian|180\/265
|
|turn|11
|
|move|p1a: Persian|Slash|p2a: Arcanine
|-crit|p2a: Arcanine
|-damage|p2a: Arcanine|153\/327
|move|p2a: Arcanine|Body Slam|p1a: Persian
|-damage|p1a: Persian|85\/265
|
|turn|12
|
|move|p1a: Persian|Hyper Beam|p2a: Arcanine|[miss]
|-miss|p1a: Persian
|move|p2a: Arcanine|Body Slam|p1a: Persian
|-damage|p1a: Persian|0 fnt
|faint|p1a: Persian
|
|switch|p1a: Electabuzz|Electabuzz, L85|284\/284
|turn|13
|
|move|p1a: Electabuzz|Thunder Wave|p2a: Arcanine
|-status|p2a: Arcanine|par
|cant|p2a: Arcanine|par
|
|turn|14
|
|move|p1a: Electabuzz|Thunderbolt|p2a: Arcanine
|-crit|p2a: Arcanine
|-damage|p2a: Arcanine|0 fnt
|faint|p2a: Arcanine
|
|switch|p2a: Hitmonchan|Hitmonchan, L90|273\/273
|turn|15
|
|switch|p1a: Ekans|Ekans, L96|262\/262
|move|p2a: Hitmonchan|Body Slam|p1a: Ekans
|-damage|p1a: Ekans|161\/262
|
|turn|16
|
|switch|p2a: Omastar|Omastar, L90|309\/309
|move|p1a: Ekans|Glare|p2a: Omastar
|-status|p2a: Omastar|par
|
|turn|17
|
|move|p1a: Ekans|Earthquake|p2a: Omastar
|-supereffective|p2a: Omastar
|-damage|p2a: Omastar|215\/309 par
|move|p2a: Omastar|Blizzard|p1a: Ekans
|-damage|p1a: Ekans|19\/262
|-status|p1a: Ekans|frz
|
|turn|18
|
|switch|p2a: Pidgeotto|Pidgeotto, L90|297\/297
|cant|p1a: Ekans|frz
|
|turn|19
|
|move|p2a: Pidgeotto|Agility|p2a: Pidgeotto
|-boost|p2a: Pidgeotto|spe|2
|cant|p1a: Ekans|frz
|
|turn|20
|
|move|p2a: Pidgeotto|Mimic|p1a: Ekans
|-start|p2a: Pidgeotto|Mimic|Earthquake
|cant|p1a: Ekans|frz
|
|turn|21
|
|move|p2a: Pidgeotto|Agility|p2a: Pidgeotto
|-boost|p2a: Pidgeotto|spe|2
|cant|p1a: Ekans|frz
|
|turn|22
|
|move|p2a: Pidgeotto|Earthquake|p1a: Ekans
|-supereffective|p1a: Ekans
|-damage|p1a: Ekans|0 fnt
|faint|p1a: Ekans
|
|switch|p1a: Porygon|Porygon, L85|284\/284
|turn|23
|
|move|p2a: Pidgeotto|Double-Edge|p1a: Porygon
|-damage|p1a: Porygon|176\/284
|-damage|p2a: Pidgeotto|270\/297|[from] recoil|[of] p1a: Porygon
|move|p1a: Porygon|Thunderbolt|p2a: Pidgeotto
|-supereffective|p2a: Pidgeotto
|-damage|p2a: Pidgeotto|111\/297
|
|turn|24
|
|move|p2a: Pidgeotto|Double-Edge|p1a: Porygon
|-crit|p1a: Porygon
|-damage|p1a: Porygon|0 fnt
|-damage|p2a: Pidgeotto|67\/297|[from] recoil|[of] p1a: Porygon
|faint|p1a: Porygon
|
|switch|p1a: Electabuzz|Electabuzz, L85|284\/284
|turn|25
|
|move|p2a: Pidgeotto|Earthquake|p1a: Electabuzz
|-supereffective|p1a: Electabuzz
|-damage|p1a: Electabuzz|140\/284
|move|p1a: Electabuzz|Thunderbolt|p2a: Pidgeotto
|-crit|p2a: Pidgeotto
|-supereffective|p2a: Pidgeotto
|-damage|p2a: Pidgeotto|0 fnt
|faint|p2a: Pidgeotto
|
|switch|p2a: Hitmonchan|Hitmonchan, L90|273\/273
|turn|26
|
|move|p1a: Electabuzz|Psychic|p2a: Hitmonchan
|-crit|p2a: Hitmonchan
|-supereffective|p2a: Hitmonchan
|-damage|p2a: Hitmonchan|0 fnt
|faint|p2a: Hitmonchan
|
|switch|p2a: Magneton|Magneton, L90|201\/273 slp
|turn|27
|
|move|p1a: Electabuzz|Psychic|p2a: Magneton
|-damage|p2a: Magneton|158\/273 slp
|-unboost|p2a: Magneton|spd|1
|-unboost|p2a: Magneton|spa|1
|cant|p2a: Magneton|slp
|
|turn|28
|
|switch|p2a: Omastar|Omastar, L90|215\/309 par
|move|p1a: Electabuzz|Psychic|p2a: Omastar
|-damage|p2a: Omastar|166\/309 par
|
|turn|29
|
|switch|p2a: Magneton|Magneton, L90|158\/273 slp
|move|p1a: Electabuzz|Thunderbolt|p2a: Magneton
|-resisted|p2a: Magneton
|-damage|p2a: Magneton|121\/273 slp
|
|turn|30
|
|move|p1a: Electabuzz|Psychic|p2a: Magneton
|-crit|p2a: Magneton
|-damage|p2a: Magneton|36\/273 slp
|cant|p2a: Magneton|slp
|
|turn|31
|
|move|p1a: Electabuzz|Seismic Toss|p2a: Magneton
|-damage|p2a: Magneton|0 fnt
|faint|p2a: Magneton
|
|switch|p2a: Omastar|Omastar, L90|166\/309 par
|turn|32
|-message|iluvhermione forfeited.
|
|win|Chargin' Chuck
|raw|Ladder updating...
|raw|Chargin&apos; Chuck's rating: 1184 &rarr; <strong>1219<\/strong><br \/>(+35 for winning)
|raw|iluvhermione's rating: 1324 &rarr; <strong>1297<\/strong><br \/>(-27 for losing)
|leave|iluvhermione
|player|p2
|c|★Chargin' Chuck|EERREBUUUU