|join|Bacon & Cheese
|join|kid gf lol
|player|p1|Bacon & Cheese|163
|player|p2|kid gf lol|168
|gametype|singles
|gen|1
|tier|[Gen 1] OU (beta)
|rule|Sleep Clause Mod: Limit one foe put to sleep
|rule|Species Clause: Limit one of each Pokemon
|rule|OHKO Clause: OHKO moves are banned
|rule|Moody Clause: Moody is banned
|rule|Evasion Moves Clause: Evasion moves are banned
|rule|Endless Battle Clause: Forcing endless battles is banned.
|rule|HP Percentage Mod: HP is reported as percentages
|
|start
|switch|p1a: Egg Lead Jr|Exeggcute|323\/323
|switch|p2a: Poliwag|Poliwag|283\/283
|turn|1
|
|move|p2a: Poliwag|Hypnosis|p1a: Egg Lead Jr
|-status|p1a: Egg Lead Jr|slp
|cant|p1a: Egg Lead Jr|slp
|
|turn|2
|
|switch|p1a: Starmie Jr|Staryu|263\/263
|move|p2a: Poliwag|Ice Beam|p1a: Starmie Jr
|-resisted|p1a: Starmie Jr
|-damage|p1a: Starmie Jr|236\/263
|
|turn|3
|
|switch|p2a: Dratini|Dratini|285\/285
|move|p1a: Starmie Jr|Thunder Wave|p2a: Dratini
|-status|p2a: Dratini|par
|
|turn|4
|
|move|p1a: Starmie Jr|Blizzard|p2a: Dratini
|-supereffective|p2a: Dratini
|-damage|p2a: Dratini|76\/285 par
|cant|p2a: Dratini|par
|
|turn|5
|
|move|p1a: Starmie Jr|Blizzard|p2a: Dratini
|-supereffective|p2a: Dratini
|-damage|p2a: Dratini|0 fnt
|faint|p2a: Dratini
|
|
|switch|p2a: Staryu|Staryu|263\/263
|turn|6
|
|move|p1a: Starmie Jr|Thunder Wave|p2a: Staryu
|-status|p2a: Staryu|par
|cant|p2a: Staryu|par
|
|turn|7
|
|move|p1a: Starmie Jr|Thunderbolt|p2a: Staryu
|-supereffective|p2a: Staryu
|-damage|p2a: Staryu|124\/263 par
|move|p2a: Staryu|Thunder Wave|p1a: Starmie Jr
|-status|p1a: Starmie Jr|par
|
|turn|8
|
|cant|p1a: Starmie Jr|par
|move|p2a: Staryu|Recover|p2a: Staryu
|-heal|p2a: Staryu|255\/263 par
|
|turn|9
|join|Sst_Maddtruck
|
|move|p1a: Starmie Jr|Thunderbolt|p2a: Staryu
|-crit|p2a: Staryu
|-supereffective|p2a: Staryu
|-damage|p2a: Staryu|0 fnt
|faint|p2a: Staryu
|
|chat|kid gf lol|k you win lol
|
|switch|p2a: Tentacool|Tentacool|283\/283
|turn|10
|chat|Bacon & Cheese|yea
|chat|Bacon & Cheese|it seems so :\/
|
|move|p2a: Tentacool|Wrap|p1a: Starmie Jr
|-damage|p1a: Starmie Jr|226\/263 par
|-activate|p1a: Starmie Jr|move: Wrap|[of] p2a: Tentacool
|cant|p1a: Starmie Jr|partiallytrapped
|
|turn|11
|
|move|p2a: Tentacool|Wrap|p1a: Starmie Jr
|-damage|p1a: Starmie Jr|216\/263 par
|cant|p1a: Starmie Jr|partiallytrapped
|
|turn|12
|
|switch|p1a: Egg Lead Jr|Exeggcute|323\/323 slp
|move|p2a: Tentacool|Wrap|p1a: Egg Lead Jr
|-damage|p1a: Egg Lead Jr|314\/323 slp
|-activate|p1a: Egg Lead Jr|move: Wrap|[of] p2a: Tentacool
|
|turn|13
|
|switch|p1a: Starmie Jr|Staryu|216\/263 par
|move|p2a: Tentacool|Wrap|p1a: Starmie Jr
|-damage|p1a: Starmie Jr|205\/263 par
|-activate|p1a: Starmie Jr|move: Wrap|[of] p2a: Tentacool
|
|turn|14
|
|switch|p1a: Egg Lead Jr|Exeggcute|314\/323 slp
|move|p2a: Tentacool|Wrap|p1a: Egg Lead Jr
|-damage|p1a: Egg Lead Jr|306\/323 slp
|-activate|p1a: Egg Lead Jr|move: Wrap|[of] p2a: Tentacool
|
|turn|15
|
|switch|p1a: Starmie Jr|Staryu|205\/263 par
|move|p2a: Tentacool|Wrap|p1a: Starmie Jr
|-damage|p1a: Starmie Jr|195\/263 par
|-activate|p1a: Starmie Jr|move: Wrap|[of] p2a: Tentacool
|
|turn|16
|
|switch|p1a: Gengar Jr|Gastly|263\/263
|move|p2a: Tentacool|Wrap|p1a: Gengar Jr
|-damage|p1a: Gengar Jr|263\/263
|-activate|p1a: Gengar Jr|move: Wrap|[of] p2a: Tentacool
|
|turn|17
|
|cant|p1a: Gengar Jr|partiallytrapped
|move|p2a: Tentacool|Wrap|p1a: Gengar Jr
|-damage|p1a: Gengar Jr|263\/263
|
|turn|18
|
|cant|p1a: Gengar Jr|partiallytrapped
|move|p2a: Tentacool|Wrap|p1a: Gengar Jr
|-damage|p1a: Gengar Jr|263\/263
|
|turn|19
|join|Mr.Tanification
|
|cant|p1a: Gengar Jr|partiallytrapped
|move|p2a: Tentacool|Wrap|p1a: Gengar Jr
|-damage|p1a: Gengar Jr|263\/263
|
|turn|20
|
|cant|p1a: Gengar Jr|partiallytrapped
|move|p2a: Tentacool|Wrap|p1a: Gengar Jr
|-damage|p1a: Gengar Jr|263\/263
|
|-end|p1a: Gengar Jr|Wrap|[partiallytrapped]
|turn|21
|
|move|p1a: Gengar Jr|Thunderbolt|p2a: Tentacool
|-supereffective|p2a: Tentacool
|-damage|p2a: Tentacool|133\/283
|move|p2a: Tentacool|Ice Beam|p1a: Gengar Jr
|-damage|p1a: Gengar Jr|195\/263
|
|turn|22
|
|switch|p2a: Geodude|Geodude|283\/283
|move|p1a: Gengar Jr|Thunderbolt|p2a: Geodude
|-immune|p2a: Geodude|[msg]
|
|turn|23
|
|move|p1a: Gengar Jr|Mega Drain|p2a: Geodude
|-supereffective|p2a: Geodude
|-damage|p2a: Geodude|42\/283
|-heal|p1a: Gengar Jr|263\/263|[from] drain|[of] p2a: Geodude
|move|p2a: Geodude|Earthquake|p1a: Gengar Jr
|-supereffective|p1a: Gengar Jr
|-damage|p1a: Gengar Jr|0 fnt
|faint|p1a: Gengar Jr
|
|
|switch|p1a: Golem Jr|Geodude|283\/283
|turn|24
|
|move|p2a: Geodude|Earthquake|p1a: Golem Jr
|-supereffective|p1a: Golem Jr
|-damage|p1a: Golem Jr|95\/283
|move|p1a: Golem Jr|Earthquake|p2a: Geodude
|-supereffective|p2a: Geodude
|-damage|p2a: Geodude|0 fnt
|faint|p2a: Geodude
|
|
|switch|p2a: Poliwag|Poliwag|283\/283
|turn|25
|
|switch|p1a: Egg Lead Jr|Exeggcute|306\/323 slp
|move|p2a: Poliwag|Ice Beam|p1a: Egg Lead Jr
|-crit|p1a: Egg Lead Jr
|-supereffective|p1a: Egg Lead Jr
|-damage|p1a: Egg Lead Jr|71\/323 slp
|
|turn|26
|leave|Sst_Maddtruck
|
|move|p2a: Poliwag|Amnesia|p2a: Poliwag
|-boost|p2a: Poliwag|spd|2
|-boost|p2a: Poliwag|spa|2
|cant|p1a: Egg Lead Jr|slp
|
|turn|27
|leave|Mr.Tanification
|
|switch|p1a: Starmie Jr|Staryu|195\/263 par
|move|p2a: Poliwag|Amnesia|p2a: Poliwag
|-boost|p2a: Poliwag|spd|2
|-boost|p2a: Poliwag|spa|2
|
|turn|28
|
|move|p2a: Poliwag|Ice Beam|p1a: Starmie Jr
|-resisted|p1a: Starmie Jr
|-damage|p1a: Starmie Jr|106\/263 par
|move|p1a: Starmie Jr|Thunder Wave|p2a: Poliwag
|-status|p2a: Poliwag|par
|
|turn|29
|
|move|p2a: Poliwag|Ice Beam|p1a: Starmie Jr
|-resisted|p1a: Starmie Jr
|-damage|p1a: Starmie Jr|17\/263 par
|cant|p1a: Starmie Jr|par
|
|turn|30
|
|move|p2a: Poliwag|Ice Beam|p1a: Starmie Jr
|-crit|p1a: Starmie Jr
|-resisted|p1a: Starmie Jr
|-damage|p1a: Starmie Jr|0 fnt
|faint|p1a: Starmie Jr
|
|
|switch|p1a: Golem Jr|Geodude|95\/283
|turn|31
|
|move|p1a: Golem Jr|Explosion|p2a: Poliwag
|-damage|p2a: Poliwag|0 fnt
|faint|p2a: Poliwag
|faint|p1a: Golem Jr
|
|switch|p1a: Persian Jr|Meowth|283\/283
|switch|p2a: Tentacool|Tentacool|133\/283
|turn|32
|
|move|p1a: Persian Jr|Slash|p2a: Tentacool
|-crit|p2a: Tentacool
|-damage|p2a: Tentacool|0 fnt
|faint|p2a: Tentacool
|
|chat|kid gf lol|wait
|chat|Bacon & Cheese|?
|chat|kid gf lol|he's faster than tentacool?
|c|★kid gf lol|!data tentacool
|c|~|\/data-pokemon Tentacool

|c|★kid gf lol|!data meowth
|c|~|\/data-pokemon Meowth

|chat|kid gf lol|oh
|chat|kid gf lol|i thought tentacool had higher speed idk why
|
|switch|p2a: Ponyta|Ponyta|303\/303
|turn|33
|
|move|p1a: Persian Jr|Bubble Beam|p2a: Ponyta
|-supereffective|p2a: Ponyta
|-damage|p2a: Ponyta|217\/303
|move|p2a: Ponyta|Fire Blast|p1a: Persian Jr
|-damage|p1a: Persian Jr|99\/283
|
|turn|34
|
|move|p1a: Persian Jr|Body Slam|p2a: Ponyta
|-crit|p2a: Ponyta
|-damage|p2a: Ponyta|29\/303
|move|p2a: Ponyta|Fire Blast|p1a: Persian Jr
|-damage|p1a: Persian Jr|0 fnt
|faint|p1a: Persian Jr
|
|
|switch|p1a: Raichu Jr|Pikachu|273\/273
|turn|35
|chat|kid gf lol|speed tie
|chat|Bacon & Cheese|ikr
|chat|kid gf lol|you win gg
|chat|Bacon & Cheese|or you might
|
|move|p1a: Raichu Jr|Thunderbolt|p2a: Ponyta
|-damage|p2a: Ponyta|0 fnt
|faint|p2a: Ponyta
|
|win|Bacon & Cheese
|chat|Bacon & Cheese|nvm
|chat|Bacon & Cheese|gg
|chat|Bacon & Cheese|thanks