|join|MALESANI
|join|Dromomania
|player|p1|MALESANI|238
|player|p2|Dromomania|154
|gametype|singles
|gen|1
|tier|[Gen 1] Random Battle
|rated
|seed|52131,21942,53306,27776
|rule|Sleep Clause Mod: Limit one foe put to sleep
|rule|Freeze Clause Mod: Limit one foe frozen
|rule|HP Percentage Mod: HP is shown in percentages
|
|start
|switch|p1a: Jolteon|Jolteon, L79|265\/265
|switch|p2a: Dragonite|Dragonite, L85|328\/328
|turn|1
|choice|switch 2|move 3
|
|switch|p1a: Rattata|Rattata, L96|252\/252
|move|p2a: Dragonite|Surf|p1a: Rattata
|-damage|p1a: Rattata|145\/252
|
|turn|2
|choice|move 3|move 1
|
|move|p1a: Rattata|Blizzard|p2a: Dragonite
|-supereffective|p2a: Dragonite
|-damage|p2a: Dragonite|112\/328
|move|p2a: Dragonite|Thunder Wave|p1a: Rattata
|-status|p1a: Rattata|par
|
|turn|3
|choice|move 3|switch 6
|
|switch|p2a: Flareon|Flareon, L90|300\/300
|move|p1a: Rattata|Blizzard|p2a: Flareon
|-damage|p2a: Flareon|256\/300
|
|turn|4
|choice|move 2|move 2
|
|move|p2a: Flareon|Fire Blast|p1a: Rattata
|-damage|p1a: Rattata|0 fnt
|faint|p1a: Rattata
|choice|switch 5|
|
|switch|p1a: Dragonite|Dragonite, L85|328\/328
|turn|5
|choice|move 2|switch 4
|
|switch|p2a: Omastar|Omastar, L90|309\/309
|move|p1a: Dragonite|Surf|p2a: Omastar
|-damage|p2a: Omastar|253\/309
|
|turn|6
|choice|move 1|move 1
|
|move|p1a: Dragonite|Thunder|p2a: Omastar
|-crit|p2a: Omastar
|-supereffective|p2a: Omastar
|-damage|p2a: Omastar|0 fnt
|faint|p2a: Omastar
|choice||switch 3
|
|switch|p2a: Persian|Persian, L79|265\/265
|turn|7
|choice|move 4|move 4
|
|move|p2a: Persian|Body Slam|p1a: Dragonite
|-crit|p1a: Dragonite
|-damage|p1a: Dragonite|201\/328
|move|p1a: Dragonite|Thunder Wave|p2a: Persian
|-status|p2a: Persian|par
|
|turn|8
|choice|move 1|move 3
|
|move|p1a: Dragonite|Thunder|p2a: Persian|[miss]
|-miss|p1a: Dragonite
|move|p2a: Persian|Thunderbolt|p1a: Dragonite
|-damage|p1a: Dragonite|158\/328
|
|turn|9
|choice|move 1|move 4
|
|move|p1a: Dragonite|Thunder|p2a: Persian|[miss]
|-miss|p1a: Dragonite
|move|p2a: Persian|Body Slam|p1a: Dragonite
|-damage|p1a: Dragonite|92\/328
|
|turn|10
|choice|move 1|move 4
|
|move|p1a: Dragonite|Thunder|p2a: Persian
|-damage|p2a: Persian|153\/265 par
|move|p2a: Persian|Body Slam|p1a: Dragonite
|-damage|p1a: Dragonite|30\/328
|
|turn|11
|choice|move 3|move 4
|
|move|p1a: Dragonite|Hyper Beam|p2a: Persian
|-damage|p2a: Persian|0 fnt
|faint|p2a: Persian
|choice||switch 5
|
|switch|p2a: Beedrill|Beedrill, L90|300\/300
|turn|12
|choice|switch 3|move 3
|
|switch|p1a: Koffing|Koffing, L96|272\/272
|move|p2a: Beedrill|Swords Dance|p2a: Beedrill
|-boost|p2a: Beedrill|atk|2
|
|turn|13
|choice|move 4|move 4
|
|move|p2a: Beedrill|Hyper Beam|p1a: Koffing
|-damage|p1a: Koffing|98\/272
|move|p1a: Koffing|Fire Blast|p2a: Beedrill|[miss]
|-miss|p1a: Koffing
|
|turn|14
|-mustrecharge|p2a: Beedrill
|-mustrecharge|p2a: Beedrill
|choice|move 4|move 1
|
|cant|p2a: Beedrill|recharge
|move|p1a: Koffing|Fire Blast|p2a: Beedrill
|-supereffective|p2a: Beedrill
|-damage|p2a: Beedrill|76\/300
|
|turn|15
|choice|move 1|move 4
|
|move|p2a: Beedrill|Hyper Beam|p1a: Koffing
|-damage|p1a: Koffing|0 fnt
|faint|p1a: Koffing
|choice|switch 6|
|
|switch|p1a: Persian|Persian, L79|265\/265
|turn|16
|choice|move 1|move 1
|
|move|p1a: Persian|Slash|p2a: Beedrill
|-crit|p2a: Beedrill
|-damage|p2a: Beedrill|0 fnt
|faint|p2a: Beedrill
|choice||switch 2
|
|switch|p2a: Oddish|Oddish, L96|281\/281
|turn|17
|choice|move 4|move 2
|
|move|p1a: Persian|Body Slam|p2a: Oddish
|-damage|p2a: Oddish|207\/281
|move|p2a: Oddish|Sleep Powder|p1a: Persian|[miss]
|-miss|p2a: Oddish
|
|turn|18
|choice|move 1|move 2
|
|move|p1a: Persian|Slash|p2a: Oddish
|-crit|p2a: Oddish
|-damage|p2a: Oddish|95\/281
|move|p2a: Oddish|Sleep Powder|p1a: Persian
|-status|p1a: Persian|slp
|
|turn|19
|choice|switch 3|move 1
|
|switch|p1a: Dragonite|Dragonite, L85|30\/328
|move|p2a: Oddish|Mega Drain|p1a: Dragonite
|-resisted|p1a: Dragonite
|-damage|p1a: Dragonite|21\/328
|-heal|p2a: Oddish|99\/281|[from] drain|[of] p1a: Dragonite
|
|turn|20
|choice|move 4|move 3
|
|move|p1a: Dragonite|Thunder Wave|p2a: Oddish
|-status|p2a: Oddish|par
|move|p2a: Oddish|Double-Edge|p1a: Dragonite
|-damage|p1a: Dragonite|0 fnt
|-damage|p2a: Oddish|94\/281 par|[from] recoil|[of] p1a: Dragonite
|faint|p1a: Dragonite
|choice|switch 4|
|
|switch|p1a: Lapras|Lapras, L79|367\/367
|turn|21
|choice|move 2|move 1
|
|move|p1a: Lapras|Ice Beam|p2a: Oddish
|-supereffective|p2a: Oddish
|-damage|p2a: Oddish|0 fnt
|faint|p2a: Oddish
|choice||switch 6
|
|switch|p2a: Dragonite|Dragonite, L85|112\/328
|turn|22
|choice|move 2|move 4
|
|move|p2a: Dragonite|Thunderbolt|p1a: Lapras
|-supereffective|p1a: Lapras
|-damage|p1a: Lapras|218\/367
|move|p1a: Lapras|Ice Beam|p2a: Dragonite
|-supereffective|p2a: Dragonite
|-damage|p2a: Dragonite|0 fnt
|faint|p2a: Dragonite
|choice||switch 4
|
|switch|p2a: Flareon|Flareon, L90|256\/300
|turn|23
|choice|move 4|move 2
|
|move|p2a: Flareon|Fire Blast|p1a: Lapras|[miss]
|-miss|p2a: Flareon
|move|p1a: Lapras|Body Slam|p2a: Flareon
|-damage|p2a: Flareon|200\/300
|
|turn|24
|choice|move 2|move 2
|
|move|p2a: Flareon|Fire Blast|p1a: Lapras|[miss]
|-miss|p2a: Flareon
|move|p1a: Lapras|Ice Beam|p2a: Flareon
|-damage|p2a: Flareon|123\/300
|
|turn|25
|choice|move 2|move 2
|
|move|p2a: Flareon|Fire Blast|p1a: Lapras
|-damage|p1a: Lapras|63\/367
|move|p1a: Lapras|Ice Beam|p2a: Flareon
|-damage|p2a: Flareon|50\/300
|
|turn|26
|choice|move 2|move 4
|
|move|p2a: Flareon|Body Slam|p1a: Lapras
|-crit|p1a: Lapras
|-damage|p1a: Lapras|0 fnt
|faint|p1a: Lapras
|choice|switch 3|
|
|switch|p1a: Persian|Persian, L79|265\/265 slp
|turn|27
|choice|move 4|move 2
|
|cant|p1a: Persian|slp
|move|p2a: Flareon|Fire Blast|p1a: Persian
|-damage|p1a: Persian|76\/265 slp
|
|turn|28
|choice|move 4|move 4
|
|cant|p1a: Persian|slp
|move|p2a: Flareon|Body Slam|p1a: Persian
|-damage|p1a: Persian|0 fnt
|faint|p1a: Persian
|choice|switch 2|
|
|switch|p1a: Jolteon|Jolteon, L79|265\/265
|turn|29
|choice|move 1|move 3
|
|move|p2a: Flareon|Quick Attack|p1a: Jolteon
|-damage|p1a: Jolteon|210\/265
|move|p1a: Jolteon|Thunderbolt|p2a: Flareon
|-crit|p2a: Flareon
|-damage|p2a: Flareon|0 fnt
|faint|p2a: Flareon
|
|win|MALESANI
|raw|MALESANI's rating: 1277 &rarr; <strong>1291<\/strong><br \/>(+14 for winning)
|raw|Dromomania's rating: 1103 &rarr; <strong>1090<\/strong><br \/>(-13 for losing)
|leave|Dromomania