|j|Parnas
|j|Dervodel2
|player|p1|Parnas|163
|player|p2|Dervodel2|238
|gametype|singles
|gen|1
|tier|[Gen 1] Random Battle
|rated
|seed|
|rule|Sleep Clause Mod: Limit one foe put to sleep
|rule|Freeze Clause Mod: Limit one foe frozen
|rule|HP Percentage Mod: HP is shown in percentages
|
|start
|switch|p1a: Zubat|Zubat, L96|100\/100
|switch|p2a: Arbok|Arbok, L90|100\/100
|turn|1
|j|hrtwhe
|choice||
|
|move|p2a: Arbok|Body Slam|p1a: Zubat
|-damage|p1a: Zubat|65\/100
|-status|p1a: Zubat|par
|move|p1a: Zubat|Confuse Ray|p2a: Arbok
|-start|p2a: Arbok|confusion
|
|turn|2
|choice||
|
|-activate|p2a: Arbok|confusion
|-damage|p2a: Arbok|88\/100|[from] confusion
|move|p1a: Zubat|Screech|p2a: Arbok
|-unboost|p2a: Arbok|def|2
|
|turn|3
|choice||
|
|switch|p2a: Jolteon|Jolteon, L79|100\/100
|move|p1a: Zubat|Leech Life|p2a: Jolteon
|-damage|p2a: Jolteon|94\/100
|-heal|p1a: Zubat|68\/100 par|[from] drain|[of] p2a: Jolteon
|
|turn|4
|choice||
|
|switch|p1a: Diglett|Diglett, L96|100\/100
|move|p2a: Jolteon|Thunderbolt|p1a: Diglett
|-immune|p1a: Diglett|[msg]
|
|turn|5
|choice||
|
|switch|p2a: Exeggutor|Exeggutor, L79|100\/100
|move|p1a: Diglett|Slash|p2a: Exeggutor
|-crit|p2a: Exeggutor
|-damage|p2a: Exeggutor|67\/100
|
|turn|6
|choice||
|
|switch|p1a: Zubat|Zubat, L96|68\/100 par
|move|p2a: Exeggutor|Mega Drain|p1a: Zubat
|-resisted|p1a: Zubat
|-damage|p1a: Zubat|63\/100 par
|-heal|p2a: Exeggutor|70\/100|[from] drain|[of] p1a: Zubat
|
|turn|7
|choice||
|
|move|p2a: Exeggutor|Psychic|p1a: Zubat
|-supereffective|p1a: Zubat
|-damage|p1a: Zubat|0 fnt
|faint|p1a: Zubat
|choice||
|
|switch|p1a: Magmar|Magmar, L90|100\/100
|turn|8
|l|hrtwhe
|choice||
|
|switch|p2a: Arbok|Arbok, L90|88\/100
|move|p1a: Magmar|Confuse Ray|p2a: Arbok
|-start|p2a: Arbok|confusion
|
|turn|9
|choice||
|
|move|p1a: Magmar|Body Slam|p2a: Arbok
|-damage|p2a: Arbok|64\/100
|-activate|p2a: Arbok|confusion
|-damage|p2a: Arbok|52\/100|[from] confusion
|
|turn|10
|choice||
|
|move|p1a: Magmar|Body Slam|p2a: Arbok
|-crit|p2a: Arbok
|-damage|p2a: Arbok|4\/100
|-status|p2a: Arbok|par
|-end|p2a: Arbok|confusion
|move|p2a: Arbok|Earthquake|p1a: Magmar
|-supereffective|p1a: Magmar
|-damage|p1a: Magmar|36\/100
|
|turn|11
|choice||
|
|switch|p2a: Primeape|Primeape, L90|100\/100
|move|p1a: Magmar|Body Slam|p2a: Primeape
|-damage|p2a: Primeape|73\/100
|
|turn|12
|choice||
|
|move|p2a: Primeape|Submission|p1a: Magmar
|-damage|p1a: Magmar|0 fnt
|-damage|p2a: Primeape|65\/100|[from] recoil|[of] p1a: Magmar
|faint|p1a: Magmar
|choice||
|
|switch|p1a: Starmie|Starmie, L79|100\/100
|turn|13
|choice||
|
|switch|p2a: Jolteon|Jolteon, L79|94\/100
|move|p1a: Starmie|Thunder Wave|p2a: Jolteon
|-status|p2a: Jolteon|par
|
|turn|14
|choice||
|
|switch|p1a: Diglett|Diglett, L96|100\/100
|switch|p2a: Dewgong|Dewgong, L85|100\/100
|
|turn|15
|choice||
|
|switch|p1a: Starmie|Starmie, L79|100\/100
|move|p2a: Dewgong|Body Slam|p1a: Starmie
|-damage|p1a: Starmie|78\/100
|-status|p1a: Starmie|par
|
|turn|16
|choice||
|
|move|p2a: Dewgong|Mimic|p1a: Starmie
|-start|p2a: Dewgong|Mimic|Thunder Wave
|move|p1a: Starmie|Recover|p1a: Starmie
|-heal|p1a: Starmie|100\/100 par
|
|turn|17
|choice||
|
|switch|p2a: Jolteon|Jolteon, L79|94\/100 par
|move|p1a: Starmie|Thunder Wave|p2a: Jolteon
|-fail|p2a: Jolteon|par
|
|turn|18
|choice||
|
|switch|p1a: Hitmonchan|Hitmonchan, L90|100\/100
|move|p2a: Jolteon|Pin Missile|p1a: Hitmonchan
|-resisted|p1a: Hitmonchan
|-damage|p1a: Hitmonchan|99\/100
|-damage|p1a: Hitmonchan|98\/100
|-damage|p1a: Hitmonchan|97\/100
|-hitcount|p1a: Hitmonchan|3
|
|turn|19
|choice||
|
|switch|p2a: Exeggutor|Exeggutor, L79|70\/100
|move|p1a: Hitmonchan|Body Slam|p2a: Exeggutor
|-damage|p2a: Exeggutor|43\/100
|
|turn|20
|choice||
|
|switch|p1a: Starmie|Starmie, L79|100\/100 par
|move|p2a: Exeggutor|Psychic|p1a: Starmie
|-resisted|p1a: Starmie
|-damage|p1a: Starmie|81\/100 par
|
|turn|21
|choice||
|
|move|p2a: Exeggutor|Mega Drain|p1a: Starmie
|-supereffective|p1a: Starmie
|-damage|p1a: Starmie|45\/100 par
|-heal|p2a: Exeggutor|58\/100|[from] drain|[of] p1a: Starmie
|move|p1a: Starmie|Blizzard|p2a: Exeggutor
|-supereffective|p2a: Exeggutor
|-damage|p2a: Exeggutor|19\/100
|
|turn|22
|choice||
|
|switch|p1a: Hitmonchan|Hitmonchan, L90|97\/100
|move|p2a: Exeggutor|Mega Drain|p1a: Hitmonchan
|-damage|p1a: Hitmonchan|71\/100
|-heal|p2a: Exeggutor|30\/100|[from] drain|[of] p1a: Hitmonchan
|
|turn|23
|choice||
|
|move|p1a: Hitmonchan|Body Slam|p2a: Exeggutor
|-damage|p2a: Exeggutor|6\/100
|move|p2a: Exeggutor|Psychic|p1a: Hitmonchan
|-supereffective|p1a: Hitmonchan
|-damage|p1a: Hitmonchan|0 fnt
|faint|p1a: Hitmonchan
|choice||
|
|switch|p1a: Diglett|Diglett, L96|100\/100
|turn|24
|choice||
|
|switch|p2a: Arbok|Arbok, L90|4\/100 par
|move|p1a: Diglett|Slash|p2a: Arbok
|-crit|p2a: Arbok
|-damage|p2a: Arbok|0 fnt
|faint|p2a: Arbok
|choice||
|
|switch|p2a: Dewgong|Dewgong, L85|100\/100
|turn|25
|choice||
|
|switch|p1a: Starmie|Starmie, L79|45\/100 par
|move|p2a: Dewgong|Blizzard|p1a: Starmie
|-resisted|p1a: Starmie
|-damage|p1a: Starmie|22\/100 par
|
|turn|26
|choice||
|
|move|p2a: Dewgong|Body Slam|p1a: Starmie
|-damage|p1a: Starmie|1\/100 par
|cant|p1a: Starmie|par
|
|turn|27
|c|★Dervodel2|lol
|choice||
|
|move|p2a: Dewgong|Body Slam|p1a: Starmie
|-damage|p1a: Starmie|0 fnt
|faint|p1a: Starmie
|choice||
|
|switch|p1a: Porygon|Porygon, L85|100\/100
|turn|28
|choice||
|
|move|p2a: Dewgong|Body Slam|p1a: Porygon
|-damage|p1a: Porygon|80\/100
|move|p1a: Porygon|Thunder Wave|p2a: Dewgong
|-status|p2a: Dewgong|par
|
|turn|29
|choice||
|
|move|p1a: Porygon|Agility|p1a: Porygon
|-boost|p1a: Porygon|spe|2
|cant|p2a: Dewgong|par
|
|turn|30
|choice||
|
|move|p1a: Porygon|Ice Beam|p2a: Dewgong
|-resisted|p2a: Dewgong
|-damage|p2a: Dewgong|96\/100 par
|move|p2a: Dewgong|Blizzard|p1a: Porygon
|-damage|p1a: Porygon|29\/100
|
|turn|31
|choice||
|
|move|p1a: Porygon|Recover|p1a: Porygon
|-heal|p1a: Porygon|79\/100
|move|p2a: Dewgong|Body Slam|p1a: Porygon
|-damage|p1a: Porygon|59\/100
|
|turn|32
|choice||
|
|move|p1a: Porygon|Recover|p1a: Porygon
|-heal|p1a: Porygon|100\/100
|cant|p2a: Dewgong|par
|
|turn|33
|choice||
|
|move|p1a: Porygon|Ice Beam|p2a: Dewgong
|-resisted|p2a: Dewgong
|-damage|p2a: Dewgong|92\/100 par
|move|p2a: Dewgong|Body Slam|p1a: Porygon
|-damage|p1a: Porygon|80\/100
|
|turn|34
|choice||
|
|move|p1a: Porygon|Ice Beam|p2a: Dewgong
|-crit|p2a: Dewgong
|-resisted|p2a: Dewgong
|-damage|p2a: Dewgong|85\/100 par
|move|p2a: Dewgong|Body Slam|p1a: Porygon
|-damage|p1a: Porygon|61\/100
|
|turn|35
|choice||
|
|switch|p2a: Jolteon|Jolteon, L79|94\/100 par
|move|p1a: Porygon|Ice Beam|p2a: Jolteon
|-damage|p2a: Jolteon|73\/100 par
|
|turn|36
|choice||
|
|switch|p1a: Diglett|Diglett, L96|100\/100
|move|p2a: Jolteon|Body Slam|p1a: Diglett
|-damage|p1a: Diglett|70\/100
|
|turn|37
|choice||
|
|switch|p2a: Fearow|Fearow, L90|100\/100
|move|p1a: Diglett|Earthquake|p2a: Fearow
|-immune|p2a: Fearow|[msg]
|
|turn|38
|-message|Parnas forfeited.
|
|win|Dervodel2
|player|p1
|player|p2
|l|Parnas
|raw|Parnas's rating: 1404 &rarr; <strong>1382<\/strong><br \/>(-22 for losing)
|raw|Dervodel2's rating: 1378 &rarr; <strong>1399<\/strong><br \/>(+21 for winning)