|j|Wilchan
|j|DGamer5
|player|p1|Wilchan|1
|player|p2|DGamer5|250
|gametype|singles
|gen|1
|tier|[Gen 1] OU
|rated
|seed|127,65531,40956,60596
|rule|Sleep Clause Mod: Limit one foe put to sleep
|rule|Freeze Clause Mod: Limit one foe frozen
|rule|Species Clause: Limit one of each Pokémon
|rule|OHKO Clause: OHKO moves are banned
|rule|Evasion Moves Clause: Evasion moves are banned
|rule|HP Percentage Mod: HP is shown in percentages
|
|start
|switch|p1a: Erza|Pidgeot, F|369\/369
|switch|p2a: Alakazam|Alakazam|313\/313
|turn|1
|choice|move 3|move 3
|
|move|p2a: Alakazam|Thunder Wave|p1a: Erza
|-status|p1a: Erza|par
|move|p1a: Erza|Double-Edge|p2a: Alakazam
|-damage|p2a: Alakazam|144\/313
|-damage|p1a: Erza|327\/369 par|[from] recoil|[of] p2a: Alakazam
|
|turn|2
|choice|move 3|move 2
|
|move|p2a: Alakazam|Recover|p2a: Alakazam
|-heal|p2a: Alakazam|300\/313
|move|p1a: Erza|Double-Edge|p2a: Alakazam
|-damage|p2a: Alakazam|144\/313
|-damage|p1a: Erza|288\/369 par|[from] recoil|[of] p2a: Alakazam
|
|turn|3
|choice|move 1|move 2
|
|move|p2a: Alakazam|Recover|p2a: Alakazam
|-heal|p2a: Alakazam|300\/313
|cant|p1a: Erza|par
|
|turn|4
|choice|move 1|move 1
|
|move|p2a: Alakazam|Psychic|p1a: Erza
|-damage|p1a: Erza|121\/369 par
|-unboost|p1a: Erza|spd|1
|-unboost|p1a: Erza|spa|1
|move|p1a: Erza|Sky Attack|p2a: Alakazam|[still]
|-prepare|p1a: Erza|Sky Attack|p2a: Alakazam
|
|turn|5
|choice|move 1|move 1
|
|move|p2a: Alakazam|Psychic|p1a: Erza
|-damage|p1a: Erza|0 fnt
|faint|p1a: Erza
|choice|switch 6|
|
|switch|p1a: Laxus|Electabuzz, M|333\/333
|turn|6
|choice|move 3|move 3
|
|move|p2a: Alakazam|Thunder Wave|p1a: Laxus
|-status|p1a: Laxus|par
|cant|p1a: Laxus|par
|
|turn|7
|choice|move 3|move 1
|
|move|p2a: Alakazam|Psychic|p1a: Laxus
|-crit|p1a: Laxus
|-damage|p1a: Laxus|33\/333 par
|-unboost|p1a: Laxus|spd|1
|-unboost|p1a: Laxus|spa|1
|move|p1a: Laxus|Thunder|p2a: Alakazam
|-damage|p2a: Alakazam|230\/313
|
|turn|8
|choice|move 3|move 1
|
|move|p2a: Alakazam|Psychic|p1a: Laxus
|-damage|p1a: Laxus|0 fnt
|faint|p1a: Laxus
|choice|switch 4|
|
|switch|p1a: Natsu|Arcanine, M|383\/383
|turn|9
|choice|move 4|move 3
|
|move|p2a: Alakazam|Thunder Wave|p1a: Natsu
|-status|p1a: Natsu|par
|move|p1a: Natsu|Body Slam|p2a: Alakazam
|-crit|p2a: Alakazam
|-damage|p2a: Alakazam|17\/313
|-status|p2a: Alakazam|par
|
|turn|10
|choice|move 1|move 2
|
|move|p2a: Alakazam|Recover|p2a: Alakazam
|-heal|p2a: Alakazam|173\/313 par
|cant|p1a: Natsu|par
|
|turn|11
|choice|move 4|move 2
|
|move|p2a: Alakazam|Recover|p2a: Alakazam
|-heal|p2a: Alakazam|313\/313 par
|move|p1a: Natsu|Body Slam|p2a: Alakazam
|-damage|p2a: Alakazam|203\/313 par
|
|turn|12
|choice|move 4|move 1
|
|move|p2a: Alakazam|Psychic|p1a: Natsu
|-damage|p1a: Natsu|222\/383 par
|move|p1a: Natsu|Body Slam|p2a: Alakazam
|-damage|p2a: Alakazam|86\/313 par
|
|turn|13
|choice|move 4|move 2
|
|move|p2a: Alakazam|Recover|p2a: Alakazam
|-heal|p2a: Alakazam|242\/313 par
|move|p1a: Natsu|Body Slam|p2a: Alakazam
|-crit|p2a: Alakazam
|-damage|p2a: Alakazam|20\/313 par
|
|turn|14
|choice|move 4|move 2
|
|move|p2a: Alakazam|Recover|p2a: Alakazam
|-heal|p2a: Alakazam|176\/313 par
|move|p1a: Natsu|Body Slam|p2a: Alakazam
|-crit|p2a: Alakazam
|-damage|p2a: Alakazam|0 fnt
|faint|p2a: Alakazam
|choice||switch 6
|
|switch|p2a: Tauros|Tauros|353\/353
|turn|15
|choice|switch 5|move 2
|
|switch|p1a: Elfman|Machamp, M|383\/383
|move|p2a: Tauros|Hyper Beam|p1a: Elfman
|-damage|p1a: Elfman|172\/383
|
|turn|16
|-mustrecharge|p2a: Tauros
|-mustrecharge|p2a: Tauros
|choice|move 1|move 1
|
|cant|p2a: Tauros|recharge
|move|p1a: Elfman|Submission|p2a: Tauros
|-supereffective|p2a: Tauros
|-damage|p2a: Tauros|100\/353
|-damage|p1a: Elfman|109\/383|[from] recoil|[of] p2a: Tauros
|
|turn|17
|choice|move 1|move 2
|
|move|p2a: Tauros|Hyper Beam|p1a: Elfman|[miss]
|-miss|p2a: Tauros
|move|p1a: Elfman|Submission|p2a: Tauros|[miss]
|-miss|p1a: Elfman
|
|turn|18
|choice|move 3|move 2
|
|move|p2a: Tauros|Hyper Beam|p1a: Elfman
|-damage|p1a: Elfman|0 fnt
|faint|p1a: Elfman
|choice|switch 2|
|
|switch|p1a: Cobra|Victreebel, M|363\/363
|turn|19
|choice|move 1|move 4
|
|move|p2a: Tauros|Blizzard|p1a: Cobra
|-supereffective|p1a: Cobra
|-damage|p1a: Cobra|224\/363
|move|p1a: Cobra|Solar Beam|p2a: Tauros|[still]
|-prepare|p1a: Cobra|Solar Beam|p2a: Tauros
|
|turn|20
|choice|move 1|switch 3
|
|switch|p2a: Chansey|Chansey|703\/703
|move|p1a: Cobra|Solar Beam|p2a: Chansey|[from]Solar Beam
|-damage|p2a: Chansey|559\/703
|
|turn|21
|choice|move 2|move 1
|
|move|p1a: Cobra|Acid|p2a: Chansey
|-damage|p2a: Chansey|447\/703
|move|p2a: Chansey|Ice Beam|p1a: Cobra
|-supereffective|p1a: Cobra
|-damage|p1a: Cobra|67\/363
|-status|p1a: Cobra|frz
|
|turn|22
|c|★DGamer5|omg
|-message|Wilchan forfeited.
|
|win|DGamer5
|player|p1
|player|p2
|l|Wilchan
|raw|Wilchan's rating: 1029 &rarr; <strong>1016<\/strong><br \/>(-13 for losing)
|raw|DGamer5's rating: 1048 &rarr; <strong>1079<\/strong><br \/>(+31 for winning)