|join|oddishshitagain
|join|Abstrix
|player|p1|oddishshitagain|56
|player|p2|Abstrix|8
|gametype|singles
|gen|1
|tier|[Gen 1] Random Battle
|rated
|rule|Sleep Clause Mod: Limit one foe put to sleep
|rule|Freeze Clause Mod: Limit one foe frozen
|rule|HP Percentage Mod: HP is shown in percentages
|
|start
|switch|p1a: Parasect|Parasect, L90|291\/291
|switch|p2a: Gyarados|Gyarados, L85|335\/335
|turn|1
|c|★oddishshitagain|parasect bawss.
|
|switch|p2a: Nidoran-F|Nidoran-F, L96|300\/300
|move|p1a: Parasect|Spore|p2a: Nidoran-F
|-status|p2a: Nidoran-F|slp
|
|turn|2
|
|switch|p2a: Gyarados|Gyarados, L85|335\/335
|move|p1a: Parasect|Stun Spore|p2a: Gyarados|[miss]
|-miss|p1a: Parasect
|
|turn|3
|c|★oddishshitagain|of course.
|
|move|p2a: Gyarados|Blizzard|p1a: Parasect
|-supereffective|p1a: Parasect
|-damage|p1a: Parasect|118\/291
|move|p1a: Parasect|Stun Spore|p2a: Gyarados|[miss]
|-miss|p1a: Parasect
|
|turn|4
|c|★oddishshitagain|FUCK
|
|move|p2a: Gyarados|Blizzard|p1a: Parasect
|-supereffective|p1a: Parasect
|-damage|p1a: Parasect|0 fnt
|faint|p1a: Parasect
|c|★oddishshitagain|dumb ass game
|
|switch|p1a: Vaporeon|Vaporeon, L85|395\/395
|turn|5
|
|move|p2a: Gyarados|Body Slam|p1a: Vaporeon
|-damage|p1a: Vaporeon|303\/395
|move|p1a: Vaporeon|Hydro Pump|p2a: Gyarados
|-resisted|p2a: Gyarados
|-damage|p2a: Gyarados|270\/335
|
|turn|6
|
|move|p2a: Gyarados|Body Slam|p1a: Vaporeon
|-damage|p1a: Vaporeon|216\/395
|move|p1a: Vaporeon|Body Slam|p2a: Gyarados
|-crit|p2a: Gyarados
|-damage|p2a: Gyarados|163\/335
|-status|p2a: Gyarados|par
|
|turn|7
|
|move|p1a: Vaporeon|Body Slam|p2a: Gyarados
|-damage|p2a: Gyarados|108\/335 par
|move|p2a: Gyarados|Body Slam|p1a: Vaporeon
|-damage|p1a: Vaporeon|128\/395
|-status|p1a: Vaporeon|par
|
|turn|8
|
|move|p2a: Gyarados|Hyper Beam|p1a: Vaporeon|[miss]
|-miss|p2a: Gyarados
|move|p1a: Vaporeon|Body Slam|p2a: Gyarados
|-damage|p2a: Gyarados|54\/335 par
|
|turn|9
|
|move|p2a: Gyarados|Hyper Beam|p1a: Vaporeon
|-damage|p1a: Vaporeon|0 fnt
|faint|p1a: Vaporeon
|
|switch|p1a: Machamp|Machamp, L90|345\/345
|turn|10
|
|move|p1a: Machamp|Submission|p2a: Gyarados
|-resisted|p2a: Gyarados
|-damage|p2a: Gyarados|0 fnt
|-damage|p1a: Machamp|332\/345|[from] recoil|[of] p2a: Gyarados
|faint|p2a: Gyarados
|
|switch|p2a: Weepinbell|Weepinbell, L85|284\/284
|turn|11
|
|move|p1a: Machamp|Rock Slide|p2a: Weepinbell
|-damage|p2a: Weepinbell|178\/284
|move|p2a: Weepinbell|Sleep Powder|p1a: Machamp
|-status|p1a: Machamp|slp
|
|turn|12
|
|switch|p1a: Jynx|Jynx, L79|265\/265
|move|p2a: Weepinbell|Razor Leaf|p1a: Jynx
|-damage|p1a: Jynx|210\/265
|
|turn|13
|
|move|p1a: Jynx|Blizzard|p2a: Weepinbell
|-supereffective|p2a: Weepinbell
|-damage|p2a: Weepinbell|0 fnt
|faint|p2a: Weepinbell
|
|switch|p2a: Slowbro|Slowbro, L79|312\/312
|turn|14
|
|move|p1a: Jynx|Blizzard|p2a: Slowbro
|-resisted|p2a: Slowbro
|-damage|p2a: Slowbro|253\/312
|move|p2a: Slowbro|Thunder Wave|p1a: Jynx
|-status|p1a: Jynx|par
|
|turn|15
|
|move|p2a: Slowbro|Amnesia|p2a: Slowbro
|-boost|p2a: Slowbro|spd|2
|-boost|p2a: Slowbro|spa|2
|move|p1a: Jynx|Mimic|p2a: Slowbro
|-start|p1a: Jynx|Mimic|Amnesia
|
|turn|16
|
|move|p2a: Slowbro|Surf|p1a: Jynx
|-damage|p1a: Jynx|46\/265 par
|move|p1a: Jynx|Amnesia|p1a: Jynx
|-boost|p1a: Jynx|spd|2
|-boost|p1a: Jynx|spa|2
|
|turn|17
|
|move|p2a: Slowbro|Surf|p1a: Jynx
|-damage|p1a: Jynx|0 fnt
|faint|p1a: Jynx
|c|★oddishshitagain|congrats.
|
|switch|p1a: Onix|Onix, L90|246\/246
|turn|18
|
|switch|p2a: Nidoran-F|Nidoran-F, L96|300\/300 slp
|move|p1a: Onix|Explosion|p2a: Nidoran-F
|-damage|p2a: Nidoran-F|75\/300 slp
|faint|p1a: Onix
|
|switch|p1a: Moltres|Moltres, L85|327\/327
|turn|19
|
|move|p1a: Moltres|Substitute|p1a: Moltres
|-start|p1a: Moltres|Substitute
|-damage|p1a: Moltres|246\/327
|cant|p2a: Nidoran-F|slp
|
|turn|20
|
|move|p1a: Moltres|Fire Blast|p2a: Nidoran-F
|-damage|p2a: Nidoran-F|0 fnt
|faint|p2a: Nidoran-F
|
|switch|p2a: Graveler|Graveler, L85|267\/267
|turn|21
|c|★oddishshitagain|i hate how defsnive everyone plays here
|c|★oddishshitagain|so fucked upo.
|
|move|p1a: Moltres|Fire Blast|p2a: Graveler
|-resisted|p2a: Graveler
|-damage|p2a: Graveler|161\/267
|move|p2a: Graveler|Body Slam|p1a: Moltres
|-activate|p1a: Moltres|Substitute|[damage]
|
|turn|22
|
|move|p1a: Moltres|Fire Blast|p2a: Graveler
|-crit|p2a: Graveler
|-resisted|p2a: Graveler
|-damage|p2a: Graveler|0 fnt
|faint|p2a: Graveler
|
|switch|p2a: Snorlax|Snorlax, L79|415\/415
|turn|23
|
|move|p1a: Moltres|Toxic|p2a: Snorlax
|-status|p2a: Snorlax|tox
|move|p2a: Snorlax|Self-Destruct|p1a: Moltres
|-end|p1a: Moltres|Substitute
|-damage|p2a: Snorlax|390\/415 tox|[from] tox|[of] p1a: Moltres
|
|turn|24
|
|move|p1a: Moltres|Substitute|p1a: Moltres
|-start|p1a: Moltres|Substitute
|-damage|p1a: Moltres|165\/327
|move|p2a: Snorlax|Blizzard|p1a: Moltres
|-supereffective|p1a: Moltres
|-end|p1a: Moltres|Substitute
|-damage|p2a: Snorlax|340\/415 tox|[from] tox|[of] p1a: Moltres
|
|turn|25
|
|move|p1a: Moltres|Fire Blast|p2a: Snorlax
|-damage|p2a: Snorlax|128\/415 tox
|move|p2a: Snorlax|Blizzard|p1a: Moltres
|-supereffective|p1a: Moltres
|-damage|p1a: Moltres|69\/327
|-damage|p2a: Snorlax|53\/415 tox|[from] tox|[of] p1a: Moltres
|
|turn|26
|c|★oddishshitagain|how the hell did you still live
|c|★oddishshitagain|you did self destruct?
|
|move|p1a: Moltres|Fire Blast|p2a: Snorlax
|-damage|p2a: Snorlax|0 fnt
|faint|p2a: Snorlax
|c|★Abstrix|It's a glitch in the game
|
|switch|p2a: Slowbro|Slowbro, L79|253\/312
|turn|27
|c|★oddishshitagain|so you played on that?
|c|★oddishshitagain|what's the glitch exactly?
|c|★Abstrix|of course
|
|move|p1a: Moltres|Fire Blast|p2a: Slowbro
|-crit|p2a: Slowbro
|-resisted|p2a: Slowbro
|-damage|p2a: Slowbro|76\/312
|-status|p2a: Slowbro|brn
|move|p2a: Slowbro|Thunder Wave|p1a: Moltres
|-status|p1a: Moltres|par
|-damage|p2a: Slowbro|57\/312 brn|[from] brn|[of] p1a: Moltres
|
|turn|28
|c|★oddishshitagain|mind telling me?
|c|★Abstrix|If explosion \/ selfdestruct kills a substitue, you don't die
|c|★oddishshitagain|lol
|c|★oddishshitagain|how lame
|c|★oddishshitagain|i never knew that!
|
|move|p2a: Slowbro|Amnesia|p2a: Slowbro
|-boost|p2a: Slowbro|spd|2
|-boost|p2a: Slowbro|spa|2
|-damage|p2a: Slowbro|38\/312 brn|[from] brn
|cant|p1a: Moltres|par
|
|turn|29
|c|★oddishshitagain|OMG
|c|★oddishshitagain|so lucky
|c|★oddishshitagain|that would've been it
|c|★oddishshitagain|if that fire blast hit
|
|move|p2a: Slowbro|Rest|p2a: Slowbro
|-status|p2a: Slowbro|slp
|-heal|p2a: Slowbro|312\/312 slp|[silent]
|-status|p2a: Slowbro|slp|[from] move: Rest
|move|p1a: Moltres|Fire Blast|p2a: Slowbro
|-resisted|p2a: Slowbro
|-damage|p2a: Slowbro|271\/312 slp
|
|turn|30
|c|★oddishshitagain|congrats.
|-message|oddishshitagain forfeited.
|
|win|Abstrix
|leave|oddishshitagain
|player|p1
|raw|oddishshitagain's rating: 1329 &rarr; <strong>1305<\/strong><br \/>(-24 for losing)
|raw|Abstrix's rating: 1257 &rarr; <strong>1287<\/strong><br \/>(+30 for winning)