|j|Whoremaster
|j|nbstahl
|player|p1|Whoremaster|43
|player|p2|nbstahl|282
|gametype|singles
|gen|1
|tier|[Gen 1] OU
|rated
|seed|27181,5540,16814,53944
|rule|Sleep Clause Mod: Limit one foe put to sleep
|rule|Freeze Clause Mod: Limit one foe frozen
|rule|Species Clause: Limit one of each Pokémon
|rule|OHKO Clause: OHKO moves are banned
|rule|Evasion Moves Clause: Evasion moves are banned
|rule|HP Percentage Mod: HP is shown in percentages
|
|start
|switch|p1a: Starmie|Starmie|323\/323
|switch|p2a: Alakazam|Alakazam|313\/313
|turn|1
|choice|switch 4|move 3
|
|switch|p1a: Chansey|Chansey|703\/703
|move|p2a: Alakazam|Thunder Wave|p1a: Chansey
|-status|p1a: Chansey|par
|
|turn|2
|choice|move 1|move 1
|
|move|p2a: Alakazam|Reflect|p2a: Alakazam
|-start|p2a: Alakazam|Reflect
|move|p1a: Chansey|Ice Beam|p2a: Alakazam
|-damage|p2a: Alakazam|252\/313
|
|turn|3
|choice|move 1|move 2
|
|move|p2a: Alakazam|Psychic|p1a: Chansey
|-damage|p1a: Chansey|571\/703 par
|move|p1a: Chansey|Ice Beam|p2a: Alakazam
|-damage|p2a: Alakazam|190\/313
|
|turn|4
|choice|move 1|move 2
|
|move|p2a: Alakazam|Psychic|p1a: Chansey
|-damage|p1a: Chansey|437\/703 par
|move|p1a: Chansey|Ice Beam|p2a: Alakazam
|-damage|p2a: Alakazam|127\/313
|
|turn|5
|choice|move 4|move 2
|
|move|p2a: Alakazam|Psychic|p1a: Chansey
|-crit|p1a: Chansey
|-damage|p1a: Chansey|202\/703 par
|cant|p1a: Chansey|par
|
|turn|6
|choice|move 4|move 2
|
|move|p2a: Alakazam|Psychic|p1a: Chansey
|-damage|p1a: Chansey|68\/703 par
|cant|p1a: Chansey|par
|
|turn|7
|c|★Whoremaster|lol fkn haxed
|choice|move 4|move 2
|
|move|p2a: Alakazam|Psychic|p1a: Chansey
|-damage|p1a: Chansey|0 fnt
|faint|p1a: Chansey
|choice|switch 2|
|
|switch|p1a: Exeggutor|Exeggutor|393\/393
|turn|8
|choice|move 1|move 3
|
|move|p2a: Alakazam|Thunder Wave|p1a: Exeggutor
|-status|p1a: Exeggutor|par
|cant|p1a: Exeggutor|par
|
|turn|9
|choice|move 1|switch 2
|
|switch|p2a: Chansey|Chansey|703\/703
|cant|p1a: Exeggutor|par
|
|turn|10
|choice|move 1|move 1
|
|move|p2a: Chansey|Ice Beam|p1a: Exeggutor
|-supereffective|p1a: Exeggutor
|-damage|p1a: Exeggutor|253\/393 par
|move|p1a: Exeggutor|Sleep Powder|p2a: Chansey|[miss]
|-miss|p1a: Exeggutor
|
|turn|11
|choice|move 4|move 1
|
|move|p2a: Chansey|Ice Beam|p1a: Exeggutor
|-supereffective|p1a: Exeggutor
|-damage|p1a: Exeggutor|128\/393 par
|move|p1a: Exeggutor|Explosion|p2a: Chansey
|-damage|p2a: Chansey|0 fnt
|faint|p2a: Chansey
|faint|p1a: Exeggutor
|choice|switch 4|switch 5
|
|switch|p1a: Starmie|Starmie|323\/323
|switch|p2a: Snorlax|Snorlax|523\/523
|turn|12
|choice|move 1|move 1
|
|move|p1a: Starmie|Blizzard|p2a: Snorlax
|-damage|p2a: Snorlax|405\/523
|-status|p2a: Snorlax|frz
|cant|p2a: Snorlax|frz
|
|turn|13
|choice|move 3|switch 3
|
|switch|p2a: Slowbro|Slowbro|393\/393
|move|p1a: Starmie|Psychic|p2a: Slowbro
|-resisted|p2a: Slowbro
|-damage|p2a: Slowbro|331\/393
|
|turn|14
|choice|move 2|move 2
|
|move|p1a: Starmie|Thunderbolt|p2a: Slowbro
|-supereffective|p2a: Slowbro
|-damage|p2a: Slowbro|160\/393
|move|p2a: Slowbro|Thunder Wave|p1a: Starmie
|-status|p1a: Starmie|par
|
|turn|15
|choice|move 2|switch 6
|
|switch|p2a: Zapdos|Zapdos|383\/383
|move|p1a: Starmie|Thunderbolt|p2a: Zapdos
|-crit|p2a: Zapdos
|-damage|p2a: Zapdos|263\/383
|
|turn|16
|choice|move 1|move 2
|
|move|p2a: Zapdos|Thunderbolt|p1a: Starmie
|-supereffective|p1a: Starmie
|-damage|p1a: Starmie|68\/323 par
|move|p1a: Starmie|Blizzard|p2a: Zapdos|[miss]
|-miss|p1a: Starmie
|
|turn|17
|c|★Whoremaster|damn
|choice|switch 3|move 1
|
|switch|p1a: Alakazam|Alakazam|313\/313
|move|p2a: Zapdos|Drill Peck|p1a: Alakazam
|-damage|p1a: Alakazam|170\/313
|
|turn|18
|choice|move 1|move 3
|
|move|p1a: Alakazam|Psychic|p2a: Zapdos
|-damage|p2a: Zapdos|145\/383
|move|p2a: Zapdos|Thunder Wave|p1a: Alakazam
|-status|p1a: Alakazam|par
|
|turn|19
|choice|move 1|move 2
|
|move|p2a: Zapdos|Thunderbolt|p1a: Alakazam
|-damage|p1a: Alakazam|72\/313 par
|cant|p1a: Alakazam|par
|
|turn|20
|choice|move 1|move 2
|
|move|p2a: Zapdos|Thunderbolt|p1a: Alakazam
|-crit|p1a: Alakazam
|-damage|p1a: Alakazam|0 fnt
|faint|p1a: Alakazam
|choice|switch 5|
|
|switch|p1a: Snorlax|Snorlax|523\/523
|turn|21
|choice|move 1|move 3
|
|move|p2a: Zapdos|Thunder Wave|p1a: Snorlax
|-status|p1a: Snorlax|par
|move|p1a: Snorlax|Body Slam|p2a: Zapdos
|-damage|p2a: Zapdos|32\/383
|
|turn|22
|choice|move 1|move 4
|
|move|p2a: Zapdos|Rest|p2a: Zapdos
|-status|p2a: Zapdos|slp
|-heal|p2a: Zapdos|383\/383 slp|[silent]
|-status|p2a: Zapdos|slp|[from] move: Rest
|move|p1a: Snorlax|Body Slam|p2a: Zapdos
|-damage|p2a: Zapdos|264\/383 slp
|
|turn|23
|choice|move 3|move 2
|
|cant|p2a: Zapdos|slp
|move|p1a: Snorlax|Hyper Beam|p2a: Zapdos
|-damage|p2a: Zapdos|50\/383 slp
|
|turn|24
|-mustrecharge|p1a: Snorlax
|-mustrecharge|p1a: Snorlax
|choice|move 1|move 2
|
|-curestatus|p2a: Zapdos|slp
|cant|p1a: Snorlax|recharge
|
|turn|25
|choice|move 1|move 2
|
|move|p2a: Zapdos|Thunderbolt|p1a: Snorlax
|-crit|p1a: Snorlax
|-damage|p1a: Snorlax|168\/523 par
|move|p1a: Snorlax|Body Slam|p2a: Zapdos
|-damage|p2a: Zapdos|0 fnt
|faint|p2a: Zapdos
|choice||switch 4
|
|switch|p2a: Tauros|Tauros|353\/353
|turn|26
|choice|move 4|move 4
|
|move|p2a: Tauros|Hyper Beam|p1a: Snorlax
|-crit|p1a: Snorlax
|-damage|p1a: Snorlax|0 fnt
|faint|p1a: Snorlax
|choice|switch 6|
|
|switch|p1a: Tauros|Tauros|353\/353
|turn|27
|choice|move 1|switch 3
|
|switch|p2a: Snorlax|Snorlax|405\/523 frz
|move|p1a: Tauros|Body Slam|p2a: Snorlax
|-damage|p2a: Snorlax|276\/523 frz
|
|turn|28
|choice|move 1|move 2
|
|move|p1a: Tauros|Body Slam|p2a: Snorlax
|-damage|p2a: Snorlax|143\/523 frz
|cant|p2a: Snorlax|frz
|
|turn|29
|choice|switch 3|move 2
|
|switch|p1a: Starmie|Starmie|68\/323 par
|cant|p2a: Snorlax|frz
|
|turn|30
|choice|move 4|move 2
|
|cant|p2a: Snorlax|frz
|move|p1a: Starmie|Recover|p1a: Starmie
|-fail|p1a: Starmie
|
|turn|31
|c|★Whoremaster|wot
|choice|move 4|switch 3
|
|switch|p2a: Tauros|Tauros|353\/353
|move|p1a: Starmie|Recover|p1a: Starmie
|-fail|p1a: Starmie
|
|turn|32
|choice|move 1|move 2
|
|move|p2a: Tauros|Body Slam|p1a: Starmie
|-damage|p1a: Starmie|0 fnt
|faint|p1a: Starmie
|c|★nbstahl|why cant you recover...?
|c|★Whoremaster|some glitch in this game
|c|★Whoremaster|when you're on some certain hp amount softboiled, recover fails
|choice|switch 3|
|
|switch|p1a: Tauros|Tauros|353\/353
|turn|33
|c|★Whoremaster|pretty lame but life goes on
|c|★nbstahl|or there's a reason you can't... but does seem strange
|choice|move 1|move 2
|
|move|p1a: Tauros|Body Slam|p2a: Tauros
|-damage|p2a: Tauros|258\/353
|move|p2a: Tauros|Body Slam|p1a: Tauros
|-damage|p1a: Tauros|253\/353
|
|turn|34
|choice|move 1|move 2
|
|move|p2a: Tauros|Body Slam|p1a: Tauros
|-damage|p1a: Tauros|149\/353
|move|p1a: Tauros|Body Slam|p2a: Tauros
|-crit|p2a: Tauros
|-damage|p2a: Tauros|42\/353
|
|turn|35
|choice|move 1|move 4
|
|move|p1a: Tauros|Body Slam|p2a: Tauros
|-damage|p2a: Tauros|0 fnt
|faint|p2a: Tauros
|choice||switch 3
|
|switch|p2a: Snorlax|Snorlax|143\/523 frz
|turn|36
|choice|move 1|move 2
|
|move|p1a: Tauros|Body Slam|p2a: Snorlax
|-damage|p2a: Snorlax|8\/523 frz
|cant|p2a: Snorlax|frz
|
|turn|37
|choice|move 1|move 2
|
|move|p1a: Tauros|Body Slam|p2a: Snorlax
|-damage|p2a: Snorlax|0 fnt
|faint|p2a: Snorlax
|choice||switch 6
|
|switch|p2a: Slowbro|Slowbro|160\/393
|turn|38
|choice|move 4|move 2
|
|move|p1a: Tauros|Hyper Beam|p2a: Slowbro
|-damage|p2a: Slowbro|0 fnt
|faint|p2a: Slowbro
|c|★Whoremaster|didnt think id get that
|choice||switch 2
|
|switch|p2a: Alakazam|Alakazam|127\/313
|turn|39
|choice|move 4|move 4
|
|move|p2a: Alakazam|Recover|p2a: Alakazam
|-heal|p2a: Alakazam|283\/313
|move|p1a: Tauros|Hyper Beam|p2a: Alakazam
|-damage|p2a: Alakazam|27\/313
|
|turn|40
|-mustrecharge|p1a: Tauros
|-mustrecharge|p1a: Tauros
|choice|move 1|move 2
|
|move|p2a: Alakazam|Psychic|p1a: Tauros
|-damage|p1a: Tauros|0 fnt
|faint|p1a: Tauros
|
|win|nbstahl
|raw|Whoremaster's rating: 1192 &rarr; <strong>1172<\/strong><br \/>(-20 for losing)
|raw|nbstahl's rating: 1272 &rarr; <strong>1291<\/strong><br \/>(+19 for winning)
|c|★Whoremaster|gg was interesting for sure lol
|c|★nbstahl|gg
|c|★nbstahl|indeed haha
|c|★nbstahl|wanna go again?
|c|★Whoremaster|yeah sure
|l|nbstahl
|player|p2