|join|Cheesing
|join|gen 1 is mega gay
|player|p1|Cheesing|244
|player|p2|gen 1 is mega gay|266
|gametype|singles
|gen|1
|tier|[Gen 1] Random Battle
|rated
|rule|Sleep Clause Mod: Limit one foe put to sleep
|rule|Freeze Clause Mod: Limit one foe frozen
|rule|HP Percentage Mod: HP is shown in percentages
|
|start
|switch|p1a: Machop|Machop, L95|326\/326
|switch|p2a: Gastly|Gastly, L95|250\/250
|turn|1
|join|gen 1 is gay
|
|move|p2a: Gastly|Confuse Ray|p1a: Machop
|-start|p1a: Machop|confusion
|-activate|p1a: Machop|confusion
|move|p1a: Machop|Leer|p2a: Gastly
|-unboost|p2a: Gastly|def|1
|
|turn|2
|
|switch|p2a: Exeggutor|Exeggutor, L80|316\/316
|switch|p1a: Magneton|Magneton, L86|261\/261
|
|turn|3
|
|move|p1a: Magneton|Double-Edge|p2a: Exeggutor
|-damage|p2a: Exeggutor|262\/316
|-damage|p1a: Magneton|248\/261|[from] recoil|[of] p2a: Exeggutor
|move|p2a: Exeggutor|Sleep Powder|p1a: Magneton|[miss]
|-miss|p2a: Exeggutor
|
|turn|4
|
|move|p1a: Magneton|Double-Edge|p2a: Exeggutor
|-damage|p2a: Exeggutor|201\/316
|-damage|p1a: Magneton|233\/261|[from] recoil|[of] p2a: Exeggutor
|move|p2a: Exeggutor|Sleep Powder|p1a: Magneton|[miss]
|-miss|p2a: Exeggutor
|
|turn|5
|c| gen 1 is gay|im already getting haxed
|
|move|p1a: Magneton|Double-Edge|p2a: Exeggutor
|-crit|p2a: Exeggutor
|-damage|p2a: Exeggutor|79\/316
|-damage|p1a: Magneton|203\/261|[from] recoil|[of] p2a: Exeggutor
|move|p2a: Exeggutor|Sleep Powder|p1a: Magneton
|-status|p1a: Magneton|slp
|
|turn|6
|c| gen 1 is gay|super huge crit
|
|switch|p1a: Gyarados|Gyarados, L86|339\/339
|switch|p2a: Dugtrio|Dugtrio, L86|236\/236
|
|turn|7
|
|switch|p2a: Magnemite|Magnemite, L95|240\/240
|move|p1a: Gyarados|Blizzard|p2a: Magnemite
|-damage|p2a: Magnemite|166\/240
|
|turn|8
|c| gen 1 is gay|how is this one going
|c| gen 1 is gay|based on teams I'd say iffy
|c| gen 1 is gay|nfe as fuck lmao gastly
|c| gen 1 is gay|gastlooo
|
|switch|p1a: Ivysaur|Ivysaur, L86|279\/279
|move|p2a: Magnemite|Thunderbolt|p1a: Ivysaur
|-resisted|p1a: Ivysaur
|-damage|p1a: Ivysaur|219\/279
|
|turn|9
|
|switch|p2a: Exeggutor|Exeggutor, L80|79\/316
|move|p1a: Ivysaur|Sleep Powder|p2a: Exeggutor|[miss]
|-miss|p1a: Ivysaur
|
|turn|10
|
|switch|p1a: Electabuzz|Electabuzz, L86|287\/287
|move|p2a: Exeggutor|Egg Bomb|p1a: Electabuzz
|-crit|p1a: Electabuzz
|-damage|p1a: Electabuzz|138\/287
|
|turn|11
|
|switch|p2a: Dugtrio|Dugtrio, L86|236\/236
|move|p1a: Electabuzz|Seismic Toss|p2a: Dugtrio
|-damage|p2a: Dugtrio|150\/236
|
|turn|12
|
|switch|p1a: Gyarados|Gyarados, L86|339\/339
|move|p2a: Dugtrio|Slash|p1a: Gyarados
|-crit|p1a: Gyarados
|-damage|p1a: Gyarados|245\/339
|
|turn|13
|
|move|p2a: Dugtrio|Sand Attack|p1a: Gyarados
|-unboost|p1a: Gyarados|accuracy|1
|move|p1a: Gyarados|Body Slam|p2a: Dugtrio|[miss]
|-miss|p1a: Gyarados
|
|turn|14
|
|switch|p2a: Parasect|Parasect, L86|279\/279
|move|p1a: Gyarados|Body Slam|p2a: Parasect
|-crit|p2a: Parasect
|-damage|p2a: Parasect|131\/279
|
|turn|15
|
|move|p1a: Gyarados|Blizzard|p2a: Parasect
|-supereffective|p2a: Parasect
|-damage|p2a: Parasect|0 fnt
|faint|p2a: Parasect
|
|switch|p2a: Magnemite|Magnemite, L95|166\/240
|turn|16
|
|switch|p1a: Electabuzz|Electabuzz, L86|138\/287
|move|p2a: Magnemite|Double-Edge|p1a: Electabuzz
|-damage|p1a: Electabuzz|72\/287
|-damage|p2a: Magnemite|150\/240|[from] recoil|[of] p1a: Electabuzz
|
|turn|17
|
|switch|p2a: Dugtrio|Dugtrio, L86|150\/236
|move|p1a: Electabuzz|Psychic|p2a: Dugtrio
|-damage|p2a: Dugtrio|83\/236
|
|turn|18
|
|switch|p1a: Gyarados|Gyarados, L86|245\/339
|move|p2a: Dugtrio|Slash|p1a: Gyarados
|-crit|p1a: Gyarados
|-damage|p1a: Gyarados|157\/339
|
|turn|19
|
|switch|p2a: Exeggutor|Exeggutor, L80|79\/316
|move|p1a: Gyarados|Body Slam|p2a: Exeggutor
|-damage|p2a: Exeggutor|0 fnt
|faint|p2a: Exeggutor
|
|switch|p2a: Magnemite|Magnemite, L95|150\/240
|turn|20
|
|switch|p1a: Ivysaur|Ivysaur, L86|219\/279
|move|p2a: Magnemite|Thunderbolt|p1a: Ivysaur
|-resisted|p1a: Ivysaur
|-damage|p1a: Ivysaur|156\/279
|
|turn|21
|
|switch|p2a: Gastly|Gastly, L95|250\/250
|move|p1a: Ivysaur|Sleep Powder|p2a: Gastly
|-status|p2a: Gastly|slp
|
|turn|22
|c| gen 1 is gay|ok won it
|
|switch|p2a: Magnemite|Magnemite, L95|150\/240
|switch|p1a: Electabuzz|Electabuzz, L86|72\/287
|
|turn|23
|c| gen 1 is gay|now I can watch this one
|c|★gen 1 is mega gay|this has gone uhh
|c|★gen 1 is mega gay|not well
|c| gen 1 is gay|lol this idiot keeps challenging me to another
|
|move|p1a: Electabuzz|Psychic|p2a: Magnemite
|-damage|p2a: Magnemite|103\/240
|move|p2a: Magnemite|Thunderbolt|p1a: Electabuzz
|-resisted|p1a: Electabuzz
|-damage|p1a: Electabuzz|6\/287
|
|turn|24
|c| gen 1 is gay|hasnt said a word
|c| gen 1 is gay|"ganchito" lol sounds like a mexican
|c| gen 1 is gay|also yeah this looks to be going not great
|c|★gen 1 is mega gay|lmao swag though pulling that one out
|
|move|p1a: Electabuzz|Thunder Wave|p2a: Magnemite
|-status|p2a: Magnemite|par
|cant|p2a: Magnemite|par
|
|turn|25
|c| gen 1 is gay|w\/e at least you're on an alt
|c| gen 1 is gay|yeah lol
|c| gen 1 is gay|got +2 out of it -_-
|c| gen 1 is gay|would have lost like 35
|c|★gen 1 is mega gay|no WAY
|c| gen 1 is gay|easily
|c|★gen 1 is mega gay|+2 lmao
|
|move|p1a: Electabuzz|Seismic Toss|p2a: Magnemite
|-damage|p2a: Magnemite|17\/240 par
|move|p2a: Magnemite|Thunderbolt|p1a: Electabuzz
|-crit|p1a: Electabuzz
|-resisted|p1a: Electabuzz
|-damage|p1a: Electabuzz|0 fnt
|faint|p1a: Electabuzz
|c| gen 1 is gay|yup plus fucking two
|
|switch|p1a: Gyarados|Gyarados, L86|157\/339
|turn|26
|c|★gen 1 is mega gay|ive barely been paying attention to this one
|
|move|p1a: Gyarados|Body Slam|p2a: Magnemite
|-damage|p2a: Magnemite|0 fnt
|faint|p2a: Magnemite
|c|★gen 1 is mega gay|was on the phone a lot, timer, kept getting low
|c|★gen 1 is mega gay|just clicking shit
|c| gen 1 is gay|lol
|c| gen 1 is gay|thats how my battle with sweep was
|
|switch|p2a: Electabuzz|Electabuzz, L86|287\/287
|turn|27
|
|switch|p1a: Ivysaur|Ivysaur, L86|156\/279
|move|p2a: Electabuzz|Thunderbolt|p1a: Ivysaur
|-resisted|p1a: Ivysaur
|-damage|p1a: Ivysaur|105\/279
|
|turn|28
|
|move|p2a: Electabuzz|Psychic|p1a: Ivysaur
|-supereffective|p1a: Ivysaur
|-damage|p1a: Ivysaur|0 fnt
|faint|p1a: Ivysaur
|
|switch|p1a: Machop|Machop, L95|326\/326
|turn|29
|c| gen 1 is gay|oh lol it doesnt even matter cheesing isnt nearly as high as I thought
|c| gen 1 is gay|he's just 1459
|c|★gen 1 is mega gay|oh wow
|c|★gen 1 is mega gay|ok well fuck him
|
|switch|p2a: Gastly|Gastly, L95|250\/250 slp
|move|p1a: Machop|Double-Edge|p2a: Gastly
|-immune|p2a: Gastly|[msg]
|
|turn|30
|c| gen 1 is gay|yeah wont even overtake kid gf
|c|★gen 1 is mega gay|super fast wakeup here and i might have this
|c|★gen 1 is mega gay|hilariously
|c| gen 1 is gay|lol you're so awesome hanging in there
|c| gen 1 is gay|yet to see him
|c| gen 1 is gay|anywhere
|c|★Cheesing|你们是驴
|c| gen 1 is gay|ok so to avoid more surprise battles
|c|★gen 1 is mega gay|ohhhh
|c|★gen 1 is mega gay|hes a fucking gook
|c| gen 1 is gay|oh of course cheesing is a chink
|c| gen 1 is gay|no one is surprised
|
|switch|p1a: Gyarados|Gyarados, L86|157\/339
|cant|p2a: Gastly|slp
|-curestatus|p2a: Gastly|slp
|
|turn|31
|c| gen 1 is gay|well hold on now
|c| gen 1 is gay|he could be a neckbeard
|c|★gen 1 is mega gay|right right
|c| saldfksd|I wonder how long 1 win holds decay off for
|
|move|p2a: Gastly|Confuse Ray|p1a: Gyarados
|-start|p1a: Gyarados|confusion
|-activate|p1a: Gyarados|confusion
|move|p1a: Gyarados|Blizzard|p2a: Gastly
|-damage|p2a: Gastly|170\/250
|
|turn|32
|c|★Cheesing|what is gook?
|c|★gen 1 is mega gay|yeah no idea how decay actually works
|c| saldfksd|look in the mirror, it's that funny short slanted eye guy looking back at you
|
|switch|p2a: Electabuzz|Electabuzz, L86|287\/287
|-activate|p1a: Gyarados|confusion
|-damage|p1a: Gyarados|116\/339|[from] confusion
|
|turn|33
|
|move|p2a: Electabuzz|Thunderbolt|p1a: Gyarados
|-supereffective|p1a: Gyarados
|-damage|p1a: Gyarados|0 fnt
|faint|p1a: Gyarados
|c| saldfksd|lol this kinda got brought back
|
|switch|p1a: Magneton|Magneton, L86|203\/261 slp
|turn|34
|c|★Cheesing|yeah I lose
|c|★gen 1 is mega gay|lol yeah i mean i knew electabuzz was waiting in the wings, and i knew the team i could see couldnt handle him
|c|★gen 1 is mega gay|oh excellent
|c| saldfksd|cheesing what is last
|c|★Cheesing|Electabuzz
|c| saldfksd|lmao really
|c|★gen 1 is mega gay|no its not
|
|switch|p2a: Dugtrio|Dugtrio, L86|83\/236
|cant|p1a: Magneton|slp
|-curestatus|p1a: Magneton|slp
|
|turn|35
|c|★Cheesing|was too good
|c| saldfksd|swag good call on thugtrio
|c| saldfksd|bc he's ofc getting the wakeup
|
|switch|p1a: Vaporeon|Vaporeon, L86|399\/399
|move|p2a: Dugtrio|Earthquake|p1a: Vaporeon
|-damage|p1a: Vaporeon|276\/399
|
|turn|36
|c|★gen 1 is mega gay|^^^
|c| saldfksd|omfg vaporeon
|c|★gen 1 is mega gay|WHY NOT
|c|★Cheesing|我不是中国人
|c| saldfksd|how do you "lose", this isnt over
|c| saldfksd|why do you keep typing in fucking asian
|c|★gen 1 is mega gay|if he didnt get a first turn wakeup
|c|★Cheesing|is not asian
|c|★gen 1 is mega gay|it would be looking much better
|c|★Cheesing|asian is not language haha
|c| saldfksd|yes it is
|c|★Cheesing|u silly
|c|★gen 1 is mega gay|literally first turn
|c|★gen 1 is mega gay|there were no sleep turns
|c| saldfksd|it's what you chinks speak
|c| saldfksd|with drawings
|c| saldfksd|instead of fucking words
|
|switch|p2a: Gastly|Gastly, L95|170\/250
|move|p1a: Vaporeon|Surf|p2a: Gastly
|-damage|p2a: Gastly|82\/250
|
|turn|37
|c|★Cheesing|你是无知
|c|★gen 1 is mega gay|because youre too stupid to see the value in an alphabet
|c| saldfksd|8===D---
|c| saldfksd|unnecessarily complicated
|c|★Cheesing|no is very easy, you just don't understand
|
|move|p2a: Gastly|Hypnosis|p1a: Vaporeon
|-status|p1a: Vaporeon|slp
|cant|p1a: Vaporeon|slp
|
|turn|38
|c| saldfksd|no, the roman alphabet is a muuuuch better way of communicating
|c| saldfksd|you're just ridiculous
|c|★gen 1 is mega gay|by so much
|c| saldfksd|and funny-looking
|
|move|p2a: Gastly|Mega Drain|p1a: Vaporeon
|-supereffective|p1a: Vaporeon
|-damage|p1a: Vaporeon|216\/399 slp
|-heal|p2a: Gastly|112\/250|[from] drain|[of] p1a: Vaporeon
|cant|p1a: Vaporeon|slp
|
|turn|39
|c| saldfksd|lol gastly doing the lord's work
|c| saldfksd|btw can it even explode, going with N on that
|c|★Cheesing|how can u say if you don't understand chinese?
|c|★Cheesing|silly silly
|c|★gen 1 is mega gay|ofc not lol
|c|★gen 1 is mega gay|this thing is useless
|
|move|p2a: Gastly|Mega Drain|p1a: Vaporeon
|-supereffective|p1a: Vaporeon
|-damage|p1a: Vaporeon|153\/399 slp
|-heal|p2a: Gastly|143\/250|[from] drain|[of] p1a: Vaporeon
|cant|p1a: Vaporeon|slp
|
|turn|40
|c| saldfksd|because chinese is a hilarious language
|
|move|p2a: Gastly|Mega Drain|p1a: Vaporeon
|-supereffective|p1a: Vaporeon
|-damage|p1a: Vaporeon|93\/399 slp
|-heal|p2a: Gastly|173\/250|[from] drain|[of] p1a: Vaporeon
|cant|p1a: Vaporeon|slp
|
|turn|41
|c|★Cheesing|you are silly
|c| saldfksd|you are stupid
|
|move|p2a: Gastly|Mega Drain|p1a: Vaporeon
|-supereffective|p1a: Vaporeon
|-damage|p1a: Vaporeon|30\/399 slp
|-heal|p2a: Gastly|204\/250|[from] drain|[of] p1a: Vaporeon
|cant|p1a: Vaporeon|slp
|
|turn|42
|c|★gen 1 is mega gay|you are stupid
|c| saldfksd|^
|c|★gen 1 is mega gay|and bad at this game
|c| saldfksd|^^^^
|c| saldfksd|yeah cheesing you played this horribly
|
|move|p2a: Gastly|Mega Drain|p1a: Vaporeon
|-supereffective|p1a: Vaporeon
|-damage|p1a: Vaporeon|0 fnt
|-heal|p2a: Gastly|219\/250|[from] drain|[of] p1a: Vaporeon
|faint|p1a: Vaporeon
|c|★Cheesing|??
|c|★gen 1 is mega gay|can you not read?
|c| saldfksd|played this horribly = made bad decisions and lost
|c|★gen 1 is mega gay|wtf is ???
|c| saldfksd|can you not read?
|
|switch|p1a: Magneton|Magneton, L86|203\/261
|turn|43
|c| saldfksd|silly
|
|move|p2a: Gastly|Hypnosis|p1a: Magneton|[miss]
|-miss|p2a: Gastly
|move|p1a: Magneton|Thunderbolt|p2a: Gastly
|-damage|p2a: Gastly|119\/250
|-status|p2a: Gastly|par
|
|turn|44
|c| saldfksd|lol ok
|c|★Cheesing|why you think I can not read?
|c| saldfksd|because you are showing a lack of comprehension
|
|move|p1a: Magneton|Mimic|p2a: Gastly
|-start|p1a: Magneton|Mimic|Explosion
|move|p2a: Gastly|Explosion|p1a: Magneton
|-damage|p1a: Magneton|34\/261
|faint|p2a: Gastly
|c| saldfksd|lol how fresh off the boat are you
|c| saldfksd|also loool
|c|★gen 1 is mega gay|lmao
|c| saldfksd|get the most fucked
|
|switch|p2a: Dugtrio|Dugtrio, L86|83\/236
|turn|45
|c| saldfksd|hahahahaha
|c|★Cheesing|what boat?
|c| saldfksd|the one your family came here on
|c|★gen 1 is mega gay|stfu cheesing
|c| saldfksd|since you don't know English
|
|switch|p1a: Machop|Machop, L95|326\/326
|move|p2a: Dugtrio|Earthquake|p1a: Machop
|-crit|p1a: Machop
|-damage|p1a: Machop|106\/326
|
|turn|46
|c|★gen 1 is mega gay|just take your stomping
|c| saldfksd|at ALL
|c|★gen 1 is mega gay|enjoy your -30
|c| saldfksd|also ^
|c| saldfksd|you suck
|c|★Cheesing|family came where?
|c|★gen 1 is mega gay|suck soooo bad
|c| saldfksd|and you're stupid
|c|★gen 1 is mega gay|couldn't have played this endgame worse
|c| saldfksd|you don't even understand English
|c| saldfksd|lmao he really did play horribly though
|c| saldfksd|hahaha
|c| saldfksd|super funny
|c| saldfksd|kinda wish you were using gen 1 is homo
|c| saldfksd|lol
|c|★gen 1 is mega gay|lmao yeah
|c| saldfksd|this is a bigger hit for him
|c| saldfksd|so fuck him
|c| saldfksd|lol
|c| saldfksd|cheesing make a "move'
|
|move|p2a: Dugtrio|Earthquake|p1a: Machop
|-damage|p1a: Machop|0 fnt
|faint|p1a: Machop
|c| saldfksd|we wont get to see
|c| saldfksd|since this is super over
|c| saldfksd|what means over?
|c|★gen 1 is mega gay|^^^
|c| saldfksd|what means dirty fucking gook?
|c|★Cheesing|it's what you say on radio
|c|★Cheesing|"over"
|c|★gen 1 is mega gay|stop timerstalling
|c|★gen 1 is mega gay|thats a bannable offense
|c|★Cheesing|stop being racist arseholes
|c| saldfksd|yeah I bet your family communicates with walkie-talkies
|c| saldfksd|in shorts
|c| saldfksd|son you doctor yet? over.
|c| saldfksd|Dad, I"m hungry, come get me.
|c| saldfksd|you forgot to say over, me no get you over and out
|c| saldfksd|8\/10 timerstall
|c| saldfksd|should have started it earlier
|c| saldfksd|4\/10*
|c|★Cheesing|started what earlier?
|
|switch|p1a: Magneton|Magneton, L86|34\/261
|turn|47
|c| saldfksd|nice L
|c|★gen 1 is mega gay|L as fuck
|c| saldfksd|1. get good
|c| saldfksd|2. kill yourself
|c| saldfksd|(not in any particular order)
|
|move|p2a: Dugtrio|Earthquake|p1a: Magneton
|-supereffective|p1a: Magneton
|-damage|p1a: Magneton|0 fnt
|faint|p1a: Magneton
|
|win|gen 1 is mega gay
|raw|Ladder updating...
|raw|Cheesing's rating: 1459 &rarr; <strong>1434<\/strong><br \/>(-25 for losing)
|raw|gen 1 is mega gay's rating: 1373 &rarr; <strong>1397<\/strong><br \/>(+24 for winning)
|c| saldfksd|enjoy
|c|★gen 1 is mega gay|cool -25
|c|★gen 1 is mega gay|you'll prob never get them back
|c|★Cheesing|I enjoy, thank you
|c|★gen 1 is mega gay|because you're a dumb chink
|c|★Cheesing|I don't enjoy you
|c|★Cheesing|you are horrible people
|c|★gen 1 is mega gay|to be clear
|c|★Cheesing|I only try
|c|★gen 1 is mega gay|chinese<human
|c| saldfksd|you shame famiry
|c| saldfksd|seppuku now
|c| saldfksd|your sister top 3 in UU
|c| saldfksd|why you not your sister