|j|Airfoil
|j|psudini
|player|p1|Airfoil|238
|player|p2|psudini|153
|gametype|singles
|gen|1
|tier|[Gen 1] OU
|rated
|seed|
|rule|Sleep Clause Mod: Limit one foe put to sleep
|rule|Freeze Clause Mod: Limit one foe frozen
|rule|Species Clause: Limit one of each Pokémon
|rule|OHKO Clause: OHKO moves are banned
|rule|Evasion Moves Clause: Evasion moves are banned
|rule|HP Percentage Mod: HP is shown in percentages
|
|start
|switch|p1a: Gengar|Gengar|100\/100
|switch|p2a: Alakazam|Alakazam|100\/100
|turn|1
|choice||
|
|move|p2a: Alakazam|Psychic|p1a: Gengar
|-supereffective|p1a: Gengar
|-damage|p1a: Gengar|34\/100
|move|p1a: Gengar|Hypnosis|p2a: Alakazam|[miss]
|-miss|p1a: Gengar
|
|turn|2
|choice||
|
|switch|p1a: Chansey|Chansey|100\/100
|move|p2a: Alakazam|Psychic|p1a: Chansey
|-crit|p1a: Chansey
|-damage|p1a: Chansey|67\/100
|-unboost|p1a: Chansey|spd|1
|-unboost|p1a: Chansey|spa|1
|
|turn|3
|choice||
|
|move|p2a: Alakazam|Reflect|p2a: Alakazam
|-start|p2a: Alakazam|Reflect
|move|p1a: Chansey|Thunder Wave|p2a: Alakazam
|-status|p2a: Alakazam|par
|
|turn|4
|choice||
|
|move|p1a: Chansey|Soft-Boiled|p1a: Chansey
|-heal|p1a: Chansey|100\/100
|move|p2a: Alakazam|Psychic|p1a: Chansey
|-damage|p1a: Chansey|72\/100
|
|turn|5
|choice||
|
|switch|p1a: Exeggutor|Exeggutor|100\/100
|switch|p2a: Exeggutor|Exeggutor|100\/100
|
|turn|6
|choice||
|
|switch|p2a: Dragonite|Dragonite|100\/100
|move|p1a: Exeggutor|Sleep Powder|p2a: Dragonite|[miss]
|-miss|p1a: Exeggutor
|
|turn|7
|choice||
|
|move|p2a: Dragonite|Fire Blast|p1a: Exeggutor
|-supereffective|p1a: Exeggutor
|-damage|p1a: Exeggutor|62\/100
|move|p1a: Exeggutor|Sleep Powder|p2a: Dragonite
|-status|p2a: Dragonite|slp
|
|turn|8
|choice||
|
|switch|p2a: Snorlax|Snorlax|100\/100
|move|p1a: Exeggutor|Leech Seed|p2a: Snorlax|[miss]
|-miss|p1a: Exeggutor
|
|turn|9
|choice||
|
|move|p1a: Exeggutor|Leech Seed|p2a: Snorlax|[miss]
|-miss|p1a: Exeggutor
|move|p2a: Snorlax|Amnesia|p2a: Snorlax
|-boost|p2a: Snorlax|spd|2
|-boost|p2a: Snorlax|spa|2
|
|turn|10
|choice||
|
|move|p1a: Exeggutor|Leech Seed|p2a: Snorlax
|-start|p2a: Snorlax|move: Leech Seed
|move|p2a: Snorlax|Amnesia|p2a: Snorlax
|-boost|p2a: Snorlax|spd|2
|-boost|p2a: Snorlax|spa|2
|-damage|p2a: Snorlax|94\/100|[from] Leech Seed|[of] p1a: Exeggutor
|-heal|p1a: Exeggutor|70\/100|[silent]
|
|turn|11
|choice||
|
|switch|p1a: Gengar|Gengar|34\/100
|move|p2a: Snorlax|Amnesia|p2a: Snorlax
|-boost|p2a: Snorlax|spd|2
|-boost|p2a: Snorlax|spa|2
|-damage|p2a: Snorlax|88\/100|[from] Leech Seed|[of] p1a: Gengar
|-heal|p1a: Gengar|44\/100|[silent]
|
|turn|12
|choice||
|
|move|p1a: Gengar|Confuse Ray|p2a: Snorlax
|-start|p2a: Snorlax|confusion
|-activate|p2a: Snorlax|confusion
|-damage|p2a: Snorlax|79\/100|[from] confusion
|-damage|p2a: Snorlax|73\/100|[from] Leech Seed|[of] p1a: Gengar
|-heal|p1a: Gengar|54\/100|[silent]
|
|turn|13
|choice||
|
|move|p1a: Gengar|Mega Drain|p2a: Snorlax
|-damage|p2a: Snorlax|70\/100
|-heal|p1a: Gengar|56\/100|[from] drain|[of] p2a: Snorlax
|-end|p2a: Snorlax|confusion
|move|p2a: Snorlax|Earthquake|p1a: Gengar
|-supereffective|p1a: Gengar
|-damage|p1a: Gengar|0 fnt
|faint|p1a: Gengar
|choice||
|
|switch|p1a: Chansey|Chansey|72\/100
|turn|14
|choice||
|
|move|p1a: Chansey|Thunder Wave|p2a: Snorlax
|-status|p2a: Snorlax|par
|move|p2a: Snorlax|Earthquake|p1a: Chansey
|-damage|p1a: Chansey|39\/100
|-damage|p2a: Snorlax|64\/100 par|[from] Leech Seed|[of] p1a: Chansey
|-heal|p1a: Chansey|43\/100|[silent]
|
|turn|15
|choice||
|
|move|p1a: Chansey|Soft-Boiled|p1a: Chansey
|-heal|p1a: Chansey|93\/100
|move|p2a: Snorlax|Thunder|p1a: Chansey
|-damage|p1a: Chansey|55\/100
|-damage|p2a: Snorlax|58\/100 par|[from] Leech Seed|[of] p1a: Chansey
|-heal|p1a: Chansey|60\/100|[silent]
|
|turn|16
|choice||
|
|move|p1a: Chansey|Soft-Boiled|p1a: Chansey
|-heal|p1a: Chansey|100\/100
|move|p2a: Snorlax|Thunder|p1a: Chansey|[miss]
|-miss|p2a: Snorlax
|-damage|p2a: Snorlax|52\/100 par|[from] Leech Seed|[of] p1a: Chansey
|
|turn|17
|choice||
|
|switch|p1a: Golem|Golem|100\/100
|move|p2a: Snorlax|Earthquake|p1a: Golem
|-supereffective|p1a: Golem
|-damage|p1a: Golem|61\/100
|-damage|p2a: Snorlax|46\/100 par|[from] Leech Seed|[of] p1a: Golem
|-heal|p1a: Golem|70\/100|[silent]
|
|turn|18
|choice||
|
|move|p1a: Golem|Earthquake|p2a: Snorlax
|-damage|p2a: Snorlax|14\/100 par
|cant|p2a: Snorlax|par
|-damage|p2a: Snorlax|8\/100 par|[from] Leech Seed|[of] p1a: Golem
|-heal|p1a: Golem|79\/100|[silent]
|
|turn|19
|choice||
|
|move|p1a: Golem|Body Slam|p2a: Snorlax
|-damage|p2a: Snorlax|0 fnt
|faint|p2a: Snorlax
|choice||
|
|switch|p2a: Slowbro|Slowbro|100\/100
|turn|20
|choice||
|
|switch|p1a: Exeggutor|Exeggutor|70\/100
|move|p2a: Slowbro|Amnesia|p2a: Slowbro
|-boost|p2a: Slowbro|spd|2
|-boost|p2a: Slowbro|spa|2
|
|turn|21
|choice||
|
|move|p1a: Exeggutor|Leech Seed|p2a: Slowbro
|-start|p2a: Slowbro|move: Leech Seed
|move|p2a: Slowbro|Blizzard|p1a: Exeggutor
|-supereffective|p1a: Exeggutor
|-damage|p1a: Exeggutor|5\/100
|-damage|p2a: Slowbro|94\/100|[from] Leech Seed|[of] p1a: Exeggutor
|-heal|p1a: Exeggutor|11\/100|[silent]
|
|turn|22
|choice||
|
|switch|p1a: Lapras|Lapras|100\/100
|move|p2a: Slowbro|Amnesia|p2a: Slowbro
|-boost|p2a: Slowbro|spd|2
|-boost|p2a: Slowbro|spa|2
|-damage|p2a: Slowbro|88\/100|[from] Leech Seed|[of] p1a: Lapras
|
|turn|23
|choice||
|
|move|p1a: Lapras|Confuse Ray|p2a: Slowbro
|-start|p2a: Slowbro|confusion
|-activate|p2a: Slowbro|confusion
|move|p2a: Slowbro|Psychic|p1a: Lapras
|-damage|p1a: Lapras|41\/100
|-damage|p2a: Slowbro|82\/100|[from] Leech Seed|[of] p1a: Lapras
|-heal|p1a: Lapras|46\/100|[silent]
|
|turn|24
|choice||
|
|switch|p1a: Chansey|Chansey|100\/100
|-end|p2a: Slowbro|confusion
|move|p2a: Slowbro|Psychic|p1a: Chansey
|-damage|p1a: Chansey|64\/100
|-damage|p2a: Slowbro|76\/100|[from] Leech Seed|[of] p1a: Chansey
|-heal|p1a: Chansey|67\/100|[silent]
|
|turn|25
|choice||
|
|move|p1a: Chansey|Thunder Wave|p2a: Slowbro
|-status|p2a: Slowbro|par
|move|p2a: Slowbro|Surf|p1a: Chansey
|-damage|p1a: Chansey|27\/100
|-damage|p2a: Slowbro|70\/100 par|[from] Leech Seed|[of] p1a: Chansey
|-heal|p1a: Chansey|31\/100|[silent]
|
|turn|26
|choice||
|
|move|p1a: Chansey|Soft-Boiled|p1a: Chansey
|-heal|p1a: Chansey|81\/100
|move|p2a: Slowbro|Blizzard|p1a: Chansey
|-damage|p1a: Chansey|49\/100
|-damage|p2a: Slowbro|64\/100 par|[from] Leech Seed|[of] p1a: Chansey
|-heal|p1a: Chansey|53\/100|[silent]
|
|turn|27
|choice||
|
|move|p1a: Chansey|Soft-Boiled|p1a: Chansey
|-heal|p1a: Chansey|100\/100
|move|p2a: Slowbro|Surf|p1a: Chansey
|-damage|p1a: Chansey|59\/100
|-damage|p2a: Slowbro|58\/100 par|[from] Leech Seed|[of] p1a: Chansey
|-heal|p1a: Chansey|63\/100|[silent]
|
|turn|28
|choice||
|
|move|p1a: Chansey|Thunderbolt|p2a: Slowbro
|-supereffective|p2a: Slowbro
|-damage|p2a: Slowbro|41\/100 par
|move|p2a: Slowbro|Amnesia|p2a: Slowbro
|-boost|p2a: Slowbro|spd|2
|-boost|p2a: Slowbro|spa|2
|-damage|p2a: Slowbro|35\/100 par|[from] Leech Seed|[of] p1a: Chansey
|-heal|p1a: Chansey|66\/100|[silent]
|
|turn|29
|choice||
|
|move|p1a: Chansey|Soft-Boiled|p1a: Chansey
|-heal|p1a: Chansey|100\/100
|move|p2a: Slowbro|Surf|p1a: Chansey
|-damage|p1a: Chansey|48\/100
|-damage|p2a: Slowbro|29\/100 par|[from] Leech Seed|[of] p1a: Chansey
|-heal|p1a: Chansey|52\/100|[silent]
|
|turn|30
|choice||
|
|move|p1a: Chansey|Soft-Boiled|p1a: Chansey
|-heal|p1a: Chansey|100\/100
|move|p2a: Slowbro|Blizzard|p1a: Chansey
|-crit|p1a: Chansey
|-damage|p1a: Chansey|79\/100
|-damage|p2a: Slowbro|23\/100 par|[from] Leech Seed|[of] p1a: Chansey
|-heal|p1a: Chansey|82\/100|[silent]
|
|turn|31
|choice||
|
|move|p1a: Chansey|Thunderbolt|p2a: Slowbro
|-supereffective|p2a: Slowbro
|-damage|p2a: Slowbro|10\/100 par
|move|p2a: Slowbro|Surf|p1a: Chansey
|-damage|p1a: Chansey|33\/100
|-damage|p2a: Slowbro|4\/100 par|[from] Leech Seed|[of] p1a: Chansey
|-heal|p1a: Chansey|36\/100|[silent]
|
|turn|32
|choice||
|
|move|p1a: Chansey|Soft-Boiled|p1a: Chansey
|-heal|p1a: Chansey|86\/100
|move|p2a: Slowbro|Surf|p1a: Chansey
|-damage|p1a: Chansey|32\/100
|-damage|p2a: Slowbro|0 fnt|[from] Leech Seed|[of] p1a: Chansey
|-heal|p1a: Chansey|34\/100|[silent]
|faint|p2a: Slowbro
|choice||
|
|switch|p2a: Exeggutor|Exeggutor|100\/100
|turn|33
|choice||
|
|switch|p1a: Exeggutor|Exeggutor|11\/100
|move|p2a: Exeggutor|Sleep Powder|p1a: Exeggutor
|-status|p1a: Exeggutor|slp
|
|turn|34
|choice||
|
|switch|p1a: Chansey|Chansey|34\/100
|move|p2a: Exeggutor|Psychic|p1a: Chansey
|-damage|p1a: Chansey|16\/100
|-unboost|p1a: Chansey|spd|1
|-unboost|p1a: Chansey|spa|1
|
|turn|35
|choice||
|
|switch|p2a: Rhydon|Rhydon|100\/100
|move|p1a: Chansey|Soft-Boiled|p1a: Chansey
|-heal|p1a: Chansey|66\/100
|
|turn|36
|choice||
|
|switch|p1a: Golem|Golem|79\/100
|move|p2a: Rhydon|Earthquake|p1a: Golem
|-supereffective|p1a: Golem
|-damage|p1a: Golem|10\/100
|
|turn|37
|choice||
|
|move|p1a: Golem|Earthquake|p2a: Rhydon
|-supereffective|p2a: Rhydon
|-damage|p2a: Rhydon|47\/100
|move|p2a: Rhydon|Earthquake|p1a: Golem
|-supereffective|p1a: Golem
|-damage|p1a: Golem|0 fnt
|faint|p1a: Golem
|choice||
|
|switch|p1a: Lapras|Lapras|46\/100
|turn|38
|choice||
|
|move|p1a: Lapras|Blizzard|p2a: Rhydon
|-supereffective|p2a: Rhydon
|-damage|p2a: Rhydon|0 fnt
|faint|p2a: Rhydon
|choice||
|
|switch|p2a: Alakazam|Alakazam|100\/100 par
|turn|39
|choice||
|
|move|p1a: Lapras|Body Slam|p2a: Alakazam
|-damage|p2a: Alakazam|71\/100 par
|move|p2a: Alakazam|Reflect|p2a: Alakazam
|-start|p2a: Alakazam|Reflect
|
|turn|40
|choice||
|
|move|p1a: Lapras|Confuse Ray|p2a: Alakazam
|-start|p2a: Alakazam|confusion
|-activate|p2a: Alakazam|confusion
|-damage|p2a: Alakazam|60\/100 par|[from] confusion
|
|turn|41
|choice||
|
|switch|p1a: Porygon|Porygon|100\/100
|-end|p2a: Alakazam|confusion
|move|p2a: Alakazam|Recover|p2a: Alakazam
|-heal|p2a: Alakazam|100\/100 par
|
|turn|42
|choice||
|
|move|p1a: Porygon|Sharpen|p1a: Porygon
|-boost|p1a: Porygon|atk|1
|cant|p2a: Alakazam|par
|
|turn|43
|choice||
|
|move|p1a: Porygon|Sharpen|p1a: Porygon
|-boost|p1a: Porygon|atk|1
|move|p2a: Alakazam|Psychic|p1a: Porygon
|-crit|p1a: Porygon
|-damage|p1a: Porygon|11\/100
|-unboost|p1a: Porygon|spd|1
|-unboost|p1a: Porygon|spa|1
|
|turn|44
|choice||
|
|move|p1a: Porygon|Recover|p1a: Porygon
|-heal|p1a: Porygon|61\/100
|move|p2a: Alakazam|Psychic|p1a: Porygon
|-crit|p1a: Porygon
|-damage|p1a: Porygon|0 fnt
|faint|p1a: Porygon
|choice||
|
|switch|p1a: Lapras|Lapras|46\/100
|turn|45
|choice||
|
|move|p1a: Lapras|Confuse Ray|p2a: Alakazam
|-start|p2a: Alakazam|confusion
|-activate|p2a: Alakazam|confusion
|cant|p2a: Alakazam|par
|
|turn|46
|choice||
|
|move|p1a: Lapras|Blizzard|p2a: Alakazam|[miss]
|-miss|p1a: Lapras
|-activate|p2a: Alakazam|confusion
|-damage|p2a: Alakazam|89\/100 par|[from] confusion
|
|turn|47
|choice||
|
|switch|p1a: Chansey|Chansey|66\/100
|-end|p2a: Alakazam|confusion
|move|p2a: Alakazam|Psychic|p1a: Chansey
|-crit|p1a: Chansey
|-damage|p1a: Chansey|31\/100
|
|turn|48
|choice||
|
|move|p1a: Chansey|Soft-Boiled|p1a: Chansey
|-heal|p1a: Chansey|81\/100
|cant|p2a: Alakazam|par
|
|turn|49
|choice||
|
|move|p1a: Chansey|Ice Beam|p2a: Alakazam
|-damage|p2a: Alakazam|70\/100 par
|move|p2a: Alakazam|Psychic|p1a: Chansey
|-damage|p1a: Chansey|63\/100
|-unboost|p1a: Chansey|spd|1
|-unboost|p1a: Chansey|spa|1
|
|turn|50
|choice||
|
|move|p1a: Chansey|Soft-Boiled|p1a: Chansey
|-heal|p1a: Chansey|100\/100
|move|p2a: Alakazam|Psychic|p1a: Chansey
|-damage|p1a: Chansey|71\/100
|
|turn|51
|choice||
|
|move|p1a: Chansey|Ice Beam|p2a: Alakazam
|-damage|p2a: Alakazam|58\/100 par
|move|p2a: Alakazam|Psychic|p1a: Chansey
|-damage|p1a: Chansey|43\/100
|-unboost|p1a: Chansey|spd|1
|-unboost|p1a: Chansey|spa|1
|
|turn|52
|choice||
|
|move|p1a: Chansey|Soft-Boiled|p1a: Chansey
|-heal|p1a: Chansey|93\/100
|cant|p2a: Alakazam|par
|
|turn|53
|choice||
|
|switch|p1a: Lapras|Lapras|46\/100
|move|p2a: Alakazam|Recover|p2a: Alakazam
|-heal|p2a: Alakazam|100\/100 par
|
|turn|54
|choice||
|
|move|p1a: Lapras|Confuse Ray|p2a: Alakazam
|-start|p2a: Alakazam|confusion
|-activate|p2a: Alakazam|confusion
|-damage|p2a: Alakazam|89\/100 par|[from] confusion
|
|turn|55
|choice||
|
|switch|p1a: Chansey|Chansey|93\/100
|-activate|p2a: Alakazam|confusion
|move|p2a: Alakazam|Psychic|p1a: Chansey
|-damage|p1a: Chansey|75\/100
|
|turn|56
|choice||
|
|move|p1a: Chansey|Ice Beam|p2a: Alakazam
|-damage|p2a: Alakazam|70\/100 par
|-activate|p2a: Alakazam|confusion
|move|p2a: Alakazam|Psychic|p1a: Chansey
|-damage|p1a: Chansey|57\/100
|
|turn|57
|choice||
|
|move|p1a: Chansey|Soft-Boiled|p1a: Chansey
|-heal|p1a: Chansey|100\/100
|-activate|p2a: Alakazam|confusion
|-damage|p2a: Alakazam|58\/100 par|[from] confusion
|
|turn|58
|choice||
|
|move|p1a: Chansey|Ice Beam|p2a: Alakazam
|-damage|p2a: Alakazam|38\/100 par
|-end|p2a: Alakazam|confusion
|move|p2a: Alakazam|Recover|p2a: Alakazam
|-heal|p2a: Alakazam|88\/100 par
|
|turn|59
|choice||
|
|move|p1a: Chansey|Ice Beam|p2a: Alakazam
|-damage|p2a: Alakazam|68\/100 par
|move|p2a: Alakazam|Recover|p2a: Alakazam
|-heal|p2a: Alakazam|100\/100 par
|
|turn|60
|choice||
|
|move|p1a: Chansey|Ice Beam|p2a: Alakazam
|-damage|p2a: Alakazam|79\/100 par
|move|p2a: Alakazam|Psychic|p1a: Chansey
|-crit|p1a: Chansey
|-damage|p1a: Chansey|64\/100
|-unboost|p1a: Chansey|spd|1
|-unboost|p1a: Chansey|spa|1
|
|turn|61
|choice||
|
|move|p1a: Chansey|Thunderbolt|p2a: Alakazam
|-damage|p2a: Alakazam|65\/100 par
|move|p2a: Alakazam|Psychic|p1a: Chansey
|-damage|p1a: Chansey|37\/100
|
|turn|62
|choice||
|
|move|p1a: Chansey|Soft-Boiled|p1a: Chansey
|-heal|p1a: Chansey|87\/100
|move|p2a: Alakazam|Psychic|p1a: Chansey
|-crit|p1a: Chansey
|-damage|p1a: Chansey|52\/100
|-unboost|p1a: Chansey|spd|1
|-unboost|p1a: Chansey|spa|1
|
|turn|63
|choice||
|
|move|p1a: Chansey|Soft-Boiled|p1a: Chansey
|-heal|p1a: Chansey|100\/100
|move|p2a: Alakazam|Psychic|p1a: Chansey
|-crit|p1a: Chansey
|-damage|p1a: Chansey|66\/100
|
|turn|64
|choice||
|
|switch|p1a: Lapras|Lapras|46\/100
|move|p2a: Alakazam|Psychic|p1a: Lapras
|-crit|p1a: Lapras
|-damage|p1a: Lapras|0 fnt
|faint|p1a: Lapras
|choice||
|
|switch|p1a: Chansey|Chansey|66\/100
|turn|65
|choice||
|
|move|p1a: Chansey|Ice Beam|p2a: Alakazam
|-damage|p2a: Alakazam|44\/100 par
|move|p2a: Alakazam|Recover|p2a: Alakazam
|-heal|p2a: Alakazam|93\/100 par
|
|turn|66
|choice||
|
|move|p1a: Chansey|Ice Beam|p2a: Alakazam
|-damage|p2a: Alakazam|72\/100 par
|move|p2a: Alakazam|Recover|p2a: Alakazam
|-heal|p2a: Alakazam|100\/100 par
|
|turn|67
|choice||
|
|switch|p1a: Exeggutor|Exeggutor|11\/100 slp
|switch|p2a: Exeggutor|Exeggutor|100\/100
|
|turn|68
|choice||
|
|switch|p1a: Chansey|Chansey|66\/100
|move|p2a: Exeggutor|Psychic|p1a: Chansey
|-damage|p1a: Chansey|50\/100
|
|turn|69
|choice||
|
|move|p2a: Exeggutor|Mega Drain|p1a: Chansey
|-damage|p1a: Chansey|43\/100
|move|p1a: Chansey|Thunder Wave|p2a: Exeggutor
|-status|p2a: Exeggutor|par
|
|turn|70
|choice||
|
|move|p1a: Chansey|Soft-Boiled|p1a: Chansey
|-heal|p1a: Chansey|93\/100
|move|p2a: Exeggutor|Psychic|p1a: Chansey
|-damage|p1a: Chansey|75\/100
|
|turn|71
|choice||
|
|move|p1a: Chansey|Ice Beam|p2a: Exeggutor
|-supereffective|p2a: Exeggutor
|-damage|p2a: Exeggutor|68\/100 par
|move|p2a: Exeggutor|Psychic|p1a: Chansey
|-damage|p1a: Chansey|59\/100
|
|turn|72
|choice||
|
|switch|p2a: Alakazam|Alakazam|100\/100 par
|move|p1a: Chansey|Ice Beam|p2a: Alakazam
|-damage|p2a: Alakazam|82\/100 par
|
|turn|73
|choice||
|
|move|p1a: Chansey|Thunderbolt|p2a: Alakazam
|-damage|p2a: Alakazam|62\/100 par
|cant|p2a: Alakazam|par
|
|turn|74
|choice||
|
|move|p1a: Chansey|Thunderbolt|p2a: Alakazam
|-damage|p2a: Alakazam|40\/100 par
|move|p2a: Alakazam|Reflect|p2a: Alakazam
|-start|p2a: Alakazam|Reflect
|
|turn|75
|choice||
|
|move|p1a: Chansey|Thunderbolt|p2a: Alakazam
|-damage|p2a: Alakazam|21\/100 par
|move|p2a: Alakazam|Recover|p2a: Alakazam
|-heal|p2a: Alakazam|70\/100 par
|
|turn|76
|choice||
|
|move|p1a: Chansey|Thunderbolt|p2a: Alakazam
|-damage|p2a: Alakazam|50\/100 par
|move|p2a: Alakazam|Recover|p2a: Alakazam
|-heal|p2a: Alakazam|99\/100 par
|
|turn|77
|choice||
|
|move|p1a: Chansey|Thunderbolt|p2a: Alakazam
|-damage|p2a: Alakazam|79\/100 par
|move|p2a: Alakazam|Hyper Beam|p1a: Chansey
|-damage|p1a: Chansey|25\/100
|
|turn|78
|-mustrecharge|p2a: Alakazam
|-mustrecharge|p2a: Alakazam
|choice||
|
|move|p1a: Chansey|Thunderbolt|p2a: Alakazam
|-damage|p2a: Alakazam|59\/100 par
|cant|p2a: Alakazam|recharge
|
|turn|79
|choice||
|
|move|p1a: Chansey|Ice Beam|p2a: Alakazam
|-damage|p2a: Alakazam|39\/100 par
|move|p2a: Alakazam|Recover|p2a: Alakazam
|-heal|p2a: Alakazam|89\/100 par
|
|turn|80
|choice||
|
|switch|p1a: Exeggutor|Exeggutor|11\/100 slp
|cant|p2a: Alakazam|par
|
|turn|81
|choice||
|
|cant|p1a: Exeggutor|slp
|cant|p2a: Alakazam|par
|
|turn|82
|choice||
|
|cant|p1a: Exeggutor|slp
|cant|p2a: Alakazam|par
|
|turn|83
|choice||
|
|switch|p2a: Exeggutor|Exeggutor|68\/100 par
|cant|p1a: Exeggutor|slp
|
|turn|84
|choice||
|
|cant|p1a: Exeggutor|slp
|cant|p2a: Exeggutor|par
|
|turn|85
|choice||
|
|-curestatus|p1a: Exeggutor|slp
|move|p2a: Exeggutor|Psychic|p1a: Exeggutor
|-resisted|p1a: Exeggutor
|-damage|p1a: Exeggutor|0 fnt
|faint|p1a: Exeggutor
|choice||
|
|switch|p1a: Chansey|Chansey|25\/100
|turn|86
|choice||
|
|move|p1a: Chansey|Ice Beam|p2a: Exeggutor
|-supereffective|p2a: Exeggutor
|-damage|p2a: Exeggutor|36\/100 par
|cant|p2a: Exeggutor|par
|
|turn|87
|choice||
|
|switch|p2a: Alakazam|Alakazam|89\/100 par
|move|p1a: Chansey|Ice Beam|p2a: Alakazam
|-damage|p2a: Alakazam|69\/100 par
|
|turn|88
|choice||
|
|move|p1a: Chansey|Thunderbolt|p2a: Alakazam
|-damage|p2a: Alakazam|48\/100 par
|move|p2a: Alakazam|Reflect|p2a: Alakazam
|-start|p2a: Alakazam|Reflect
|
|turn|89
|choice||
|
|move|p1a: Chansey|Thunderbolt|p2a: Alakazam
|-damage|p2a: Alakazam|27\/100 par
|cant|p2a: Alakazam|par
|
|turn|90
|choice||
|
|move|p1a: Chansey|Thunderbolt|p2a: Alakazam
|-crit|p2a: Alakazam
|-damage|p2a: Alakazam|0 fnt
|faint|p2a: Alakazam
|c|★psudini|fuck....
|choice||
|
|switch|p2a: Dragonite|Dragonite|100\/100 slp
|turn|91
|choice||
|
|cant|p2a: Dragonite|slp
|move|p1a: Chansey|Ice Beam|p2a: Dragonite
|-supereffective|p2a: Dragonite
|-damage|p2a: Dragonite|16\/100 slp
|
|turn|92
|choice||
|
|cant|p2a: Dragonite|slp
|move|p1a: Chansey|Thunderbolt|p2a: Dragonite
|-damage|p2a: Dragonite|0 fnt
|faint|p2a: Dragonite
|choice||
|
|switch|p2a: Exeggutor|Exeggutor|36\/100 par
|turn|93
|choice||
|
|move|p1a: Chansey|Ice Beam|p2a: Exeggutor
|-supereffective|p2a: Exeggutor
|-damage|p2a: Exeggutor|4\/100 par
|move|p2a: Exeggutor|Sleep Powder|p1a: Chansey
|-status|p1a: Chansey|slp
|
|turn|94
|c|★psudini|YASS
|c|★psudini|YASS!!!!!
|c|★psudini|YASS!!!!!
|choice||
|
|-curestatus|p1a: Chansey|slp
|move|p2a: Exeggutor|Psychic|p1a: Chansey
|-damage|p1a: Chansey|8\/100
|
|turn|95
|c|★psudini|NOOOOOOOOOOO
|c|★psudini|NOOOOOOOOOOOO
|c|★psudini|NOOOOOOO
|c|★Airfoil|This battle
|c|★Airfoil|Like
|c|★psudini|ikr!
|c|★Airfoil|Holy CRAP XD
|choice||
|
|move|p1a: Chansey|Ice Beam|p2a: Exeggutor
|-supereffective|p2a: Exeggutor
|-damage|p2a: Exeggutor|0 fnt
|faint|p2a: Exeggutor
|
|win|Airfoil
|player|p1
|player|p2
|raw|Airfoil's rating: 1118 &rarr; <strong>1139<\/strong><br \/>(+21 for winning)
|raw|psudini's rating: 1061 &rarr; <strong>1045<\/strong><br \/>(-16 for losing)
|c|★psudini|gg
|c|★Airfoil|It's been a pleasure XD
|c|★Airfoil|Ya
|c|★psudini|Yeah man :D