|join|Videla
|join|KJIL
|player|p1|Videla|166
|player|p2|KJIL|266
|gametype|singles
|gen|1
|tier|[Gen 1] Random Battle
|rated
|rule|Sleep Clause Mod: Limit one foe put to sleep
|rule|Freeze Clause Mod: Limit one foe frozen
|rule|HP Percentage Mod: HP is shown in percentages
|
|start
|switch|p1a: Metapod|Metapod, L99|300\/300
|switch|p2a: Charmander|Charmander, L96|270\/270
|turn|1
|
|switch|p1a: Rhydon|Rhydon, L79|328\/328
|move|p2a: Charmander|Substitute|p2a: Charmander
|-start|p2a: Charmander|Substitute
|-damage|p2a: Charmander|203\/270
|
|turn|2
|
|move|p2a: Charmander|Seismic Toss|p1a: Rhydon
|-damage|p1a: Rhydon|232\/328
|move|p1a: Rhydon|Earthquake|p2a: Charmander
|-supereffective|p2a: Charmander
|-end|p2a: Charmander|Substitute
|
|turn|3
|
|switch|p2a: Tangela|Tangela, L85|284\/284
|move|p1a: Rhydon|Earthquake|p2a: Tangela
|-resisted|p2a: Tangela
|-damage|p2a: Tangela|238\/284
|
|turn|4
|
|switch|p1a: Metapod|Metapod, L99|300\/300
|move|p2a: Tangela|Stun Spore|p1a: Metapod|[miss]
|-miss|p2a: Tangela
|
|turn|5
|
|move|p2a: Tangela|Swords Dance|p2a: Tangela
|-boost|p2a: Tangela|atk|2
|move|p1a: Metapod|String Shot|p2a: Tangela
|-unboost|p2a: Tangela|spe|1
|
|turn|6
|
|move|p1a: Metapod|String Shot|p2a: Tangela
|-unboost|p2a: Tangela|spe|1
|move|p2a: Tangela|Body Slam|p1a: Metapod
|-damage|p1a: Metapod|199\/300
|
|turn|7
|
|move|p1a: Metapod|Tackle|p2a: Tangela
|-damage|p2a: Tangela|225\/284
|move|p2a: Tangela|Swords Dance|p2a: Tangela
|-boost|p2a: Tangela|atk|2
|
|turn|8
|
|move|p1a: Metapod|String Shot|p2a: Tangela
|-unboost|p2a: Tangela|spe|1
|move|p2a: Tangela|Body Slam|p1a: Metapod
|-damage|p1a: Metapod|102\/300
|-status|p1a: Metapod|par
|
|turn|9
|
|move|p2a: Tangela|Body Slam|p1a: Metapod
|-damage|p1a: Metapod|1\/300 par
|move|p1a: Metapod|Tackle|p2a: Tangela
|-damage|p2a: Tangela|210\/284
|
|turn|10
|
|move|p2a: Tangela|Mega Drain|p1a: Metapod
|-resisted|p1a: Metapod
|-damage|p1a: Metapod|0 fnt
|-heal|p2a: Tangela|211\/284|[from] drain|[of] p1a: Metapod
|faint|p1a: Metapod
|
|switch|p1a: Cloyster|Cloyster, L83|253\/253
|turn|11
|
|move|p1a: Cloyster|Blizzard|p2a: Tangela
|-supereffective|p2a: Tangela
|-damage|p2a: Tangela|21\/284
|move|p2a: Tangela|Mega Drain|p1a: Cloyster
|-supereffective|p1a: Cloyster
|-damage|p1a: Cloyster|152\/253
|-heal|p2a: Tangela|71\/284|[from] drain|[of] p1a: Cloyster
|
|turn|12
|
|switch|p2a: Seaking|Seaking, L85|310\/310
|move|p1a: Cloyster|Ice Beam|p2a: Seaking
|-resisted|p2a: Seaking
|-damage|p2a: Seaking|262\/310
|
|turn|13
|
|move|p2a: Seaking|Surf|p1a: Cloyster
|-resisted|p1a: Cloyster
|-damage|p1a: Cloyster|105\/253
|move|p1a: Cloyster|Blizzard|p2a: Seaking
|-resisted|p2a: Seaking
|-damage|p2a: Seaking|203\/310
|
|turn|14
|
|switch|p1a: Mewtwo|Mewtwo, L70|293\/293
|move|p2a: Seaking|Double-Edge|p1a: Mewtwo
|-damage|p1a: Mewtwo|207\/293
|-damage|p2a: Seaking|182\/310|[from] recoil|[of] p1a: Mewtwo
|
|turn|15
|
|switch|p2a: Charmander|Charmander, L96|203\/270
|move|p1a: Mewtwo|Thunderbolt|p2a: Charmander
|-crit|p2a: Charmander
|-damage|p2a: Charmander|61\/270
|
|turn|16
|
|move|p1a: Mewtwo|Thunderbolt|p2a: Charmander
|-damage|p2a: Charmander|0 fnt
|faint|p2a: Charmander
|
|switch|p2a: Venusaur|Venusaur, L85|310\/310
|turn|17
|
|move|p1a: Mewtwo|Psychic|p2a: Venusaur
|-supereffective|p2a: Venusaur
|-damage|p2a: Venusaur|142\/310
|move|p2a: Venusaur|Sleep Powder|p1a: Mewtwo
|-status|p1a: Mewtwo|slp
|
|turn|18
|
|cant|p1a: Mewtwo|slp
|move|p2a: Venusaur|Body Slam|p1a: Mewtwo
|-damage|p1a: Mewtwo|141\/293 slp
|
|turn|19
|
|switch|p1a: Zapdos|Zapdos, L79|304\/304
|move|p2a: Venusaur|Body Slam|p1a: Zapdos
|-damage|p1a: Zapdos|246\/304
|-status|p1a: Zapdos|par
|
|turn|20
|
|switch|p2a: Cloyster|Cloyster, L83|253\/253
|move|p1a: Zapdos|Drill Peck|p2a: Cloyster
|-crit|p2a: Cloyster
|-damage|p2a: Cloyster|167\/253
|
|turn|21
|
|move|p2a: Cloyster|Blizzard|p1a: Zapdos
|-supereffective|p1a: Zapdos
|-damage|p1a: Zapdos|47\/304 par
|cant|p1a: Zapdos|par
|
|turn|22
|
|move|p2a: Cloyster|Ice Beam|p1a: Zapdos
|-supereffective|p1a: Zapdos
|-damage|p1a: Zapdos|0 fnt
|faint|p1a: Zapdos
|
|switch|p1a: Snorlax|Snorlax, L79|415\/415
|turn|23
|
|switch|p2a: Gengar|Gengar, L79|257\/257
|move|p1a: Snorlax|Amnesia|p1a: Snorlax
|-boost|p1a: Snorlax|spd|2
|-boost|p1a: Snorlax|spa|2
|
|turn|24
|
|move|p2a: Gengar|Hypnosis|p1a: Snorlax
|-message|Sleep Clause Mod activated.
|move|p1a: Snorlax|Earthquake|p2a: Gengar
|-supereffective|p2a: Gengar
|-damage|p2a: Gengar|75\/257
|
|turn|25
|
|move|p2a: Gengar|Psychic|p1a: Snorlax
|-damage|p1a: Snorlax|374\/415
|move|p1a: Snorlax|Earthquake|p2a: Gengar
|-supereffective|p2a: Gengar
|-damage|p2a: Gengar|0 fnt
|faint|p2a: Gengar
|
|switch|p2a: Seaking|Seaking, L85|182\/310
|turn|26
|
|move|p2a: Seaking|Double-Edge|p1a: Snorlax
|-damage|p1a: Snorlax|290\/415
|-damage|p2a: Seaking|161\/310|[from] recoil|[of] p1a: Snorlax
|move|p1a: Snorlax|Thunderbolt|p2a: Seaking
|-supereffective|p2a: Seaking
|-damage|p2a: Seaking|0 fnt
|faint|p2a: Seaking
|
|switch|p2a: Venusaur|Venusaur, L85|142\/310
|turn|27
|
|move|p2a: Venusaur|Toxic|p1a: Snorlax
|-status|p1a: Snorlax|tox
|move|p1a: Snorlax|Body Slam|p2a: Venusaur
|-damage|p2a: Venusaur|49\/310
|-damage|p1a: Snorlax|265\/415 tox|[from] tox|[of] p2a: Venusaur
|
|turn|28
|
|move|p2a: Venusaur|Body Slam|p1a: Snorlax|[miss]
|-miss|p2a: Venusaur
|move|p1a: Snorlax|Body Slam|p2a: Venusaur
|-damage|p2a: Venusaur|0 fnt
|faint|p2a: Venusaur
|
|switch|p2a: Tangela|Tangela, L85|71\/284
|turn|29
|
|move|p2a: Tangela|Body Slam|p1a: Snorlax
|-damage|p1a: Snorlax|211\/415 tox
|move|p1a: Snorlax|Body Slam|p2a: Tangela
|-damage|p2a: Tangela|2\/284
|-damage|p1a: Snorlax|161\/415 tox|[from] tox|[of] p2a: Tangela
|
|turn|30
|
|switch|p1a: Cloyster|Cloyster, L83|105\/253
|move|p2a: Tangela|Body Slam|p1a: Cloyster
|-damage|p1a: Cloyster|78\/253
|
|turn|31
|
|move|p1a: Cloyster|Ice Beam|p2a: Tangela
|-supereffective|p2a: Tangela
|-damage|p2a: Tangela|0 fnt
|faint|p2a: Tangela
|
|switch|p2a: Cloyster|Cloyster, L83|167\/253
|turn|32
|
|move|p2a: Cloyster|Surf|p1a: Cloyster
|-resisted|p1a: Cloyster
|-damage|p1a: Cloyster|31\/253
|move|p1a: Cloyster|Blizzard|p2a: Cloyster
|-resisted|p2a: Cloyster
|-damage|p2a: Cloyster|136\/253
|
|turn|33
|
|move|p2a: Cloyster|Surf|p1a: Cloyster
|-resisted|p1a: Cloyster
|-damage|p1a: Cloyster|0 fnt
|faint|p1a: Cloyster
|
|switch|p1a: Snorlax|Snorlax, L79|161\/415 tox
|-status|p1a: Snorlax|psn
|turn|34
|
|move|p2a: Cloyster|Blizzard|p1a: Snorlax
|-damage|p1a: Snorlax|9\/415 psn
|move|p1a: Snorlax|Thunderbolt|p2a: Cloyster
|-supereffective|p2a: Cloyster
|-damage|p2a: Cloyster|45\/253
|-damage|p1a: Snorlax|0 fnt|[from] psn|[of] p2a: Cloyster
|faint|p1a: Snorlax
|
|switch|p1a: Mewtwo|Mewtwo, L70|141\/293 slp
|turn|35
|
|cant|p1a: Mewtwo|slp
|move|p2a: Cloyster|Blizzard|p1a: Mewtwo
|-damage|p1a: Mewtwo|49\/293 slp
|
|turn|36
|
|cant|p1a: Mewtwo|slp
|move|p2a: Cloyster|Ice Beam|p1a: Mewtwo
|-damage|p1a: Mewtwo|0 fnt
|faint|p1a: Mewtwo
|c|★Videla|gg
|
|switch|p1a: Rhydon|Rhydon, L79|232\/328
|turn|37
|
|move|p2a: Cloyster|Surf|p1a: Rhydon
|-supereffective|p1a: Rhydon
|-damage|p1a: Rhydon|0 fnt
|faint|p1a: Rhydon
|
|win|KJIL
|raw|Ladder updating...
|c|★KJIL|gg
|raw|Videla's rating: 1262 &rarr; <strong>1230<\/strong><br \/>(-32 for losing)
|raw|KJIL's rating: 1167 &rarr; <strong>1198<\/strong><br \/>(+31 for winning)