|j|farmertome
|j|RaStAfAn210
|player|p1|farmertome|101
|player|p2|RaStAfAn210|163
|gametype|singles
|gen|1
|tier|[Gen 1] Random Battle
|rated
|seed|52571,14568,7215,1498
|rule|Sleep Clause Mod: Limit one foe put to sleep
|rule|Freeze Clause Mod: Limit one foe frozen
|rule|HP Percentage Mod: HP is shown in percentages
|
|start
|switch|p1a: Sandshrew|Sandshrew, L96|291\/291
|switch|p2a: Pidgeotto|Pidgeotto, L90|297\/297
|turn|1
|choice|move 3|switch 2
|
|switch|p2a: Exeggutor|Exeggutor, L79|312\/312
|move|p1a: Sandshrew|Substitute|p1a: Sandshrew
|-start|p1a: Sandshrew|Substitute
|-damage|p1a: Sandshrew|219\/291
|
|turn|2
|choice|move 4|move 4
|
|move|p1a: Sandshrew|Body Slam|p2a: Exeggutor
|-damage|p2a: Exeggutor|243\/312
|move|p2a: Exeggutor|Mega Drain|p1a: Sandshrew
|-supereffective|p1a: Sandshrew
|-end|p1a: Sandshrew|Substitute
|
|turn|3
|choice|switch 6|move 4
|
|switch|p1a: Beedrill|Beedrill, L90|300\/300
|move|p2a: Exeggutor|Mega Drain|p1a: Beedrill
|-resisted|p1a: Beedrill
|-damage|p1a: Beedrill|287\/300
|-heal|p2a: Exeggutor|249\/312|[from] drain|[of] p1a: Beedrill
|
|turn|4
|choice|move 1|switch 2
|
|switch|p2a: Pidgeotto|Pidgeotto, L90|297\/297
|move|p1a: Beedrill|Twineedle|p2a: Pidgeotto
|-resisted|p2a: Pidgeotto
|-damage|p2a: Pidgeotto|282\/297
|-damage|p2a: Pidgeotto|267\/297
|-status|p2a: Pidgeotto|psn
|-hitcount|p2a: Pidgeotto|2
|
|turn|5
|choice|move 4|move 4
|
|move|p1a: Beedrill|Swords Dance|p1a: Beedrill
|-boost|p1a: Beedrill|atk|2
|move|p2a: Pidgeotto|Sky Attack|p1a: Beedrill|[still]
|-prepare|p2a: Pidgeotto|Sky Attack|p1a: Beedrill
|-damage|p2a: Pidgeotto|249\/297 psn|[from] psn|[of] p1a: Beedrill
|
|turn|6
|choice|move 3|move 1
|
|move|p1a: Beedrill|Hyper Beam|p2a: Pidgeotto
|-damage|p2a: Pidgeotto|0 fnt
|faint|p2a: Pidgeotto
|choice||switch 2
|
|switch|p2a: Exeggutor|Exeggutor, L79|249\/312
|turn|7
|choice|move 1|move 1
|
|move|p1a: Beedrill|Twineedle|p2a: Exeggutor
|-supereffective|p2a: Exeggutor
|-damage|p2a: Exeggutor|6\/312
|-damage|p2a: Exeggutor|0 fnt
|-hitcount|p2a: Exeggutor|2
|faint|p2a: Exeggutor
|choice||switch 3
|
|switch|p2a: Rattata|Rattata, L96|252\/252
|turn|8
|choice|move 3|move 1
|
|move|p2a: Rattata|Super Fang|p1a: Beedrill|[miss]
|-miss|p2a: Rattata
|move|p1a: Beedrill|Hyper Beam|p2a: Rattata
|-damage|p2a: Rattata|0 fnt
|faint|p2a: Rattata
|choice||switch 5
|
|switch|p2a: Raichu|Raichu, L85|276\/276
|turn|9
|choice|move 3|move 4
|
|move|p2a: Raichu|Thunderbolt|p1a: Beedrill
|-crit|p1a: Beedrill
|-damage|p1a: Beedrill|20\/300
|move|p1a: Beedrill|Hyper Beam|p2a: Raichu|[miss]
|-miss|p1a: Beedrill
|
|turn|10
|choice|move 3|move 4
|
|move|p2a: Raichu|Thunderbolt|p1a: Beedrill
|-damage|p1a: Beedrill|0 fnt
|faint|p1a: Beedrill
|choice|switch 6|
|
|switch|p1a: Sandshrew|Sandshrew, L96|219\/291
|turn|11
|choice|move 1|move 1
|
|move|p2a: Raichu|Surf|p1a: Sandshrew
|-supereffective|p1a: Sandshrew
|-damage|p1a: Sandshrew|7\/291
|move|p1a: Sandshrew|Earthquake|p2a: Raichu
|-supereffective|p2a: Raichu
|-damage|p2a: Raichu|0 fnt
|faint|p2a: Raichu
|choice||switch 4
|
|switch|p2a: Golduck|Golduck, L85|310\/310
|turn|12
|choice|move 1|move 2
|
|move|p2a: Golduck|Surf|p1a: Sandshrew
|-supereffective|p1a: Sandshrew
|-damage|p1a: Sandshrew|0 fnt
|faint|p1a: Sandshrew
|choice|switch 5|
|
|switch|p1a: Jynx|Jynx, L79|265\/265
|turn|13
|choice|move 1|move 4
|
|move|p1a: Jynx|Psychic|p2a: Golduck
|-damage|p2a: Golduck|226\/310
|move|p2a: Golduck|Body Slam|p1a: Jynx
|-damage|p1a: Jynx|172\/265
|-status|p1a: Jynx|par
|
|turn|14
|choice|move 1|move 4
|
|move|p2a: Golduck|Body Slam|p1a: Jynx
|-damage|p1a: Jynx|69\/265 par
|move|p1a: Jynx|Psychic|p2a: Golduck
|-damage|p2a: Golduck|144\/310
|
|turn|15
|choice|move 1|move 4
|
|move|p2a: Golduck|Body Slam|p1a: Jynx
|-damage|p1a: Jynx|0 fnt
|faint|p1a: Jynx
|choice|switch 4|
|
|switch|p1a: Aerodactyl|Aerodactyl, L90|327\/327
|turn|16
|choice|move 2|move 3
|
|move|p1a: Aerodactyl|Double-Edge|p2a: Golduck
|-damage|p2a: Golduck|55\/310
|-damage|p1a: Aerodactyl|305\/327|[from] recoil|[of] p2a: Golduck
|move|p2a: Golduck|Ice Beam|p1a: Aerodactyl
|-supereffective|p1a: Aerodactyl
|-damage|p1a: Aerodactyl|162\/327
|
|turn|17
|choice|move 2|move 2
|
|move|p1a: Aerodactyl|Double-Edge|p2a: Golduck
|-crit|p2a: Golduck
|-damage|p2a: Golduck|0 fnt
|-damage|p1a: Aerodactyl|149\/327|[from] recoil|[of] p2a: Golduck
|faint|p2a: Golduck
|choice||switch 6
|
|switch|p2a: Mew|Mew, L74|300\/300
|turn|18
|choice|move 2|move 2
|
|move|p1a: Aerodactyl|Double-Edge|p2a: Mew
|-damage|p2a: Mew|217\/300
|-damage|p1a: Aerodactyl|129\/327|[from] recoil|[of] p2a: Mew
|move|p2a: Mew|Blizzard|p1a: Aerodactyl
|-supereffective|p1a: Aerodactyl
|-damage|p1a: Aerodactyl|0 fnt
|faint|p1a: Aerodactyl
|choice|switch 2|
|
|switch|p1a: Lickitung|Lickitung, L90|345\/345
|turn|19
|choice|move 3|move 4
|
|move|p2a: Mew|Horn Drill|p1a: Lickitung
|-damage|p1a: Lickitung|0 fnt
|-ohko
|faint|p1a: Lickitung
|choice|switch 3|
|
|switch|p1a: Kingler|Kingler, L85|267\/267
|turn|20
|choice|move 4|move 1
|
|move|p2a: Mew|Psychic|p1a: Kingler
|-damage|p1a: Kingler|169\/267
|-unboost|p1a: Kingler|spd|1
|-unboost|p1a: Kingler|spa|1
|move|p1a: Kingler|Body Slam|p2a: Mew
|-damage|p2a: Mew|143\/300
|
|turn|21
|choice|move 2|move 4
|
|move|p2a: Mew|Horn Drill|p1a: Kingler
|-damage|p1a: Kingler|0 fnt
|-ohko
|faint|p1a: Kingler
|
|win|RaStAfAn210
|raw|farmertome's rating: 1299 &rarr; <strong>1262<\/strong><br \/>(-37 for losing)
|raw|RaStAfAn210's rating: 1116 &rarr; <strong>1153<\/strong><br \/>(+37 for winning)
|c|★RaStAfAn210|gg
|c|★farmertome|no it wasnt
|l|farmertome
|player|p1