|join|thunderstone
|join|aRinguma
|player|p1|thunderstone|25
|player|p2|aRinguma|246
|gametype|singles
|gen|1
|tier|[Gen 1] Random Battle
|rated
|rule|Sleep Clause Mod: Limit one foe put to sleep
|rule|Freeze Clause Mod: Limit one foe frozen
|rule|HP Percentage Mod: HP is shown in percentages
|
|start
|switch|p1a: Lickitung|Lickitung, L90|345\/345
|switch|p2a: Slowpoke|Slowpoke, L96|368\/368
|turn|1
|
|move|p1a: Lickitung|Body Slam|p2a: Slowpoke
|-damage|p2a: Slowpoke|290\/368
|move|p2a: Slowpoke|Thunder Wave|p1a: Lickitung
|-status|p1a: Lickitung|par
|
|turn|2
|
|move|p2a: Slowpoke|Surf|p1a: Lickitung
|-damage|p1a: Lickitung|257\/345 par
|cant|p1a: Lickitung|par
|
|turn|3
|
|move|p2a: Slowpoke|Surf|p1a: Lickitung
|-damage|p1a: Lickitung|163\/345 par
|cant|p1a: Lickitung|par
|
|turn|4
|
|move|p2a: Slowpoke|Surf|p1a: Lickitung
|-damage|p1a: Lickitung|71\/345 par
|cant|p1a: Lickitung|par
|
|turn|5
|
|move|p2a: Slowpoke|Surf|p1a: Lickitung
|-damage|p1a: Lickitung|0 fnt
|faint|p1a: Lickitung
|
|switch|p1a: Haunter|Haunter, L85|250\/250
|turn|6
|
|move|p1a: Haunter|Hypnosis|p2a: Slowpoke
|-status|p2a: Slowpoke|slp
|-curestatus|p2a: Slowpoke|slp
|
|turn|7
|
|move|p1a: Haunter|Hypnosis|p2a: Slowpoke|[miss]
|-miss|p1a: Haunter
|move|p2a: Slowpoke|Thunder Wave|p1a: Haunter
|-status|p1a: Haunter|par
|
|turn|8
|
|move|p2a: Slowpoke|Surf|p1a: Haunter
|-damage|p1a: Haunter|185\/250 par
|move|p1a: Haunter|Hypnosis|p2a: Slowpoke|[miss]
|-miss|p1a: Haunter
|
|turn|9
|
|move|p2a: Slowpoke|Surf|p1a: Haunter
|-damage|p1a: Haunter|114\/250 par
|move|p1a: Haunter|Hypnosis|p2a: Slowpoke
|-status|p2a: Slowpoke|slp
|
|turn|10
|
|cant|p2a: Slowpoke|slp
|move|p1a: Haunter|Mega Drain|p2a: Slowpoke
|-supereffective|p2a: Slowpoke
|-damage|p2a: Slowpoke|207\/368 slp
|-heal|p1a: Haunter|155\/250 par|[from] drain|[of] p2a: Slowpoke
|
|turn|11
|
|-curestatus|p2a: Slowpoke|slp
|move|p1a: Haunter|Thunderbolt|p2a: Slowpoke
|-crit|p2a: Slowpoke
|-supereffective|p2a: Slowpoke
|-damage|p2a: Slowpoke|0 fnt
|faint|p2a: Slowpoke
|
|switch|p2a: Dugtrio|Dugtrio, L85|233\/233
|turn|12
|
|move|p2a: Dugtrio|Earthquake|p1a: Haunter
|-supereffective|p1a: Haunter
|-damage|p1a: Haunter|0 fnt
|faint|p1a: Haunter
|
|switch|p1a: Lapras|Lapras, L79|367\/367
|turn|13
|
|move|p2a: Dugtrio|Substitute|p2a: Dugtrio
|-start|p2a: Dugtrio|Substitute
|-damage|p2a: Dugtrio|175\/233
|move|p1a: Lapras|Blizzard|p2a: Dugtrio
|-supereffective|p2a: Dugtrio
|-end|p2a: Dugtrio|Substitute
|
|turn|14
|
|move|p2a: Dugtrio|Earthquake|p1a: Lapras
|-damage|p1a: Lapras|252\/367
|move|p1a: Lapras|Blizzard|p2a: Dugtrio
|-supereffective|p2a: Dugtrio
|-damage|p2a: Dugtrio|0 fnt
|faint|p2a: Dugtrio
|
|switch|p2a: Weezing|Weezing, L90|300\/300
|turn|15
|
|move|p2a: Weezing|Thunder|p1a: Lapras
|-supereffective|p1a: Lapras
|-damage|p1a: Lapras|85\/367
|-status|p1a: Lapras|par
|cant|p1a: Lapras|par
|
|turn|16
|
|move|p2a: Weezing|Thunderbolt|p1a: Lapras
|-supereffective|p1a: Lapras
|-damage|p1a: Lapras|0 fnt
|faint|p1a: Lapras
|c|★aRinguma|im sorry
|
|switch|p1a: Graveler|Graveler, L85|267\/267
|turn|17
|
|move|p2a: Weezing|Fire Blast|p1a: Graveler
|-resisted|p1a: Graveler
|-damage|p1a: Graveler|202\/267
|move|p1a: Graveler|Earthquake|p2a: Weezing
|-supereffective|p2a: Weezing
|-damage|p2a: Weezing|135\/300
|
|turn|18
|
|move|p2a: Weezing|Fire Blast|p1a: Graveler|[miss]
|-miss|p2a: Weezing
|move|p1a: Graveler|Earthquake|p2a: Weezing
|-supereffective|p2a: Weezing
|-damage|p2a: Weezing|0 fnt
|faint|p2a: Weezing
|
|switch|p2a: Chansey|Chansey, L79|557\/557
|turn|19
|
|move|p1a: Graveler|Body Slam|p2a: Chansey
|-damage|p2a: Chansey|394\/557
|move|p2a: Chansey|Counter|p1a: Graveler
|-damage|p1a: Graveler|0 fnt
|faint|p1a: Graveler
|
|switch|p1a: Electrode|Electrode, L90|291\/291
|turn|20
|
|move|p1a: Electrode|Screech|p2a: Chansey
|-unboost|p2a: Chansey|def|2
|move|p2a: Chansey|Soft-Boiled|p2a: Chansey
|-heal|p2a: Chansey|557\/557
|
|turn|21
|
|move|p1a: Electrode|Explosion|p2a: Chansey
|-damage|p2a: Chansey|0 fnt
|faint|p2a: Chansey
|faint|p1a: Electrode
|
|switch|p2a: Dodrio|Dodrio, L85|276\/276
|switch|p1a: Kangaskhan|Kangaskhan, L85|352\/352
|turn|22
|
|move|p2a: Dodrio|Hyper Beam|p1a: Kangaskhan|[miss]
|-miss|p2a: Dodrio
|move|p1a: Kangaskhan|Counter|p2a: Dodrio
|-fail|p1a: Kangaskhan
|
|turn|23
|
|move|p2a: Dodrio|Hyper Beam|p1a: Kangaskhan
|-crit|p1a: Kangaskhan
|-damage|p1a: Kangaskhan|14\/352
|move|p1a: Kangaskhan|Body Slam|p2a: Dodrio
|-damage|p2a: Dodrio|174\/276
|
|turn|24
|-mustrecharge|p2a: Dodrio
|-mustrecharge|p2a: Dodrio
|
|cant|p2a: Dodrio|recharge
|move|p1a: Kangaskhan|Counter|p2a: Dodrio
|-damage|p2a: Dodrio|0 fnt
|faint|p2a: Dodrio
|
|switch|p2a: Nidorino|Nidorino, L90|293\/293
|turn|25
|
|move|p1a: Kangaskhan|Earthquake|p2a: Nidorino
|-supereffective|p2a: Nidorino
|-damage|p2a: Nidorino|118\/293
|move|p2a: Nidorino|Bubble Beam|p1a: Kangaskhan
|-damage|p1a: Kangaskhan|0 fnt
|faint|p1a: Kangaskhan
|
|win|aRinguma
|c|★aRinguma|gg
|leave|thunderstone
|player|p1