|j|Merlin Engine
|j|Abstrix
|player|p1|Merlin Engine|165
|player|p2|Abstrix|8
|gametype|singles
|gen|1
|tier|[Gen 1] Random Battle
|rated
|seed|39207,39117,57400,53785
|rule|Sleep Clause Mod: Limit one foe put to sleep
|rule|Freeze Clause Mod: Limit one foe frozen
|rule|HP Percentage Mod: HP is shown in percentages
|
|start
|switch|p1a: Wigglytuff|Wigglytuff, L90|435\/435
|switch|p2a: Gyarados|Gyarados, L85|335\/335
|turn|1
|choice|move 1|switch 5
|
|switch|p2a: Ivysaur|Ivysaur, L85|276\/276
|move|p1a: Wigglytuff|Double-Edge|p2a: Ivysaur
|-damage|p2a: Ivysaur|151\/276
|-damage|p1a: Wigglytuff|404\/435|[from] recoil|[of] p2a: Ivysaur
|
|turn|2
|choice|move 2|move 2
|
|move|p2a: Ivysaur|Razor Leaf|p1a: Wigglytuff
|-crit|p1a: Wigglytuff
|-damage|p1a: Wigglytuff|281\/435
|move|p1a: Wigglytuff|Blizzard|p2a: Ivysaur
|-supereffective|p2a: Ivysaur
|-damage|p2a: Ivysaur|21\/276
|
|turn|3
|choice|move 1|move 2
|
|move|p2a: Ivysaur|Razor Leaf|p1a: Wigglytuff
|-crit|p1a: Wigglytuff
|-damage|p1a: Wigglytuff|138\/435
|move|p1a: Wigglytuff|Double-Edge|p2a: Ivysaur
|-damage|p2a: Ivysaur|0 fnt
|-damage|p1a: Wigglytuff|133\/435|[from] recoil|[of] p2a: Ivysaur
|faint|p2a: Ivysaur
|choice||switch 5
|
|switch|p2a: Gyarados|Gyarados, L85|335\/335
|turn|4
|choice|move 1|move 3
|
|move|p2a: Gyarados|Hyper Beam|p1a: Wigglytuff
|-damage|p1a: Wigglytuff|0 fnt
|faint|p1a: Wigglytuff
|choice|switch 4|
|
|switch|p1a: Raichu|Raichu, L85|276\/276
|turn|5
|choice|move 1|switch 6
|
|switch|p2a: Jolteon|Jolteon, L79|265\/265
|move|p1a: Raichu|Surf|p2a: Jolteon
|-crit|p2a: Jolteon
|-damage|p2a: Jolteon|142\/265
|
|turn|6
|choice|switch 2|move 3
|
|switch|p1a: Dragonair|Dragonair, L85|277\/277
|move|p2a: Jolteon|Thunder Wave|p1a: Dragonair
|-status|p1a: Dragonair|par
|
|turn|7
|choice|move 2|switch 3
|
|switch|p2a: Cloyster|Cloyster, L83|253\/253
|move|p1a: Dragonair|Agility|p1a: Dragonair
|-boost|p1a: Dragonair|spe|2
|
|turn|8
|choice|switch 6|move 2
|
|switch|p1a: Lickitung|Lickitung, L90|345\/345
|move|p2a: Cloyster|Blizzard|p1a: Lickitung
|-damage|p1a: Lickitung|219\/345
|
|turn|9
|choice|move 2|move 2
|
|move|p2a: Cloyster|Blizzard|p1a: Lickitung
|-damage|p1a: Lickitung|83\/345
|move|p1a: Lickitung|Body Slam|p2a: Cloyster
|-damage|p2a: Cloyster|209\/253
|
|turn|10
|choice|move 1|move 2
|
|move|p2a: Cloyster|Blizzard|p1a: Lickitung
|-damage|p1a: Lickitung|0 fnt
|faint|p1a: Lickitung
|choice|switch 2|
|
|switch|p1a: Raichu|Raichu, L85|276\/276
|turn|11
|choice|move 4|move 3
|
|move|p1a: Raichu|Thunderbolt|p2a: Cloyster
|-supereffective|p2a: Cloyster
|-damage|p2a: Cloyster|13\/253
|move|p2a: Cloyster|Explosion|p1a: Raichu
|-damage|p1a: Raichu|0 fnt
|faint|p1a: Raichu
|faint|p2a: Cloyster
|c|★Merlin Engine|ffs
|choice|switch 6|switch 6
|
|switch|p2a: Gyarados|Gyarados, L85|335\/335
|switch|p1a: Dragonair|Dragonair, L85|277\/277 par
|turn|12
|choice|move 1|move 2
|
|move|p2a: Gyarados|Blizzard|p1a: Dragonair
|-crit|p1a: Dragonair
|-supereffective|p1a: Dragonair
|-damage|p1a: Dragonair|0 fnt
|faint|p1a: Dragonair
|choice|switch 3|
|
|switch|p1a: Machoke|Machoke, L85|310\/310
|turn|13
|choice|move 4|move 1
|
|move|p2a: Gyarados|Surf|p1a: Machoke
|-damage|p1a: Machoke|158\/310
|move|p1a: Machoke|Double-Edge|p2a: Gyarados
|-crit|p2a: Gyarados
|-damage|p2a: Gyarados|181\/335
|-damage|p1a: Machoke|120\/310|[from] recoil|[of] p2a: Gyarados
|
|turn|14
|choice|move 3|move 1
|
|move|p2a: Gyarados|Surf|p1a: Machoke
|-damage|p1a: Machoke|0 fnt
|faint|p1a: Machoke
|choice|switch 5|
|
|switch|p1a: Golbat|Golbat, L90|318\/318
|turn|15
|choice|move 2|move 4
|
|move|p1a: Golbat|Confuse Ray|p2a: Gyarados
|-start|p2a: Gyarados|confusion
|-activate|p2a: Gyarados|confusion
|-damage|p2a: Gyarados|140\/335|[from] confusion
|
|turn|16
|choice|move 1|switch 3
|
|switch|p2a: Jolteon|Jolteon, L79|142\/265
|move|p1a: Golbat|Hyper Beam|p2a: Jolteon
|-damage|p2a: Jolteon|0 fnt
|faint|p2a: Jolteon
|choice||switch 2
|
|switch|p2a: Abra|Abra, L96|243\/243
|turn|17
|choice|move 2|move 1
|
|move|p2a: Abra|Psychic|p1a: Golbat
|-crit|p1a: Golbat
|-supereffective|p1a: Golbat
|-damage|p1a: Golbat|0 fnt
|faint|p1a: Golbat
|
|win|Abstrix
|raw|Merlin Engine's rating: 1280 &rarr; <strong>1246<\/strong><br \/>(-34 for losing)
|raw|Abstrix's rating: 1146 &rarr; <strong>1180<\/strong><br \/>(+34 for winning)
|l|Merlin Engine
|player|p1