|j|Fella McFellerson
|j|moogledrink
|player|p1|Fella McFellerson|162
|player|p2|moogledrink|143
|gametype|singles
|gen|1
|tier|[Gen 1] Random Battle
|seed|29339,54198,56251,50840
|rule|Sleep Clause Mod: Limit one foe put to sleep
|rule|Freeze Clause Mod: Limit one foe frozen
|rule|HP Percentage Mod: HP is shown in percentages
|
|start
|switch|p1a: Exeggcute|Exeggcute, L96|310\/310
|switch|p2a: Seaking|Seaking, L90|327\/327
|turn|1
|choice|move 2|move 3
|
|move|p2a: Seaking|Blizzard|p1a: Exeggcute
|-supereffective|p1a: Exeggcute
|-damage|p1a: Exeggcute|113\/310
|move|p1a: Exeggcute|Mega Drain|p2a: Seaking
|-supereffective|p2a: Seaking
|-damage|p2a: Seaking|249\/327
|-heal|p1a: Exeggcute|152\/310|[from] drain|[of] p2a: Seaking
|
|turn|2
|choice|switch 3|move 3
|
|switch|p1a: Golduck|Golduck, L85|310\/310
|move|p2a: Seaking|Blizzard|p1a: Golduck
|-resisted|p1a: Golduck
|-damage|p1a: Golduck|263\/310
|
|turn|3
|choice|move 1|move 3
|
|move|p1a: Golduck|Amnesia|p1a: Golduck
|-boost|p1a: Golduck|spd|2
|-boost|p1a: Golduck|spa|2
|move|p2a: Seaking|Blizzard|p1a: Golduck
|-resisted|p1a: Golduck
|-damage|p1a: Golduck|242\/310
|
|turn|4
|choice|move 1|move 3
|
|move|p1a: Golduck|Amnesia|p1a: Golduck
|-boost|p1a: Golduck|spd|2
|-boost|p1a: Golduck|spa|2
|move|p2a: Seaking|Blizzard|p1a: Golduck
|-resisted|p1a: Golduck
|-damage|p1a: Golduck|226\/310
|
|turn|5
|choice|move 1|move 3
|
|move|p1a: Golduck|Amnesia|p1a: Golduck
|-boost|p1a: Golduck|spd|2
|-boost|p1a: Golduck|spa|2
|move|p2a: Seaking|Blizzard|p1a: Golduck
|-resisted|p1a: Golduck
|-damage|p1a: Golduck|214\/310
|
|turn|6
|choice|move 2|move 3
|
|move|p1a: Golduck|Blizzard|p2a: Seaking
|-resisted|p2a: Seaking
|-damage|p2a: Seaking|93\/327
|move|p2a: Seaking|Blizzard|p1a: Golduck
|-resisted|p1a: Golduck
|-damage|p1a: Golduck|202\/310
|
|turn|7
|choice|move 2|move 3
|
|move|p1a: Golduck|Blizzard|p2a: Seaking
|-resisted|p2a: Seaking
|-damage|p2a: Seaking|0 fnt
|faint|p2a: Seaking
|choice||switch 5
|
|switch|p2a: Onix|Onix, L90|246\/246
|turn|8
|choice|move 4|move 2
|
|move|p1a: Golduck|Surf|p2a: Onix
|-supereffective|p2a: Onix
|-damage|p2a: Onix|0 fnt
|faint|p2a: Onix
|choice||switch 6
|
|switch|p2a: Lickitung|Lickitung, L90|345\/345
|turn|9
|choice|move 4|move 1
|
|move|p1a: Golduck|Surf|p2a: Lickitung
|-damage|p2a: Lickitung|0 fnt
|faint|p2a: Lickitung
|choice||switch 3
|
|switch|p2a: Venonat|Venonat, L96|310\/310
|turn|10
|choice|move 4|move 1
|
|move|p1a: Golduck|Surf|p2a: Venonat
|-damage|p2a: Venonat|0 fnt
|faint|p2a: Venonat
|choice||switch 2
|
|switch|p2a: Articuno|Articuno, L79|304\/304
|turn|11
|choice|move 4|move 4
|
|move|p1a: Golduck|Surf|p2a: Articuno
|-damage|p2a: Articuno|14\/304
|move|p2a: Articuno|Ice Beam|p1a: Golduck|[miss]
|-miss|p2a: Articuno
|
|turn|12
|choice|move 4|move 4
|
|move|p1a: Golduck|Surf|p2a: Articuno
|-damage|p2a: Articuno|0 fnt
|faint|p2a: Articuno
|choice||switch 4
|
|switch|p2a: Venusaur|Venusaur, L85|310\/310
|turn|13
|choice|move 2|move 3
|
|move|p1a: Golduck|Blizzard|p2a: Venusaur
|-crit|p2a: Venusaur
|-supereffective|p2a: Venusaur
|-damage|p2a: Venusaur|56\/310
|move|p2a: Venusaur|Razor Leaf|p1a: Golduck
|-crit|p1a: Golduck
|-supereffective|p1a: Golduck
|-damage|p1a: Golduck|0 fnt
|faint|p1a: Golduck
|choice|switch 2|
|
|switch|p1a: Dratini|Dratini, L96|274\/274
|turn|14
|choice|move 3|move 1
|
|move|p2a: Venusaur|Sleep Powder|p1a: Dratini
|-status|p1a: Dratini|slp
|cant|p1a: Dratini|slp
|
|turn|15
|choice|move 3|move 4
|
|move|p2a: Venusaur|Swords Dance|p2a: Venusaur
|-boost|p2a: Venusaur|atk|2
|-curestatus|p1a: Dratini|slp
|
|turn|16
|choice|move 3|move 1
|
|move|p2a: Venusaur|Sleep Powder|p1a: Dratini
|-status|p1a: Dratini|slp
|cant|p1a: Dratini|slp
|
|turn|17
|choice|move 3|move 4
|
|move|p2a: Venusaur|Swords Dance|p2a: Venusaur
|-boost|p2a: Venusaur|atk|2
|-curestatus|p1a: Dratini|slp
|
|turn|18
|choice|move 3|move 1
|
|move|p2a: Venusaur|Sleep Powder|p1a: Dratini
|-status|p1a: Dratini|slp
|cant|p1a: Dratini|slp
|
|turn|19
|choice|move 3|move 4
|
|move|p2a: Venusaur|Swords Dance|p2a: Venusaur
|-boost|p2a: Venusaur|atk|2
|cant|p1a: Dratini|slp
|
|turn|20
|choice|move 3|move 2
|
|move|p2a: Venusaur|Body Slam|p1a: Dratini
|-damage|p1a: Dratini|0 fnt
|faint|p1a: Dratini
|choice|switch 4|
|
|switch|p1a: Gengar|Gengar, L79|257\/257
|turn|21
|choice|move 4|move 2
|
|move|p1a: Gengar|Explosion|p2a: Venusaur
|-damage|p2a: Venusaur|0 fnt
|faint|p2a: Venusaur
|faint|p1a: Gengar
|
|win|Fella McFellerson