|join|Daddystreaking
|join|XianJu
|player|p1|Daddystreaking|101
|player|p2|XianJu|130
|gametype|singles
|gen|1
|tier|[Gen 1] Random Battle
|rated
|rule|Sleep Clause Mod: Limit one foe put to sleep
|rule|Freeze Clause Mod: Limit one foe frozen
|rule|HP Percentage Mod: HP is shown in percentages
|
|start
|switch|p1a: Doduo|Doduo, L96|262\/262
|switch|p2a: Ekans|Ekans, L96|262\/262
|turn|1
|
|move|p1a: Doduo|Drill Peck|p2a: Ekans
|-damage|p2a: Ekans|134\/262
|move|p2a: Ekans|Glare|p1a: Doduo|[miss]
|-miss|p2a: Ekans
|
|turn|2
|
|move|p1a: Doduo|Drill Peck|p2a: Ekans
|-damage|p2a: Ekans|9\/262
|move|p2a: Ekans|Rock Slide|p1a: Doduo
|-supereffective|p1a: Doduo
|-damage|p1a: Doduo|131\/262
|
|turn|3
|
|switch|p2a: Golbat|Golbat, L90|318\/318
|move|p1a: Doduo|Drill Peck|p2a: Golbat
|-damage|p2a: Golbat|205\/318
|
|turn|4
|
|move|p2a: Golbat|Hyper Beam|p1a: Doduo
|-damage|p1a: Doduo|0 fnt
|faint|p1a: Doduo
|
|switch|p1a: Electabuzz|Electabuzz, L85|284\/284
|turn|5
|
|switch|p2a: Sandslash|Sandslash, L85|301\/301
|move|p1a: Electabuzz|Thunderbolt|p2a: Sandslash
|-immune|p2a: Sandslash|[msg]
|
|turn|6
|
|switch|p1a: Charizard|Charizard, L85|306\/306
|move|p2a: Sandslash|Substitute|p2a: Sandslash
|-start|p2a: Sandslash|Substitute
|-damage|p2a: Sandslash|226\/301
|
|turn|7
|
|move|p1a: Charizard|Earthquake|p2a: Sandslash
|-activate|p2a: Sandslash|Substitute|[damage]
|move|p2a: Sandslash|Body Slam|p1a: Charizard
|-damage|p1a: Charizard|237\/306
|
|turn|8
|
|move|p1a: Charizard|Earthquake|p2a: Sandslash
|-crit|p2a: Sandslash
|-end|p2a: Sandslash|Substitute
|move|p2a: Sandslash|Body Slam|p1a: Charizard
|-damage|p1a: Charizard|168\/306
|-status|p1a: Charizard|par
|
|turn|9
|
|move|p2a: Sandslash|Substitute|p2a: Sandslash
|-start|p2a: Sandslash|Substitute
|-damage|p2a: Sandslash|151\/301
|move|p1a: Charizard|Fire Blast|p2a: Sandslash
|-end|p2a: Sandslash|Substitute
|
|turn|10
|
|move|p2a: Sandslash|Body Slam|p1a: Charizard
|-damage|p1a: Charizard|106\/306 par
|cant|p1a: Charizard|par
|
|turn|11
|
|move|p2a: Sandslash|Body Slam|p1a: Charizard
|-damage|p1a: Charizard|34\/306 par
|cant|p1a: Charizard|par
|
|turn|12
|
|move|p2a: Sandslash|Body Slam|p1a: Charizard
|-crit|p1a: Charizard
|-damage|p1a: Charizard|0 fnt
|faint|p1a: Charizard
|
|switch|p1a: Electabuzz|Electabuzz, L85|284\/284
|turn|13
|
|move|p1a: Electabuzz|Psychic|p2a: Sandslash
|-damage|p2a: Sandslash|72\/301
|-unboost|p2a: Sandslash|spd|1
|-unboost|p2a: Sandslash|spa|1
|move|p2a: Sandslash|Earthquake|p1a: Electabuzz
|-supereffective|p1a: Electabuzz
|-damage|p1a: Electabuzz|0 fnt
|faint|p1a: Electabuzz
|-message|Daddystreaking forfeited.
|
|win|XianJu
|leave|Daddystreaking
|player|p1
|raw|Daddystreaking's rating: 1317 &rarr; <strong>1296<\/strong><br \/>(-21 for losing)
|raw|XianJu's rating: 1288 &rarr; <strong>1315<\/strong><br \/>(+27 for winning)