|join|riwu
|join|ElPsyCongroo90
|player|p1|riwu|102
|player|p2|ElPsyCongroo90|162
|gametype|singles
|gen|1
|tier|[Gen 1] Random Battle
|rated
|seed|22651,47837,53581,12414
|rule|Sleep Clause Mod: Limit one foe put to sleep
|rule|Freeze Clause Mod: Limit one foe frozen
|rule|HP Percentage Mod: HP is shown in percentages
|
|start
|switch|p1a: Chansey|Chansey, L79|557\/557
|switch|p2a: Graveler|Graveler, L85|267\/267
|turn|1
|choice|move 4|move 1
|
|move|p1a: Chansey|Ice Beam|p2a: Graveler
|-supereffective|p2a: Graveler
|-damage|p2a: Graveler|93\/267
|move|p2a: Graveler|Earthquake|p1a: Chansey
|-damage|p1a: Chansey|279\/557
|
|turn|2
|choice|move 4|move 1
|
|move|p1a: Chansey|Ice Beam|p2a: Graveler
|-supereffective|p2a: Graveler
|-damage|p2a: Graveler|0 fnt
|faint|p2a: Graveler
|choice||switch 2
|
|switch|p2a: Machop|Machop, L96|329\/329
|turn|3
|choice|switch 4|move 3
|
|switch|p1a: Charizard|Charizard, L85|306\/306
|move|p2a: Machop|Submission|p1a: Charizard
|-resisted|p1a: Charizard
|-damage|p1a: Charizard|251\/306
|-damage|p2a: Machop|316\/329|[from] recoil|[of] p1a: Charizard
|
|turn|4
|choice|move 2|move 1
|
|move|p1a: Charizard|Fire Blast|p2a: Machop
|-damage|p2a: Machop|155\/329
|move|p2a: Machop|Rock Slide|p1a: Charizard
|-supereffective|p1a: Charizard
|-damage|p1a: Charizard|3\/306
|
|turn|5
|choice|move 2|switch 5
|
|switch|p2a: Seadra|Seadra, L90|282\/282
|move|p1a: Charizard|Fire Blast|p2a: Seadra
|-resisted|p2a: Seadra
|-damage|p2a: Seadra|231\/282
|
|turn|6
|choice|move 1|move 1
|
|move|p1a: Charizard|Hyper Beam|p2a: Seadra
|-damage|p2a: Seadra|136\/282
|move|p2a: Seadra|Blizzard|p1a: Charizard
|-supereffective|p1a: Charizard
|-damage|p1a: Charizard|0 fnt
|faint|p1a: Charizard
|choice|switch 3|
|
|switch|p1a: Poliwag|Poliwag, L96|272\/272
|turn|7
|choice|move 1|move 2
|
|move|p1a: Poliwag|Amnesia|p1a: Poliwag
|-boost|p1a: Poliwag|spd|2
|-boost|p1a: Poliwag|spa|2
|move|p2a: Seadra|Hydro Pump|p1a: Poliwag
|-crit|p1a: Poliwag
|-resisted|p1a: Poliwag
|-damage|p1a: Poliwag|84\/272
|
|turn|8
|choice|move 3|move 2
|
|move|p1a: Poliwag|Hypnosis|p2a: Seadra|[miss]
|-miss|p1a: Poliwag
|move|p2a: Seadra|Hydro Pump|p1a: Poliwag|[miss]
|-miss|p2a: Seadra
|
|turn|9
|choice|move 3|move 2
|
|move|p1a: Poliwag|Hypnosis|p2a: Seadra
|-status|p2a: Seadra|slp
|cant|p2a: Seadra|slp
|
|turn|10
|choice|move 1|switch 6
|
|switch|p2a: Raichu|Raichu, L85|276\/276
|move|p1a: Poliwag|Amnesia|p1a: Poliwag
|-boost|p1a: Poliwag|spd|2
|-boost|p1a: Poliwag|spa|2
|
|turn|11
|choice|switch 6|move 2
|
|switch|p1a: Dugtrio|Dugtrio, L85|233\/233
|move|p2a: Raichu|Thunderbolt|p1a: Dugtrio
|-immune|p1a: Dugtrio|[msg]
|
|turn|12
|choice|move 1|switch 3
|
|switch|p2a: Dewgong|Dewgong, L85|327\/327
|move|p1a: Dugtrio|Earthquake|p2a: Dewgong
|-damage|p2a: Dewgong|227\/327
|
|turn|13
|choice|switch 4|move 4
|
|switch|p1a: Chansey|Chansey, L79|279\/557
|move|p2a: Dewgong|Body Slam|p1a: Chansey
|-damage|p1a: Chansey|135\/557
|
|turn|14
|choice|move 2|move 4
|
|move|p2a: Dewgong|Body Slam|p1a: Chansey
|-damage|p1a: Chansey|0 fnt
|faint|p1a: Chansey
|choice|switch 5|
|
|switch|p1a: Pinsir|Pinsir, L85|284\/284
|turn|15
|choice|move 2|switch 4
|
|switch|p2a: Victreebel|Victreebel, L85|310\/310
|move|p1a: Pinsir|Swords Dance|p1a: Pinsir
|-boost|p1a: Pinsir|atk|2
|
|turn|16
|choice|move 4|move 3
|
|move|p1a: Pinsir|Hyper Beam|p2a: Victreebel
|-damage|p2a: Victreebel|14\/310
|move|p2a: Victreebel|Sleep Powder|p1a: Pinsir
|-status|p1a: Pinsir|slp
|
|turn|17
|-mustrecharge|p1a: Pinsir
|-mustrecharge|p1a: Pinsir
|choice|move 1|move 4
|
|cant|p1a: Pinsir|recharge
|move|p2a: Victreebel|Swords Dance|p2a: Victreebel
|-boost|p2a: Victreebel|atk|2
|
|turn|18
|choice|switch 4|move 2
|
|switch|p1a: Dugtrio|Dugtrio, L85|233\/233
|move|p2a: Victreebel|Hyper Beam|p1a: Dugtrio|[miss]
|-miss|p2a: Victreebel
|
|turn|19
|choice|move 1|move 2
|
|move|p1a: Dugtrio|Earthquake|p2a: Victreebel
|-damage|p2a: Victreebel|0 fnt
|faint|p2a: Victreebel
|choice||switch 4
|
|switch|p2a: Dewgong|Dewgong, L85|227\/327
|turn|20
|choice|switch 4|move 1
|
|switch|p1a: Pinsir|Pinsir, L85|284\/284 slp
|move|p2a: Dewgong|Blizzard|p1a: Pinsir
|-damage|p1a: Pinsir|110\/284 slp
|
|turn|21
|choice|move 1|move 3
|
|cant|p1a: Pinsir|slp
|move|p2a: Dewgong|Surf|p1a: Pinsir
|-damage|p1a: Pinsir|0 fnt
|faint|p1a: Pinsir
|choice|switch 6|
|
|switch|p1a: Poliwag|Poliwag, L96|84\/272
|turn|22
|choice|move 2|switch 3
|
|switch|p2a: Raichu|Raichu, L85|276\/276
|move|p1a: Poliwag|Surf|p2a: Raichu
|-damage|p2a: Raichu|202\/276
|
|turn|23
|choice|switch 2|move 1
|
|switch|p1a: Oddish|Oddish, L96|281\/281
|move|p2a: Raichu|Surf|p1a: Oddish
|-crit|p1a: Oddish
|-resisted|p1a: Oddish
|-damage|p1a: Oddish|218\/281
|
|turn|24
|choice|move 4|switch 5
|
|switch|p2a: Machop|Machop, L96|155\/329
|move|p1a: Oddish|Double-Edge|p2a: Machop
|-damage|p2a: Machop|74\/329
|-damage|p1a: Oddish|198\/281|[from] recoil|[of] p2a: Machop
|
|turn|25
|choice|move 4|move 2
|
|move|p2a: Machop|Earthquake|p1a: Oddish
|-damage|p1a: Oddish|104\/281
|move|p1a: Oddish|Double-Edge|p2a: Machop
|-damage|p2a: Machop|0 fnt
|-damage|p1a: Oddish|86\/281|[from] recoil|[of] p2a: Machop
|faint|p2a: Machop
|choice||switch 3
|
|switch|p2a: Dewgong|Dewgong, L85|227\/327
|turn|26
|choice|move 1|move 1
|
|move|p2a: Dewgong|Blizzard|p1a: Oddish
|-supereffective|p1a: Oddish
|-damage|p1a: Oddish|0 fnt
|faint|p1a: Oddish
|choice|switch 2|
|
|switch|p1a: Poliwag|Poliwag, L96|84\/272
|turn|27
|choice|move 2|switch 5
|
|switch|p2a: Raichu|Raichu, L85|202\/276
|move|p1a: Poliwag|Surf|p2a: Raichu
|-damage|p2a: Raichu|129\/276
|
|turn|28
|choice|switch 4|move 1
|
|switch|p1a: Dugtrio|Dugtrio, L85|233\/233
|move|p2a: Raichu|Surf|p1a: Dugtrio
|-supereffective|p1a: Dugtrio
|-damage|p1a: Dugtrio|75\/233
|
|turn|29
|choice|move 1|move 2
|
|move|p1a: Dugtrio|Earthquake|p2a: Raichu
|-supereffective|p2a: Raichu
|-damage|p2a: Raichu|0 fnt
|faint|p2a: Raichu
|choice||switch 5
|
|switch|p2a: Dewgong|Dewgong, L85|227\/327
|turn|30
|choice|move 2|move 3
|
|move|p1a: Dugtrio|Substitute|p1a: Dugtrio
|-start|p1a: Dugtrio|Substitute
|-damage|p1a: Dugtrio|17\/233
|move|p2a: Dewgong|Surf|p1a: Dugtrio
|-supereffective|p1a: Dugtrio
|-end|p1a: Dugtrio|Substitute
|
|turn|31
|choice|move 1|move 3
|
|move|p1a: Dugtrio|Earthquake|p2a: Dewgong
|-damage|p2a: Dewgong|126\/327
|move|p2a: Dewgong|Surf|p1a: Dugtrio
|-crit|p1a: Dugtrio
|-supereffective|p1a: Dugtrio
|-damage|p1a: Dugtrio|0 fnt
|faint|p1a: Dugtrio
|choice|switch 4|
|
|switch|p1a: Poliwag|Poliwag, L96|84\/272
|turn|32
|choice|move 1|move 4
|
|move|p1a: Poliwag|Amnesia|p1a: Poliwag
|-boost|p1a: Poliwag|spd|2
|-boost|p1a: Poliwag|spa|2
|move|p2a: Dewgong|Body Slam|p1a: Poliwag
|-damage|p1a: Poliwag|11\/272
|
|turn|33
|choice|move 4|move 4
|
|move|p1a: Poliwag|Blizzard|p2a: Dewgong
|-crit|p2a: Dewgong
|-resisted|p2a: Dewgong
|-damage|p2a: Dewgong|93\/327
|move|p2a: Dewgong|Body Slam|p1a: Poliwag
|-damage|p1a: Poliwag|0 fnt
|faint|p1a: Poliwag
|
|win|ElPsyCongroo90
|raw|riwu's rating: 1428 &rarr; <strong>1397<\/strong><br \/>(-31 for losing)
|raw|ElPsyCongroo90's rating: 1233 &rarr; <strong>1271<\/strong><br \/>(+38 for winning)