|join|MALESANI
|join|eldougi
|player|p1|MALESANI|240
|player|p2|eldougi|266
|gametype|singles
|gen|1
|tier|[Gen 1] Random Battle
|rated
|rule|Sleep Clause Mod: Limit one foe put to sleep
|rule|Freeze Clause Mod: Limit one foe frozen
|rule|HP Percentage Mod: HP is shown in percentages
|
|start
|switch|p1a: Horsea|Horsea, L96|252\/252
|switch|p2a: Dodrio|Dodrio, L85|276\/276
|turn|1
|
|move|p2a: Dodrio|Drill Peck|p1a: Horsea
|-damage|p1a: Horsea|162\/252
|move|p1a: Horsea|Blizzard|p2a: Dodrio
|-supereffective|p2a: Dodrio
|-damage|p2a: Dodrio|61\/276
|
|turn|2
|
|move|p2a: Dodrio|Hyper Beam|p1a: Horsea
|-damage|p1a: Horsea|0 fnt
|faint|p1a: Horsea
|
|switch|p1a: Golem|Golem, L79|288\/288
|turn|3
|
|switch|p2a: Machamp|Machamp, L90|345\/345
|move|p1a: Golem|Rock Slide|p2a: Machamp
|-resisted|p2a: Machamp
|-damage|p2a: Machamp|310\/345
|
|turn|4
|
|switch|p1a: Ditto|Ditto, L99|296\/296
|move|p2a: Machamp|Earthquake|p1a: Ditto
|-damage|p1a: Ditto|179\/296
|
|turn|5
|
|move|p1a: Ditto|Transform|p2a: Machamp
|-transform|p1a: Ditto|p2a: Machamp
|move|p2a: Machamp|Body Slam|p1a: Ditto
|-damage|p1a: Ditto|72\/296
|
|turn|6
|
|move|p1a: Ditto|Earthquake|p2a: Machamp
|-damage|p2a: Machamp|245\/345
|move|p2a: Machamp|Body Slam|p1a: Ditto
|-damage|p1a: Ditto|0 fnt
|faint|p1a: Ditto
|
|switch|p1a: Mr. Mime|Mr. Mime, L85|242\/242
|turn|7
|
|switch|p2a: Mew|Mew, L74|300\/300
|move|p1a: Mr. Mime|Psychic|p2a: Mew
|-crit|p2a: Mew
|-resisted|p2a: Mew
|-damage|p2a: Mew|196\/300
|
|turn|8
|
|switch|p1a: Vaporeon|Vaporeon, L85|395\/395
|move|p2a: Mew|Thunderbolt|p1a: Vaporeon
|-supereffective|p1a: Vaporeon
|-damage|p1a: Vaporeon|306\/395
|-status|p1a: Vaporeon|par
|
|turn|9
|
|move|p2a: Mew|Thunderbolt|p1a: Vaporeon
|-supereffective|p1a: Vaporeon
|-damage|p1a: Vaporeon|208\/395 par
|move|p1a: Vaporeon|Surf|p2a: Mew
|-damage|p2a: Mew|82\/300
|
|turn|10
|
|move|p2a: Mew|Explosion|p1a: Vaporeon
|-damage|p1a: Vaporeon|0 fnt
|faint|p1a: Vaporeon
|faint|p2a: Mew
|
|switch|p1a: Mr. Mime|Mr. Mime, L85|242\/242
|switch|p2a: Gloom|Gloom, L90|291\/291
|turn|11
|
|move|p1a: Mr. Mime|Psychic|p2a: Gloom
|-supereffective|p2a: Gloom
|-damage|p2a: Gloom|88\/291
|move|p2a: Gloom|Sleep Powder|p1a: Mr. Mime
|-status|p1a: Mr. Mime|slp
|
|turn|12
|
|switch|p1a: Jynx|Jynx, L79|265\/265
|move|p2a: Gloom|Double-Edge|p1a: Jynx
|-damage|p1a: Jynx|156\/265
|-damage|p2a: Gloom|61\/291|[from] recoil|[of] p1a: Jynx
|
|turn|13
|
|move|p1a: Jynx|Psychic|p2a: Gloom
|-supereffective|p2a: Gloom
|-damage|p2a: Gloom|0 fnt
|faint|p2a: Gloom
|
|switch|p2a: Magmar|Magmar, L90|300\/300
|turn|14
|
|switch|p1a: Golem|Golem, L79|288\/288
|move|p2a: Magmar|Confuse Ray|p1a: Golem
|-start|p1a: Golem|confusion
|
|turn|15
|
|switch|p2a: Machamp|Machamp, L90|245\/345
|-activate|p1a: Golem|confusion
|-damage|p1a: Golem|263\/288|[from] confusion
|
|turn|16
|
|switch|p1a: Mr. Mime|Mr. Mime, L85|242\/242 slp
|move|p2a: Machamp|Earthquake|p1a: Mr. Mime
|-damage|p1a: Mr. Mime|130\/242 slp
|
|turn|17
|
|cant|p1a: Mr. Mime|slp
|move|p2a: Machamp|Earthquake|p1a: Mr. Mime
|-damage|p1a: Mr. Mime|15\/242 slp
|
|turn|18
|
|cant|p1a: Mr. Mime|slp
|move|p2a: Machamp|Body Slam|p1a: Mr. Mime
|-damage|p1a: Mr. Mime|0 fnt
|faint|p1a: Mr. Mime
|
|switch|p1a: Jynx|Jynx, L79|156\/265
|turn|19
|
|switch|p2a: Dodrio|Dodrio, L85|61\/276
|move|p1a: Jynx|Psychic|p2a: Dodrio
|-damage|p2a: Dodrio|0 fnt
|faint|p2a: Dodrio
|
|switch|p2a: Magmar|Magmar, L90|300\/300
|turn|20
|
|switch|p1a: Golem|Golem, L79|263\/288
|move|p2a: Magmar|Confuse Ray|p1a: Golem
|-start|p1a: Golem|confusion
|
|turn|21
|
|switch|p2a: Machamp|Machamp, L90|245\/345
|-activate|p1a: Golem|confusion
|move|p1a: Golem|Earthquake|p2a: Machamp
|-crit|p2a: Machamp
|-damage|p2a: Machamp|48\/345
|
|turn|22
|
|switch|p1a: Jynx|Jynx, L79|156\/265
|move|p2a: Machamp|Earthquake|p1a: Jynx
|-damage|p1a: Jynx|0 fnt
|faint|p1a: Jynx
|
|switch|p1a: Golem|Golem, L79|263\/288
|turn|23
|
|move|p2a: Machamp|Earthquake|p1a: Golem
|-supereffective|p1a: Golem
|-damage|p1a: Golem|94\/288
|move|p1a: Golem|Earthquake|p2a: Machamp
|-damage|p2a: Machamp|0 fnt
|faint|p2a: Machamp
|
|switch|p2a: Gyarados|Gyarados, L85|335\/335
|turn|24
|
|move|p2a: Gyarados|Surf|p1a: Golem
|-supereffective|p1a: Golem
|-damage|p1a: Golem|0 fnt
|faint|p1a: Golem
|
|win|eldougi
|raw|Ladder updating...
|raw|MALESANI's rating: 1260 &rarr; <strong>1242<\/strong><br \/>(-18 for losing)
|raw|eldougi's rating: 1355 &rarr; <strong>1370<\/strong><br \/>(+15 for winning)