|j|zewing
|j|WSOP
|player|p1|zewing|241
|player|p2|WSOP|227
|gametype|singles
|gen|1
|tier|[Gen 1] Random Battle
|rated
|seed|
|rule|Sleep Clause Mod: Limit one foe put to sleep
|rule|Freeze Clause Mod: Limit one foe frozen
|rule|HP Percentage Mod: HP is shown in percentages
|
|start
|switch|p1a: Hitmonlee|Hitmonlee, L90|100\/100
|switch|p2a: Dragonair|Dragonair, L85|100\/100
|turn|1
|choice||
|
|switch|p1a: Chansey|Chansey, L79|100\/100
|move|p2a: Dragonair|Thunder|p1a: Chansey
|-damage|p1a: Chansey|88\/100
|
|turn|2
|choice||
|
|switch|p2a: Weepinbell|Weepinbell, L85|100\/100
|move|p1a: Chansey|Ice Beam|p2a: Weepinbell
|-supereffective|p2a: Weepinbell
|-damage|p2a: Weepinbell|59\/100
|
|turn|3
|choice||
|
|switch|p1a: Dratini|Dratini, L96|100\/100
|move|p2a: Weepinbell|Toxic|p1a: Dratini|[miss]
|-miss|p2a: Weepinbell
|
|turn|4
|choice||
|
|switch|p2a: Chansey|Chansey, L79|100\/100
|move|p1a: Dratini|Blizzard|p2a: Chansey
|-damage|p2a: Chansey|88\/100
|
|turn|5
|choice||
|
|switch|p1a: Hitmonlee|Hitmonlee, L90|100\/100
|move|p2a: Chansey|Thunder Wave|p1a: Hitmonlee
|-status|p1a: Hitmonlee|par
|
|turn|6
|choice||
|
|switch|p2a: Weepinbell|Weepinbell, L85|59\/100
|cant|p1a: Hitmonlee|par
|
|turn|7
|choice||
|
|switch|p1a: Primeape|Primeape, L90|100\/100
|move|p2a: Weepinbell|Swords Dance|p2a: Weepinbell
|-boost|p2a: Weepinbell|atk|2
|
|turn|8
|choice||
|
|move|p1a: Primeape|Rock Slide|p2a: Weepinbell
|-damage|p2a: Weepinbell|25\/100
|move|p2a: Weepinbell|Body Slam|p1a: Primeape
|-crit|p1a: Primeape
|-damage|p1a: Primeape|57\/100
|
|turn|9
|choice||
|
|move|p1a: Primeape|Body Slam|p2a: Weepinbell
|-damage|p2a: Weepinbell|0 fnt
|faint|p2a: Weepinbell
|choice||
|
|switch|p2a: Mewtwo|Mewtwo, L70|100\/100
|turn|10
|choice||
|
|switch|p1a: Chansey|Chansey, L79|88\/100
|move|p2a: Mewtwo|Psychic|p1a: Chansey
|-damage|p1a: Chansey|71\/100
|
|turn|11
|choice||
|
|switch|p2a: Magneton|Magneton, L90|100\/100
|move|p1a: Chansey|Thunder Wave|p2a: Magneton
|-status|p2a: Magneton|par
|
|turn|12
|choice||
|
|switch|p1a: Onix|Onix, L90|100\/100
|move|p2a: Magneton|Thunder Wave|p1a: Onix
|-immune|p1a: Onix|[msg]
|
|turn|13
|choice||
|
|switch|p2a: Dragonair|Dragonair, L85|100\/100
|move|p1a: Onix|Earthquake|p2a: Dragonair
|-damage|p2a: Dragonair|69\/100
|
|turn|14
|choice||
|
|switch|p1a: Chansey|Chansey, L79|71\/100
|move|p2a: Dragonair|Surf|p1a: Chansey
|-damage|p1a: Chansey|62\/100
|
|turn|15
|choice||
|
|move|p2a: Dragonair|Hyper Beam|p1a: Chansey
|-damage|p1a: Chansey|13\/100
|move|p1a: Chansey|Ice Beam|p2a: Dragonair
|-crit|p2a: Dragonair
|-supereffective|p2a: Dragonair
|-damage|p2a: Dragonair|0 fnt
|faint|p2a: Dragonair
|choice||
|
|switch|p2a: Mewtwo|Mewtwo, L70|100\/100
|turn|16
|choice||
|
|switch|p1a: Dratini|Dratini, L96|100\/100
|move|p2a: Mewtwo|Psychic|p1a: Dratini
|-damage|p1a: Dratini|61\/100
|-unboost|p1a: Dratini|spd|1
|-unboost|p1a: Dratini|spa|1
|
|turn|17
|choice||
|
|move|p2a: Mewtwo|Psychic|p1a: Dratini
|-damage|p1a: Dratini|2\/100
|move|p1a: Dratini|Thunder Wave|p2a: Mewtwo
|-status|p2a: Mewtwo|par
|
|turn|18
|choice||
|
|move|p1a: Dratini|Hyper Beam|p2a: Mewtwo
|-damage|p2a: Mewtwo|56\/100 par
|move|p2a: Mewtwo|Psychic|p1a: Dratini
|-crit|p1a: Dratini
|-damage|p1a: Dratini|0 fnt
|faint|p1a: Dratini
|choice||
|
|switch|p1a: Chansey|Chansey, L79|13\/100
|turn|19
|choice||
|
|switch|p2a: Chansey|Chansey, L79|88\/100
|move|p1a: Chansey|Soft-Boiled|p1a: Chansey
|-heal|p1a: Chansey|63\/100
|
|turn|20
|choice||
|
|switch|p1a: Hitmonlee|Hitmonlee, L90|100\/100 par
|move|p2a: Chansey|Thunder Wave|p1a: Hitmonlee
|-fail|p1a: Hitmonlee|par
|
|turn|21
|choice||
|
|switch|p2a: Mewtwo|Mewtwo, L70|56\/100 par
|move|p1a: Hitmonlee|High Jump Kick|p2a: Mewtwo|[miss]
|-miss|p1a: Hitmonlee
|-damage|p1a: Hitmonlee|99\/100 par
|
|turn|22
|choice||
|
|switch|p1a: Chansey|Chansey, L79|63\/100
|move|p2a: Mewtwo|Psychic|p1a: Chansey
|-crit|p1a: Chansey
|-damage|p1a: Chansey|34\/100
|
|turn|23
|choice||
|
|switch|p2a: Chansey|Chansey, L79|88\/100
|move|p1a: Chansey|Soft-Boiled|p1a: Chansey
|-heal|p1a: Chansey|83\/100
|
|turn|24
|choice||
|
|move|p2a: Chansey|Thunderbolt|p1a: Chansey
|-damage|p1a: Chansey|72\/100
|move|p1a: Chansey|Ice Beam|p2a: Chansey
|-damage|p2a: Chansey|78\/100
|
|turn|25
|choice||
|
|move|p2a: Chansey|Thunder Wave|p1a: Chansey
|-status|p1a: Chansey|par
|move|p1a: Chansey|Ice Beam|p2a: Chansey
|-damage|p2a: Chansey|67\/100
|
|turn|26
|choice||
|
|move|p2a: Chansey|Thunderbolt|p1a: Chansey
|-damage|p1a: Chansey|62\/100 par
|move|p1a: Chansey|Ice Beam|p2a: Chansey
|-crit|p2a: Chansey
|-damage|p2a: Chansey|46\/100
|
|turn|27
|choice||
|
|move|p2a: Chansey|Soft-Boiled|p2a: Chansey
|-heal|p2a: Chansey|96\/100
|move|p1a: Chansey|Ice Beam|p2a: Chansey
|-damage|p2a: Chansey|85\/100
|
|turn|28
|choice||
|
|switch|p2a: Growlithe|Growlithe, L96|100\/100
|move|p1a: Chansey|Ice Beam|p2a: Growlithe
|-damage|p2a: Growlithe|77\/100
|
|turn|29
|choice||
|
|move|p2a: Growlithe|Body Slam|p1a: Chansey
|-crit|p1a: Chansey
|-damage|p1a: Chansey|6\/100 par
|cant|p1a: Chansey|par
|
|turn|30
|choice||
|
|switch|p1a: Hitmonlee|Hitmonlee, L90|99\/100 par
|move|p2a: Growlithe|Body Slam|p1a: Hitmonlee
|-damage|p1a: Hitmonlee|73\/100 par
|
|turn|31
|choice||
|
|move|p2a: Growlithe|Reflect|p2a: Growlithe
|-start|p2a: Growlithe|Reflect
|move|p1a: Hitmonlee|High Jump Kick|p2a: Growlithe
|-damage|p2a: Growlithe|49\/100
|
|turn|32
|choice||
|
|move|p2a: Growlithe|Fire Blast|p1a: Hitmonlee
|-damage|p1a: Hitmonlee|7\/100 par
|move|p1a: Hitmonlee|Counter|p2a: Growlithe
|-fail|p1a: Hitmonlee
|
|turn|33
|choice||
|
|move|p2a: Growlithe|Body Slam|p1a: Hitmonlee
|-damage|p1a: Hitmonlee|0 fnt
|faint|p1a: Hitmonlee
|choice||
|
|switch|p1a: Alakazam|Alakazam, L79|100\/100
|turn|34
|choice||
|
|move|p1a: Alakazam|Psychic|p2a: Growlithe
|-damage|p2a: Growlithe|9\/100
|-unboost|p2a: Growlithe|spd|1
|-unboost|p2a: Growlithe|spa|1
|move|p2a: Growlithe|Body Slam|p1a: Alakazam
|-damage|p1a: Alakazam|60\/100
|-status|p1a: Alakazam|par
|
|turn|35
|choice||
|
|switch|p1a: Chansey|Chansey, L79|6\/100 par
|move|p2a: Growlithe|Body Slam|p1a: Chansey
|-damage|p1a: Chansey|0 fnt
|faint|p1a: Chansey
|choice||
|
|switch|p1a: Primeape|Primeape, L90|57\/100
|turn|36
|choice||
|
|move|p1a: Primeape|Body Slam|p2a: Growlithe
|-damage|p2a: Growlithe|0 fnt
|faint|p2a: Growlithe
|choice||
|
|switch|p2a: Mewtwo|Mewtwo, L70|56\/100 par
|turn|37
|choice||
|
|move|p1a: Primeape|Hyper Beam|p2a: Mewtwo
|-damage|p2a: Mewtwo|3\/100 par
|cant|p2a: Mewtwo|par
|
|turn|38
|-mustrecharge|p1a: Primeape
|-mustrecharge|p1a: Primeape
|choice||
|
|cant|p1a: Primeape|recharge
|move|p2a: Mewtwo|Psychic|p1a: Primeape
|-supereffective|p1a: Primeape
|-damage|p1a: Primeape|0 fnt
|faint|p1a: Primeape
|choice||
|
|switch|p1a: Onix|Onix, L90|100\/100
|turn|39
|choice||
|
|move|p1a: Onix|Earthquake|p2a: Mewtwo
|-damage|p2a: Mewtwo|0 fnt
|faint|p2a: Mewtwo
|choice||
|
|switch|p2a: Chansey|Chansey, L79|85\/100
|turn|40
|choice||
|
|switch|p1a: Alakazam|Alakazam, L79|60\/100 par
|move|p2a: Chansey|Counter|p1a: Alakazam
|-fail|p2a: Chansey
|
|turn|41
|choice||
|
|move|p2a: Chansey|Thunderbolt|p1a: Alakazam
|-damage|p1a: Alakazam|39\/100 par
|cant|p1a: Alakazam|par
|
|turn|42
|choice||
|
|switch|p2a: Magneton|Magneton, L90|100\/100 par
|move|p1a: Alakazam|Recover|p1a: Alakazam
|-heal|p1a: Alakazam|88\/100 par
|
|turn|43
|choice||
|
|switch|p1a: Onix|Onix, L90|100\/100
|cant|p2a: Magneton|par
|
|turn|44
|choice||
|
|move|p1a: Onix|Earthquake|p2a: Magneton
|-supereffective|p2a: Magneton
|-damage|p2a: Magneton|50\/100 par
|cant|p2a: Magneton|par
|
|turn|45
|c|★WSOP|-.-
|choice||
|
|move|p1a: Onix|Earthquake|p2a: Magneton
|-supereffective|p2a: Magneton
|-damage|p2a: Magneton|0 fnt
|faint|p2a: Magneton
|c|★zewing|this is fucking intesne
|choice||
|
|switch|p2a: Chansey|Chansey, L79|85\/100
|turn|46
|c|★WSOP|tried to mimic fpr a eq
|c|★zewing|i never had a match like this before my heart man lol
|c|★WSOP|calm down
|c|★WSOP|dont die
|choice||
|
|move|p1a: Onix|Earthquake|p2a: Chansey
|-damage|p2a: Chansey|46\/100
|move|p2a: Chansey|Counter|p1a: Onix
|-fail|p2a: Chansey
|
|turn|47
|c|★zewing|lol
|c|★WSOP|i cant win
|c|★WSOP|gg
|c|★zewing|if i get a gen 1 miss imma kill myself
|choice||
|
|move|p1a: Onix|Explosion|p2a: Chansey
|-damage|p2a: Chansey|0 fnt
|faint|p2a: Chansey
|faint|p1a: Onix
|
|win|zewing
|player|p1
|player|p2
|raw|zewing's rating: 1303 &rarr; <strong>1316<\/strong><br \/>(+13 for winning)
|raw|WSOP's rating: 1177 &rarr; <strong>1161<\/strong><br \/>(-16 for losing)
|c|★zewing|holy tits
|c|★zewing|great match
|c|★WSOP|you coulda just eqd me to death
|c|★WSOP|yeah gg
|c|★zewing|yeah i don't think tha tmuch lol