|j|duckdoe
|j|Feena
|player|p1|duckdoe|169
|player|p2|Feena|263
|gametype|singles
|gen|1
|tier|[Gen 1] OU
|rated
|seed|63776,61147,51363,2496
|rule|Sleep Clause Mod: Limit one foe put to sleep
|rule|Freeze Clause Mod: Limit one foe frozen
|rule|Species Clause: Limit one of each Pokémon
|rule|OHKO Clause: OHKO moves are banned
|rule|Evasion Moves Clause: Evasion moves are banned
|rule|HP Percentage Mod: HP is shown in percentages
|
|start
|switch|p1a: Tauros|Tauros|353\/353
|switch|p2a: Alakazam|Alakazam|313\/313
|turn|1
|j|CAPTAINCAPSLOCK
|choice|move 1|move 1
|
|move|p2a: Alakazam|Psychic|p1a: Tauros
|-damage|p1a: Tauros|193\/353
|move|p1a: Tauros|Body Slam|p2a: Alakazam
|-damage|p2a: Alakazam|151\/313
|
|turn|2
|choice|move 1|move 1
|
|move|p2a: Alakazam|Psychic|p1a: Tauros
|-damage|p1a: Tauros|18\/353
|-unboost|p1a: Tauros|spd|1
|-unboost|p1a: Tauros|spa|1
|move|p1a: Tauros|Body Slam|p2a: Alakazam
|-crit|p2a: Alakazam
|-damage|p2a: Alakazam|0 fnt
|faint|p2a: Alakazam
|choice||switch 4
|
|switch|p2a: Lapras|Lapras|463\/463
|turn|3
|l|CAPTAINCAPSLOCK
|choice|switch 5|move 2
|
|switch|p1a: Chansey|Chansey|703\/703
|move|p2a: Lapras|Body Slam|p1a: Chansey
|-damage|p1a: Chansey|572\/703
|
|turn|4
|choice|move 3|move 4
|
|move|p2a: Lapras|Sing|p1a: Chansey
|-status|p1a: Chansey|slp
|cant|p1a: Chansey|slp
|
|turn|5
|choice|switch 6|move 1
|
|switch|p1a: Snorlax|Snorlax|523\/523
|move|p2a: Lapras|Blizzard|p1a: Snorlax
|-damage|p1a: Snorlax|337\/523
|-status|p1a: Snorlax|frz
|
|turn|6
|c|★Feena|Dat hax u.u
|c|★duckdoe|lol
|choice|switch 4|move 3
|
|switch|p1a: Starmie|Starmie|323\/323
|move|p2a: Lapras|Confuse Ray|p1a: Starmie
|-start|p1a: Starmie|confusion
|
|turn|7
|choice|move 4|switch 3
|
|switch|p2a: Chansey|Chansey|703\/703
|-activate|p1a: Starmie|confusion
|move|p1a: Starmie|Thunder Wave|p2a: Chansey
|-status|p2a: Chansey|par
|
|turn|8
|choice|switch 3|move 2
|
|switch|p1a: Exeggutor|Exeggutor|393\/393
|move|p2a: Chansey|Thunderbolt|p1a: Exeggutor
|-resisted|p1a: Exeggutor
|-damage|p1a: Exeggutor|359\/393
|-status|p1a: Exeggutor|par
|
|turn|9
|choice|move 2|move 1
|
|move|p1a: Exeggutor|Psychic|p2a: Chansey
|-damage|p2a: Chansey|575\/703 par
|-unboost|p2a: Chansey|spd|1
|-unboost|p2a: Chansey|spa|1
|move|p2a: Chansey|Ice Beam|p1a: Exeggutor
|-supereffective|p1a: Exeggutor
|-damage|p1a: Exeggutor|279\/393 par
|
|turn|10
|choice|move 2|switch 3
|
|switch|p2a: Lapras|Lapras|463\/463
|move|p1a: Exeggutor|Psychic|p2a: Lapras
|-damage|p2a: Lapras|334\/463
|
|turn|11
|choice|switch 3|move 1
|
|switch|p1a: Starmie|Starmie|323\/323
|move|p2a: Lapras|Blizzard|p1a: Starmie
|-resisted|p1a: Starmie
|-damage|p1a: Starmie|249\/323
|
|turn|12
|choice|switch 5|switch 3
|
|switch|p1a: Tauros|Tauros|18\/353
|switch|p2a: Chansey|Chansey|575\/703 par
|
|turn|13
|choice|move 2|move 2
|
|move|p1a: Tauros|Hyper Beam|p2a: Chansey
|-damage|p2a: Chansey|82\/703 par
|cant|p2a: Chansey|par
|
|turn|14
|-mustrecharge|p1a: Tauros
|-mustrecharge|p1a: Tauros
|choice|move 1|move 2
|
|cant|p1a: Tauros|recharge
|move|p2a: Chansey|Thunderbolt|p1a: Tauros
|-damage|p1a: Tauros|0 fnt
|faint|p1a: Tauros
|choice|switch 5|
|
|switch|p1a: Starmie|Starmie|249\/323
|turn|15
|choice|move 1|move 4
|
|move|p1a: Starmie|Blizzard|p2a: Chansey
|-crit|p2a: Chansey
|-damage|p2a: Chansey|0 fnt
|faint|p2a: Chansey
|choice||switch 5
|
|switch|p2a: Snorlax|Snorlax|523\/523
|turn|16
|choice|move 1|move 3
|
|move|p1a: Starmie|Blizzard|p2a: Snorlax
|-damage|p2a: Snorlax|409\/523
|move|p2a: Snorlax|Amnesia|p2a: Snorlax
|-boost|p2a: Snorlax|spd|2
|-boost|p2a: Snorlax|spa|2
|
|turn|17
|choice|switch 2|move 3
|
|switch|p1a: Golem|Golem|363\/363
|move|p2a: Snorlax|Amnesia|p2a: Snorlax
|-boost|p2a: Snorlax|spd|2
|-boost|p2a: Snorlax|spa|2
|
|turn|18
|choice|move 2|move 2
|
|move|p1a: Golem|Earthquake|p2a: Snorlax
|-damage|p2a: Snorlax|237\/523
|move|p2a: Snorlax|Blizzard|p1a: Golem
|-supereffective|p1a: Golem
|-damage|p1a: Golem|0 fnt
|faint|p1a: Golem
|choice|switch 6|
|
|switch|p1a: Chansey|Chansey|572\/703 slp
|turn|19
|choice|move 2|move 1
|
|cant|p1a: Chansey|slp
|move|p2a: Snorlax|Body Slam|p1a: Chansey
|-damage|p1a: Chansey|349\/703 slp
|
|turn|20
|choice|move 2|move 1
|
|cant|p1a: Chansey|slp
|move|p2a: Snorlax|Body Slam|p1a: Chansey
|-damage|p1a: Chansey|106\/703 slp
|
|turn|21
|choice|move 2|move 1
|
|-curestatus|p1a: Chansey|slp
|move|p2a: Snorlax|Body Slam|p1a: Chansey
|-damage|p1a: Chansey|0 fnt
|faint|p1a: Chansey
|choice|switch 2|
|
|switch|p1a: Starmie|Starmie|249\/323
|turn|22
|choice|move 1|move 1
|
|move|p1a: Starmie|Blizzard|p2a: Snorlax
|-damage|p2a: Snorlax|197\/523
|move|p2a: Snorlax|Body Slam|p1a: Starmie
|-damage|p1a: Starmie|157\/323
|-status|p1a: Starmie|par
|
|turn|23
|choice|move 3|move 1
|
|move|p2a: Snorlax|Body Slam|p1a: Starmie
|-damage|p1a: Starmie|51\/323 par
|move|p1a: Starmie|Recover|p1a: Starmie
|-heal|p1a: Starmie|212\/323 par
|
|turn|24
|choice|move 3|move 1
|
|move|p2a: Snorlax|Body Slam|p1a: Starmie
|-damage|p1a: Starmie|116\/323 par
|move|p1a: Starmie|Recover|p1a: Starmie
|-heal|p1a: Starmie|277\/323 par
|
|turn|25
|choice|move 4|move 2
|
|move|p2a: Snorlax|Blizzard|p1a: Starmie
|-resisted|p1a: Starmie
|-damage|p1a: Starmie|172\/323 par
|move|p1a: Starmie|Thunder Wave|p2a: Snorlax
|-status|p2a: Snorlax|par
|
|turn|26
|choice|move 3|move 1
|
|move|p1a: Starmie|Recover|p1a: Starmie
|-heal|p1a: Starmie|323\/323 par
|move|p2a: Snorlax|Body Slam|p1a: Starmie
|-damage|p1a: Starmie|233\/323 par
|
|turn|27
|choice|move 1|move 3
|
|move|p1a: Starmie|Blizzard|p2a: Snorlax|[miss]
|-miss|p1a: Starmie
|move|p2a: Snorlax|Amnesia|p2a: Snorlax
|-boost|p2a: Snorlax|spd|2
|-boost|p2a: Snorlax|spa|2
|
|turn|28
|choice|move 1|move 1
|
|move|p2a: Snorlax|Body Slam|p1a: Starmie
|-damage|p1a: Starmie|142\/323 par
|move|p1a: Starmie|Blizzard|p2a: Snorlax
|-damage|p2a: Snorlax|168\/523 par
|
|turn|29
|choice|move 1|move 1
|
|move|p2a: Snorlax|Body Slam|p1a: Starmie
|-crit|p1a: Starmie
|-damage|p1a: Starmie|0 fnt
|faint|p1a: Starmie
|choice|switch 3|
|
|switch|p1a: Exeggutor|Exeggutor|279\/393 par
|turn|30
|choice|move 3|move 2
|
|move|p1a: Exeggutor|Explosion|p2a: Snorlax
|-damage|p2a: Snorlax|0 fnt
|faint|p2a: Snorlax
|faint|p1a: Exeggutor
|c|★Feena|Gg
|choice|switch 4|switch 6
|
|switch|p2a: Tauros|Tauros|353\/353
|switch|p1a: Snorlax|Snorlax|337\/523 frz
|turn|31
|c|★duckdoe|gg
|choice|move 2|move 1
|
|move|p2a: Tauros|Body Slam|p1a: Snorlax
|-damage|p1a: Snorlax|215\/523 frz
|cant|p1a: Snorlax|frz
|
|turn|32
|choice|move 2|move 1
|
|move|p2a: Tauros|Body Slam|p1a: Snorlax
|-damage|p1a: Snorlax|87\/523 frz
|cant|p1a: Snorlax|frz
|
|turn|33
|choice|move 2|move 2
|
|move|p2a: Tauros|Earthquake|p1a: Snorlax
|-damage|p1a: Snorlax|0 fnt
|faint|p1a: Snorlax
|
|win|Feena
|player|p1
|player|p2
|raw|duckdoe's rating: 1040 &rarr; <strong>1034<\/strong><br \/>(-6 for losing)
|raw|Feena's rating: 1285 &rarr; <strong>1295<\/strong><br \/>(+10 for winning)