|j|Lusch
|j|Earthworm
|player|p1|Lusch|153
|player|p2|Earthworm|2
|gametype|singles
|gen|1
|tier|[Gen 1] OU
|seed|
|rule|Sleep Clause Mod: Limit one foe put to sleep
|rule|Freeze Clause Mod: Limit one foe frozen
|rule|Species Clause: Limit one of each Pokémon
|rule|OHKO Clause: OHKO moves are banned
|rule|Evasion Moves Clause: Evasion moves are banned
|rule|HP Percentage Mod: HP is shown in percentages
|
|start
|switch|p1a: Alakazam|Alakazam|100\/100
|switch|p2a: Alakazam|Alakazam|100\/100
|turn|1
|c|★Lusch|hf
|choice||
|
|move|p1a: Alakazam|Thunder Wave|p2a: Alakazam
|-status|p2a: Alakazam|par
|move|p2a: Alakazam|Thunder Wave|p1a: Alakazam
|-status|p1a: Alakazam|par
|
|turn|2
|j|marcoasd
|choice||
|
|move|p1a: Alakazam|Seismic Toss|p2a: Alakazam
|-damage|p2a: Alakazam|69\/100 par
|move|p2a: Alakazam|Seismic Toss|p1a: Alakazam
|-damage|p1a: Alakazam|69\/100 par
|
|turn|3
|j|Peasounay
|choice||
|
|switch|p2a: Snorlax|Snorlax|100\/100
|cant|p1a: Alakazam|par
|
|turn|4
|j|Diegolh
|choice||
|
|switch|p1a: Exeggutor|Exeggutor|100\/100
|move|p2a: Snorlax|Body Slam|p1a: Exeggutor
|-damage|p1a: Exeggutor|71\/100
|
|turn|5
|choice||
|
|switch|p2a: Alakazam|Alakazam|69\/100 par
|move|p1a: Exeggutor|Psychic|p2a: Alakazam
|-resisted|p2a: Alakazam
|-damage|p2a: Alakazam|53\/100 par
|
|turn|6
|choice||
|
|switch|p2a: Exeggutor|Exeggutor|100\/100
|move|p1a: Exeggutor|Hyper Beam|p2a: Exeggutor
|-crit|p2a: Exeggutor
|-damage|p2a: Exeggutor|40\/100
|
|turn|7
|-mustrecharge|p1a: Exeggutor
|-mustrecharge|p1a: Exeggutor
|choice||
|
|cant|p1a: Exeggutor|recharge
|move|p2a: Exeggutor|Sleep Powder|p1a: Exeggutor
|-status|p1a: Exeggutor|slp
|
|turn|8
|choice||
|
|switch|p1a: Alakazam|Alakazam|69\/100 par
|switch|p2a: Snorlax|Snorlax|100\/100
|
|turn|9
|choice||
|
|switch|p1a: Snorlax|Snorlax|100\/100
|move|p2a: Snorlax|Body Slam|p1a: Snorlax
|-damage|p1a: Snorlax|73\/100
|
|turn|10
|choice||
|
|move|p2a: Snorlax|Body Slam|p1a: Snorlax
|-damage|p1a: Snorlax|47\/100
|move|p1a: Snorlax|Reflect|p1a: Snorlax
|-start|p1a: Snorlax|Reflect
|
|turn|11
|choice||
|
|switch|p2a: Lapras|Lapras|100\/100
|move|p1a: Snorlax|Body Slam|p2a: Lapras
|-damage|p2a: Lapras|72\/100
|
|turn|12
|choice||
|
|switch|p1a: Starmie|Starmie|100\/100
|move|p2a: Lapras|Blizzard|p1a: Starmie
|-resisted|p1a: Starmie
|-damage|p1a: Starmie|80\/100
|
|turn|13
|choice||
|
|switch|p2a: Alakazam|Alakazam|53\/100 par
|move|p1a: Starmie|Blizzard|p2a: Alakazam|[miss]
|-miss|p1a: Starmie
|
|turn|14
|choice||
|
|switch|p1a: Rhydon|Rhydon|100\/100
|cant|p2a: Alakazam|par
|
|turn|15
|choice||
|
|switch|p2a: Exeggutor|Exeggutor|40\/100
|move|p1a: Rhydon|Body Slam|p2a: Exeggutor
|-damage|p2a: Exeggutor|18\/100
|
|turn|16
|choice||
|
|move|p2a: Exeggutor|Explosion|p1a: Rhydon
|-resisted|p1a: Rhydon
|-damage|p1a: Rhydon|74\/100
|faint|p2a: Exeggutor
|choice||
|
|switch|p2a: Lapras|Lapras|72\/100
|turn|17
|c| marcoasd|it took the charging foul
|choice||
|
|switch|p1a: Starmie|Starmie|80\/100
|move|p2a: Lapras|Thunderbolt|p1a: Starmie
|-supereffective|p1a: Starmie
|-damage|p1a: Starmie|33\/100
|
|turn|18
|choice||
|
|move|p1a: Starmie|Recover|p1a: Starmie
|-heal|p1a: Starmie|83\/100
|move|p2a: Lapras|Thunderbolt|p1a: Starmie
|-supereffective|p1a: Starmie
|-damage|p1a: Starmie|36\/100
|
|turn|19
|choice||
|
|move|p1a: Starmie|Recover|p1a: Starmie
|-heal|p1a: Starmie|86\/100
|move|p2a: Lapras|Thunderbolt|p1a: Starmie
|-supereffective|p1a: Starmie
|-damage|p1a: Starmie|43\/100
|
|turn|20
|choice||
|
|move|p1a: Starmie|Recover|p1a: Starmie
|-heal|p1a: Starmie|93\/100
|move|p2a: Lapras|Thunderbolt|p1a: Starmie
|-crit|p1a: Starmie
|-supereffective|p1a: Starmie
|-damage|p1a: Starmie|9\/100
|
|turn|21
|choice||
|
|move|p1a: Starmie|Recover|p1a: Starmie
|-heal|p1a: Starmie|59\/100
|move|p2a: Lapras|Thunderbolt|p1a: Starmie
|-supereffective|p1a: Starmie
|-damage|p1a: Starmie|10\/100
|
|turn|22
|j|Alexander
|choice||
|
|move|p1a: Starmie|Recover|p1a: Starmie
|-heal|p1a: Starmie|60\/100
|move|p2a: Lapras|Thunderbolt|p1a: Starmie
|-supereffective|p1a: Starmie
|-damage|p1a: Starmie|16\/100
|
|turn|23
|choice||
|
|switch|p1a: Alakazam|Alakazam|69\/100 par
|move|p2a: Lapras|Thunderbolt|p1a: Alakazam
|-damage|p1a: Alakazam|51\/100 par
|
|turn|24
|choice||
|
|move|p2a: Lapras|Blizzard|p1a: Alakazam
|-damage|p1a: Alakazam|13\/100 par
|move|p1a: Alakazam|Thunder Wave|p2a: Lapras
|-status|p2a: Lapras|par
|
|turn|25
|j|Not Figa Therapy
|l|Not Figa Therapy
|choice||
|
|switch|p2a: Snorlax|Snorlax|100\/100
|move|p1a: Alakazam|Psychic|p2a: Snorlax
|-crit|p2a: Snorlax
|-damage|p2a: Snorlax|35\/100
|
|turn|26
|choice||
|
|move|p2a: Snorlax|Earthquake|p1a: Alakazam
|-damage|p1a: Alakazam|0 fnt
|faint|p1a: Alakazam
|choice||
|
|switch|p1a: Rhydon|Rhydon|74\/100
|turn|27
|choice||
|
|move|p1a: Rhydon|Earthquake|p2a: Snorlax
|-damage|p2a: Snorlax|1\/100
|move|p2a: Snorlax|Self-Destruct|p1a: Rhydon
|-resisted|p1a: Rhydon
|-damage|p1a: Rhydon|39\/100
|faint|p2a: Snorlax
|choice||
|
|switch|p2a: Tauros|Tauros|100\/100
|turn|28
|choice||
|
|switch|p1a: Exeggutor|Exeggutor|71\/100 slp
|move|p2a: Tauros|Blizzard|p1a: Exeggutor|[miss]
|-miss|p2a: Tauros
|
|turn|29
|j|Bomber
|choice||
|
|move|p2a: Tauros|Body Slam|p1a: Exeggutor
|-crit|p1a: Exeggutor
|-damage|p1a: Exeggutor|12\/100 slp
|cant|p1a: Exeggutor|slp
|
|turn|30
|choice||
|
|move|p2a: Tauros|Body Slam|p1a: Exeggutor
|-damage|p1a: Exeggutor|0 fnt
|faint|p1a: Exeggutor
|choice||
|
|switch|p1a: Starmie|Starmie|16\/100
|turn|31
|choice||
|
|move|p1a: Starmie|Thunder Wave|p2a: Tauros
|-status|p2a: Tauros|par
|move|p2a: Tauros|Body Slam|p1a: Starmie
|-crit|p1a: Starmie
|-damage|p1a: Starmie|0 fnt
|faint|p1a: Starmie
|choice||
|
|switch|p1a: Snorlax|Snorlax|47\/100
|turn|32
|j|Biancaneve
|choice||
|
|switch|p2a: Alakazam|Alakazam|53\/100 par
|move|p1a: Snorlax|Reflect|p1a: Snorlax
|-start|p1a: Snorlax|Reflect
|
|turn|33
|j|Coffe
|choice||
|
|move|p1a: Snorlax|Body Slam|p2a: Alakazam
|-damage|p2a: Alakazam|0 fnt
|faint|p2a: Alakazam
|choice||
|
|switch|p2a: Lapras|Lapras|72\/100 par
|turn|34
|choice||
|
|move|p1a: Snorlax|Body Slam|p2a: Lapras
|-damage|p2a: Lapras|46\/100 par
|cant|p2a: Lapras|par
|
|turn|35
|j|cybre
|choice||
|
|move|p1a: Snorlax|Body Slam|p2a: Lapras
|-damage|p2a: Lapras|19\/100 par
|move|p2a: Lapras|Blizzard|p1a: Snorlax
|-damage|p1a: Snorlax|11\/100
|
|turn|36
|j|smilzo
|choice||
|
|move|p1a: Snorlax|Rest|p1a: Snorlax
|-status|p1a: Snorlax|slp
|-heal|p1a: Snorlax|100\/100 slp|[silent]
|-status|p1a: Snorlax|slp|[from] move: Rest
|move|p2a: Lapras|Blizzard|p1a: Snorlax
|-damage|p1a: Snorlax|68\/100 slp
|
|turn|37
|choice||
|
|cant|p1a: Snorlax|slp
|move|p2a: Lapras|Blizzard|p1a: Snorlax
|-damage|p1a: Snorlax|35\/100 slp
|
|turn|38
|choice||
|
|-curestatus|p1a: Snorlax|slp
|move|p2a: Lapras|Sing|p1a: Snorlax
|-status|p1a: Snorlax|slp
|
|turn|39
|j|AncheIoLovvoAisha
|choice||
|
|cant|p1a: Snorlax|slp
|move|p2a: Lapras|Thunderbolt|p1a: Snorlax
|-crit|p1a: Snorlax
|-damage|p1a: Snorlax|0 fnt
|faint|p1a: Snorlax
|choice||
|
|switch|p1a: Tauros|Tauros|100\/100
|turn|40
|choice||
|
|move|p1a: Tauros|Body Slam|p2a: Lapras
|-crit|p2a: Lapras
|-damage|p2a: Lapras|0 fnt
|faint|p2a: Lapras
|c| Bomber|what game is this?
|c|★Lusch|5
|c| Bomber|wow
|c| Bomber|i miss last 4 :(
|c|★Lusch|intense shit i tell ya
|c| Bomber|replays pls
|c|★Lusch|-.- forgot to save
|c| Bomber|ouch
|c|★Lusch|yeah
|c|★Lusch|i meant to
|c| marcoasd|that's what you get for your sicilian never ending lunch you mangiaspaghetti
|c|★Lusch|i am mad for not thinking of it
|c| Bomber|ahahah
|c| smilzo|lol
|choice||
|
|switch|p2a: Jolteon|Jolteon|100\/100
|turn|41
|c| Bomber|non me ne pento
|j|Sunding
|c| Coffe|lol
|c| Bomber|marco dimmi che li hai salvati
|c| marcoasd|no read above
|choice||
|
|move|p2a: Jolteon|Thunderbolt|p1a: Tauros
|-damage|p1a: Tauros|59\/100
|-status|p1a: Tauros|par
|cant|p1a: Tauros|par
|
|turn|42
|c|★Lusch|oughhhh
|c| marcoasd|o fortuna velut luna
|c| Bomber|carmina burana incoming
|choice||
|
|switch|p1a: Rhydon|Rhydon|39\/100
|move|p2a: Jolteon|Double Kick|p1a: Rhydon
|-supereffective|p1a: Rhydon
|-damage|p1a: Rhydon|31\/100
|-damage|p1a: Rhydon|23\/100
|-hitcount|p1a: Rhydon|2
|
|turn|43
|c| marcoasd|it happened 3\/5 games
|choice||
|
|move|p2a: Jolteon|Double Kick|p1a: Rhydon
|-crit|p1a: Rhydon
|-supereffective|p1a: Rhydon
|-damage|p1a: Rhydon|8\/100
|-damage|p1a: Rhydon|0 fnt
|-hitcount|p1a: Rhydon|2
|faint|p1a: Rhydon
|c| Peasounay|s
|c|★Lusch|noooooooo
|c| Peasounay|dat endgame
|c| marcoasd|o fortuna to the max
|c| Peasounay|lusch crying under a table
|choice||
|
|switch|p1a: Tauros|Tauros|59\/100 par
|turn|44
|choice||
|
|move|p2a: Jolteon|Thunderbolt|p1a: Tauros
|-damage|p1a: Tauros|16\/100 par
|move|p1a: Tauros|Earthquake|p2a: Jolteon
|-supereffective|p2a: Jolteon
|-damage|p2a: Jolteon|39\/100
|
|turn|45
|c| Bomber|lusch you can this
|c|★Lusch|i could have it
|c| Bomber|ok
|l|Biancaneve
|c| Peasounay|no round 3 for you
|c| Diegolh|He still can miss thunderbolt .. ^^
|c|★Lusch|ugh
|c| smilzo|255 then win tie and crit high roll beam
|l|cybre
|c|★Lusch|ggs man
|choice||
|
|move|p2a: Jolteon|Thunderbolt|p1a: Tauros
|-damage|p1a: Tauros|0 fnt
|faint|p1a: Tauros
|
|win|Earthworm
|player|p1
|player|p2
|c| Peasounay|ggs both anyway nice series to watch
|c| marcoasd|y
|c|★Earthworm|ggs
|c| Diegolh|y ggs
|c|★Earthworm|wp
|c|★Lusch|wp