|join|jb champ
|join|Gandalf the God
|player|p1|jb champ|150
|player|p2|Gandalf the God|209
|gametype|singles
|gen|1
|tier|[Gen 1] Random Battle
|rated
|rule|Sleep Clause Mod: Limit one foe put to sleep
|rule|Freeze Clause Mod: Limit one foe frozen
|rule|HP Percentage Mod: HP is shown in percentages
|
|start
|switch|p1a: Caterpie|Caterpie, L99|290\/290
|switch|p2a: Pidgey|Pidgey, L95|269\/269
|turn|1
|
|switch|p1a: Magneton|Magneton, L86|261\/261
|move|p2a: Pidgey|Agility|p2a: Pidgey
|-boost|p2a: Pidgey|spe|2
|
|turn|2
|
|switch|p2a: Chansey|Chansey, L80|564\/564
|move|p1a: Magneton|Thunderbolt|p2a: Chansey
|-crit|p2a: Chansey
|-damage|p2a: Chansey|343\/564
|
|turn|3
|
|switch|p1a: Caterpie|Caterpie, L99|290\/290
|move|p2a: Chansey|Thunder Wave|p1a: Caterpie
|-status|p1a: Caterpie|par
|
|turn|4
|
|move|p2a: Chansey|Soft-Boiled|p2a: Chansey
|-heal|p2a: Chansey|564\/564
|move|p1a: Caterpie|String Shot|p2a: Chansey
|-unboost|p2a: Chansey|spe|1
|
|turn|5
|join|Tycoon Prozac
|
|move|p2a: Chansey|Thunderbolt|p1a: Caterpie
|-damage|p1a: Caterpie|172\/290 par
|cant|p1a: Caterpie|par
|
|turn|6
|c|★Gandalf the God|hello
|c|★jb champ|this is the second random battle in a row that i am getting screwed
|c| Tycoon Prozac|hi
|c|★jb champ|hey
|
|move|p2a: Chansey|Thunderbolt|p1a: Caterpie
|-crit|p1a: Caterpie
|-damage|p1a: Caterpie|0 fnt
|faint|p1a: Caterpie
|c|★Gandalf the God|lol really
|c|★jb champ|yeah
|c|★Gandalf the God|been winning all day
|c| Tycoon Prozac|rand gen 1 bats can make you go bonkers
|c|★Gandalf the God|body slams everywhere
|leave|Tycoon Prozac
|c|★jb champ|just now my opponent had haunter a sleeper poliwhirl and poliwrath with amnesia
|c|★Gandalf the God|XD
|c|★jb champ|and i had literally nothing to battle
|c|★jb champ|and now i get a team that cannot hurt chansey
|c|★Gandalf the God|i had an amesia golduck
|c|★jb champ|nut i will play it out
|c|★jb champ|but
|
|switch|p1a: Parasect|Parasect, L86|279\/279
|turn|7
|
|move|p1a: Parasect|Spore|p2a: Chansey
|-status|p2a: Chansey|slp
|cant|p2a: Chansey|slp
|
|turn|8
|
|switch|p2a: Kadabra|Kadabra, L86|244\/244
|move|p1a: Parasect|Growth|p1a: Parasect
|-boost|p1a: Parasect|spa|1
|-boost|p1a: Parasect|spd|1
|
|turn|9
|
|switch|p1a: Vaporeon|Vaporeon, L86|399\/399
|move|p2a: Kadabra|Thunder Wave|p1a: Vaporeon
|-status|p1a: Vaporeon|par
|
|turn|10
|
|move|p2a: Kadabra|Seismic Toss|p1a: Vaporeon
|-damage|p1a: Vaporeon|313\/399 par
|move|p1a: Vaporeon|Surf|p2a: Kadabra
|-damage|p2a: Kadabra|147\/244
|
|turn|11
|
|move|p2a: Kadabra|Psychic|p1a: Vaporeon
|-damage|p1a: Vaporeon|220\/399 par
|move|p1a: Vaporeon|Mimic|p2a: Kadabra
|-start|p1a: Vaporeon|Mimic|Psychic
|
|turn|12
|
|move|p2a: Kadabra|Psychic|p1a: Vaporeon
|-crit|p1a: Vaporeon
|-damage|p1a: Vaporeon|37\/399 par
|cant|p1a: Vaporeon|par
|
|turn|13
|
|move|p2a: Kadabra|Recover|p2a: Kadabra
|-heal|p2a: Kadabra|244\/244
|cant|p1a: Vaporeon|par
|
|turn|14
|
|move|p2a: Kadabra|Psychic|p1a: Vaporeon
|-crit|p1a: Vaporeon
|-damage|p1a: Vaporeon|0 fnt
|faint|p1a: Vaporeon
|
|switch|p1a: Clefable|Clefable, L86|339\/339
|turn|15
|
|move|p2a: Kadabra|Thunder Wave|p1a: Clefable
|-status|p1a: Clefable|par
|cant|p1a: Clefable|par
|
|turn|16
|
|move|p2a: Kadabra|Seismic Toss|p1a: Clefable
|-damage|p1a: Clefable|253\/339 par
|cant|p1a: Clefable|par
|
|turn|17
|
|move|p2a: Kadabra|Psychic|p1a: Clefable
|-damage|p1a: Clefable|132\/339 par
|move|p1a: Clefable|Thunder Wave|p2a: Kadabra
|-status|p2a: Kadabra|par
|
|turn|18
|
|move|p2a: Kadabra|Psychic|p1a: Clefable
|-damage|p1a: Clefable|21\/339 par
|move|p1a: Clefable|Hyper Beam|p2a: Kadabra
|-damage|p2a: Kadabra|26\/244 par
|
|turn|19
|
|cant|p2a: Kadabra|par
|cant|p1a: Clefable|par
|
|turn|20
|
|cant|p2a: Kadabra|par
|cant|p1a: Clefable|par
|
|turn|21
|
|move|p2a: Kadabra|Recover|p2a: Kadabra
|-heal|p2a: Kadabra|148\/244 par
|move|p1a: Clefable|Hyper Beam|p2a: Kadabra
|-damage|p2a: Kadabra|0 fnt
|faint|p2a: Kadabra
|
|switch|p2a: Shellder|Shellder, L95|250\/250
|turn|22
|
|switch|p1a: Magneton|Magneton, L86|261\/261
|move|p2a: Shellder|Surf|p1a: Magneton
|-damage|p1a: Magneton|195\/261
|
|turn|23
|
|move|p1a: Magneton|Thunderbolt|p2a: Shellder
|-supereffective|p2a: Shellder
|-damage|p2a: Shellder|0 fnt
|faint|p2a: Shellder
|
|switch|p2a: Chansey|Chansey, L80|564\/564 slp
|turn|24
|
|move|p1a: Magneton|Thunderbolt|p2a: Chansey
|-damage|p2a: Chansey|449\/564 slp
|cant|p2a: Chansey|slp
|
|turn|25
|
|move|p1a: Magneton|Thunderbolt|p2a: Chansey
|-damage|p2a: Chansey|344\/564 slp
|cant|p2a: Chansey|slp
|
|turn|26
|
|move|p1a: Magneton|Thunderbolt|p2a: Chansey
|-crit|p2a: Chansey
|-damage|p2a: Chansey|110\/564 slp
|cant|p2a: Chansey|slp
|
|turn|27
|
|move|p1a: Magneton|Thunderbolt|p2a: Chansey
|-damage|p2a: Chansey|0 fnt
|faint|p2a: Chansey
|c|★jb champ|sorry man
|c|★jb champ|was my only chance
|c|★Gandalf the God|lol its cool bro
|
|switch|p2a: Articuno|Articuno, L86|330\/330
|turn|28
|
|move|p2a: Articuno|Blizzard|p1a: Magneton
|-damage|p1a: Magneton|68\/261
|move|p1a: Magneton|Thunder Wave|p2a: Articuno
|-status|p2a: Articuno|par
|
|turn|29
|
|move|p1a: Magneton|Thunderbolt|p2a: Articuno
|-supereffective|p2a: Articuno
|-damage|p2a: Articuno|151\/330 par
|move|p2a: Articuno|Mimic|p1a: Magneton
|-start|p2a: Articuno|Mimic|Thunder Wave
|
|turn|30
|
|move|p1a: Magneton|Thunderbolt|p2a: Articuno
|-supereffective|p2a: Articuno
|-damage|p2a: Articuno|0 fnt
|faint|p2a: Articuno
|
|switch|p2a: Wartortle|Wartortle, L86|277\/277
|turn|31
|
|switch|p1a: Clefable|Clefable, L86|21\/339 par
|move|p2a: Wartortle|Surf|p1a: Clefable
|-crit|p1a: Clefable
|-damage|p1a: Clefable|0 fnt
|faint|p1a: Clefable
|
|switch|p1a: Parasect|Parasect, L86|279\/279
|turn|32
|c|★Gandalf the God|ugh
|
|move|p2a: Wartortle|Surf|p1a: Parasect
|-resisted|p1a: Parasect
|-damage|p1a: Parasect|235\/279
|move|p1a: Parasect|Spore|p2a: Wartortle
|-status|p2a: Wartortle|slp
|
|turn|33
|
|switch|p2a: Pidgey|Pidgey, L95|269\/269
|move|p1a: Parasect|Mega Drain|p2a: Pidgey
|-crit|p2a: Pidgey
|-resisted|p2a: Pidgey
|-damage|p2a: Pidgey|211\/269
|-heal|p1a: Parasect|264\/279|[from] drain|[of] p2a: Pidgey
|
|turn|34
|
|move|p2a: Pidgey|Agility|p2a: Pidgey
|-boost|p2a: Pidgey|spe|2
|move|p1a: Parasect|Hyper Beam|p2a: Pidgey
|-damage|p2a: Pidgey|62\/269
|
|turn|35
|
|move|p2a: Pidgey|Double-Edge|p1a: Parasect
|-damage|p1a: Parasect|180\/279
|-damage|p2a: Pidgey|41\/269|[from] recoil|[of] p1a: Parasect
|cant|p1a: Parasect|recharge
|
|turn|36
|
|move|p2a: Pidgey|Rest|p2a: Pidgey
|-status|p2a: Pidgey|slp
|-heal|p2a: Pidgey|269\/269 slp|[silent]
|-status|p2a: Pidgey|slp|[from] move: Rest
|move|p1a: Parasect|Hyper Beam|p2a: Pidgey|[miss]
|-miss|p1a: Parasect
|
|turn|37
|
|cant|p2a: Pidgey|slp
|move|p1a: Parasect|Hyper Beam|p2a: Pidgey
|-damage|p2a: Pidgey|111\/269 slp
|
|turn|38
|
|cant|p2a: Pidgey|slp
|-curestatus|p2a: Pidgey|slp
|cant|p1a: Parasect|recharge
|
|turn|39
|
|move|p2a: Pidgey|Rest|p2a: Pidgey
|-status|p2a: Pidgey|slp
|-heal|p2a: Pidgey|269\/269 slp|[silent]
|-status|p2a: Pidgey|slp|[from] move: Rest
|move|p1a: Parasect|Hyper Beam|p2a: Pidgey
|-damage|p2a: Pidgey|109\/269 slp
|
|turn|40
|
|cant|p2a: Pidgey|slp
|cant|p1a: Parasect|recharge
|
|turn|41
|
|cant|p2a: Pidgey|slp
|-curestatus|p2a: Pidgey|slp
|move|p1a: Parasect|Hyper Beam|p2a: Pidgey
|-damage|p2a: Pidgey|0 fnt
|faint|p2a: Pidgey
|c|★Gandalf the God|gg
|c|★jb champ|gg
|
|switch|p2a: Wartortle|Wartortle, L86|277\/277 slp
|turn|42
|
|cant|p2a: Wartortle|slp
|move|p1a: Parasect|Mega Drain|p2a: Wartortle
|-crit|p2a: Wartortle
|-supereffective|p2a: Wartortle
|-damage|p2a: Wartortle|108\/277 slp
|-heal|p1a: Parasect|264\/279|[from] drain|[of] p2a: Wartortle
|
|turn|43
|
|cant|p2a: Wartortle|slp
|move|p1a: Parasect|Mega Drain|p2a: Wartortle
|-supereffective|p2a: Wartortle
|-damage|p2a: Wartortle|19\/277 slp
|-heal|p1a: Parasect|279\/279|[from] drain|[of] p2a: Wartortle
|
|turn|44
|
|cant|p2a: Wartortle|slp
|-curestatus|p2a: Wartortle|slp
|move|p1a: Parasect|Mega Drain|p2a: Wartortle
|-supereffective|p2a: Wartortle
|-damage|p2a: Wartortle|0 fnt
|faint|p2a: Wartortle
|
|win|jb champ
|raw|Ladder updating...
|raw|jb champ's rating: 1267 &rarr; <strong>1281<\/strong><br \/>(+14 for winning)
|raw|Gandalf the God's rating: 1103 &rarr; <strong>1089<\/strong><br \/>(-14 for losing)