|join|dpschreber
|join|fvdbdfb
|player|p1|dpschreber|110
|player|p2|fvdbdfb|169
|gametype|singles
|gen|1
|tier|[Gen 1] Random Battle
|rated
|rule|Sleep Clause Mod: Limit one foe put to sleep
|rule|Freeze Clause Mod: Limit one foe frozen
|rule|HP Percentage Mod: HP is shown in percentages
|
|start
|switch|p1a: Pidgeotto|Pidgeotto, L85|281\/281
|switch|p2a: Geodude|Geodude, L96|272\/272
|turn|1
|
|switch|p1a: Gloom|Gloom, L85|276\/276
|move|p2a: Geodude|Earthquake|p1a: Gloom
|-damage|p1a: Gloom|149\/276
|
|turn|2
|
|switch|p2a: Venonat|Venonat, L96|310\/310
|move|p1a: Gloom|Sleep Powder|p2a: Venonat
|-status|p2a: Venonat|slp
|
|turn|3
|
|switch|p2a: Farfetch'd|Farfetch'd, L99|304\/304
|switch|p1a: Nidoking|Nidoking, L85|311\/311
|
|turn|4
|
|switch|p2a: Starmie|Starmie, L79|257\/257
|move|p1a: Nidoking|Thunderbolt|p2a: Starmie
|-supereffective|p2a: Starmie
|-damage|p2a: Starmie|133\/257
|
|turn|5
|
|switch|p1a: Gloom|Gloom, L85|149\/276
|move|p2a: Starmie|Blizzard|p1a: Gloom
|-supereffective|p1a: Gloom
|-damage|p1a: Gloom|6\/276
|
|turn|6
|
|move|p2a: Starmie|Thunderbolt|p1a: Gloom
|-resisted|p1a: Gloom
|-damage|p1a: Gloom|0 fnt
|faint|p1a: Gloom
|
|switch|p1a: Dodrio|Dodrio, L85|276\/276
|turn|7
|
|switch|p2a: Geodude|Geodude, L96|272\/272
|move|p1a: Dodrio|Hyper Beam|p2a: Geodude
|-resisted|p2a: Geodude
|-damage|p2a: Geodude|199\/272
|
|turn|8
|-mustrecharge|p1a: Dodrio
|-mustrecharge|p1a: Dodrio
|
|cant|p1a: Dodrio|recharge
|move|p2a: Geodude|Rock Slide|p1a: Dodrio|[miss]
|-miss|p2a: Geodude
|
|turn|9
|
|switch|p1a: Omastar|Omastar, L85|293\/293
|move|p2a: Geodude|Earthquake|p1a: Omastar
|-supereffective|p1a: Omastar
|-damage|p1a: Omastar|119\/293
|
|turn|10
|
|switch|p2a: Starmie|Starmie, L79|133\/257
|move|p1a: Omastar|Hydro Pump|p2a: Starmie|[miss]
|-miss|p1a: Omastar
|
|turn|11
|
|move|p2a: Starmie|Thunderbolt|p1a: Omastar
|-supereffective|p1a: Omastar
|-damage|p1a: Omastar|16\/293
|move|p1a: Omastar|Seismic Toss|p2a: Starmie
|-damage|p2a: Starmie|48\/257
|
|turn|12
|
|move|p2a: Starmie|Recover|p2a: Starmie
|-heal|p2a: Starmie|176\/257
|move|p1a: Omastar|Seismic Toss|p2a: Starmie
|-damage|p2a: Starmie|91\/257
|
|turn|13
|
|move|p2a: Starmie|Thunderbolt|p1a: Omastar
|-supereffective|p1a: Omastar
|-damage|p1a: Omastar|0 fnt
|faint|p1a: Omastar
|
|switch|p1a: Dodrio|Dodrio, L85|276\/276
|turn|14
|
|switch|p2a: Geodude|Geodude, L96|199\/272
|switch|p1a: Nidoking|Nidoking, L85|311\/311
|
|turn|15
|
|switch|p2a: Venonat|Venonat, L96|310\/310 slp
|move|p1a: Nidoking|Earthquake|p2a: Venonat
|-damage|p2a: Venonat|173\/310 slp
|
|turn|16
|
|move|p1a: Nidoking|Body Slam|p2a: Venonat
|-damage|p2a: Venonat|100\/310 slp
|cant|p2a: Venonat|slp
|
|turn|17
|
|move|p1a: Nidoking|Earthquake|p2a: Venonat
|-crit|p2a: Venonat
|-damage|p2a: Venonat|0 fnt
|faint|p2a: Venonat
|
|switch|p2a: Mewtwo|Mewtwo, L70|293\/293
|turn|18
|
|switch|p1a: Pidgeotto|Pidgeotto, L85|281\/281
|move|p2a: Mewtwo|Psychic|p1a: Pidgeotto
|-damage|p1a: Pidgeotto|156\/281
|
|turn|19
|
|move|p2a: Mewtwo|Ice Beam|p1a: Pidgeotto
|-supereffective|p1a: Pidgeotto
|-damage|p1a: Pidgeotto|0 fnt
|faint|p1a: Pidgeotto
|
|switch|p1a: Dodrio|Dodrio, L85|276\/276
|turn|20
|
|switch|p2a: Geodude|Geodude, L96|199\/272
|move|p1a: Dodrio|Body Slam|p2a: Geodude
|-resisted|p2a: Geodude
|-damage|p2a: Geodude|161\/272
|
|turn|21
|
|switch|p1a: Nidoking|Nidoking, L85|311\/311
|move|p2a: Geodude|Rock Slide|p1a: Nidoking
|-resisted|p1a: Nidoking
|-damage|p1a: Nidoking|265\/311
|
|turn|22
|
|move|p1a: Nidoking|Earthquake|p2a: Geodude
|-supereffective|p2a: Geodude
|-damage|p2a: Geodude|0 fnt
|faint|p2a: Geodude
|
|switch|p2a: Starmie|Starmie, L79|91\/257
|turn|23
|
|switch|p1a: Rapidash|Rapidash, L85|284\/284
|move|p2a: Starmie|Blizzard|p1a: Rapidash
|-damage|p1a: Rapidash|206\/284
|
|turn|24
|
|switch|p2a: Graveler|Graveler, L85|267\/267
|move|p1a: Rapidash|Hyper Beam|p2a: Graveler
|-resisted|p2a: Graveler
|-damage|p2a: Graveler|221\/267
|
|turn|25
|-mustrecharge|p1a: Rapidash
|-mustrecharge|p1a: Rapidash
|
|cant|p1a: Rapidash|recharge
|move|p2a: Graveler|Earthquake|p1a: Rapidash
|-supereffective|p1a: Rapidash
|-damage|p1a: Rapidash|0 fnt
|faint|p1a: Rapidash
|
|switch|p1a: Nidoking|Nidoking, L85|265\/311
|turn|26
|
|switch|p2a: Farfetch'd|Farfetch'd, L99|304\/304
|move|p1a: Nidoking|Earthquake|p2a: Farfetch'd
|-immune|p2a: Farfetch'd|[msg]
|
|turn|27
|
|switch|p2a: Mewtwo|Mewtwo, L70|293\/293
|move|p1a: Nidoking|Thunderbolt|p2a: Mewtwo
|-crit|p2a: Mewtwo
|-damage|p2a: Mewtwo|200\/293
|
|turn|28
|
|switch|p1a: Dodrio|Dodrio, L85|276\/276
|move|p2a: Mewtwo|Psychic|p1a: Dodrio
|-damage|p1a: Dodrio|160\/276
|
|turn|29
|
|switch|p2a: Graveler|Graveler, L85|221\/267
|move|p1a: Dodrio|Body Slam|p2a: Graveler
|-resisted|p2a: Graveler
|-damage|p2a: Graveler|183\/267
|-status|p2a: Graveler|par
|
|turn|30
|
|switch|p1a: Nidoking|Nidoking, L85|265\/311
|move|p2a: Graveler|Earthquake|p1a: Nidoking
|-supereffective|p1a: Nidoking
|-damage|p1a: Nidoking|32\/311
|
|turn|31
|-message|dpschreber forfeited.
|leave|dpschreber
|
|win|fvdbdfb
|raw|Ladder updating...
|player|p1
|raw|dpschreber's rating: 1333 &rarr; <strong>1301<\/strong><br \/>(-32 for losing)
|raw|fvdbdfb's rating: 1089 &rarr; <strong>1132<\/strong><br \/>(+43 for winning)