|j|Judo
|j|gymNmons
|player|p1|Judo|70
|player|p2|gymNmons|153
|gametype|singles
|gen|1
|tier|[Gen 1] OU
|seed|
|rule|Sleep Clause Mod: Limit one foe put to sleep
|rule|Freeze Clause Mod: Limit one foe frozen
|rule|Species Clause: Limit one of each Pokémon
|rule|OHKO Clause: OHKO moves are banned
|rule|Evasion Moves Clause: Evasion moves are banned
|rule|HP Percentage Mod: HP is shown in percentages
|
|start
|switch|p1a: DJ DOLMAN STR8 FIY|Moltres|100\/100
|switch|p2a: Chansey|Chansey|100\/100
|turn|1
|c|★Judo|way hey :D
|choice||
|
|switch|p1a: LORD BOYT BAE|Golem|100\/100
|move|p2a: Chansey|Reflect|p2a: Chansey
|-start|p2a: Chansey|Reflect
|
|turn|2
|c|★gymNmons|:)
|choice||
|
|move|p2a: Chansey|Blizzard|p1a: LORD BOYT BAE
|-crit|p1a: LORD BOYT BAE
|-supereffective|p1a: LORD BOYT BAE
|-damage|p1a: LORD BOYT BAE|0 fnt
|faint|p1a: LORD BOYT BAE
|c|★gymNmons|=D
|c|★Judo|lmao fair enuf
|choice||
|
|switch|p1a: KHAAMO CANT TOUCH|Gengar|100\/100
|turn|3
|choice||
|
|move|p1a: KHAAMO CANT TOUCH|Hypnosis|p2a: Chansey
|-status|p2a: Chansey|slp
|cant|p2a: Chansey|slp
|
|turn|4
|choice||
|
|switch|p2a: Snorlax|Snorlax|100\/100
|move|p1a: KHAAMO CANT TOUCH|Psychic|p2a: Snorlax
|-damage|p2a: Snorlax|78\/100
|
|turn|5
|choice||
|
|switch|p1a: PET SHIVVERS IN DA|Chansey|100\/100
|move|p2a: Snorlax|Earthquake|p1a: PET SHIVVERS IN DA
|-damage|p1a: PET SHIVVERS IN DA|69\/100
|
|turn|6
|choice||
|
|move|p1a: PET SHIVVERS IN DA|Reflect|p1a: PET SHIVVERS IN DA
|-start|p1a: PET SHIVVERS IN DA|Reflect
|move|p2a: Snorlax|Body Slam|p1a: PET SHIVVERS IN DA
|-damage|p1a: PET SHIVVERS IN DA|49\/100
|
|turn|7
|choice||
|
|switch|p2a: Gengar|Gengar|100\/100
|move|p1a: PET SHIVVERS IN DA|Thunder Wave|p2a: Gengar
|-status|p2a: Gengar|par
|
|turn|8
|choice||
|
|move|p1a: PET SHIVVERS IN DA|Soft-Boiled|p1a: PET SHIVVERS IN DA
|-heal|p1a: PET SHIVVERS IN DA|99\/100
|move|p2a: Gengar|Confuse Ray|p1a: PET SHIVVERS IN DA
|-start|p1a: PET SHIVVERS IN DA|confusion
|
|turn|9
|choice||
|
|switch|p1a: DJ DOLMAN STR8 FIY|Moltres|100\/100
|move|p2a: Gengar|Explosion|p1a: DJ DOLMAN STR8 FIY|[miss]
|-miss|p2a: Gengar
|faint|p2a: Gengar
|c|★gymNmons|..
|c|★gymNmons|..
|c|★Judo|bwahahahaha
|c|★gymNmons|..
|c|★gymNmons|..
|c|★gymNmons|..
|c|★gymNmons|..
|c|★gymNmons|..
|c|★gymNmons|..
|c|★gymNmons|..
|c|★gymNmons|..
|c|★gymNmons|..
|c|★gymNmons|..
|c|★gymNmons|...
|c|★gymNmons|..
|c|★gymNmons|..
|c|★gymNmons|..
|c|★Judo|skillfully dogdged god burd
|choice||
|
|switch|p2a: Persian|Persian|100\/100
|turn|10
|choice||
|
|move|p2a: Persian|Slash|p1a: DJ DOLMAN STR8 FIY
|-crit|p1a: DJ DOLMAN STR8 FIY
|-damage|p1a: DJ DOLMAN STR8 FIY|63\/100
|move|p1a: DJ DOLMAN STR8 FIY|Agility|p1a: DJ DOLMAN STR8 FIY
|-boost|p1a: DJ DOLMAN STR8 FIY|spe|2
|
|turn|11
|choice||
|
|switch|p2a: Chansey|Chansey|100\/100 slp
|move|p1a: DJ DOLMAN STR8 FIY|Fire Spin|p2a: Chansey
|-damage|p2a: Chansey|98\/100 slp
|
|turn|12
|choice||
|
|switch|p1a: JANOMI4LYF|Jynx|100\/100
|-curestatus|p2a: Chansey|slp
|
|turn|13
|choice||
|
|move|p1a: JANOMI4LYF|Lovely Kiss|p2a: Chansey
|-status|p2a: Chansey|slp
|-curestatus|p2a: Chansey|slp
|
|turn|14
|choice||
|
|switch|p2a: Persian|Persian|100\/100
|move|p1a: JANOMI4LYF|Lovely Kiss|p2a: Persian
|-status|p2a: Persian|slp
|
|turn|15
|choice||
|
|switch|p2a: Charizard|Charizard|100\/100
|switch|p1a: GYMNMONS RAWR|Persian|100\/100
|
|turn|16
|choice||
|
|move|p1a: GYMNMONS RAWR|Screech|p2a: Charizard
|-unboost|p2a: Charizard|def|2
|move|p2a: Charizard|Counter|p1a: GYMNMONS RAWR
|-fail|p2a: Charizard
|
|turn|17
|choice||
|
|move|p1a: GYMNMONS RAWR|Screech|p2a: Charizard
|-unboost|p2a: Charizard|def|2
|move|p2a: Charizard|Counter|p1a: GYMNMONS RAWR
|-fail|p2a: Charizard
|
|turn|18
|choice||
|
|switch|p2a: Persian|Persian|100\/100 slp
|move|p1a: GYMNMONS RAWR|Slash|p2a: Persian
|-crit|p2a: Persian
|-damage|p2a: Persian|52\/100 slp
|
|turn|19
|choice||
|
|-curestatus|p2a: Persian|slp
|move|p1a: GYMNMONS RAWR|Screech|p2a: Persian
|-unboost|p2a: Persian|def|2
|
|turn|20
|choice||
|
|move|p2a: Persian|Body Slam|p1a: GYMNMONS RAWR
|-damage|p1a: GYMNMONS RAWR|67\/100
|move|p1a: GYMNMONS RAWR|Slash|p2a: Persian
|-crit|p2a: Persian
|-damage|p2a: Persian|0 fnt
|faint|p2a: Persian
|choice||
|
|switch|p2a: Articuno|Articuno|100\/100
|turn|21
|choice||
|
|switch|p1a: JANOMI4LYF|Jynx|100\/100
|move|p2a: Articuno|Reflect|p2a: Articuno
|-start|p2a: Articuno|Reflect
|
|turn|22
|choice||
|
|switch|p2a: Snorlax|Snorlax|78\/100
|move|p1a: JANOMI4LYF|Psychic|p2a: Snorlax
|-damage|p2a: Snorlax|54\/100
|
|turn|23
|choice||
|
|move|p1a: JANOMI4LYF|Reflect|p1a: JANOMI4LYF
|-start|p1a: JANOMI4LYF|Reflect
|move|p2a: Snorlax|Rest|p2a: Snorlax
|-status|p2a: Snorlax|slp
|-heal|p2a: Snorlax|100\/100 slp|[silent]
|-status|p2a: Snorlax|slp|[from] move: Rest
|
|turn|24
|choice||
|
|switch|p1a: GYMNMONS RAWR|Persian|67\/100
|switch|p2a: Charizard|Charizard|100\/100
|
|turn|25
|choice||
|
|move|p1a: GYMNMONS RAWR|Body Slam|p2a: Charizard
|-damage|p2a: Charizard|73\/100
|-status|p2a: Charizard|par
|move|p2a: Charizard|Fire Blast|p1a: GYMNMONS RAWR
|-damage|p1a: GYMNMONS RAWR|14\/100
|
|turn|26
|c|★gymNmons|...
|choice||
|
|switch|p1a: DJ DOLMAN STR8 FIY|Moltres|63\/100
|cant|p2a: Charizard|par
|
|turn|27
|choice||
|
|switch|p2a: Chansey|Chansey|98\/100
|move|p1a: DJ DOLMAN STR8 FIY|Fire Blast|p2a: Chansey
|-damage|p2a: Chansey|75\/100
|
|turn|28
|choice||
|
|switch|p1a: JANOMI4LYF|Jynx|100\/100
|move|p2a: Chansey|Seismic Toss|p1a: JANOMI4LYF
|-damage|p1a: JANOMI4LYF|70\/100
|
|turn|29
|choice||
|
|move|p1a: JANOMI4LYF|Lovely Kiss|p2a: Chansey|[miss]
|-miss|p1a: JANOMI4LYF
|move|p2a: Chansey|Seismic Toss|p1a: JANOMI4LYF
|-damage|p1a: JANOMI4LYF|40\/100
|
|turn|30
|choice||
|
|switch|p1a: KHAAMO CANT TOUCH|Gengar|100\/100
|move|p2a: Chansey|Seismic Toss|p1a: KHAAMO CANT TOUCH
|-damage|p1a: KHAAMO CANT TOUCH|70\/100
|
|turn|31
|choice||
|
|move|p1a: KHAAMO CANT TOUCH|Hypnosis|p2a: Chansey
|-status|p2a: Chansey|slp
|cant|p2a: Chansey|slp
|
|turn|32
|choice||
|
|move|p1a: KHAAMO CANT TOUCH|Psychic|p2a: Chansey
|-damage|p2a: Chansey|63\/100 slp
|cant|p2a: Chansey|slp
|
|turn|33
|choice||
|
|switch|p2a: Articuno|Articuno|100\/100
|move|p1a: KHAAMO CANT TOUCH|Psychic|p2a: Articuno
|-damage|p2a: Articuno|81\/100
|-unboost|p2a: Articuno|spd|1
|-unboost|p2a: Articuno|spa|1
|
|turn|34
|choice||
|
|switch|p2a: Snorlax|Snorlax|100\/100 slp
|move|p1a: KHAAMO CANT TOUCH|Thunderbolt|p2a: Snorlax
|-damage|p2a: Snorlax|77\/100 slp
|
|turn|35
|choice||
|
|switch|p1a: GYMNMONS RAWR|Persian|14\/100
|cant|p2a: Snorlax|slp
|
|turn|36
|choice||
|
|move|p1a: GYMNMONS RAWR|Screech|p2a: Snorlax|[miss]
|-miss|p1a: GYMNMONS RAWR
|-curestatus|p2a: Snorlax|slp
|
|turn|37
|choice||
|
|switch|p1a: KHAAMO CANT TOUCH|Gengar|70\/100
|move|p2a: Snorlax|Body Slam|p1a: KHAAMO CANT TOUCH
|-immune|p1a: KHAAMO CANT TOUCH|[msg]
|
|turn|38
|choice||
|
|move|p1a: KHAAMO CANT TOUCH|Psychic|p2a: Snorlax
|-crit|p2a: Snorlax
|-damage|p2a: Snorlax|33\/100
|-unboost|p2a: Snorlax|spd|1
|-unboost|p2a: Snorlax|spa|1
|move|p2a: Snorlax|Earthquake|p1a: KHAAMO CANT TOUCH
|-supereffective|p1a: KHAAMO CANT TOUCH
|-damage|p1a: KHAAMO CANT TOUCH|1\/100
|
|turn|39
|choice||
|
|move|p1a: KHAAMO CANT TOUCH|Psychic|p2a: Snorlax
|-damage|p2a: Snorlax|3\/100
|move|p2a: Snorlax|Rest|p2a: Snorlax
|-fail|p2a: Snorlax
|
|turn|40
|choice||
|
|move|p1a: KHAAMO CANT TOUCH|Psychic|p2a: Snorlax
|-damage|p2a: Snorlax|0 fnt
|faint|p2a: Snorlax
|c|★Judo|lol
|choice||
|
|switch|p2a: Articuno|Articuno|81\/100
|turn|41
|c|★gymNmons|ugh
|choice||
|
|move|p1a: KHAAMO CANT TOUCH|Explosion|p2a: Articuno
|-damage|p2a: Articuno|24\/100
|faint|p1a: KHAAMO CANT TOUCH
|choice||
|
|switch|p1a: GYMNMONS RAWR|Persian|14\/100
|turn|42
|choice||
|
|switch|p2a: Charizard|Charizard|73\/100 par
|move|p1a: GYMNMONS RAWR|Slash|p2a: Charizard
|-crit|p2a: Charizard
|-damage|p2a: Charizard|34\/100 par
|
|turn|43
|choice||
|
|move|p1a: GYMNMONS RAWR|Slash|p2a: Charizard
|-crit|p2a: Charizard
|-damage|p2a: Charizard|0 fnt
|faint|p2a: Charizard
|choice||
|
|switch|p2a: Chansey|Chansey|63\/100 slp
|turn|44
|choice||
|
|move|p1a: GYMNMONS RAWR|Screech|p2a: Chansey
|-unboost|p2a: Chansey|def|2
|-curestatus|p2a: Chansey|slp
|
|turn|45
|choice||
|
|move|p1a: GYMNMONS RAWR|Hyper Beam|p2a: Chansey
|-damage|p2a: Chansey|0 fnt
|faint|p2a: Chansey
|c|★gymNmons|:(
|choice||
|
|switch|p2a: Articuno|Articuno|24\/100
|turn|46
|c|★gymNmons|gg
|c|★Judo|gymnmons OP
|choice||
|
|move|p1a: GYMNMONS RAWR|Slash|p2a: Articuno
|-crit|p2a: Articuno
|-damage|p2a: Articuno|0 fnt
|faint|p2a: Articuno
|
|win|Judo
|player|p1
|player|p2
|c|★gymNmons|lol