|join|vsterel
|join|Chilliin
|player|p1|vsterel|266
|player|p2|Chilliin|166
|gametype|singles
|gen|1
|tier|[Gen 1] Random Battle
|rated
|seed|55461,29658,40774,46067
|rule|Sleep Clause Mod: Limit one foe put to sleep
|rule|Freeze Clause Mod: Limit one foe frozen
|rule|HP Percentage Mod: HP is shown in percentages
|
|start
|switch|p1a: Goldeen|Goldeen, L96|281\/281
|switch|p2a: Rapidash|Rapidash, L90|300\/300
|turn|1
|c|★Chilliin|oh god
|c|★Chilliin|i only have one defense
|c|★Chilliin|its so weird!
|choice|move 4|switch 6
|
|switch|p2a: Kingler|Kingler, L85|267\/267
|move|p1a: Goldeen|Surf|p2a: Kingler
|-crit|p2a: Kingler
|-resisted|p2a: Kingler
|-damage|p2a: Kingler|153\/267
|
|turn|2
|choice|move 4|move 3
|
|move|p1a: Goldeen|Surf|p2a: Kingler
|-resisted|p2a: Kingler
|-damage|p2a: Kingler|92\/267
|move|p2a: Kingler|Hyper Beam|p1a: Goldeen|[miss]
|-miss|p2a: Kingler
|
|turn|3
|choice|move 4|move 4
|
|move|p1a: Goldeen|Surf|p2a: Kingler
|-resisted|p2a: Kingler
|-damage|p2a: Kingler|29\/267
|move|p2a: Kingler|Body Slam|p1a: Goldeen
|-damage|p1a: Goldeen|203\/281
|
|turn|4
|choice|move 4|move 3
|
|move|p1a: Goldeen|Surf|p2a: Kingler
|-resisted|p2a: Kingler
|-damage|p2a: Kingler|0 fnt
|faint|p2a: Kingler
|choice||switch 4
|
|switch|p2a: Lickitung|Lickitung, L90|345\/345
|turn|5
|choice|move 1|move 2
|
|move|p1a: Goldeen|Supersonic|p2a: Lickitung|[miss]
|-miss|p1a: Goldeen
|move|p2a: Lickitung|Swords Dance|p2a: Lickitung
|-boost|p2a: Lickitung|atk|2
|
|turn|6
|choice|move 4|move 1
|
|move|p1a: Goldeen|Surf|p2a: Lickitung
|-crit|p2a: Lickitung
|-damage|p2a: Lickitung|128\/345
|move|p2a: Lickitung|Body Slam|p1a: Goldeen
|-crit|p1a: Goldeen
|-damage|p1a: Goldeen|53\/281
|
|turn|7
|choice|move 4|move 1
|
|move|p1a: Goldeen|Surf|p2a: Lickitung
|-damage|p2a: Lickitung|28\/345
|move|p2a: Lickitung|Body Slam|p1a: Goldeen
|-damage|p1a: Goldeen|0 fnt
|faint|p1a: Goldeen
|choice|switch 5|
|
|switch|p1a: Tauros|Tauros, L79|280\/280
|turn|8
|choice|move 3|move 3
|
|move|p1a: Tauros|Body Slam|p2a: Lickitung
|-crit|p2a: Lickitung
|-damage|p2a: Lickitung|0 fnt
|faint|p2a: Lickitung
|choice||switch 2
|
|switch|p2a: Zubat|Zubat, L96|272\/272
|turn|9
|choice|move 3|move 3
|
|move|p1a: Tauros|Body Slam|p2a: Zubat
|-crit|p2a: Zubat
|-damage|p2a: Zubat|46\/272
|move|p2a: Zubat|Screech|p1a: Tauros|[miss]
|-miss|p2a: Zubat
|
|turn|10
|choice|move 3|move 4
|
|move|p1a: Tauros|Body Slam|p2a: Zubat
|-damage|p2a: Zubat|0 fnt
|faint|p2a: Zubat
|choice||switch 5
|
|switch|p2a: Alakazam|Alakazam, L79|249\/249
|turn|11
|choice|move 3|move 4
|
|move|p2a: Alakazam|Reflect|p2a: Alakazam
|-start|p2a: Alakazam|Reflect
|move|p1a: Tauros|Body Slam|p2a: Alakazam
|-damage|p2a: Alakazam|190\/249
|-status|p2a: Alakazam|par
|
|turn|12
|choice|move 3|move 1
|
|move|p1a: Tauros|Body Slam|p2a: Alakazam
|-crit|p2a: Alakazam
|-damage|p2a: Alakazam|0 fnt
|faint|p2a: Alakazam
|c|★vsterel|i'm getting ridicululy lucky
|c|★vsterel|*ridiculously
|choice||switch 6
|
|switch|p2a: Rapidash|Rapidash, L90|300\/300
|turn|13
|choice|move 1|move 4
|
|move|p2a: Rapidash|Reflect|p2a: Rapidash
|-start|p2a: Rapidash|Reflect
|move|p1a: Tauros|Earthquake|p2a: Rapidash
|-supereffective|p2a: Rapidash
|-damage|p2a: Rapidash|233\/300
|
|turn|14
|choice|move 1|move 2
|
|move|p2a: Rapidash|Growl|p1a: Tauros
|-unboost|p1a: Tauros|atk|1
|move|p1a: Tauros|Earthquake|p2a: Rapidash
|-supereffective|p2a: Rapidash
|-damage|p2a: Rapidash|190\/300
|
|turn|15
|choice|move 1|move 1
|
|move|p2a: Rapidash|Fire Blast|p1a: Tauros
|-damage|p1a: Tauros|112\/280
|move|p1a: Tauros|Earthquake|p2a: Rapidash
|-supereffective|p2a: Rapidash
|-damage|p2a: Rapidash|144\/300
|
|turn|16
|leave|Chilliin
|player|p2
|-message|chilliin lost due to inactivity.
|
|win|vsterel
|raw|vsterel's rating: 1152 &rarr; <strong>1167<\/strong><br \/>(+15 for winning)
|raw|Chilliin's rating: 1000 &rarr; <strong>1000<\/strong><br \/>(+0 for losing)