|join|Airfoil
|join|What'sYourPosion?
|player|p1|Airfoil|169
|player|p2|What'sYourPosion?|273
|gametype|singles
|gen|1
|tier|[Gen 1] OU (beta)
|rated
|rule|Sleep Clause Mod: Limit one foe put to sleep
|rule|Species Clause: Limit one of each Pokemon
|rule|OHKO Clause: OHKO moves are banned
|rule|Moody Clause: Moody is banned
|rule|Evasion Moves Clause: Evasion moves are banned
|rule|Endless Battle Clause: Forcing endless battles is banned.
|rule|HP Percentage Mod: HP is reported as percentages
|
|start
|switch|p1a: Gengar|Gengar|323\/323
|switch|p2a: Alakazam|Alakazam|313\/313
|turn|1
|
|move|p2a: Alakazam|Psychic|p1a: Gengar
|-supereffective|p1a: Gengar
|-damage|p1a: Gengar|123\/323
|move|p1a: Gengar|Hypnosis|p2a: Alakazam|[miss]
|-miss|p1a: Gengar
|
|turn|2
|
|move|p2a: Alakazam|Psychic|p1a: Gengar
|-supereffective|p1a: Gengar
|-damage|p1a: Gengar|0 fnt
|faint|p1a: Gengar
|
|
|switch|p1a: Snorlax|Snorlax|523\/523
|turn|3
|
|move|p2a: Alakazam|Psychic|p1a: Snorlax
|-damage|p1a: Snorlax|365\/523
|move|p1a: Snorlax|Body Slam|p2a: Alakazam
|-damage|p2a: Alakazam|132\/313
|-status|p2a: Alakazam|par
|
|turn|4
|
|move|p1a: Snorlax|Body Slam|p2a: Alakazam|[miss]
|-miss|p1a: Snorlax
|move|p2a: Alakazam|Reflect|p2a: Alakazam
|
|turn|5
|
|move|p1a: Snorlax|Hyper Beam|p2a: Alakazam
|-damage|p2a: Alakazam|0 fnt
|faint|p2a: Alakazam
|
|
|switch|p2a: Snorlax|Snorlax|523\/523
|turn|6
|
|move|p2a: Snorlax|Amnesia|p2a: Snorlax
|-boost|p2a: Snorlax|spd|2
|-boost|p2a: Snorlax|spa|2
|move|p1a: Snorlax|Body Slam|p2a: Snorlax
|-damage|p2a: Snorlax|394\/523
|
|turn|7
|
|move|p1a: Snorlax|Body Slam|p2a: Snorlax
|-damage|p2a: Snorlax|250\/523
|move|p2a: Snorlax|Reflect|p2a: Snorlax
|
|turn|8
|
|move|p2a: Snorlax|Amnesia|p2a: Snorlax
|-boost|p2a: Snorlax|spd|2
|-boost|p2a: Snorlax|spa|2
|move|p1a: Snorlax|Body Slam|p2a: Snorlax
|-damage|p2a: Snorlax|186\/523
|
|turn|9
|
|move|p2a: Snorlax|Amnesia|p2a: Snorlax
|-boost|p2a: Snorlax|spd|2
|-boost|p2a: Snorlax|spa|2
|move|p1a: Snorlax|Body Slam|p2a: Snorlax
|-damage|p2a: Snorlax|116\/523
|
|turn|10
|
|move|p1a: Snorlax|Hyper Beam|p2a: Snorlax
|-damage|p2a: Snorlax|0 fnt
|faint|p2a: Snorlax
|
|
|switch|p2a: Gengar|Gengar|323\/323
|turn|11
|
|move|p2a: Gengar|Hypnosis|p1a: Snorlax
|-status|p1a: Snorlax|slp
|cant|p1a: Snorlax|slp
|
|turn|12
|
|switch|p1a: Golem|Golem|363\/363
|move|p2a: Gengar|Psychic|p1a: Golem
|-damage|p1a: Golem|251\/363
|
|turn|13
|
|move|p2a: Gengar|Psychic|p1a: Golem
|-crit|p1a: Golem
|-damage|p1a: Golem|9\/363
|move|p1a: Golem|Earthquake|p2a: Gengar
|-supereffective|p2a: Gengar
|-damage|p2a: Gengar|0 fnt
|faint|p2a: Gengar
|
|
|switch|p2a: Starmie|Starmie|323\/323
|turn|14
|
|move|p2a: Starmie|Ice Beam|p1a: Golem
|-supereffective|p1a: Golem
|-damage|p1a: Golem|0 fnt
|faint|p1a: Golem
|
|
|switch|p1a: Raichu|Raichu|323\/323
|turn|15
|
|switch|p2a: Venusaur|Venusaur|363\/363
|move|p1a: Raichu|Thunder Wave|p2a: Venusaur
|-status|p2a: Venusaur|par
|
|turn|16
|
|switch|p1a: Venusaur|Venusaur|363\/363
|move|p2a: Venusaur|Razor Leaf|p1a: Venusaur
|-crit|p1a: Venusaur
|-resisted|p1a: Venusaur
|-damage|p1a: Venusaur|329\/363
|
|turn|17
|
|move|p1a: Venusaur|Body Slam|p2a: Venusaur
|-damage|p2a: Venusaur|299\/363 par
|move|p2a: Venusaur|Growth|p2a: Venusaur
|-boost|p2a: Venusaur|spa|1
|-boost|p2a: Venusaur|spd|1
|
|turn|18
|
|switch|p1a: Lapras|Lapras|463\/463
|move|p2a: Venusaur|Growth|p2a: Venusaur
|-boost|p2a: Venusaur|spa|1
|-boost|p2a: Venusaur|spd|1
|
|turn|19
|
|move|p1a: Lapras|Confuse Ray|p2a: Venusaur
|-start|p2a: Venusaur|confusion
|-activate|p2a: Venusaur|confusion
|-damage|p2a: Venusaur|266\/363 par|[from] confusion
|
|turn|20
|
|move|p1a: Lapras|Blizzard|p2a: Venusaur
|-supereffective|p2a: Venusaur
|-damage|p2a: Venusaur|125\/363 par
|cant|p2a: Venusaur|par
|
|turn|21
|
|move|p1a: Lapras|Blizzard|p2a: Venusaur
|-supereffective|p2a: Venusaur
|-damage|p2a: Venusaur|0 fnt
|faint|p2a: Venusaur
|
|
|switch|p2a: Starmie|Starmie|323\/323
|turn|22
|
|move|p2a: Starmie|Thunderbolt|p1a: Lapras
|-supereffective|p1a: Lapras
|-damage|p1a: Lapras|299\/463
|move|p1a: Lapras|Confuse Ray|p2a: Starmie
|-start|p2a: Starmie|confusion
|
|turn|23
|
|switch|p1a: Raichu|Raichu|323\/323
|-activate|p2a: Starmie|confusion
|-damage|p2a: Starmie|295\/323|[from] confusion
|
|turn|24
|
|-activate|p2a: Starmie|confusion
|move|p2a: Starmie|Ice Beam|p1a: Raichu
|-damage|p1a: Raichu|245\/323
|move|p1a: Raichu|Thunder Wave|p2a: Starmie
|-status|p2a: Starmie|par
|
|turn|25
|
|move|p1a: Raichu|Thunderbolt|p2a: Starmie
|-supereffective|p2a: Starmie
|-damage|p2a: Starmie|67\/323 par
|-activate|p2a: Starmie|confusion
|move|p2a: Starmie|Psychic|p1a: Raichu
|-damage|p1a: Raichu|138\/323
|-unboost|p1a: Raichu|spd|1
|-unboost|p1a: Raichu|spa|1
|
|turn|26
|
|move|p1a: Raichu|Thunderbolt|p2a: Starmie
|-supereffective|p2a: Starmie
|-damage|p2a: Starmie|0 fnt
|faint|p2a: Starmie
|
|
|switch|p2a: Chansey|Chansey|703\/703
|turn|27
|
|switch|p1a: Venusaur|Venusaur|329\/363
|move|p2a: Chansey|Toxic|p1a: Venusaur
|
|turn|28
|
|move|p1a: Venusaur|Leech Seed|p2a: Chansey
|-start|p2a: Chansey|move: Leech Seed
|move|p2a: Chansey|Psychic|p1a: Venusaur
|-supereffective|p1a: Venusaur
|-damage|p1a: Venusaur|192\/363
|-unboost|p1a: Venusaur|spd|1
|-unboost|p1a: Venusaur|spa|1
|-damage|p2a: Chansey|660\/703|[from] Leech Seed|[of] p1a: Venusaur
|-heal|p1a: Venusaur|235\/363|[silent]
|
|turn|29
|
|move|p1a: Venusaur|Sleep Powder|p2a: Chansey
|-status|p2a: Chansey|slp
|cant|p2a: Chansey|slp
|-damage|p2a: Chansey|617\/703 slp|[from] Leech Seed|[of] p1a: Venusaur
|-heal|p1a: Venusaur|278\/363|[silent]
|
|turn|30
|
|move|p1a: Venusaur|Body Slam|p2a: Chansey
|-damage|p2a: Chansey|456\/703 slp
|cant|p2a: Chansey|slp
|-damage|p2a: Chansey|413\/703 slp|[from] Leech Seed|[of] p1a: Venusaur
|-heal|p1a: Venusaur|321\/363|[silent]
|
|turn|31
|
|switch|p1a: Snorlax|Snorlax|365\/523 slp
|cant|p2a: Chansey|slp
|-damage|p2a: Chansey|370\/703 slp|[from] Leech Seed|[of] p1a: Snorlax
|-heal|p1a: Snorlax|408\/523 slp|[silent]
|
|turn|32
|
|cant|p2a: Chansey|slp
|-damage|p2a: Chansey|327\/703 slp|[from] Leech Seed|[of] p1a: Snorlax
|-heal|p1a: Snorlax|451\/523 slp|[silent]
|cant|p1a: Snorlax|slp
|
|turn|33
|
|cant|p2a: Chansey|slp
|-damage|p2a: Chansey|284\/703 slp|[from] Leech Seed|[of] p1a: Snorlax
|-heal|p1a: Snorlax|494\/523 slp|[silent]
|cant|p1a: Snorlax|slp
|
|turn|34
|
|cant|p2a: Chansey|slp
|-damage|p2a: Chansey|241\/703 slp|[from] Leech Seed|[of] p1a: Snorlax
|-heal|p1a: Snorlax|523\/523 slp|[silent]
|-curestatus|p2a: Chansey|slp
|cant|p1a: Snorlax|slp
|
|turn|35
|
|move|p2a: Chansey|Psychic|p1a: Snorlax
|-damage|p1a: Snorlax|425\/523 slp
|-damage|p2a: Chansey|198\/703|[from] Leech Seed|[of] p1a: Snorlax
|-heal|p1a: Snorlax|468\/523 slp|[silent]
|cant|p1a: Snorlax|slp
|
|turn|36
|
|move|p2a: Chansey|Psychic|p1a: Snorlax
|-damage|p1a: Snorlax|376\/523 slp
|-unboost|p1a: Snorlax|spd|1
|-unboost|p1a: Snorlax|spa|1
|-damage|p2a: Chansey|155\/703|[from] Leech Seed|[of] p1a: Snorlax
|-heal|p1a: Snorlax|419\/523 slp|[silent]
|cant|p1a: Snorlax|slp
|-curestatus|p1a: Snorlax|slp
|
|turn|37
|
|move|p2a: Chansey|Soft-Boiled|p2a: Chansey
|-heal|p2a: Chansey|506\/703
|-damage|p2a: Chansey|463\/703|[from] Leech Seed|[of] p1a: Snorlax
|-heal|p1a: Snorlax|462\/523|[silent]
|move|p1a: Snorlax|Body Slam|p2a: Chansey
|-damage|p2a: Chansey|152\/703
|
|turn|38
|
|move|p2a: Chansey|Soft-Boiled|p2a: Chansey
|-heal|p2a: Chansey|503\/703
|-damage|p2a: Chansey|460\/703|[from] Leech Seed|[of] p1a: Snorlax
|-heal|p1a: Snorlax|505\/523|[silent]
|move|p1a: Snorlax|Body Slam|p2a: Chansey
|-damage|p2a: Chansey|165\/703
|
|turn|39
|
|move|p2a: Chansey|Soft-Boiled|p2a: Chansey
|-heal|p2a: Chansey|516\/703
|-damage|p2a: Chansey|473\/703|[from] Leech Seed|[of] p1a: Snorlax
|-heal|p1a: Snorlax|523\/523|[silent]
|move|p1a: Snorlax|Body Slam|p2a: Chansey
|-damage|p2a: Chansey|181\/703
|
|turn|40
|
|move|p2a: Chansey|Soft-Boiled|p2a: Chansey
|-heal|p2a: Chansey|532\/703
|-damage|p2a: Chansey|489\/703|[from] Leech Seed|[of] p1a: Snorlax
|move|p1a: Snorlax|Body Slam|p2a: Chansey
|-damage|p2a: Chansey|184\/703
|-status|p2a: Chansey|par
|
|turn|41
|
|move|p1a: Snorlax|Hyper Beam|p2a: Chansey
|-damage|p2a: Chansey|0 fnt
|faint|p2a: Chansey
|
|win|Airfoil
|raw|Ladder updating...
|raw|Airfoil's rating: 1000 &rarr; <strong>1061<\/strong><br \/>(+61 for winning)
|raw|What&apos;sYourPosion?'s rating: 1207 &rarr; <strong>1169<\/strong><br \/>(-38 for losing)
|leave|What'sYourPosion?
|player|p2