|join|MALESANI
|join|WingSteel
|player|p1|MALESANI|238
|player|p2|WingSteel|293
|gametype|singles
|gen|1
|tier|[Gen 1] Random Battle
|rated
|seed|54830,40414,50256,26062
|rule|Sleep Clause Mod: Limit one foe put to sleep
|rule|Freeze Clause Mod: Limit one foe frozen
|rule|HP Percentage Mod: HP is shown in percentages
|
|start
|switch|p1a: Exeggutor|Exeggutor, L79|312\/312
|switch|p2a: Weedle|Weedle, L99|280\/280
|turn|1
|choice|switch 6|switch 3
|
|switch|p2a: Electrode|Electrode, L90|291\/291
|switch|p1a: Dragonair|Dragonair, L85|277\/277
|
|turn|2
|choice|move 3|move 2
|
|move|p2a: Electrode|Flash|p1a: Dragonair|[miss]
|-miss|p2a: Electrode
|move|p1a: Dragonair|Thunder Wave|p2a: Electrode
|-status|p2a: Electrode|par
|
|turn|3
|choice|move 1|move 3
|
|move|p1a: Dragonair|Agility|p1a: Dragonair
|-boost|p1a: Dragonair|spe|2
|move|p2a: Electrode|Screech|p1a: Dragonair
|-unboost|p1a: Dragonair|def|2
|
|turn|4
|choice|move 4|move 1
|
|move|p1a: Dragonair|Ice Beam|p2a: Electrode
|-damage|p2a: Electrode|231\/291 par
|cant|p2a: Electrode|par
|
|turn|5
|choice|move 4|move 3
|
|move|p1a: Dragonair|Ice Beam|p2a: Electrode
|-damage|p2a: Electrode|173\/291 par
|move|p2a: Electrode|Screech|p1a: Dragonair
|-unboost|p1a: Dragonair|def|2
|
|turn|6
|choice|move 2|move 4
|
|move|p1a: Dragonair|Hyper Beam|p2a: Electrode
|-damage|p2a: Electrode|57\/291 par
|cant|p2a: Electrode|par
|
|turn|7
|-mustrecharge|p1a: Dragonair
|-mustrecharge|p1a: Dragonair
|choice|move 1|move 1
|
|cant|p1a: Dragonair|recharge
|move|p2a: Electrode|Explosion|p1a: Dragonair
|-crit|p1a: Dragonair
|-damage|p1a: Dragonair|0 fnt
|faint|p1a: Dragonair
|faint|p2a: Electrode
|choice|switch 5|switch 4
|
|switch|p2a: Alakazam|Alakazam, L79|249\/249
|switch|p1a: Hitmonchan|Hitmonchan, L90|273\/273
|turn|8
|choice|switch 6|move 1
|
|switch|p1a: Exeggutor|Exeggutor, L79|312\/312
|move|p2a: Alakazam|Psychic|p1a: Exeggutor
|-resisted|p1a: Exeggutor
|-damage|p1a: Exeggutor|269\/312
|
|turn|9
|choice|move 2|move 4
|
|move|p2a: Alakazam|Thunder Wave|p1a: Exeggutor
|-status|p1a: Exeggutor|par
|cant|p1a: Exeggutor|par
|
|turn|10
|choice|move 1|move 3
|
|move|p2a: Alakazam|Seismic Toss|p1a: Exeggutor
|-damage|p1a: Exeggutor|190\/312 par
|cant|p1a: Exeggutor|par
|
|turn|11
|choice|move 1|move 3
|
|move|p2a: Alakazam|Seismic Toss|p1a: Exeggutor
|-damage|p1a: Exeggutor|111\/312 par
|move|p1a: Exeggutor|Sleep Powder|p2a: Alakazam
|-status|p2a: Alakazam|slp
|
|turn|12
|choice|switch 4|move 3
|
|switch|p1a: Golduck|Golduck, L85|310\/310
|cant|p2a: Alakazam|slp
|
|turn|13
|choice|move 1|switch 3
|
|switch|p2a: Weedle|Weedle, L99|280\/280
|move|p1a: Golduck|Amnesia|p1a: Golduck
|-boost|p1a: Golduck|spd|2
|-boost|p1a: Golduck|spa|2
|
|turn|14
|choice|move 3|move 1
|
|move|p1a: Golduck|Surf|p2a: Weedle
|-damage|p2a: Weedle|0 fnt
|faint|p2a: Weedle
|choice||switch 2
|
|switch|p2a: Seaking|Seaking, L90|327\/327
|turn|15
|choice|move 1|move 4
|
|move|p1a: Golduck|Amnesia|p1a: Golduck
|-boost|p1a: Golduck|spd|2
|-boost|p1a: Golduck|spa|2
|move|p2a: Seaking|Double-Edge|p1a: Golduck
|-crit|p1a: Golduck
|-damage|p1a: Golduck|153\/310
|-damage|p2a: Seaking|288\/327|[from] recoil|[of] p1a: Golduck
|
|turn|16
|choice|move 3|move 4
|
|move|p1a: Golduck|Surf|p2a: Seaking
|-resisted|p2a: Seaking
|-damage|p2a: Seaking|146\/327
|move|p2a: Seaking|Double-Edge|p1a: Golduck
|-damage|p1a: Golduck|64\/310
|-damage|p2a: Seaking|124\/327|[from] recoil|[of] p1a: Golduck
|
|turn|17
|choice|move 3|move 4
|
|move|p1a: Golduck|Surf|p2a: Seaking
|-resisted|p2a: Seaking
|-damage|p2a: Seaking|0 fnt
|faint|p2a: Seaking
|choice||switch 6
|
|switch|p2a: Pidgeot|Pidgeot, L90|333\/333
|turn|18
|choice|switch 3|move 1
|
|switch|p1a: Weezing|Weezing, L90|300\/300
|move|p2a: Pidgeot|Double-Edge|p1a: Weezing
|-crit|p1a: Weezing
|-damage|p1a: Weezing|149\/300
|-damage|p2a: Pidgeot|296\/333|[from] recoil|[of] p1a: Weezing
|
|turn|19
|choice|move 2|move 1
|
|move|p2a: Pidgeot|Double-Edge|p1a: Weezing
|-damage|p1a: Weezing|70\/300
|-damage|p2a: Pidgeot|277\/333|[from] recoil|[of] p1a: Weezing
|move|p1a: Weezing|Thunderbolt|p2a: Pidgeot
|-supereffective|p2a: Pidgeot
|-damage|p2a: Pidgeot|120\/333
|
|turn|20
|choice|move 1|move 1
|
|move|p2a: Pidgeot|Double-Edge|p1a: Weezing
|-damage|p1a: Weezing|0 fnt
|-damage|p2a: Pidgeot|103\/333|[from] recoil|[of] p1a: Weezing
|faint|p1a: Weezing
|choice|switch 2|
|
|switch|p1a: Kabutops|Kabutops, L85|276\/276
|turn|21
|choice|move 3|move 1
|
|move|p2a: Pidgeot|Double-Edge|p1a: Kabutops
|-resisted|p1a: Kabutops
|-damage|p1a: Kabutops|226\/276
|-damage|p2a: Pidgeot|91\/333|[from] recoil|[of] p1a: Kabutops
|move|p1a: Kabutops|Surf|p2a: Pidgeot
|-damage|p2a: Pidgeot|0 fnt
|faint|p2a: Pidgeot
|choice||switch 5
|
|switch|p2a: Hitmonlee|Hitmonlee, L90|273\/273
|turn|22
|choice|switch 4|move 3
|
|switch|p1a: Exeggutor|Exeggutor, L79|111\/312 par
|move|p2a: Hitmonlee|Seismic Toss|p1a: Exeggutor
|-damage|p1a: Exeggutor|21\/312 par
|
|turn|23
|choice|move 3|move 3
|
|move|p2a: Hitmonlee|Seismic Toss|p1a: Exeggutor
|-damage|p1a: Exeggutor|0 fnt
|faint|p1a: Exeggutor
|choice|switch 6|
|
|switch|p1a: Hitmonchan|Hitmonchan, L90|273\/273
|turn|24
|choice|move 2|move 1
|
|move|p2a: Hitmonlee|Counter|p1a: Hitmonchan
|-fail|p2a: Hitmonlee
|move|p1a: Hitmonchan|Counter|p2a: Hitmonlee
|-fail|p1a: Hitmonchan
|
|turn|25
|c|★WingSteel|lol
|choice|move 3|switch 3
|
|switch|p2a: Alakazam|Alakazam, L79|249\/249 slp
|move|p1a: Hitmonchan|Body Slam|p2a: Alakazam
|-damage|p2a: Alakazam|138\/249 slp
|
|turn|26
|choice|move 3|move 1
|
|cant|p2a: Alakazam|slp
|move|p1a: Hitmonchan|Body Slam|p2a: Alakazam
|-damage|p2a: Alakazam|29\/249 slp
|
|turn|27
|choice|move 4|move 1
|
|cant|p2a: Alakazam|slp
|move|p1a: Hitmonchan|Seismic Toss|p2a: Alakazam
|-damage|p2a: Alakazam|0 fnt
|faint|p2a: Alakazam
|-message|WingSteel forfeited.
|
|win|MALESANI
|raw|MALESANI's rating: 1331 &rarr; <strong>1338<\/strong><br \/>(+7 for winning)
|raw|WingSteel's rating: 1059 &rarr; <strong>1053<\/strong><br \/>(-6 for losing)