|join|prototokos
|join|andrewandres
|player|p1|prototokos|1
|player|p2|andrewandres|2
|gametype|singles
|gen|1
|tier|[Gen 1] Random Battle
|rated
|rule|Sleep Clause Mod: Limit one foe put to sleep
|rule|Freeze Clause Mod: Limit one foe frozen
|rule|HP Percentage Mod: HP is shown in percentages
|
|start
|switch|p1a: Raichu|Raichu, L85|276\/276
|switch|p2a: Zubat|Zubat, L96|272\/272
|turn|1
|c|★andrewandres|stupid team
|c|★andrewandres|gg
|c|★andrewandres|xD
|
|switch|p2a: Kakuna|Kakuna, L99|290\/290
|move|p1a: Raichu|Thunderbolt|p2a: Kakuna
|-damage|p2a: Kakuna|139\/290
|
|turn|2
|
|move|p1a: Raichu|Thunderbolt|p2a: Kakuna
|-damage|p2a: Kakuna|0 fnt
|faint|p2a: Kakuna
|
|switch|p2a: Snorlax|Snorlax, L79|415\/415
|turn|3
|
|switch|p1a: Hitmonchan|Hitmonchan, L85|259\/259
|move|p2a: Snorlax|Amnesia|p2a: Snorlax
|-boost|p2a: Snorlax|spd|2
|-boost|p2a: Snorlax|spa|2
|
|turn|4
|
|switch|p2a: Zubat|Zubat, L96|272\/272
|move|p1a: Hitmonchan|Submission|p2a: Zubat
|-resisted|p2a: Zubat
|-damage|p2a: Zubat|240\/272
|-damage|p1a: Hitmonchan|251\/259|[from] recoil|[of] p2a: Zubat
|
|turn|5
|
|switch|p1a: Golem|Golem, L79|288\/288
|move|p2a: Zubat|Toxic|p1a: Golem
|-status|p1a: Golem|tox
|
|turn|6
|
|move|p2a: Zubat|Mega Drain|p1a: Golem
|-supereffective|p1a: Golem
|-damage|p1a: Golem|162\/288 tox
|-heal|p2a: Zubat|272\/272|[from] drain|[of] p1a: Golem
|move|p1a: Golem|Rock Slide|p2a: Zubat
|-supereffective|p2a: Zubat
|-damage|p2a: Zubat|56\/272
|-damage|p1a: Golem|144\/288 tox|[from] tox|[of] p2a: Zubat
|
|turn|7
|
|switch|p1a: Raichu|Raichu, L85|276\/276
|move|p2a: Zubat|Mega Drain|p1a: Raichu
|-damage|p1a: Raichu|255\/276
|-heal|p2a: Zubat|66\/272|[from] drain|[of] p1a: Raichu
|
|turn|8
|
|move|p1a: Raichu|Thunderbolt|p2a: Zubat
|-supereffective|p2a: Zubat
|-damage|p2a: Zubat|0 fnt
|faint|p2a: Zubat
|
|switch|p2a: Alakazam|Alakazam, L79|249\/249
|turn|9
|
|move|p2a: Alakazam|Psychic|p1a: Raichu
|-damage|p1a: Raichu|161\/276
|move|p1a: Raichu|Thunder|p2a: Alakazam
|-damage|p2a: Alakazam|143\/249
|
|turn|10
|
|move|p2a: Alakazam|Thunder Wave|p1a: Raichu
|-status|p1a: Raichu|par
|move|p1a: Raichu|Thunderbolt|p2a: Alakazam
|-damage|p2a: Alakazam|58\/249
|
|turn|11
|
|switch|p2a: Snorlax|Snorlax, L79|415\/415
|move|p1a: Raichu|Thunder|p2a: Snorlax
|-crit|p2a: Snorlax
|-damage|p2a: Snorlax|103\/415
|
|turn|12
|c|★andrewandres|lol
|
|move|p2a: Snorlax|Self-Destruct|p1a: Raichu
|-damage|p1a: Raichu|0 fnt
|faint|p1a: Raichu
|faint|p2a: Snorlax
|
|switch|p1a: Golem|Golem, L79|144\/288 tox
|switch|p2a: Slowbro|Slowbro, L79|312\/312
|-status|p1a: Golem|psn
|turn|13
|
|switch|p1a: Gengar|Gengar, L79|257\/257
|move|p2a: Slowbro|Amnesia|p2a: Slowbro
|-boost|p2a: Slowbro|spd|2
|-boost|p2a: Slowbro|spa|2
|
|turn|14
|
|move|p1a: Gengar|Hypnosis|p2a: Slowbro|[miss]
|-miss|p1a: Gengar
|move|p2a: Slowbro|Thunder Wave|p1a: Gengar
|-status|p1a: Gengar|par
|
|turn|15
|
|move|p2a: Slowbro|Surf|p1a: Gengar
|-damage|p1a: Gengar|123\/257 par
|move|p1a: Gengar|Hypnosis|p2a: Slowbro
|-status|p2a: Slowbro|slp
|
|turn|16
|
|cant|p2a: Slowbro|slp
|move|p1a: Gengar|Thunderbolt|p2a: Slowbro
|-supereffective|p2a: Slowbro
|-damage|p2a: Slowbro|224\/312 slp
|
|turn|17
|
|cant|p2a: Slowbro|slp
|move|p1a: Gengar|Thunderbolt|p2a: Slowbro
|-crit|p2a: Slowbro
|-supereffective|p2a: Slowbro
|-damage|p2a: Slowbro|0 fnt
|faint|p2a: Slowbro
|
|switch|p2a: Alakazam|Alakazam, L79|58\/249
|turn|18
|
|move|p2a: Alakazam|Psychic|p1a: Gengar
|-crit|p1a: Gengar
|-supereffective|p1a: Gengar
|-damage|p1a: Gengar|0 fnt
|faint|p1a: Gengar
|
|switch|p1a: Zapdos|Zapdos, L79|304\/304
|turn|19
|
|switch|p2a: Dragonite|Dragonite, L85|328\/328
|move|p1a: Zapdos|Drill Peck|p2a: Dragonite
|-damage|p2a: Dragonite|261\/328
|
|turn|20
|
|switch|p1a: Hitmonchan|Hitmonchan, L85|251\/259
|move|p2a: Dragonite|Thunder|p1a: Hitmonchan|[miss]
|-miss|p2a: Dragonite
|
|turn|21
|
|move|p2a: Dragonite|Agility|p2a: Dragonite
|-boost|p2a: Dragonite|spe|2
|move|p1a: Hitmonchan|Body Slam|p2a: Dragonite
|-damage|p2a: Dragonite|201\/328
|
|turn|22
|
|move|p2a: Dragonite|Thunder|p1a: Hitmonchan
|-damage|p1a: Hitmonchan|103\/259
|move|p1a: Hitmonchan|Body Slam|p2a: Dragonite
|-damage|p2a: Dragonite|142\/328
|
|turn|23
|
|move|p2a: Dragonite|Hyper Beam|p1a: Hitmonchan
|-damage|p1a: Hitmonchan|0 fnt
|faint|p1a: Hitmonchan
|
|switch|p1a: Golem|Golem, L79|144\/288 psn
|turn|24
|
|move|p2a: Dragonite|Hyper Beam|p1a: Golem
|-resisted|p1a: Golem
|-damage|p1a: Golem|91\/288 psn
|move|p1a: Golem|Explosion|p2a: Dragonite
|-damage|p2a: Dragonite|0 fnt
|faint|p2a: Dragonite
|faint|p1a: Golem
|
|switch|p2a: Alakazam|Alakazam, L79|58\/249
|switch|p1a: Zapdos|Zapdos, L79|304\/304
|turn|25
|
|move|p2a: Alakazam|Thunder Wave|p1a: Zapdos
|-status|p1a: Zapdos|par
|cant|p1a: Zapdos|par
|
|turn|26
|
|move|p2a: Alakazam|Psychic|p1a: Zapdos
|-crit|p1a: Zapdos
|-damage|p1a: Zapdos|128\/304 par
|move|p1a: Zapdos|Thunder Wave|p2a: Alakazam
|-status|p2a: Alakazam|par
|
|turn|27
|
|move|p2a: Alakazam|Psychic|p1a: Zapdos
|-crit|p1a: Zapdos
|-damage|p1a: Zapdos|0 fnt
|faint|p1a: Zapdos
|
|switch|p1a: Charizard|Charizard, L85|306\/306
|turn|28
|c|★andrewandres|compared your team
|c|★andrewandres|with my..
|
|move|p1a: Charizard|Hyper Beam|p2a: Alakazam
|-crit|p2a: Alakazam
|-damage|p2a: Alakazam|0 fnt
|faint|p2a: Alakazam
|
|win|prototokos
|raw|Ladder updating...
|c|★prototokos|mine was increadible
|raw|prototokos's rating: 1339 &rarr; <strong>1366<\/strong><br \/>(+27 for winning)
|raw|andrewandres's rating: 1468 &rarr; <strong>1441<\/strong><br \/>(-27 for losing)
|leave|andrewandres
|player|p2
|c|★prototokos|yours were not that bad either