|j|Peasounay
|j|Mandelbrot
|player|p1|Peasounay|80
|player|p2|Mandelbrot|101
|gametype|singles
|gen|1
|tier|[Gen 1] OU
|seed|3847,25436,56746,54881
|rule|Sleep Clause Mod: Limit one foe put to sleep
|rule|Freeze Clause Mod: Limit one foe frozen
|rule|Species Clause: Limit one of each Pokémon
|rule|OHKO Clause: OHKO moves are banned
|rule|Evasion Moves Clause: Evasion moves are banned
|rule|HP Percentage Mod: HP is shown in percentages
|
|start
|switch|p1a: WellIStallYourFace|Alakazam|313\/313
|switch|p2a: Exeggutor|Exeggutor|393\/393
|turn|1
|c|★Peasounay|yo gl hf
|choice|move 4|move 1
|
|move|p1a: WellIStallYourFace|Seismic Toss|p2a: Exeggutor
|-damage|p2a: Exeggutor|293\/393
|move|p2a: Exeggutor|Sleep Powder|p1a: WellIStallYourFace
|-status|p1a: WellIStallYourFace|slp
|
|turn|2
|c|★Mandelbrot|you too
|choice|switch 2|move 4
|
|switch|p1a: Wear Candoms Kid|Exeggutor|393\/393
|move|p2a: Exeggutor|Stun Spore|p1a: Wear Candoms Kid|[miss]
|-miss|p2a: Exeggutor
|
|turn|3
|choice|move 1|move 4
|
|move|p1a: Wear Candoms Kid|Sleep Powder|p2a: Exeggutor
|-status|p2a: Exeggutor|slp
|-curestatus|p2a: Exeggutor|slp
|
|turn|4
|choice|move 1|move 4
|
|move|p2a: Exeggutor|Stun Spore|p1a: Wear Candoms Kid|[miss]
|-miss|p2a: Exeggutor
|move|p1a: Wear Candoms Kid|Sleep Powder|p2a: Exeggutor
|-status|p2a: Exeggutor|slp
|
|turn|5
|choice|move 2|move 4
|
|-curestatus|p2a: Exeggutor|slp
|move|p1a: Wear Candoms Kid|Psychic|p2a: Exeggutor
|-resisted|p2a: Exeggutor
|-damage|p2a: Exeggutor|243\/393
|
|turn|6
|j|maximilliono
|choice|switch 5|move 4
|
|switch|p1a: I Own RBY|Chansey|703\/703
|move|p2a: Exeggutor|Stun Spore|p1a: I Own RBY
|-status|p1a: I Own RBY|par
|
|turn|7
|l|maximilliono
|choice|switch 5|move 3
|
|switch|p1a: Wear Candoms Kid|Exeggutor|393\/393
|move|p2a: Exeggutor|Explosion|p1a: Wear Candoms Kid
|-damage|p1a: Wear Candoms Kid|116\/393
|faint|p2a: Exeggutor
|choice||switch 4
|
|switch|p2a: Lapras|Lapras|463\/463
|turn|8
|choice|switch 5|move 1
|
|switch|p1a: I Own RBY|Chansey|703\/703 par
|move|p2a: Lapras|Ice Beam|p1a: I Own RBY
|-damage|p1a: I Own RBY|591\/703 par
|
|turn|9
|choice|move 3|move 4
|
|move|p2a: Lapras|Confuse Ray|p1a: I Own RBY
|-start|p1a: I Own RBY|confusion
|cant|p1a: I Own RBY|par
|
|turn|10
|choice|move 3|move 3
|
|move|p2a: Lapras|Body Slam|p1a: I Own RBY
|-damage|p1a: I Own RBY|420\/703 par
|-activate|p1a: I Own RBY|confusion
|-damage|p1a: I Own RBY|385\/703 par|[from] confusion
|
|turn|11
|choice|move 1|move 3
|
|move|p2a: Lapras|Body Slam|p1a: I Own RBY
|-damage|p1a: I Own RBY|229\/703 par
|cant|p1a: I Own RBY|par
|
|turn|12
|choice|move 1|move 3
|
|move|p2a: Lapras|Body Slam|p1a: I Own RBY
|-damage|p1a: I Own RBY|65\/703 par
|-activate|p1a: I Own RBY|confusion
|-damage|p1a: I Own RBY|30\/703 par|[from] confusion
|
|turn|13
|choice|move 1|move 3
|
|move|p2a: Lapras|Body Slam|p1a: I Own RBY
|-damage|p1a: I Own RBY|0 fnt
|faint|p1a: I Own RBY
|choice|switch 3|
|
|switch|p1a: Yo Momma|Snorlax|523\/523
|turn|14
|choice|move 1|move 1
|
|move|p2a: Lapras|Ice Beam|p1a: Yo Momma
|-crit|p1a: Yo Momma
|-damage|p1a: Yo Momma|268\/523
|move|p1a: Yo Momma|Body Slam|p2a: Lapras
|-damage|p2a: Lapras|344\/463
|
|turn|15
|choice|move 4|move 1
|
|move|p2a: Lapras|Ice Beam|p1a: Yo Momma
|-damage|p1a: Yo Momma|127\/523
|move|p1a: Yo Momma|Self-Destruct|p2a: Lapras
|-damage|p2a: Lapras|0 fnt
|faint|p2a: Lapras
|faint|p1a: Yo Momma
|choice|switch 4|switch 2
|
|switch|p2a: Alakazam|Alakazam|313\/313
|switch|p1a: I'm God|Tauros|353\/353
|turn|16
|choice|switch 5|move 4
|
|switch|p1a: Wear Candoms Kid|Exeggutor|116\/393
|move|p2a: Alakazam|Thunder Wave|p1a: Wear Candoms Kid
|-status|p1a: Wear Candoms Kid|par
|
|turn|17
|choice|move 4|move 3
|
|move|p2a: Alakazam|Seismic Toss|p1a: Wear Candoms Kid
|-damage|p1a: Wear Candoms Kid|16\/393 par
|cant|p1a: Wear Candoms Kid|par
|
|turn|18
|choice|move 4|move 3
|
|move|p2a: Alakazam|Seismic Toss|p1a: Wear Candoms Kid
|-damage|p1a: Wear Candoms Kid|0 fnt
|faint|p1a: Wear Candoms Kid
|choice|switch 2|
|
|switch|p1a: WellIStallYourFace|Alakazam|313\/313 slp
|turn|19
|c|★Mandelbrot|I'm so skilled. No luck at all here.
|c|★Mandelbrot|haha
|c|★Peasounay|hahaha
|choice|move 4|move 3
|
|cant|p1a: WellIStallYourFace|slp
|move|p2a: Alakazam|Seismic Toss|p1a: WellIStallYourFace
|-damage|p1a: WellIStallYourFace|213\/313 slp
|
|turn|20
|choice|move 4|move 3
|
|move|p2a: Alakazam|Seismic Toss|p1a: WellIStallYourFace
|-damage|p1a: WellIStallYourFace|113\/313 slp
|-curestatus|p1a: WellIStallYourFace|slp
|
|turn|21
|choice|move 1|move 4
|
|move|p2a: Alakazam|Thunder Wave|p1a: WellIStallYourFace
|-status|p1a: WellIStallYourFace|par
|cant|p1a: WellIStallYourFace|par
|
|turn|22
|choice|move 1|move 3
|
|move|p2a: Alakazam|Seismic Toss|p1a: WellIStallYourFace
|-damage|p1a: WellIStallYourFace|13\/313 par
|move|p1a: WellIStallYourFace|Thunder Wave|p2a: Alakazam
|-status|p2a: Alakazam|par
|
|turn|23
|choice|move 4|move 3
|
|cant|p2a: Alakazam|par
|move|p1a: WellIStallYourFace|Seismic Toss|p2a: Alakazam
|-damage|p2a: Alakazam|213\/313 par
|
|turn|24
|choice|move 3|move 3
|
|move|p2a: Alakazam|Seismic Toss|p1a: WellIStallYourFace
|-damage|p1a: WellIStallYourFace|0 fnt
|faint|p1a: WellIStallYourFace
|c|★Peasounay|this is gonna be tough
|choice|switch 6|
|
|switch|p1a: Internet King|Persian|333\/333
|turn|25
|choice|move 1|move 4
|
|move|p1a: Internet King|Slash|p2a: Alakazam
|-crit|p2a: Alakazam
|-damage|p2a: Alakazam|8\/313 par
|cant|p2a: Alakazam|par
|
|turn|26
|c|★Mandelbrot|Oh!
|choice|move 1|move 4
|
|move|p1a: Internet King|Slash|p2a: Alakazam
|-crit|p2a: Alakazam
|-damage|p2a: Alakazam|0 fnt
|faint|p2a: Alakazam
|choice||switch 5
|
|switch|p2a: Golem|Golem|363\/363
|turn|27
|choice|move 3|move 3
|
|move|p1a: Internet King|Bubble Beam|p2a: Golem
|-supereffective|p2a: Golem
|-damage|p2a: Golem|145\/363
|move|p2a: Golem|Explosion|p1a: Internet King
|-damage|p1a: Internet King|0 fnt
|faint|p1a: Internet King
|faint|p2a: Golem
|choice|switch 5|switch 3
|
|switch|p1a: I'm God|Tauros|353\/353
|switch|p2a: Tauros|Tauros|353\/353
|turn|28
|choice|move 2|move 2
|
|move|p1a: I'm God|Body Slam|p2a: Tauros
|-damage|p2a: Tauros|255\/353
|move|p2a: Tauros|Hyper Beam|p1a: I'm God
|-crit|p1a: I'm God
|-damage|p1a: I'm God|0 fnt
|faint|p1a: I'm God
|
|win|Mandelbrot
|player|p1
|player|p2
|c|★Peasounay|lol
|c|★Peasounay|why hyper beam
|c|★Mandelbrot|so much luck
|c|★Mandelbrot|I had persian
|c|★Mandelbrot|I could outspeed
|c|★Mandelbrot|I'm dumb
|c|★Peasounay|was quite explosive haha
|c|★Peasounay|gg
|c|★Mandelbrot|haha
|l|Peasounay