|join|Seraldia
|join|gen1masterrony
|player|p1|Seraldia|169
|player|p2|gen1masterrony|101
|gametype|singles
|gen|1
|tier|[Gen 1] Random Battle
|rated
|rule|Sleep Clause Mod: Limit one foe put to sleep
|rule|Freeze Clause Mod: Limit one foe frozen
|rule|HP Percentage Mod: HP is shown in percentages
|
|start
|switch|p1a: Venusaur|Venusaur, L85|310\/310
|switch|p2a: Exeggutor|Exeggutor, L79|312\/312
|turn|1
|
|move|p1a: Venusaur|Sleep Powder|p2a: Exeggutor
|-status|p2a: Exeggutor|slp
|cant|p2a: Exeggutor|slp
|
|turn|2
|
|move|p1a: Venusaur|Body Slam|p2a: Exeggutor
|-damage|p2a: Exeggutor|251\/312 slp
|cant|p2a: Exeggutor|slp
|-curestatus|p2a: Exeggutor|slp
|
|turn|3
|
|move|p1a: Venusaur|Sleep Powder|p2a: Exeggutor
|-status|p2a: Exeggutor|slp
|cant|p2a: Exeggutor|slp
|
|turn|4
|
|move|p1a: Venusaur|Body Slam|p2a: Exeggutor
|-crit|p2a: Exeggutor
|-damage|p2a: Exeggutor|132\/312 slp
|cant|p2a: Exeggutor|slp
|
|turn|5
|
|move|p1a: Venusaur|Body Slam|p2a: Exeggutor
|-damage|p2a: Exeggutor|71\/312 slp
|cant|p2a: Exeggutor|slp
|
|turn|6
|
|switch|p2a: Spearow|Spearow, L96|272\/272
|move|p1a: Venusaur|Body Slam|p2a: Spearow
|-damage|p2a: Spearow|191\/272
|
|turn|7
|
|move|p2a: Spearow|Drill Peck|p1a: Venusaur
|-supereffective|p1a: Venusaur
|-damage|p1a: Venusaur|154\/310
|move|p1a: Venusaur|Body Slam|p2a: Spearow
|-damage|p2a: Spearow|110\/272
|
|turn|8
|
|switch|p1a: Weezing|Weezing, L85|284\/284
|move|p2a: Spearow|Drill Peck|p1a: Weezing
|-damage|p1a: Weezing|218\/284
|
|turn|9
|
|move|p2a: Spearow|Double-Edge|p1a: Weezing
|-damage|p1a: Weezing|142\/284
|-damage|p2a: Spearow|91\/272|[from] recoil|[of] p1a: Weezing
|move|p1a: Weezing|Thunderbolt|p2a: Spearow
|-supereffective|p2a: Spearow
|-damage|p2a: Spearow|0 fnt
|faint|p2a: Spearow
|
|switch|p2a: Mew|Mew, L74|300\/300
|turn|10
|
|move|p2a: Mew|Psychic|p1a: Weezing
|-supereffective|p1a: Weezing
|-damage|p1a: Weezing|0 fnt
|faint|p1a: Weezing
|
|switch|p1a: Gyarados|Gyarados, L85|335\/335
|turn|11
|
|move|p2a: Mew|Thunder Wave|p1a: Gyarados
|-status|p1a: Gyarados|par
|cant|p1a: Gyarados|par
|
|turn|12
|
|switch|p2a: Zapdos|Zapdos, L79|304\/304
|move|p1a: Gyarados|Blizzard|p2a: Zapdos
|-supereffective|p2a: Zapdos
|-damage|p2a: Zapdos|165\/304
|-status|p2a: Zapdos|frz
|
|turn|13
|
|switch|p2a: Chansey|Chansey, L79|557\/557
|move|p1a: Gyarados|Blizzard|p2a: Chansey
|-damage|p2a: Chansey|472\/557
|
|turn|14
|
|move|p2a: Chansey|Thunderbolt|p1a: Gyarados
|-supereffective|p1a: Gyarados
|-damage|p1a: Gyarados|98\/335 par
|cant|p1a: Gyarados|par
|
|turn|15
|
|switch|p1a: Venusaur|Venusaur, L85|154\/310
|move|p2a: Chansey|Thunderbolt|p1a: Venusaur
|-resisted|p1a: Venusaur
|-damage|p1a: Venusaur|124\/310
|-status|p1a: Venusaur|par
|
|turn|16
|
|move|p1a: Venusaur|Body Slam|p2a: Chansey
|-damage|p2a: Chansey|316\/557
|move|p2a: Chansey|Counter|p1a: Venusaur
|-damage|p1a: Venusaur|0 fnt
|faint|p1a: Venusaur
|
|switch|p1a: Rapidash|Rapidash, L85|284\/284
|turn|17
|
|move|p1a: Rapidash|Substitute|p1a: Rapidash
|-start|p1a: Rapidash|Substitute
|-damage|p1a: Rapidash|213\/284
|move|p2a: Chansey|Thunderbolt|p1a: Rapidash
|-activate|p1a: Rapidash|Substitute|[damage]
|
|turn|18
|
|move|p1a: Rapidash|Body Slam|p2a: Chansey
|-damage|p2a: Chansey|146\/557
|move|p2a: Chansey|Thunderbolt|p1a: Rapidash
|-crit|p1a: Rapidash
|-end|p1a: Rapidash|Substitute
|
|turn|19
|
|move|p1a: Rapidash|Body Slam|p2a: Chansey
|-damage|p2a: Chansey|0 fnt
|faint|p2a: Chansey
|
|switch|p2a: Graveler|Graveler, L85|267\/267
|turn|20
|
|switch|p1a: Gyarados|Gyarados, L85|98\/335 par
|move|p2a: Graveler|Rock Slide|p1a: Gyarados
|-supereffective|p1a: Gyarados
|-damage|p1a: Gyarados|0 fnt
|faint|p1a: Gyarados
|
|switch|p1a: Horsea|Horsea, L96|252\/252
|turn|21
|
|switch|p2a: Mew|Mew, L74|300\/300
|move|p1a: Horsea|Hydro Pump|p2a: Mew
|-damage|p2a: Mew|152\/300
|
|turn|22
|
|move|p2a: Mew|Psychic|p1a: Horsea
|-crit|p1a: Horsea
|-damage|p1a: Horsea|117\/252
|move|p1a: Horsea|Hydro Pump|p2a: Mew
|-damage|p2a: Mew|7\/300
|
|turn|23
|
|move|p2a: Mew|Psychic|p1a: Horsea|[miss]
|-miss|p2a: Mew
|move|p1a: Horsea|Blizzard|p2a: Mew
|-damage|p2a: Mew|0 fnt
|faint|p2a: Mew
|
|switch|p2a: Graveler|Graveler, L85|267\/267
|turn|24
|
|move|p1a: Horsea|Hydro Pump|p2a: Graveler
|-supereffective|p2a: Graveler
|-damage|p2a: Graveler|0 fnt
|faint|p2a: Graveler
|
|switch|p2a: Zapdos|Zapdos, L79|165\/304 frz
|turn|25
|
|cant|p2a: Zapdos|frz
|move|p1a: Horsea|Mimic|p2a: Zapdos
|-start|p1a: Horsea|Mimic|Drill Peck
|
|turn|26
|
|cant|p2a: Zapdos|frz
|move|p1a: Horsea|Blizzard|p2a: Zapdos
|-supereffective|p2a: Zapdos
|-damage|p2a: Zapdos|23\/304 frz
|
|turn|27
|
|cant|p2a: Zapdos|frz
|move|p1a: Horsea|Drill Peck|p2a: Zapdos
|-resisted|p2a: Zapdos
|-damage|p2a: Zapdos|0 fnt
|faint|p2a: Zapdos
|
|switch|p2a: Exeggutor|Exeggutor, L79|71\/312 slp
|turn|28
|
|move|p1a: Horsea|Drill Peck|p2a: Exeggutor
|-crit|p2a: Exeggutor
|-supereffective|p2a: Exeggutor
|-damage|p2a: Exeggutor|0 fnt
|faint|p2a: Exeggutor
|
|win|Seraldia
|raw|Ladder updating...
|raw|Seraldia's rating: 1091 &rarr; <strong>1132<\/strong><br \/>(+41 for winning)
|raw|gen1masterrony's rating: 1305 &rarr; <strong>1274<\/strong><br \/>(-31 for losing)
|leave|gen1masterrony
|player|p2