|join|gen1masterrony
|join|ace879
|player|p1|gen1masterrony|266
|player|p2|ace879|1
|gametype|singles
|gen|1
|tier|[Gen 1] Random Battle
|rule|Sleep Clause Mod: Limit one foe put to sleep
|rule|Freeze Clause Mod: Limit one foe frozen
|rule|HP Percentage Mod: HP is shown in percentages
|
|start
|switch|p1a: Diglett|Diglett, L96|214\/214
|switch|p2a: Sandshrew|Sandshrew, L96|291\/291
|turn|1
|
|switch|p1a: Porygon|Porygon, L85|284\/284
|move|p2a: Sandshrew|Earthquake|p1a: Porygon
|-damage|p1a: Porygon|157\/284
|
|turn|2
|
|move|p2a: Sandshrew|Earthquake|p1a: Porygon
|-damage|p1a: Porygon|24\/284
|move|p1a: Porygon|Ice Beam|p2a: Sandshrew
|-supereffective|p2a: Sandshrew
|-damage|p2a: Sandshrew|116\/291
|
|turn|3
|
|move|p2a: Sandshrew|Earthquake|p1a: Porygon
|-damage|p1a: Porygon|0 fnt
|faint|p1a: Porygon
|
|switch|p1a: Seadra|Seadra, L90|282\/282
|turn|4
|
|switch|p2a: Nidoran-F|Nidoran-F, L96|300\/300
|move|p1a: Seadra|Surf|p2a: Nidoran-F
|-crit|p2a: Nidoran-F
|-damage|p2a: Nidoran-F|0 fnt
|faint|p2a: Nidoran-F
|
|switch|p2a: Ditto|Ditto, L99|296\/296
|turn|5
|
|switch|p1a: Kakuna|Kakuna, L99|290\/290
|move|p2a: Ditto|Transform|p1a: Kakuna
|-transform|p2a: Ditto|p1a: Kakuna
|
|turn|6
|c|★ace879|haha nice
|
|move|p2a: Ditto|Poison Sting|p1a: Kakuna
|-damage|p1a: Kakuna|272\/290
|move|p1a: Kakuna|String Shot|p2a: Ditto
|-unboost|p2a: Ditto|spe|1
|
|turn|7
|c|★gen1masterrony|lol
|
|switch|p1a: Diglett|Diglett, L96|214\/214
|move|p2a: Ditto|Poison Sting|p1a: Diglett
|-resisted|p1a: Diglett
|-damage|p1a: Diglett|203\/214
|
|turn|8
|
|move|p1a: Diglett|Earthquake|p2a: Ditto
|-damage|p2a: Ditto|184\/296
|move|p2a: Ditto|String Shot|p1a: Diglett
|-unboost|p1a: Diglett|spe|1
|
|turn|9
|
|switch|p1a: Kakuna|Kakuna, L99|272\/290
|move|p2a: Ditto|String Shot|p1a: Kakuna
|-unboost|p1a: Kakuna|spe|1
|
|turn|10
|
|switch|p1a: Hypno|Hypno, L85|318\/318
|move|p2a: Ditto|Poison Sting|p1a: Hypno
|-damage|p1a: Hypno|301\/318
|
|turn|11
|
|move|p1a: Hypno|Psychic|p2a: Ditto
|-supereffective|p2a: Ditto
|-damage|p2a: Ditto|0 fnt
|faint|p2a: Ditto
|
|switch|p2a: Jolteon|Jolteon, L79|265\/265
|turn|12
|c|★gen1masterrony|is this the semi final ?
|c|★ace879|i think so
|
|switch|p1a: Diglett|Diglett, L96|203\/214
|move|p2a: Jolteon|Thunderbolt|p1a: Diglett
|-immune|p1a: Diglett|[msg]
|
|turn|13
|
|switch|p2a: Articuno|Articuno, L79|304\/304
|move|p1a: Diglett|Earthquake|p2a: Articuno
|-immune|p2a: Articuno|[msg]
|
|turn|14
|
|switch|p1a: Hypno|Hypno, L85|301\/318
|move|p2a: Articuno|Ice Beam|p1a: Hypno
|-damage|p1a: Hypno|212\/318
|
|turn|15
|
|switch|p2a: Kadabra|Kadabra, L85|242\/242
|move|p1a: Hypno|Hypnosis|p2a: Kadabra
|-status|p2a: Kadabra|slp
|
|turn|16
|
|switch|p1a: Arbok|Arbok, L90|291\/291
|cant|p2a: Kadabra|slp
|
|turn|17
|
|cant|p2a: Kadabra|slp
|move|p1a: Arbok|Rock Slide|p2a: Kadabra
|-damage|p2a: Kadabra|146\/242 slp
|
|turn|18
|
|-curestatus|p2a: Kadabra|slp
|move|p1a: Arbok|Earthquake|p2a: Kadabra
|-damage|p2a: Kadabra|18\/242
|
|turn|19
|
|move|p2a: Kadabra|Psychic|p1a: Arbok
|-supereffective|p1a: Arbok
|-damage|p1a: Arbok|33\/291
|move|p1a: Arbok|Hyper Beam|p2a: Kadabra|[miss]
|-miss|p1a: Arbok
|
|turn|20
|c|★gen1masterrony|shit
|
|move|p2a: Kadabra|Psychic|p1a: Arbok|[miss]
|-miss|p2a: Kadabra
|move|p1a: Arbok|Body Slam|p2a: Kadabra
|-damage|p2a: Kadabra|0 fnt
|faint|p2a: Kadabra
|c|★ace879|hacks man
|c|★gen1masterrony|what ????
|c|★ace879|psychic can miss?
|c|★gen1masterrony|yeah i have seen this before
|
|switch|p2a: Jolteon|Jolteon, L79|265\/265
|turn|21
|c|★ace879|thats so weird
|c|★gen1masterrony|all the 100% acc moves are actually 99.6% acc
|c|★ace879|gen 1 is really missed up
|
|move|p2a: Jolteon|Double Kick|p1a: Arbok
|-resisted|p1a: Arbok
|-damage|p1a: Arbok|25\/291
|-damage|p1a: Arbok|17\/291
|-hitcount|p1a: Arbok|2
|move|p1a: Arbok|Earthquake|p2a: Jolteon
|-supereffective|p2a: Jolteon
|-damage|p2a: Jolteon|62\/265
|
|turn|22
|c|★ace879|wow!
|
|move|p2a: Jolteon|Thunderbolt|p1a: Arbok
|-crit|p1a: Arbok
|-damage|p1a: Arbok|0 fnt
|faint|p1a: Arbok
|
|switch|p1a: Diglett|Diglett, L96|203\/214
|turn|23
|
|move|p2a: Jolteon|Double Kick|p1a: Diglett
|-damage|p1a: Diglett|179\/214
|-damage|p1a: Diglett|155\/214
|-hitcount|p1a: Diglett|2
|move|p1a: Diglett|Slash|p2a: Jolteon
|-crit|p2a: Jolteon
|-damage|p2a: Jolteon|0 fnt
|faint|p2a: Jolteon
|
|switch|p2a: Sandshrew|Sandshrew, L96|116\/291
|turn|24
|
|move|p1a: Diglett|Earthquake|p2a: Sandshrew
|-crit|p2a: Sandshrew
|-damage|p2a: Sandshrew|0 fnt
|faint|p2a: Sandshrew
|
|switch|p2a: Articuno|Articuno, L79|304\/304
|turn|25
|
|move|p1a: Diglett|Sand Attack|p2a: Articuno
|-unboost|p2a: Articuno|accuracy|1
|move|p2a: Articuno|Ice Beam|p1a: Diglett
|-supereffective|p1a: Diglett
|-damage|p1a: Diglett|0 fnt
|faint|p1a: Diglett
|
|switch|p1a: Hypno|Hypno, L85|212\/318
|turn|26
|
|move|p2a: Articuno|Ice Beam|p1a: Hypno|[miss]
|-miss|p2a: Articuno
|move|p1a: Hypno|Thunder Wave|p2a: Articuno
|-status|p2a: Articuno|par
|
|turn|27
|
|move|p1a: Hypno|Psychic|p2a: Articuno
|-damage|p2a: Articuno|212\/304 par
|-unboost|p2a: Articuno|spd|1
|-unboost|p2a: Articuno|spa|1
|cant|p2a: Articuno|par
|
|turn|28
|join|caputo11234
|
|move|p1a: Hypno|Psychic|p2a: Articuno
|-damage|p2a: Articuno|64\/304 par
|cant|p2a: Articuno|par
|
|turn|29
|join|PickleSleuth
|c|★ace879|gg
|c|★gen1masterrony|gg
|
|move|p1a: Hypno|Psychic|p2a: Articuno
|-damage|p2a: Articuno|0 fnt
|faint|p2a: Articuno
|
|win|gen1masterrony
|leave|ace879
|player|p2
|leave|PickleSleuth