|join|tjorfdc
|join|kid gf lol
|player|p1|tjorfdc|163
|player|p2|kid gf lol|168
|gametype|singles
|gen|1
|tier|[Gen 1] OU (beta)
|rule|Sleep Clause Mod: Limit one foe put to sleep
|rule|Species Clause: Limit one of each Pokemon
|rule|OHKO Clause: OHKO moves are banned
|rule|Moody Clause: Moody is banned
|rule|Evasion Moves Clause: Evasion moves are banned
|rule|Endless Battle Clause: Forcing endless battles is banned.
|rule|HP Percentage Mod: HP is reported as percentages
|
|start
|switch|p1a: Bird Jesus|Pidgeot|369\/369
|switch|p2a: Star Role|Starmie|323\/323
|turn|1
|join|ashiemore
|
|move|p2a: Star Role|Blizzard|p1a: Bird Jesus
|-supereffective|p1a: Bird Jesus
|-damage|p1a: Bird Jesus|131\/369
|move|p1a: Bird Jesus|Mirror Move|p2a: Star Role
|-fail|p2a: Star Role
|
|turn|2
|chat|ashiemore|lol
|chat|kid gf lol|damn it, really
|chat|tjorfdc|lol i have 0 experience in gen 1 competitive
|chat|ashiemore|um
|
|switch|p1a: Air Jordan|Lapras|463\/463
|move|p2a: Star Role|Blizzard|p1a: Air Jordan
|-crit|p1a: Air Jordan
|-resisted|p1a: Air Jordan
|-damage|p1a: Air Jordan|418\/463
|
|turn|3
|chat|ashiemore|that's not a good reason to use a tpp team
|chat|ashiemore|>_>
|
|move|p2a: Star Role|Thunderbolt|p1a: Air Jordan
|-supereffective|p1a: Air Jordan
|-damage|p1a: Air Jordan|252\/463
|move|p1a: Air Jordan|Thunderbolt|p2a: Star Role
|-supereffective|p2a: Star Role
|-damage|p2a: Star Role|181\/323
|
|turn|4
|
|move|p2a: Star Role|Thunderbolt|p1a: Air Jordan
|-supereffective|p1a: Air Jordan
|-damage|p1a: Air Jordan|108\/463
|move|p1a: Air Jordan|Confuse Ray|p2a: Star Role
|-start|p2a: Star Role|confusion
|
|turn|5
|
|switch|p1a: King Fonz|Nidoking|365\/365
|-activate|p2a: Star Role|confusion
|-damage|p2a: Star Role|152\/323|[from] confusion
|
|turn|6
|
|-activate|p2a: Star Role|confusion
|-damage|p2a: Star Role|121\/323|[from] confusion
|move|p1a: King Fonz|Earthquake|p2a: Star Role
|-damage|p2a: Star Role|0 fnt
|faint|p2a: Star Role
|
|
|switch|p2a: Result Of Incest|Exeggutor|393\/393
|turn|7
|chat|ashiemore|what
|chat|tjorfdc|still better than scizor, ttar, talonflame, and all that stupid over used shit lol
|chat|ashiemore|It's not supposed to have a capital o
|chat|ashiemore|lol
|
|switch|p1a: Battery Bird|Zapdos|383\/383
|move|p2a: Result Of Incest|Sleep Powder|p1a: Battery Bird
|-status|p1a: Battery Bird|slp
|
|turn|8
|chat|tjorfdc|ah sleep lol
|
|switch|p2a: No Tnt|Rhydon|413\/413
|cant|p1a: Battery Bird|slp
|
|turn|9
|
|switch|p1a: King Fonz|Nidoking|365\/365
|move|p2a: No Tnt|Earthquake|p1a: King Fonz
|-supereffective|p1a: King Fonz
|-damage|p1a: King Fonz|11\/365
|
|turn|10
|chat|kid gf lol|never looked at it lol
|
|switch|p2a: Result Of Incest|Exeggutor|393\/393
|move|p1a: King Fonz|Ice Beam|p2a: Result Of Incest
|-supereffective|p2a: Result Of Incest
|-damage|p2a: Result Of Incest|290\/393
|
|turn|11
|
|move|p1a: King Fonz|Body Slam|p2a: Result Of Incest
|-damage|p2a: Result Of Incest|219\/393
|-status|p2a: Result Of Incest|par
|cant|p2a: Result Of Incest|par
|
|turn|12
|chat|tjorfdc|yes
|
|switch|p1a: Bird Jesus|Pidgeot|131\/369
|move|p2a: Result Of Incest|Psychic|p1a: Bird Jesus
|-damage|p1a: Bird Jesus|0 fnt
|faint|p1a: Bird Jesus
|
|chat|tjorfdc|shit
|chat|tjorfdc|xd
|
|switch|p1a: ATV|Venomoth|343\/343
|turn|13
|chat|tjorfdc|holy crap what am i doing
|
|switch|p1a: Battery Bird|Zapdos|383\/383 slp
|cant|p2a: Result Of Incest|par
|
|turn|14
|chat|kid gf lol|tpp team isn't that good
|
|switch|p2a: No Tnt|Rhydon|413\/413
|cant|p1a: Battery Bird|slp
|
|turn|15
|chat|ashiemore|in other words horrible
|chat|kid gf lol|lapras and zapdos are good
|chat|kid gf lol|the rest are kinda shit
|
|cant|p1a: Battery Bird|slp
|move|p2a: No Tnt|Rock Slide|p1a: Battery Bird
|-supereffective|p1a: Battery Bird
|-damage|p1a: Battery Bird|146\/383 slp
|
|turn|16
|chat|ashiemore|true but pls
|chat|tjorfdc|i know, that's why i try to use it as viable as i can
|chat|tjorfdc|i have this team on gen 6, it works good if you can pull off a qiver dance baton pass with venomoth
|join|marcelbskt
|
|cant|p1a: Battery Bird|slp
|move|p2a: No Tnt|Earthquake|p1a: Battery Bird
|-immune|p1a: Battery Bird|[msg]
|
|turn|17
|chat|kid gf lol|gen6 isnt 1
|chat|tjorfdc|i know i have 2 teams, one for gen 1 and one for gen 6
|chat|kid gf lol|also i doubt this is good in gen6 either
|chat|tjorfdc|i mean with these six
|chat|tjorfdc|it's not good
|chat|tjorfdc|but it's fun, i'm tired if using ttar scizor and rotomwash
|
|cant|p1a: Battery Bird|slp
|move|p2a: No Tnt|Rock Slide|p1a: Battery Bird|[miss]
|-miss|p2a: No Tnt
|
|turn|18
|
|cant|p1a: Battery Bird|slp
|-curestatus|p1a: Battery Bird|slp
|move|p2a: No Tnt|Rock Slide|p1a: Battery Bird
|-supereffective|p1a: Battery Bird
|-damage|p1a: Battery Bird|0 fnt
|faint|p1a: Battery Bird
|
|chat|tjorfdc|woke up to die
|chat|kid gf lol|i just watched your gen6 battle you dont even use this team lol
|
|switch|p1a: Lord Helix|Omastar|343\/343
|turn|19
|chat|tjorfdc|i have more than 1 gen6 ou team
|chat|tjorfdc|that one was the usual one, that i'm kinda tired of using
|
|switch|p2a: Egg Kangaroo|Chansey|703\/703
|move|p1a: Lord Helix|Hydro Pump|p2a: Egg Kangaroo
|-damage|p2a: Egg Kangaroo|558\/703
|
|turn|20
|
|move|p1a: Lord Helix|Seismic Toss|p2a: Egg Kangaroo
|-damage|p2a: Egg Kangaroo|458\/703
|move|p2a: Egg Kangaroo|Ice Beam|p1a: Lord Helix
|-resisted|p1a: Lord Helix
|-damage|p1a: Lord Helix|310\/343
|
|turn|21
|
|switch|p1a: ATV|Venomoth|343\/343
|move|p2a: Egg Kangaroo|Ice Beam|p1a: ATV
|-damage|p1a: ATV|266\/343
|
|turn|22
|
|move|p1a: ATV|Sleep Powder|p2a: Egg Kangaroo
|-status|p2a: Egg Kangaroo|slp
|cant|p2a: Egg Kangaroo|slp
|
|turn|23
|
|switch|p2a: Result Of Incest|Exeggutor|219\/393 par
|move|p1a: ATV|Mega Drain|p2a: Result Of Incest
|-resisted|p2a: Result Of Incest
|-damage|p2a: Result Of Incest|206\/393 par
|-heal|p1a: ATV|273\/343|[from] drain|[of] p2a: Result Of Incest
|
|turn|24
|
|switch|p1a: Air Jordan|Lapras|108\/463
|move|p2a: Result Of Incest|Psychic|p1a: Air Jordan
|-damage|p1a: Air Jordan|0 fnt
|faint|p1a: Air Jordan
|
|
|switch|p1a: King Fonz|Nidoking|11\/365
|turn|25
|
|move|p1a: King Fonz|Body Slam|p2a: Result Of Incest
|-damage|p2a: Result Of Incest|137\/393 par
|move|p2a: Result Of Incest|Psychic|p1a: King Fonz
|-supereffective|p1a: King Fonz
|-damage|p1a: King Fonz|0 fnt
|faint|p1a: King Fonz
|
|
|switch|p1a: Lord Helix|Omastar|310\/343
|turn|26
|
|move|p1a: Lord Helix|Blizzard|p2a: Result Of Incest
|-supereffective|p2a: Result Of Incest
|-damage|p2a: Result Of Incest|0 fnt
|faint|p2a: Result Of Incest
|
|
|switch|p2a: That's Bull|Tauros|353\/353
|turn|27
|
|move|p2a: That's Bull|Earthquake|p1a: Lord Helix
|-supereffective|p1a: Lord Helix
|-damage|p1a: Lord Helix|183\/343
|move|p1a: Lord Helix|Hydro Pump|p2a: That's Bull
|-damage|p2a: That's Bull|152\/353
|
|turn|28
|
|move|p2a: That's Bull|Earthquake|p1a: Lord Helix
|-supereffective|p1a: Lord Helix
|-damage|p1a: Lord Helix|59\/343
|move|p1a: Lord Helix|Hydro Pump|p2a: That's Bull
|-damage|p2a: That's Bull|0 fnt
|faint|p2a: That's Bull
|
|
|switch|p2a: He's Got A Big|Snorlax|523\/523
|turn|29
|
|move|p1a: Lord Helix|Rest|p1a: Lord Helix
|-status|p1a: Lord Helix|slp
|-heal|p1a: Lord Helix|343\/343 slp|[silent]
|-status|p1a: Lord Helix|slp|[from] move: Rest
|move|p2a: He's Got A Big|Ice Beam|p1a: Lord Helix
|-resisted|p1a: Lord Helix
|-damage|p1a: Lord Helix|316\/343 slp
|
|turn|30
|
|switch|p2a: No Tnt|Rhydon|413\/413
|cant|p1a: Lord Helix|slp
|
|turn|31
|
|cant|p1a: Lord Helix|slp
|-curestatus|p1a: Lord Helix|slp
|move|p2a: No Tnt|Earthquake|p1a: Lord Helix
|-supereffective|p1a: Lord Helix
|-damage|p1a: Lord Helix|71\/343
|
|turn|32
|join|piff93
|
|move|p1a: Lord Helix|Hydro Pump|p2a: No Tnt
|-supereffective|p2a: No Tnt
|-damage|p2a: No Tnt|0 fnt
|faint|p2a: No Tnt
|
|
|switch|p2a: He's Got A Big|Snorlax|523\/523
|turn|33
|
|move|p1a: Lord Helix|Rest|p1a: Lord Helix
|-status|p1a: Lord Helix|slp
|-heal|p1a: Lord Helix|343\/343 slp|[silent]
|-status|p1a: Lord Helix|slp|[from] move: Rest
|move|p2a: He's Got A Big|Self-Destruct|p1a: Lord Helix
|-resisted|p1a: Lord Helix
|-damage|p1a: Lord Helix|195\/343 slp
|faint|p2a: He's Got A Big
|
|switch|p2a: Egg Kangaroo|Chansey|458\/703 slp
|turn|34
|
|cant|p1a: Lord Helix|slp
|cant|p2a: Egg Kangaroo|slp
|
|turn|35
|
|cant|p1a: Lord Helix|slp
|-curestatus|p1a: Lord Helix|slp
|cant|p2a: Egg Kangaroo|slp
|
|turn|36
|
|move|p1a: Lord Helix|Seismic Toss|p2a: Egg Kangaroo
|-damage|p2a: Egg Kangaroo|358\/703 slp
|cant|p2a: Egg Kangaroo|slp
|
|turn|37
|
|move|p1a: Lord Helix|Hydro Pump|p2a: Egg Kangaroo
|-damage|p2a: Egg Kangaroo|202\/703 slp
|cant|p2a: Egg Kangaroo|slp
|
|turn|38
|
|move|p1a: Lord Helix|Hydro Pump|p2a: Egg Kangaroo
|-damage|p2a: Egg Kangaroo|46\/703 slp
|cant|p2a: Egg Kangaroo|slp
|-curestatus|p2a: Egg Kangaroo|slp
|
|turn|39
|
|move|p1a: Lord Helix|Seismic Toss|p2a: Egg Kangaroo
|-damage|p2a: Egg Kangaroo|0 fnt
|faint|p2a: Egg Kangaroo
|
|win|tjorfdc
|leave|kid gf lol
|player|p2
|chat|tjorfdc|gg
|leave|marcelbskt
|leave|ashiemore
|leave|tjorfdc
|player|p1
|leave|piff93
|join|ashiemore