|j|Ban homosexuality
|j|Groudon80
|player|p1|Ban homosexuality|170
|player|p2|Groudon80|102
|gametype|singles
|gen|1
|tier|[Gen 1] Random Battle
|rated
|seed|
|rule|Sleep Clause Mod: Limit one foe put to sleep
|rule|Freeze Clause Mod: Limit one foe frozen
|rule|HP Percentage Mod: HP is shown in percentages
|
|start
|switch|p1a: Vulpix|Vulpix, L96|100\/100
|switch|p2a: Squirtle|Squirtle, L96|100\/100
|turn|1
|choice||
|
|switch|p1a: Raichu|Raichu, L85|100\/100
|move|p2a: Squirtle|Blizzard|p1a: Raichu
|-damage|p1a: Raichu|74\/100
|
|turn|2
|choice||
|
|switch|p2a: Clefable|Clefable, L85|100\/100
|move|p1a: Raichu|Thunderbolt|p2a: Clefable
|-crit|p2a: Clefable
|-damage|p2a: Clefable|47\/100
|
|turn|3
|choice||
|
|move|p1a: Raichu|Thunderbolt|p2a: Clefable
|-damage|p2a: Clefable|19\/100
|move|p2a: Clefable|Thunder Wave|p1a: Raichu
|-status|p1a: Raichu|par
|
|turn|4
|choice||
|
|move|p2a: Clefable|Hyper Beam|p1a: Raichu
|-damage|p1a: Raichu|9\/100 par
|move|p1a: Raichu|Agility|p1a: Raichu
|-boost|p1a: Raichu|spe|2
|
|turn|5
|-mustrecharge|p2a: Clefable
|-mustrecharge|p2a: Clefable
|choice||
|
|move|p1a: Raichu|Thunderbolt|p2a: Clefable
|-damage|p2a: Clefable|0 fnt
|faint|p2a: Clefable
|choice||
|
|switch|p2a: Nidoqueen|Nidoqueen, L85|100\/100
|turn|6
|choice||
|
|cant|p1a: Raichu|par
|move|p2a: Nidoqueen|Body Slam|p1a: Raichu
|-damage|p1a: Raichu|0 fnt
|faint|p1a: Raichu
|choice||
|
|switch|p1a: Shellder|Shellder, L96|100\/100
|turn|7
|choice||
|
|switch|p2a: Squirtle|Squirtle, L96|100\/100
|move|p1a: Shellder|Surf|p2a: Squirtle
|-resisted|p2a: Squirtle
|-damage|p2a: Squirtle|83\/100
|
|turn|8
|choice||
|
|move|p2a: Squirtle|Body Slam|p1a: Shellder
|-damage|p1a: Shellder|84\/100
|move|p1a: Shellder|Ice Beam|p2a: Squirtle
|-resisted|p2a: Squirtle
|-damage|p2a: Squirtle|70\/100
|
|turn|9
|choice||
|
|switch|p2a: Electabuzz|Electabuzz, L85|100\/100
|move|p1a: Shellder|Toxic|p2a: Electabuzz
|-status|p2a: Electabuzz|tox
|
|turn|10
|choice||
|
|switch|p1a: Hypno|Hypno, L85|100\/100
|move|p2a: Electabuzz|Psychic|p1a: Hypno
|-resisted|p1a: Hypno
|-damage|p1a: Hypno|93\/100
|-damage|p2a: Electabuzz|95\/100 tox|[from] tox|[of] p1a: Hypno
|
|turn|11
|choice||
|
|switch|p2a: Jynx|Jynx, L79|100\/100
|move|p1a: Hypno|Psychic|p2a: Jynx
|-resisted|p2a: Jynx
|-damage|p2a: Jynx|80\/100
|
|turn|12
|choice||
|
|switch|p1a: Shellder|Shellder, L96|84\/100
|move|p2a: Jynx|Lovely Kiss|p1a: Shellder
|-status|p1a: Shellder|slp
|
|turn|13
|choice||
|
|switch|p1a: Vulpix|Vulpix, L96|100\/100
|move|p2a: Jynx|Blizzard|p1a: Vulpix
|-damage|p1a: Vulpix|53\/100
|
|turn|14
|choice||
|
|switch|p2a: Growlithe|Growlithe, L96|100\/100
|move|p1a: Vulpix|Body Slam|p2a: Growlithe
|-crit|p2a: Growlithe
|-damage|p2a: Growlithe|64\/100
|
|turn|15
|choice||
|
|move|p1a: Vulpix|Confuse Ray|p2a: Growlithe
|-start|p2a: Growlithe|confusion
|-activate|p2a: Growlithe|confusion
|move|p2a: Growlithe|Body Slam|p1a: Vulpix
|-damage|p1a: Vulpix|20\/100
|
|turn|16
|choice||
|
|switch|p2a: Squirtle|Squirtle, L96|70\/100
|move|p1a: Vulpix|Body Slam|p2a: Squirtle
|-damage|p2a: Squirtle|52\/100
|
|turn|17
|choice||
|
|move|p1a: Vulpix|Confuse Ray|p2a: Squirtle
|-start|p2a: Squirtle|confusion
|-activate|p2a: Squirtle|confusion
|-damage|p2a: Squirtle|42\/100|[from] confusion
|
|turn|18
|choice||
|
|move|p1a: Vulpix|Body Slam|p2a: Squirtle
|-crit|p2a: Squirtle
|-damage|p2a: Squirtle|5\/100
|-status|p2a: Squirtle|par
|-activate|p2a: Squirtle|confusion
|-damage|p2a: Squirtle|0 fnt|[from] confusion
|faint|p2a: Squirtle
|c|★Groudon80|Nice hax
|choice||
|
|switch|p2a: Electabuzz|Electabuzz, L85|95\/100 tox
|-status|p2a: Electabuzz|psn
|turn|19
|choice||
|
|move|p2a: Electabuzz|Seismic Toss|p1a: Vulpix
|-damage|p1a: Vulpix|0 fnt
|faint|p1a: Vulpix
|choice||
|
|switch|p1a: Hypno|Hypno, L85|93\/100
|turn|20
|choice||
|
|switch|p2a: Jynx|Jynx, L79|80\/100
|move|p1a: Hypno|Psychic|p2a: Jynx
|-resisted|p2a: Jynx
|-damage|p2a: Jynx|58\/100
|
|turn|21
|choice||
|
|move|p2a: Jynx|Blizzard|p1a: Hypno
|-crit|p1a: Hypno
|-damage|p1a: Hypno|39\/100
|move|p1a: Hypno|Hypnosis|p2a: Jynx|[miss]
|-miss|p1a: Hypno
|
|turn|22
|c|★Ban homosexuality|hax huh
|choice||
|
|move|p2a: Jynx|Blizzard|p1a: Hypno
|-damage|p1a: Hypno|8\/100
|move|p1a: Hypno|Hypnosis|p2a: Jynx
|-status|p2a: Jynx|slp
|
|turn|23
|choice||
|
|cant|p2a: Jynx|slp
|move|p1a: Hypno|Rest|p1a: Hypno
|-status|p1a: Hypno|slp
|-heal|p1a: Hypno|100\/100 slp|[silent]
|-status|p1a: Hypno|slp|[from] move: Rest
|
|turn|24
|choice||
|
|-curestatus|p2a: Jynx|slp
|cant|p1a: Hypno|slp
|
|turn|25
|choice||
|
|move|p2a: Jynx|Mimic|p1a: Hypno
|-start|p2a: Jynx|Mimic|Psychic
|-curestatus|p1a: Hypno|slp
|
|turn|26
|choice||
|
|move|p2a: Jynx|Blizzard|p1a: Hypno
|-crit|p1a: Hypno
|-damage|p1a: Hypno|43\/100
|move|p1a: Hypno|Hypnosis|p2a: Jynx|[miss]
|-miss|p1a: Hypno
|
|turn|27
|choice||
|
|move|p2a: Jynx|Blizzard|p1a: Hypno
|-damage|p1a: Hypno|13\/100
|move|p1a: Hypno|Hypnosis|p2a: Jynx
|-status|p2a: Jynx|slp
|
|turn|28
|choice||
|
|switch|p2a: Nidoqueen|Nidoqueen, L85|100\/100
|move|p1a: Hypno|Rest|p1a: Hypno
|-status|p1a: Hypno|slp
|-heal|p1a: Hypno|100\/100 slp|[silent]
|-status|p1a: Hypno|slp|[from] move: Rest
|
|turn|29
|choice||
|
|switch|p1a: Shellder|Shellder, L96|84\/100 slp
|move|p2a: Nidoqueen|Earthquake|p1a: Shellder
|-damage|p1a: Shellder|53\/100 slp
|
|turn|30
|choice||
|
|move|p2a: Nidoqueen|Earthquake|p1a: Shellder
|-damage|p1a: Shellder|23\/100 slp
|cant|p1a: Shellder|slp
|
|turn|31
|choice||
|
|move|p2a: Nidoqueen|Earthquake|p1a: Shellder
|-damage|p1a: Shellder|0 fnt
|faint|p1a: Shellder
|choice||
|
|switch|p1a: Mewtwo|Mewtwo, L68|100\/100
|turn|32
|choice||
|
|switch|p2a: Growlithe|Growlithe, L96|64\/100
|move|p1a: Mewtwo|Amnesia|p1a: Mewtwo
|-boost|p1a: Mewtwo|spd|2
|-boost|p1a: Mewtwo|spa|2
|
|turn|33
|choice||
|
|move|p1a: Mewtwo|Psychic|p2a: Growlithe
|-damage|p2a: Growlithe|0 fnt
|faint|p2a: Growlithe
|choice||
|
|switch|p2a: Jynx|Jynx, L79|58\/100 slp
|turn|34
|choice||
|
|move|p1a: Mewtwo|Amnesia|p1a: Mewtwo
|-boost|p1a: Mewtwo|spd|2
|-boost|p1a: Mewtwo|spa|2
|cant|p2a: Jynx|slp
|
|turn|35
|choice||
|
|move|p1a: Mewtwo|Body Slam|p2a: Jynx
|-damage|p2a: Jynx|27\/100 slp
|cant|p2a: Jynx|slp
|
|turn|36
|choice||
|
|switch|p2a: Electabuzz|Electabuzz, L85|95\/100 psn
|-damage|p2a: Electabuzz|89\/100 psn|[from] psn
|move|p1a: Mewtwo|Amnesia|p1a: Mewtwo
|-boost|p1a: Mewtwo|spd|2
|-boost|p1a: Mewtwo|spa|2
|
|turn|37
|choice||
|
|move|p2a: Electabuzz|Thunder Wave|p1a: Mewtwo
|-status|p1a: Mewtwo|par
|-damage|p2a: Electabuzz|83\/100 psn|[from] psn|[of] p1a: Mewtwo
|move|p1a: Mewtwo|Psychic|p2a: Electabuzz
|-damage|p2a: Electabuzz|0 fnt
|faint|p2a: Electabuzz
|choice||
|
|switch|p2a: Nidoqueen|Nidoqueen, L85|100\/100
|turn|38
|choice||
|
|move|p2a: Nidoqueen|Earthquake|p1a: Mewtwo
|-damage|p1a: Mewtwo|62\/100 par
|cant|p1a: Mewtwo|par
|
|turn|39
|choice||
|
|move|p2a: Nidoqueen|Earthquake|p1a: Mewtwo
|-damage|p1a: Mewtwo|23\/100 par
|move|p1a: Mewtwo|Psychic|p2a: Nidoqueen
|-supereffective|p2a: Nidoqueen
|-damage|p2a: Nidoqueen|0 fnt
|faint|p2a: Nidoqueen
|choice||
|
|switch|p2a: Jynx|Jynx, L79|27\/100 slp
|turn|40
|c|★Ban homosexuality|you'll beat me one day, kiddo
|c|★Ban homosexuality|just keep at it
|choice||
|
|cant|p2a: Jynx|slp
|move|p1a: Mewtwo|Psychic|p2a: Jynx
|-crit|p2a: Jynx
|-resisted|p2a: Jynx
|-damage|p2a: Jynx|0 fnt
|faint|p2a: Jynx
|
|win|Ban homosexuality
|player|p1
|player|p2
|raw|Ban homosexuality's rating: 1234 &rarr; <strong>1272<\/strong><br \/>(+38 for winning)
|raw|Groudon80's rating: 1438 &rarr; <strong>1408<\/strong><br \/>(-30 for losing)
|l|Groudon80