|j|It was all a dream
|j|Munby1
|player|p1|It was all a dream|229
|player|p2|Munby1|101
|gametype|singles
|gen|1
|tier|[Gen 1] Random Battle
|seed|64436,39477,1541,7827
|rule|Sleep Clause Mod: Limit one foe put to sleep
|rule|Freeze Clause Mod: Limit one foe frozen
|rule|HP Percentage Mod: HP is shown in percentages
|
|start
|switch|p1a: Gastly|Gastly, L96|252\/252
|switch|p2a: Eevee|Eevee, L96|300\/300
|turn|1
|choice|move 1|switch 5
|
|switch|p2a: Articuno|Articuno, L79|304\/304
|move|p1a: Gastly|Hypnosis|p2a: Articuno
|-status|p2a: Articuno|slp
|
|turn|2
|choice|switch 6|move 4
|
|switch|p1a: Rhydon|Rhydon, L79|328\/328
|cant|p2a: Articuno|slp
|
|turn|3
|choice|move 2|move 4
|
|cant|p2a: Articuno|slp
|move|p1a: Rhydon|Rock Slide|p2a: Articuno
|-supereffective|p2a: Articuno
|-damage|p2a: Articuno|0 fnt
|faint|p2a: Articuno
|choice||switch 6
|
|switch|p2a: Victreebel|Victreebel, L85|310\/310
|turn|4
|choice|switch 5|move 1
|
|switch|p1a: Rapidash|Rapidash, L90|300\/300
|move|p2a: Victreebel|Razor Leaf|p1a: Rapidash
|-crit|p1a: Rapidash
|-resisted|p1a: Rapidash
|-damage|p1a: Rapidash|242\/300
|
|turn|5
|choice|move 1|switch 3
|
|switch|p2a: Magmar|Magmar, L90|300\/300
|move|p1a: Rapidash|Fire Blast|p2a: Magmar
|-resisted|p2a: Magmar
|-damage|p2a: Magmar|236\/300
|
|turn|6
|choice|move 1|move 4
|
|move|p1a: Rapidash|Fire Blast|p2a: Magmar
|-resisted|p2a: Magmar
|-damage|p2a: Magmar|170\/300
|move|p2a: Magmar|Mimic|p1a: Rapidash
|-start|p2a: Magmar|Mimic|Hyper Beam
|
|turn|7
|choice|move 1|move 1
|
|move|p1a: Rapidash|Fire Blast|p2a: Magmar|[miss]
|-miss|p1a: Rapidash
|move|p2a: Magmar|Body Slam|p1a: Rapidash
|-damage|p1a: Rapidash|164\/300
|-status|p1a: Rapidash|par
|
|turn|8
|choice|move 2|move 2
|
|move|p2a: Magmar|Fire Blast|p1a: Rapidash
|-resisted|p1a: Rapidash
|-damage|p1a: Rapidash|103\/300 par
|cant|p1a: Rapidash|par
|
|turn|9
|choice|switch 6|move 2
|
|switch|p1a: Gastly|Gastly, L96|252\/252
|move|p2a: Magmar|Fire Blast|p1a: Gastly
|-damage|p1a: Gastly|136\/252
|
|turn|10
|choice|move 3|move 2
|
|move|p2a: Magmar|Fire Blast|p1a: Gastly|[miss]
|-miss|p2a: Magmar
|move|p1a: Gastly|Thunderbolt|p2a: Magmar
|-damage|p2a: Magmar|85\/300
|
|turn|11
|choice|move 3|move 2
|
|move|p2a: Magmar|Fire Blast|p1a: Gastly|[miss]
|-miss|p2a: Magmar
|move|p1a: Gastly|Thunderbolt|p2a: Magmar
|-crit|p2a: Magmar
|-damage|p2a: Magmar|0 fnt
|faint|p2a: Magmar
|choice||switch 4
|
|switch|p2a: Alakazam|Alakazam, L79|249\/249
|turn|12
|choice|move 2|move 1
|
|move|p2a: Alakazam|Psychic|p1a: Gastly
|-supereffective|p1a: Gastly
|-damage|p1a: Gastly|0 fnt
|faint|p1a: Gastly
|choice|switch 4|
|
|switch|p1a: Jolteon|Jolteon, L79|265\/265
|turn|13
|choice|move 2|move 4
|
|move|p1a: Jolteon|Pin Missile|p2a: Alakazam|[miss]
|-miss|p1a: Jolteon
|move|p2a: Alakazam|Thunder Wave|p1a: Jolteon
|-status|p1a: Jolteon|par
|
|turn|14
|choice|move 2|switch 5
|
|switch|p2a: Eevee|Eevee, L96|300\/300
|move|p1a: Jolteon|Pin Missile|p2a: Eevee
|-crit|p2a: Eevee
|-damage|p2a: Eevee|284\/300
|-damage|p2a: Eevee|268\/300
|-hitcount|p2a: Eevee|2
|
|turn|15
|choice|move 3|move 3
|
|move|p2a: Eevee|Reflect|p2a: Eevee
|-start|p2a: Eevee|Reflect
|move|p1a: Jolteon|Double Kick|p2a: Eevee
|-supereffective|p2a: Eevee
|-damage|p2a: Eevee|249\/300
|-damage|p2a: Eevee|230\/300
|-hitcount|p2a: Eevee|2
|
|turn|16
|choice|move 4|move 2
|
|move|p2a: Eevee|Tail Whip|p1a: Jolteon
|-unboost|p1a: Jolteon|def|1
|move|p1a: Jolteon|Thunder Wave|p2a: Eevee
|-status|p2a: Eevee|par
|
|turn|17
|choice|switch 2|move 1
|
|switch|p1a: Vaporeon|Vaporeon, L85|395\/395
|cant|p2a: Eevee|par
|
|turn|18
|choice|move 3|move 1
|
|move|p1a: Vaporeon|Surf|p2a: Eevee
|-damage|p2a: Eevee|115\/300 par
|move|p2a: Eevee|Body Slam|p1a: Vaporeon
|-damage|p1a: Vaporeon|299\/395
|-status|p1a: Vaporeon|par
|
|turn|19
|choice|move 1|move 1
|
|move|p2a: Eevee|Body Slam|p1a: Vaporeon
|-damage|p1a: Vaporeon|196\/395 par
|move|p1a: Vaporeon|Rest|p1a: Vaporeon
|-status|p1a: Vaporeon|slp
|-heal|p1a: Vaporeon|395\/395 slp|[silent]
|-status|p1a: Vaporeon|slp|[from] move: Rest
|
|turn|20
|choice|move 3|move 2
|
|move|p2a: Eevee|Tail Whip|p1a: Vaporeon
|-unboost|p1a: Vaporeon|def|1
|cant|p1a: Vaporeon|slp
|
|turn|21
|choice|move 3|move 1
|
|move|p2a: Eevee|Body Slam|p1a: Vaporeon
|-damage|p1a: Vaporeon|227\/395 slp
|-curestatus|p1a: Vaporeon|slp
|
|turn|22
|choice|move 3|move 1
|
|move|p2a: Eevee|Body Slam|p1a: Vaporeon
|-damage|p1a: Vaporeon|84\/395
|-status|p1a: Vaporeon|par
|move|p1a: Vaporeon|Surf|p2a: Eevee
|-damage|p2a: Eevee|0 fnt
|faint|p2a: Eevee
|choice||switch 5
|
|switch|p2a: Alakazam|Alakazam, L79|249\/249
|turn|23
|choice|move 3|move 1
|
|move|p2a: Alakazam|Psychic|p1a: Vaporeon
|-damage|p1a: Vaporeon|0 fnt
|faint|p1a: Vaporeon
|choice|switch 2|
|
|switch|p1a: Jolteon|Jolteon, L79|265\/265 par
|turn|24
|choice|move 2|move 1
|
|move|p2a: Alakazam|Psychic|p1a: Jolteon
|-damage|p1a: Jolteon|173\/265 par
|move|p1a: Jolteon|Pin Missile|p2a: Alakazam|[miss]
|-miss|p1a: Jolteon
|
|turn|25
|choice|move 2|switch 2
|
|switch|p2a: Flareon|Flareon, L90|300\/300
|move|p1a: Jolteon|Pin Missile|p2a: Flareon
|-resisted|p2a: Flareon
|-damage|p2a: Flareon|296\/300
|-damage|p2a: Flareon|292\/300
|-damage|p2a: Flareon|288\/300
|-damage|p2a: Flareon|284\/300
|-hitcount|p2a: Flareon|4
|
|turn|26
|choice|move 4|move 4
|
|move|p2a: Flareon|Fire Blast|p1a: Jolteon
|-damage|p1a: Jolteon|28\/265 par
|move|p1a: Jolteon|Thunder Wave|p2a: Flareon
|-status|p2a: Flareon|par
|
|turn|27
|choice|move 1|move 2
|
|move|p2a: Flareon|Quick Attack|p1a: Jolteon
|-damage|p1a: Jolteon|0 fnt
|faint|p1a: Jolteon
|choice|switch 5|
|
|switch|p1a: Rhydon|Rhydon, L79|328\/328
|turn|28
|choice|move 1|move 3
|
|move|p1a: Rhydon|Earthquake|p2a: Flareon
|-supereffective|p2a: Flareon
|-damage|p2a: Flareon|26\/300 par
|move|p2a: Flareon|Hyper Beam|p1a: Rhydon
|-resisted|p1a: Rhydon
|-damage|p1a: Rhydon|265\/328
|
|turn|29
|-mustrecharge|p2a: Flareon
|-mustrecharge|p2a: Flareon
|choice|move 3|move 1
|
|move|p1a: Rhydon|Substitute|p1a: Rhydon
|-start|p1a: Rhydon|Substitute
|-damage|p1a: Rhydon|183\/328
|cant|p2a: Flareon|recharge
|
|turn|30
|choice|move 1|move 2
|
|move|p2a: Flareon|Quick Attack|p1a: Rhydon
|-resisted|p1a: Rhydon
|-activate|p1a: Rhydon|Substitute|[damage]
|move|p1a: Rhydon|Earthquake|p2a: Flareon
|-crit|p2a: Flareon
|-supereffective|p2a: Flareon
|-damage|p2a: Flareon|0 fnt
|faint|p2a: Flareon
|choice||switch 2
|
|switch|p2a: Alakazam|Alakazam, L79|249\/249
|turn|31
|choice|move 1|move 1
|
|move|p2a: Alakazam|Psychic|p1a: Rhydon
|-end|p1a: Rhydon|Substitute
|move|p1a: Rhydon|Earthquake|p2a: Alakazam
|-damage|p2a: Alakazam|75\/249
|
|turn|32
|choice|switch 6|move 1
|
|switch|p1a: Rapidash|Rapidash, L90|103\/300 par
|move|p2a: Alakazam|Psychic|p1a: Rapidash
|-damage|p1a: Rapidash|6\/300 par
|
|turn|33
|choice|move 1|move 1
|
|move|p2a: Alakazam|Psychic|p1a: Rapidash
|-damage|p1a: Rapidash|0 fnt
|faint|p1a: Rapidash
|choice|switch 3|
|
|switch|p1a: Fearow|Fearow, L90|300\/300
|turn|34
|choice|move 3|move 1
|
|move|p2a: Alakazam|Psychic|p1a: Fearow
|-crit|p1a: Fearow
|-damage|p1a: Fearow|71\/300
|-unboost|p1a: Fearow|spd|1
|-unboost|p1a: Fearow|spa|1
|move|p1a: Fearow|Drill Peck|p2a: Alakazam
|-damage|p2a: Alakazam|0 fnt
|faint|p2a: Alakazam
|choice||switch 3
|
|switch|p2a: Victreebel|Victreebel, L85|310\/310
|turn|35
|choice|move 3|move 1
|
|move|p1a: Fearow|Drill Peck|p2a: Victreebel
|-supereffective|p2a: Victreebel
|-damage|p2a: Victreebel|73\/310
|move|p2a: Victreebel|Razor Leaf|p1a: Fearow
|-crit|p1a: Fearow
|-resisted|p1a: Fearow
|-damage|p1a: Fearow|3\/300
|
|turn|36
|choice|move 3|move 1
|
|move|p1a: Fearow|Drill Peck|p2a: Victreebel
|-crit|p2a: Victreebel
|-supereffective|p2a: Victreebel
|-damage|p2a: Victreebel|0 fnt
|faint|p2a: Victreebel
|
|win|It was all a dream
|player|p1
|player|p2
|l|Munby1