|join|riwu
|join|sciberbia
|player|p1|riwu|101
|player|p2|sciberbia|52
|gametype|singles
|gen|1
|tier|[Gen 1] Random Battle
|rated
|seed|46560,30856,11385,21287
|rule|Sleep Clause Mod: Limit one foe put to sleep
|rule|Freeze Clause Mod: Limit one foe frozen
|rule|HP Percentage Mod: HP is shown in percentages
|
|start
|switch|p1a: Starmie|Starmie, L79|257\/257
|switch|p2a: Poliwhirl|Poliwhirl, L85|284\/284
|turn|1
|choice|switch 3|move 2
|
|switch|p1a: Kakuna|Kakuna, L99|290\/290
|move|p2a: Poliwhirl|Hypnosis|p1a: Kakuna|[miss]
|-miss|p2a: Poliwhirl
|
|turn|2
|choice|switch 2|move 1
|
|switch|p1a: Kabutops|Kabutops, L85|276\/276
|move|p2a: Poliwhirl|Amnesia|p2a: Poliwhirl
|-boost|p2a: Poliwhirl|spd|2
|-boost|p2a: Poliwhirl|spa|2
|
|turn|3
|choice|move 3|move 4
|
|move|p2a: Poliwhirl|Surf|p1a: Kabutops
|-damage|p1a: Kabutops|120\/276
|move|p1a: Kabutops|Body Slam|p2a: Poliwhirl
|-damage|p2a: Poliwhirl|198\/284
|
|turn|4
|choice|move 4|move 4
|
|move|p2a: Poliwhirl|Surf|p1a: Kabutops
|-damage|p1a: Kabutops|0 fnt
|faint|p1a: Kabutops
|choice|switch 4|
|
|switch|p1a: Wigglytuff|Wigglytuff, L90|435\/435
|turn|5
|choice|move 1|move 4
|
|move|p2a: Poliwhirl|Surf|p1a: Wigglytuff
|-damage|p1a: Wigglytuff|267\/435
|move|p1a: Wigglytuff|Thunder Wave|p2a: Poliwhirl
|-status|p2a: Poliwhirl|par
|
|turn|6
|choice|move 4|move 2
|
|move|p1a: Wigglytuff|Double-Edge|p2a: Poliwhirl
|-damage|p2a: Poliwhirl|85\/284 par
|-damage|p1a: Wigglytuff|239\/435|[from] recoil|[of] p2a: Poliwhirl
|cant|p2a: Poliwhirl|par
|
|turn|7
|choice|move 4|move 2
|
|move|p1a: Wigglytuff|Double-Edge|p2a: Poliwhirl
|-damage|p2a: Poliwhirl|0 fnt
|-damage|p1a: Wigglytuff|218\/435|[from] recoil|[of] p2a: Poliwhirl
|faint|p2a: Poliwhirl
|choice||switch 5
|
|switch|p2a: Machamp|Machamp, L90|345\/345
|turn|8
|choice|switch 3|move 4
|
|switch|p1a: Starmie|Starmie, L79|257\/257
|move|p2a: Machamp|Body Slam|p1a: Starmie
|-damage|p1a: Starmie|164\/257
|
|turn|9
|choice|move 3|move 4
|
|move|p1a: Starmie|Thunder Wave|p2a: Machamp
|-status|p2a: Machamp|par
|cant|p2a: Machamp|par
|
|turn|10
|choice|move 2|move 4
|
|move|p1a: Starmie|Surf|p2a: Machamp
|-damage|p2a: Machamp|248\/345 par
|move|p2a: Machamp|Body Slam|p1a: Starmie
|-crit|p1a: Starmie
|-damage|p1a: Starmie|0 fnt
|faint|p1a: Starmie
|choice|switch 6|
|
|switch|p1a: Rapidash|Rapidash, L90|300\/300
|turn|11
|choice|move 1|move 4
|
|move|p1a: Rapidash|Fire Blast|p2a: Machamp
|-damage|p2a: Machamp|93\/345 par
|move|p2a: Machamp|Body Slam|p1a: Rapidash
|-damage|p1a: Rapidash|210\/300
|
|turn|12
|choice|move 2|move 3
|
|move|p1a: Rapidash|Hyper Beam|p2a: Machamp
|-damage|p2a: Machamp|0 fnt
|faint|p2a: Machamp
|choice||switch 3
|
|switch|p2a: Shellder|Shellder, L96|252\/252
|turn|13
|choice|switch 2|move 3
|
|switch|p1a: Kakuna|Kakuna, L99|290\/290
|move|p2a: Shellder|Surf|p1a: Kakuna
|-damage|p1a: Kakuna|150\/290
|
|turn|14
|choice|move 2|switch 6
|
|switch|p2a: Clefable|Clefable, L85|335\/335
|move|p1a: Kakuna|String Shot|p2a: Clefable
|-unboost|p2a: Clefable|spe|1
|
|turn|15
|choice|move 2|move 3
|
|move|p1a: Kakuna|String Shot|p2a: Clefable
|-unboost|p2a: Clefable|spe|1
|move|p2a: Clefable|Thunder|p1a: Kakuna
|-damage|p1a: Kakuna|18\/290
|
|turn|16
|choice|switch 2|move 3
|
|switch|p1a: Rapidash|Rapidash, L90|210\/300
|move|p2a: Clefable|Thunder|p1a: Rapidash|[miss]
|-miss|p2a: Clefable
|
|turn|17
|choice|switch 2|move 2
|
|switch|p1a: Kakuna|Kakuna, L99|18\/290
|move|p2a: Clefable|Blizzard|p1a: Kakuna
|-damage|p1a: Kakuna|0 fnt
|faint|p1a: Kakuna
|choice|switch 2|
|
|switch|p1a: Rapidash|Rapidash, L90|210\/300
|turn|18
|choice|move 1|move 2
|
|move|p1a: Rapidash|Fire Blast|p2a: Clefable
|-crit|p2a: Clefable
|-damage|p2a: Clefable|89\/335
|move|p2a: Clefable|Blizzard|p1a: Rapidash
|-damage|p1a: Rapidash|126\/300
|
|turn|19
|choice|move 1|move 1
|
|move|p1a: Rapidash|Fire Blast|p2a: Clefable
|-crit|p2a: Clefable
|-damage|p2a: Clefable|0 fnt
|faint|p2a: Clefable
|choice||switch 6
|
|switch|p2a: Shellder|Shellder, L96|252\/252
|turn|20
|choice|move 4|move 3
|
|move|p1a: Rapidash|Substitute|p1a: Rapidash
|-start|p1a: Rapidash|Substitute
|-damage|p1a: Rapidash|51\/300
|move|p2a: Shellder|Surf|p1a: Rapidash
|-supereffective|p1a: Rapidash
|-end|p1a: Rapidash|Substitute
|
|turn|21
|choice|move 2|move 3
|
|move|p1a: Rapidash|Hyper Beam|p2a: Shellder
|-damage|p2a: Shellder|151\/252
|move|p2a: Shellder|Surf|p1a: Rapidash
|-supereffective|p1a: Rapidash
|-damage|p1a: Rapidash|0 fnt
|faint|p1a: Rapidash
|choice|switch 3|
|
|switch|p1a: Wigglytuff|Wigglytuff, L90|218\/435
|turn|22
|choice|move 1|move 1
|
|move|p2a: Shellder|Explosion|p1a: Wigglytuff
|-damage|p1a: Wigglytuff|0 fnt
|faint|p1a: Wigglytuff
|faint|p2a: Shellder
|choice|switch 5|switch 4
|
|switch|p1a: Flareon|Flareon, L90|300\/300
|switch|p2a: Graveler|Graveler, L85|267\/267
|turn|23
|choice|move 2|move 4
|
|move|p1a: Flareon|Fire Blast|p2a: Graveler
|-crit|p2a: Graveler
|-resisted|p2a: Graveler
|-damage|p2a: Graveler|35\/267
|move|p2a: Graveler|Earthquake|p1a: Flareon
|-supereffective|p1a: Flareon
|-damage|p1a: Flareon|43\/300
|
|turn|24
|choice|move 2|move 4
|
|move|p1a: Flareon|Fire Blast|p2a: Graveler
|-resisted|p2a: Graveler
|-damage|p2a: Graveler|0 fnt
|faint|p2a: Graveler
|choice||switch 2
|
|switch|p2a: Golem|Golem, L79|288\/288
|turn|25
|c|★riwu|lolol
|c|★sciberbia|ROUND 2
|c|★sciberbia|FIGHT
|c|★riwu|fire team vs rock team
|c|★riwu|just too lucky
|c|★sciberbia|lol
|choice|move 4|move 2
|
|move|p1a: Flareon|Body Slam|p2a: Golem
|-resisted|p2a: Golem
|-damage|p2a: Golem|253\/288
|move|p2a: Golem|Earthquake|p1a: Flareon
|-supereffective|p1a: Flareon
|-damage|p1a: Flareon|0 fnt
|faint|p1a: Flareon
|
|win|sciberbia
|raw|riwu's rating: 1490 &rarr; <strong>1458<\/strong><br \/>(-32 for losing)
|raw|sciberbia's rating: 1228 &rarr; <strong>1269<\/strong><br \/>(+41 for winning)