|join|luc1993
|join|jb champ
|player|p1|luc1993|153
|player|p2|jb champ|150
|gametype|singles
|gen|1
|tier|[Gen 1] OU (beta)
|rated
|rule|Sleep Clause Mod: Limit one foe put to sleep
|rule|Species Clause: Limit one of each Pokemon
|rule|OHKO Clause: OHKO moves are banned
|rule|Moody Clause: Moody is banned
|rule|Evasion Moves Clause: Evasion moves are banned
|rule|Endless Battle Clause: Forcing endless battles is banned.
|rule|HP Percentage Mod: HP is reported as percentages
|
|start
|switch|p1a: Venusaur|Venusaur|363\/363
|switch|p2a: Gengar|Gengar|323\/323
|turn|1
|chat|jb champ|haha
|chat|luc1993|der champ
|chat|luc1993|no beating the champ right?
|chat|luc1993|just forfeit?
|chat|jb champ|right!
|
|switch|p1a: Rhydon|Rhydon|413\/413
|move|p2a: Gengar|Hypnosis|p1a: Rhydon
|-status|p1a: Rhydon|slp
|
|turn|2
|chat|jb champ|may as well
|
|switch|p2a: Slowbro|Slowbro|393\/393
|switch|p1a: Chansey|Chansey|703\/703
|
|turn|3
|
|move|p1a: Chansey|Thunder Wave|p2a: Slowbro
|-status|p2a: Slowbro|par
|cant|p2a: Slowbro|par
|
|turn|4
|
|switch|p1a: Venusaur|Venusaur|363\/363
|cant|p2a: Slowbro|par
|
|turn|5
|
|switch|p2a: Gengar|Gengar|323\/323
|move|p1a: Venusaur|Razor Leaf|p2a: Gengar
|-crit|p2a: Gengar
|-resisted|p2a: Gengar
|-damage|p2a: Gengar|268\/323
|
|turn|6
|
|switch|p1a: Chansey|Chansey|703\/703
|move|p2a: Gengar|Psychic|p1a: Chansey
|-damage|p1a: Chansey|617\/703
|
|turn|7
|
|switch|p2a: Slowbro|Slowbro|393\/393 par
|move|p1a: Chansey|Ice Beam|p2a: Slowbro
|-crit|p2a: Slowbro
|-resisted|p2a: Slowbro
|-damage|p2a: Slowbro|304\/393 par
|
|turn|8
|
|switch|p1a: Venusaur|Venusaur|363\/363
|move|p2a: Slowbro|Thunder Wave|p1a: Venusaur
|-status|p1a: Venusaur|par
|
|turn|9
|
|switch|p2a: Gengar|Gengar|268\/323
|cant|p1a: Venusaur|par
|
|turn|10
|
|move|p2a: Gengar|Psychic|p1a: Venusaur
|-supereffective|p1a: Venusaur
|-damage|p1a: Venusaur|179\/363 par
|-unboost|p1a: Venusaur|spd|1
|-unboost|p1a: Venusaur|spa|1
|move|p1a: Venusaur|Sleep Powder|p2a: Gengar
|-status|p2a: Gengar|slp
|
|turn|11
|
|switch|p1a: Lapras|Lapras|463\/463
|cant|p2a: Gengar|slp
|
|turn|12
|
|switch|p2a: Chansey|Chansey|703\/703
|move|p1a: Lapras|Blizzard|p2a: Chansey
|-damage|p2a: Chansey|580\/703
|
|turn|13
|
|move|p1a: Lapras|Confuse Ray|p2a: Chansey
|-start|p2a: Chansey|confusion
|-activate|p2a: Chansey|confusion
|-damage|p2a: Chansey|547\/703|[from] confusion
|
|turn|14
|
|move|p1a: Lapras|Body Slam|p2a: Chansey
|-damage|p2a: Chansey|372\/703
|-end|p2a: Chansey|confusion
|move|p2a: Chansey|Thunder Wave|p1a: Lapras
|-status|p1a: Lapras|par
|
|turn|15
|
|move|p2a: Chansey|Thunderbolt|p1a: Lapras
|-supereffective|p1a: Lapras
|-damage|p1a: Lapras|303\/463 par
|move|p1a: Lapras|Confuse Ray|p2a: Chansey
|-start|p2a: Chansey|confusion
|
|turn|16
|
|-activate|p2a: Chansey|confusion
|move|p2a: Chansey|Soft-Boiled|p2a: Chansey
|-heal|p2a: Chansey|703\/703
|move|p1a: Lapras|Body Slam|p2a: Chansey
|-damage|p2a: Chansey|528\/703
|
|turn|17
|
|-activate|p2a: Chansey|confusion
|move|p2a: Chansey|Thunderbolt|p1a: Lapras
|-supereffective|p1a: Lapras
|-damage|p1a: Lapras|131\/463 par
|move|p1a: Lapras|Body Slam|p2a: Chansey
|-damage|p2a: Chansey|362\/703
|-status|p2a: Chansey|par
|
|turn|18
|
|switch|p1a: Snorlax|Snorlax|523\/523
|-activate|p2a: Chansey|confusion
|move|p2a: Chansey|Soft-Boiled|p2a: Chansey
|-heal|p2a: Chansey|703\/703 par
|
|turn|19
|
|move|p1a: Snorlax|Body Slam|p2a: Chansey
|-damage|p2a: Chansey|395\/703 par
|-activate|p2a: Chansey|confusion
|-damage|p2a: Chansey|366\/703 par|[from] confusion
|
|turn|20
|
|switch|p2a: Golem|Golem|363\/363
|move|p1a: Snorlax|Body Slam|p2a: Golem
|-resisted|p2a: Golem
|-damage|p2a: Golem|317\/363
|-status|p2a: Golem|par
|
|turn|21
|
|switch|p2a: Slowbro|Slowbro|304\/393 par
|move|p1a: Snorlax|Surf|p2a: Slowbro
|-resisted|p2a: Slowbro
|-damage|p2a: Slowbro|270\/393 par
|
|turn|22
|
|switch|p1a: Venusaur|Venusaur|179\/363 par
|move|p2a: Slowbro|Amnesia|p2a: Slowbro
|-boost|p2a: Slowbro|spd|2
|-boost|p2a: Slowbro|spa|2
|
|turn|23
|
|switch|p2a: Gengar|Gengar|268\/323 slp
|move|p1a: Venusaur|Razor Leaf|p2a: Gengar
|-crit|p2a: Gengar
|-resisted|p2a: Gengar
|-damage|p2a: Gengar|215\/323 slp
|
|turn|24
|
|switch|p1a: Tauros|Tauros|353\/353
|cant|p2a: Gengar|slp
|
|turn|25
|
|switch|p2a: Slowbro|Slowbro|270\/393 par
|move|p1a: Tauros|Earthquake|p2a: Slowbro
|-damage|p2a: Slowbro|193\/393 par
|
|turn|26
|
|switch|p1a: Venusaur|Venusaur|179\/363 par
|switch|p2a: Gengar|Gengar|215\/323 slp
|
|turn|27
|
|switch|p1a: Tauros|Tauros|353\/353
|cant|p2a: Gengar|slp
|
|turn|28
|
|move|p1a: Tauros|Earthquake|p2a: Gengar
|-supereffective|p2a: Gengar
|-damage|p2a: Gengar|18\/323 slp
|cant|p2a: Gengar|slp
|
|turn|29
|chat|luc1993|lucky^^
|
|cant|p2a: Gengar|slp
|-curestatus|p2a: Gengar|slp
|move|p1a: Tauros|Earthquake|p2a: Gengar
|-supereffective|p2a: Gengar
|-damage|p2a: Gengar|0 fnt
|faint|p2a: Gengar
|
|
|switch|p2a: Alakazam|Alakazam|313\/313
|turn|30
|
|switch|p1a: Chansey|Chansey|617\/703
|move|p2a: Alakazam|Thunder Wave|p1a: Chansey
|-status|p1a: Chansey|par
|
|turn|31
|
|switch|p2a: Slowbro|Slowbro|193\/393 par
|switch|p1a: Snorlax|Snorlax|523\/523
|
|turn|32
|
|switch|p2a: Alakazam|Alakazam|313\/313
|move|p1a: Snorlax|Body Slam|p2a: Alakazam
|-damage|p2a: Alakazam|138\/313
|
|turn|33
|chat|luc1993|snor is king
|
|switch|p2a: Slowbro|Slowbro|193\/393 par
|move|p1a: Snorlax|Body Slam|p2a: Slowbro
|-damage|p2a: Slowbro|96\/393 par
|
|turn|34
|
|move|p1a: Snorlax|Body Slam|p2a: Slowbro
|-damage|p2a: Slowbro|4\/393 par
|move|p2a: Slowbro|Rest|p2a: Slowbro
|-status|p2a: Slowbro|slp
|-heal|p2a: Slowbro|393\/393 slp|[silent]
|-status|p2a: Slowbro|slp|[from] move: Rest
|
|turn|35
|
|move|p1a: Snorlax|Body Slam|p2a: Slowbro
|-damage|p2a: Slowbro|296\/393 slp
|cant|p2a: Slowbro|slp
|
|turn|36
|
|move|p1a: Snorlax|Self-Destruct|p2a: Slowbro
|-damage|p2a: Slowbro|0 fnt
|faint|p2a: Slowbro
|faint|p1a: Snorlax
|
|switch|p2a: Alakazam|Alakazam|138\/313
|switch|p1a: Tauros|Tauros|353\/353
|turn|37
|
|move|p2a: Alakazam|Thunder Wave|p1a: Tauros
|-status|p1a: Tauros|par
|cant|p1a: Tauros|par
|
|turn|38
|
|move|p2a: Alakazam|Psychic|p1a: Tauros
|-damage|p1a: Tauros|192\/353 par
|cant|p1a: Tauros|par
|
|turn|39
|
|move|p2a: Alakazam|Psychic|p1a: Tauros
|-damage|p1a: Tauros|33\/353 par
|-unboost|p1a: Tauros|spd|1
|-unboost|p1a: Tauros|spa|1
|move|p1a: Tauros|Body Slam|p2a: Alakazam
|-damage|p2a: Alakazam|0 fnt
|faint|p2a: Alakazam
|
|
|switch|p2a: Tauros|Tauros|353\/353
|turn|40
|
|switch|p1a: Lapras|Lapras|131\/463 par
|move|p2a: Tauros|Earthquake|p1a: Lapras
|-damage|p1a: Lapras|45\/463 par
|
|turn|41
|
|move|p2a: Tauros|Body Slam|p1a: Lapras
|-damage|p1a: Lapras|0 fnt
|faint|p1a: Lapras
|
|
|switch|p1a: Chansey|Chansey|617\/703 par
|turn|42
|join|DEEP FRIED FRIEND
|
|switch|p2a: Golem|Golem|317\/363 par
|cant|p1a: Chansey|par
|
|turn|43
|
|cant|p1a: Chansey|par
|move|p2a: Golem|Earthquake|p1a: Chansey
|-damage|p1a: Chansey|248\/703 par
|
|turn|44
|chat|luc1993|cant believe it
|
|move|p1a: Chansey|Ice Beam|p2a: Golem
|-supereffective|p2a: Golem
|-damage|p2a: Golem|101\/363 par
|cant|p2a: Golem|par
|
|turn|45
|chat|jb champ|para hax
|chat|luc1993|yeah
|
|cant|p1a: Chansey|par
|move|p2a: Golem|Explosion|p1a: Chansey
|-damage|p1a: Chansey|0 fnt
|faint|p1a: Chansey
|faint|p2a: Golem
|chat|luc1993|but i clicked ice beam on the switch
|
|switch|p2a: Tauros|Tauros|353\/353
|switch|p1a: Venusaur|Venusaur|179\/363 par
|turn|46
|
|switch|p2a: Chansey|Chansey|366\/703 par
|move|p1a: Venusaur|Sleep Powder|p2a: Chansey
|-fail|p2a: Chansey
|
|turn|47
|
|switch|p1a: Rhydon|Rhydon|413\/413 slp
|move|p2a: Chansey|Blizzard|p1a: Rhydon
|-supereffective|p1a: Rhydon
|-damage|p1a: Rhydon|96\/413 slp
|
|turn|48
|
|cant|p1a: Rhydon|slp
|move|p2a: Chansey|Blizzard|p1a: Rhydon
|-supereffective|p1a: Rhydon
|-damage|p1a: Rhydon|0 fnt
|faint|p1a: Rhydon
|
|
|switch|p1a: Tauros|Tauros|33\/353 par
|turn|49
|
|move|p1a: Tauros|Hyper Beam|p2a: Chansey
|-crit|p2a: Chansey
|-damage|p2a: Chansey|0 fnt
|faint|p2a: Chansey
|
|
|switch|p2a: Tauros|Tauros|353\/353
|turn|50
|
|move|p2a: Tauros|Body Slam|p1a: Tauros
|-crit|p1a: Tauros
|-damage|p1a: Tauros|0 fnt
|faint|p1a: Tauros
|
|
|switch|p1a: Venusaur|Venusaur|179\/363 par
|turn|51
|
|move|p2a: Tauros|Hyper Beam|p1a: Venusaur
|-damage|p1a: Venusaur|0 fnt
|faint|p1a: Venusaur
|
|win|jb champ
|raw|Ladder updating...
|raw|luc1993's rating: 1390 &rarr; <strong>1361<\/strong><br \/>(-29 for losing)
|raw|jb champ's rating: 1231 &rarr; <strong>1267<\/strong><br \/>(+36 for winning)
|chat|jb champ|there's no beating the champ
|chat|luc1993|gg
|chat|jb champ|gg
|chat|luc1993|yeah
|chat|luc1993|kinda lucky
|chat|luc1993|but thats the game
|leave|DEEP FRIED FRIEND
|chat|jb champ|still
|leave|luc1993
|player|p1
|chat|jb champ|theres no rule how lucky the champ wins