|j|Sxlegend
|j|Mega-Noctali
|player|p1|Sxlegend|162
|player|p2|Mega-Noctali|65
|gametype|singles
|gen|1
|tier|[Gen 1] Random Battle
|rated
|seed|26261,5014,35501,59833
|rule|Sleep Clause Mod: Limit one foe put to sleep
|rule|Freeze Clause Mod: Limit one foe frozen
|rule|HP Percentage Mod: HP is shown in percentages
|
|start
|switch|p1a: Mewtwo|Mewtwo, L68|285\/285
|switch|p2a: Graveler|Graveler, L85|267\/267
|turn|1
|choice|switch 2|move 3
|
|switch|p1a: Vileplume|Vileplume, L90|318\/318
|move|p2a: Graveler|Body Slam|p1a: Vileplume
|-damage|p1a: Vileplume|259\/318
|-status|p1a: Vileplume|par
|
|turn|2
|choice|move 2|switch 6
|
|switch|p2a: Exeggutor|Exeggutor, L79|312\/312
|move|p1a: Vileplume|Mega Drain|p2a: Exeggutor
|-resisted|p2a: Exeggutor
|-damage|p2a: Exeggutor|289\/312
|-heal|p1a: Vileplume|270\/318 par|[from] drain|[of] p2a: Exeggutor
|
|turn|3
|choice|move 3|move 3
|
|move|p2a: Exeggutor|Psychic|p1a: Vileplume
|-supereffective|p1a: Vileplume
|-damage|p1a: Vileplume|105\/318 par
|move|p1a: Vileplume|Body Slam|p2a: Exeggutor
|-crit|p2a: Exeggutor
|-damage|p2a: Exeggutor|156\/312
|-status|p2a: Exeggutor|par
|
|turn|4
|choice|move 3|move 3
|
|move|p1a: Vileplume|Body Slam|p2a: Exeggutor
|-damage|p2a: Exeggutor|94\/312 par
|move|p2a: Exeggutor|Psychic|p1a: Vileplume
|-crit|p1a: Vileplume
|-supereffective|p1a: Vileplume
|-damage|p1a: Vileplume|0 fnt
|faint|p1a: Vileplume
|choice|switch 3|
|
|switch|p1a: Rattata|Rattata, L96|252\/252
|turn|5
|choice|move 2|switch 4
|
|switch|p2a: Poliwrath|Poliwrath, L85|327\/327
|move|p1a: Rattata|Blizzard|p2a: Poliwrath|[miss]
|-miss|p1a: Rattata
|
|turn|6
|choice|move 1|move 1
|
|move|p1a: Rattata|Super Fang|p2a: Poliwrath
|-damage|p2a: Poliwrath|164\/327
|move|p2a: Poliwrath|Amnesia|p2a: Poliwrath
|-boost|p2a: Poliwrath|spd|2
|-boost|p2a: Poliwrath|spa|2
|
|turn|7
|choice|move 3|move 4
|
|move|p1a: Rattata|Thunderbolt|p2a: Poliwrath
|-supereffective|p2a: Poliwrath
|-damage|p2a: Poliwrath|109\/327
|move|p2a: Poliwrath|Surf|p1a: Rattata
|-damage|p1a: Rattata|0 fnt
|faint|p1a: Rattata
|choice|switch 2|
|
|switch|p1a: Mewtwo|Mewtwo, L68|285\/285
|turn|8
|choice|move 1|move 4
|
|move|p1a: Mewtwo|Psychic|p2a: Poliwrath
|-crit|p2a: Poliwrath
|-supereffective|p2a: Poliwrath
|-damage|p2a: Poliwrath|0 fnt
|faint|p2a: Poliwrath
|choice||switch 2
|
|switch|p2a: Flareon|Flareon, L90|300\/300
|turn|9
|choice|switch 4|move 1
|
|switch|p1a: Dragonair|Dragonair, L85|277\/277
|move|p2a: Flareon|Body Slam|p1a: Dragonair
|-damage|p1a: Dragonair|169\/277
|
|turn|10
|choice|move 3|move 1
|
|move|p2a: Flareon|Body Slam|p1a: Dragonair
|-damage|p1a: Dragonair|63\/277
|move|p1a: Dragonair|Surf|p2a: Flareon
|-supereffective|p2a: Flareon
|-damage|p2a: Flareon|212\/300
|
|turn|11
|choice|move 4|move 1
|
|move|p2a: Flareon|Body Slam|p1a: Dragonair
|-damage|p1a: Dragonair|0 fnt
|faint|p1a: Dragonair
|choice|switch 6|
|
|switch|p1a: Seaking|Seaking, L90|327\/327
|turn|12
|choice|move 4|switch 3
|
|switch|p2a: Lapras|Lapras, L79|367\/367
|move|p1a: Seaking|Surf|p2a: Lapras
|-resisted|p2a: Lapras
|-damage|p2a: Lapras|319\/367
|
|turn|13
|choice|move 1|move 1
|
|move|p1a: Seaking|Double-Edge|p2a: Lapras
|-crit|p2a: Lapras
|-damage|p2a: Lapras|146\/367
|-damage|p1a: Seaking|284\/327|[from] recoil|[of] p2a: Lapras
|move|p2a: Lapras|Confuse Ray|p1a: Seaking
|-start|p1a: Seaking|confusion
|
|turn|14
|choice|switch 5|move 2
|
|switch|p1a: Magneton|Magneton, L90|273\/273
|move|p2a: Lapras|Body Slam|p1a: Magneton
|-damage|p1a: Magneton|230\/273
|
|turn|15
|choice|switch 5|switch 6
|
|switch|p1a: Seaking|Seaking, L90|284\/327
|switch|p2a: Graveler|Graveler, L85|267\/267
|
|turn|16
|choice|move 2|switch 4
|
|switch|p2a: Exeggutor|Exeggutor, L79|94\/312 par
|move|p1a: Seaking|Blizzard|p2a: Exeggutor
|-supereffective|p2a: Exeggutor
|-damage|p2a: Exeggutor|0 fnt
|faint|p2a: Exeggutor
|choice||switch 5
|
|switch|p2a: Venomoth|Venomoth, L85|293\/293
|turn|17
|choice|move 2|move 3
|
|move|p2a: Venomoth|Stun Spore|p1a: Seaking
|-status|p1a: Seaking|par
|cant|p1a: Seaking|par
|
|turn|18
|choice|move 2|move 1
|
|move|p2a: Venomoth|Mega Drain|p1a: Seaking
|-supereffective|p1a: Seaking
|-damage|p1a: Seaking|225\/327 par
|move|p1a: Seaking|Blizzard|p2a: Venomoth
|-damage|p2a: Venomoth|209\/293
|
|turn|19
|choice|move 1|move 1
|
|move|p2a: Venomoth|Mega Drain|p1a: Seaking
|-crit|p1a: Seaking
|-supereffective|p1a: Seaking
|-damage|p1a: Seaking|117\/327 par
|-heal|p2a: Venomoth|263\/293|[from] drain|[of] p1a: Seaking
|cant|p1a: Seaking|par
|
|turn|20
|choice|move 3|move 1
|
|move|p2a: Venomoth|Mega Drain|p1a: Seaking
|-supereffective|p1a: Seaking
|-damage|p1a: Seaking|61\/327 par
|-heal|p2a: Venomoth|291\/293|[from] drain|[of] p1a: Seaking
|move|p1a: Seaking|Hyper Beam|p2a: Venomoth|[miss]
|-miss|p1a: Seaking
|
|turn|21
|choice|move 3|move 2
|
|move|p2a: Venomoth|Psychic|p1a: Seaking
|-damage|p1a: Seaking|3\/327 par
|-unboost|p1a: Seaking|spd|1
|-unboost|p1a: Seaking|spa|1
|move|p1a: Seaking|Hyper Beam|p2a: Venomoth
|-damage|p2a: Venomoth|153\/293
|
|turn|22
|-mustrecharge|p1a: Seaking
|-mustrecharge|p1a: Seaking
|choice|move 1|move 1
|
|move|p2a: Venomoth|Mega Drain|p1a: Seaking
|-supereffective|p1a: Seaking
|-damage|p1a: Seaking|0 fnt
|-heal|p2a: Venomoth|154\/293|[from] drain|[of] p1a: Seaking
|faint|p1a: Seaking
|choice|switch 5|
|
|switch|p1a: Magneton|Magneton, L90|230\/273
|turn|23
|choice|move 1|move 3
|
|move|p2a: Venomoth|Stun Spore|p1a: Magneton
|-status|p1a: Magneton|par
|move|p1a: Magneton|Thunderbolt|p2a: Venomoth
|-damage|p2a: Venomoth|25\/293
|
|turn|24
|choice|move 3|switch 4
|
|switch|p2a: Graveler|Graveler, L85|267\/267
|cant|p1a: Magneton|par
|
|turn|25
|choice|move 3|move 2
|
|move|p2a: Graveler|Earthquake|p1a: Magneton
|-supereffective|p1a: Magneton
|-damage|p1a: Magneton|24\/273 par
|move|p1a: Magneton|Hyper Beam|p2a: Graveler|[miss]
|-miss|p1a: Magneton
|
|turn|26
|choice|move 3|move 2
|
|move|p2a: Graveler|Earthquake|p1a: Magneton
|-supereffective|p1a: Magneton
|-damage|p1a: Magneton|0 fnt
|faint|p1a: Magneton
|choice|switch 4|
|
|switch|p1a: Mewtwo|Mewtwo, L68|285\/285
|turn|27
|choice|move 3|move 3
|
|move|p1a: Mewtwo|Amnesia|p1a: Mewtwo
|-boost|p1a: Mewtwo|spd|2
|-boost|p1a: Mewtwo|spa|2
|move|p2a: Graveler|Body Slam|p1a: Mewtwo
|-damage|p1a: Mewtwo|207\/285
|
|turn|28
|choice|move 3|move 3
|
|move|p1a: Mewtwo|Amnesia|p1a: Mewtwo
|-boost|p1a: Mewtwo|spd|2
|-boost|p1a: Mewtwo|spa|2
|move|p2a: Graveler|Body Slam|p1a: Mewtwo
|-damage|p1a: Mewtwo|133\/285
|
|turn|29
|choice|move 1|move 3
|
|move|p1a: Mewtwo|Psychic|p2a: Graveler
|-damage|p2a: Graveler|0 fnt
|faint|p2a: Graveler
|choice||switch 4
|
|switch|p2a: Venomoth|Venomoth, L85|25\/293
|turn|30
|choice|move 1|move 4
|
|move|p1a: Mewtwo|Psychic|p2a: Venomoth
|-supereffective|p2a: Venomoth
|-damage|p2a: Venomoth|0 fnt
|faint|p2a: Venomoth
|choice||switch 6
|
|switch|p2a: Lapras|Lapras, L79|146\/367
|turn|31
|choice|move 4|move 1
|
|move|p1a: Mewtwo|Thunderbolt|p2a: Lapras
|-supereffective|p2a: Lapras
|-damage|p2a: Lapras|0 fnt
|faint|p2a: Lapras
|choice||switch 3
|
|switch|p2a: Flareon|Flareon, L90|212\/300
|turn|32
|choice|move 2|move 1
|
|move|p1a: Mewtwo|Recover|p1a: Mewtwo
|-heal|p1a: Mewtwo|275\/285
|move|p2a: Flareon|Body Slam|p1a: Mewtwo
|-damage|p1a: Mewtwo|178\/285
|
|turn|33
|choice|move 1|move 1
|
|move|p1a: Mewtwo|Psychic|p2a: Flareon
|-damage|p2a: Flareon|6\/300
|-unboost|p2a: Flareon|spd|1
|-unboost|p2a: Flareon|spa|1
|move|p2a: Flareon|Body Slam|p1a: Mewtwo
|-damage|p1a: Mewtwo|81\/285
|-status|p1a: Mewtwo|par
|
|turn|34
|c|★Sxlegend|nooooooooooo
|c|★Sxlegend|jajajajajajaja
|c|★Mega-Noctali|flareon >>> All
|c|★Sxlegend|Jaja good duel
|choice|move 1|move 1
|
|move|p2a: Flareon|Body Slam|p1a: Mewtwo
|-damage|p1a: Mewtwo|0 fnt
|faint|p1a: Mewtwo
|
|win|Mega-Noctali
|raw|Sxlegend's rating: 1197 &rarr; <strong>1180<\/strong><br \/>(-17 for losing)
|raw|Mega-Noctali's rating: 1313 &rarr; <strong>1327<\/strong><br \/>(+14 for winning)