|join|MALESANI
|join|Rrroobb
|player|p1|MALESANI|238
|player|p2|Rrroobb|169
|gametype|singles
|gen|1
|tier|[Gen 1] Random Battle
|rated
|seed|28828,19686,3535,40474
|rule|Sleep Clause Mod: Limit one foe put to sleep
|rule|Freeze Clause Mod: Limit one foe frozen
|rule|HP Percentage Mod: HP is shown in percentages
|
|start
|switch|p1a: Nidoqueen|Nidoqueen, L85|327\/327
|switch|p2a: Voltorb|Voltorb, L96|272\/272
|turn|1
|choice|move 4|switch 4
|
|switch|p2a: Poliwhirl|Poliwhirl, L85|284\/284
|move|p1a: Nidoqueen|Blizzard|p2a: Poliwhirl
|-crit|p2a: Poliwhirl
|-resisted|p2a: Poliwhirl
|-damage|p2a: Poliwhirl|193\/284
|
|turn|2
|choice|switch 4|move Surf
|
|switch|p1a: Hypno|Hypno, L85|318\/318
|move|p2a: Poliwhirl|Surf|p1a: Hypno
|-crit|p1a: Hypno
|-damage|p1a: Hypno|197\/318
|
|turn|3
|choice|move 2|move Hypnosis
|
|move|p2a: Poliwhirl|Hypnosis|p1a: Hypno|[miss]
|-miss|p2a: Poliwhirl
|move|p1a: Hypno|Hypnosis|p2a: Poliwhirl
|-status|p2a: Poliwhirl|slp
|
|turn|4
|c|★Rrroobb|plop
|choice|move 1|switch 3
|
|switch|p2a: Blastoise|Blastoise, L85|308\/308
|move|p1a: Hypno|Psychic|p2a: Blastoise
|-damage|p2a: Blastoise|204\/308
|-unboost|p2a: Blastoise|spd|1
|-unboost|p2a: Blastoise|spa|1
|
|turn|5
|choice|move 1|move Earthquake
|
|move|p2a: Blastoise|Earthquake|p1a: Hypno
|-damage|p1a: Hypno|124\/318
|move|p1a: Hypno|Psychic|p2a: Blastoise
|-crit|p2a: Blastoise
|-damage|p2a: Blastoise|0 fnt
|faint|p2a: Blastoise
|choice||switch 6
|
|switch|p2a: Alakazam|Alakazam, L79|249\/249
|turn|6
|choice|move 1|move Psychic
|
|move|p2a: Alakazam|Psychic|p1a: Hypno
|-resisted|p1a: Hypno
|-damage|p1a: Hypno|82\/318
|move|p1a: Hypno|Psychic|p2a: Alakazam
|-resisted|p2a: Alakazam
|-damage|p2a: Alakazam|207\/249
|
|turn|7
|choice|move 1|move Psychic
|
|move|p2a: Alakazam|Psychic|p1a: Hypno
|-resisted|p1a: Hypno
|-damage|p1a: Hypno|35\/318
|move|p1a: Hypno|Psychic|p2a: Alakazam
|-resisted|p2a: Alakazam
|-damage|p2a: Alakazam|161\/249
|
|turn|8
|choice|move 1|move Psychic
|
|move|p2a: Alakazam|Psychic|p1a: Hypno
|-resisted|p1a: Hypno
|-damage|p1a: Hypno|0 fnt
|faint|p1a: Hypno
|choice|switch 6|
|
|switch|p1a: Mr. Mime|Mr. Mime, L85|242\/242
|turn|9
|choice|move 3|switch 2
|
|switch|p2a: Bellsprout|Bellsprout, L96|291\/291
|move|p1a: Mr. Mime|Thunder Wave|p2a: Bellsprout
|-status|p2a: Bellsprout|par
|
|turn|10
|choice|move 2|move Sleep Powder
|
|move|p1a: Mr. Mime|Psychic|p2a: Bellsprout
|-supereffective|p2a: Bellsprout
|-damage|p2a: Bellsprout|96\/291 par
|move|p2a: Bellsprout|Sleep Powder|p1a: Mr. Mime
|-status|p1a: Mr. Mime|slp
|
|turn|11
|choice|move 2|move Razor Leaf
|
|cant|p1a: Mr. Mime|slp
|cant|p2a: Bellsprout|par
|
|turn|12
|choice|move 3|move Razor Leaf
|
|cant|p1a: Mr. Mime|slp
|move|p2a: Bellsprout|Razor Leaf|p1a: Mr. Mime
|-crit|p1a: Mr. Mime
|-damage|p1a: Mr. Mime|137\/242 slp
|
|turn|13
|choice|move 3|move Razor Leaf
|
|cant|p1a: Mr. Mime|slp
|move|p2a: Bellsprout|Razor Leaf|p1a: Mr. Mime
|-crit|p1a: Mr. Mime
|-damage|p1a: Mr. Mime|30\/242 slp
|
|turn|14
|choice|switch 2|switch 2
|
|switch|p1a: Spearow|Spearow, L96|272\/272
|switch|p2a: Alakazam|Alakazam, L79|161\/249
|
|turn|15
|choice|move 1|move Seismic Toss
|
|move|p2a: Alakazam|Seismic Toss|p1a: Spearow
|-damage|p1a: Spearow|193\/272
|move|p1a: Spearow|Double-Edge|p2a: Alakazam
|-crit|p2a: Alakazam
|-damage|p2a: Alakazam|0 fnt
|-damage|p1a: Spearow|153\/272|[from] recoil|[of] p2a: Alakazam
|faint|p2a: Alakazam
|-message|Rrroobb forfeited.
|
|win|MALESANI
|leave|Rrroobb
|player|p2
|raw|MALESANI's rating: 1332 &rarr; <strong>1343<\/strong><br \/>(+11 for winning)
|raw|Rrroobb's rating: 1158 &rarr; <strong>1144<\/strong><br \/>(-14 for losing)