|join|kkkd dd
|join|Johnnyg2
|player|p1|kkkd dd|102
|player|p2|Johnnyg2|170
|gametype|singles
|gen|1
|tier|[Gen 1] OU (beta)
|rated
|rule|Sleep Clause Mod: Limit one foe put to sleep
|rule|Species Clause: Limit one of each Pokemon
|rule|OHKO Clause: OHKO moves are banned
|rule|Moody Clause: Moody is banned
|rule|Swagger Clause: Swagger is banned
|rule|Evasion Moves Clause: Evasion moves are banned
|rule|Endless Battle Clause: Forcing endless battles is banned
|rule|HP Percentage Mod: HP is reported as percentages
|
|start
|switch|p1a: CHOCOLATE|Snorlax|523\/523
|switch|p2a: Alakazam|Alakazam|313\/313
|turn|1
|
|move|p2a: Alakazam|Thunder Wave|p1a: CHOCOLATE
|-status|p1a: CHOCOLATE|par
|move|p1a: CHOCOLATE|Self-Destruct|p2a: Alakazam
|-damage|p2a: Alakazam|0 fnt
|faint|p2a: Alakazam
|faint|p1a: CHOCOLATE
|
|switch|p1a: Starlord|Starmie|323\/323
|switch|p2a: Exeggutor|Exeggutor|393\/393
|turn|2
|
|move|p1a: Starlord|Thunder Wave|p2a: Exeggutor
|-status|p2a: Exeggutor|par
|move|p2a: Exeggutor|Sleep Powder|p1a: Starlord|[miss]
|-miss|p2a: Exeggutor
|
|turn|3
|
|move|p1a: Starlord|Blizzard|p2a: Exeggutor
|-supereffective|p2a: Exeggutor
|-damage|p2a: Exeggutor|233\/393 par
|move|p2a: Exeggutor|Sleep Powder|p1a: Starlord|[miss]
|-miss|p2a: Exeggutor
|
|turn|4
|
|move|p1a: Starlord|Blizzard|p2a: Exeggutor
|-crit|p2a: Exeggutor
|-supereffective|p2a: Exeggutor
|-damage|p2a: Exeggutor|0 fnt
|faint|p2a: Exeggutor
|
|chat|kkkd dd|sry 
|
|switch|p2a: Snorlax|Snorlax|523\/523
|turn|5
|
|move|p1a: Starlord|Thunder Wave|p2a: Snorlax
|-status|p2a: Snorlax|par
|move|p2a: Snorlax|Body Slam|p1a: Starlord
|-crit|p1a: Starlord
|-damage|p1a: Starlord|104\/323
|-status|p1a: Starlord|par
|
|turn|6
|
|move|p1a: Starlord|Recover|p1a: Starlord
|-heal|p1a: Starlord|265\/323 par
|move|p2a: Snorlax|Body Slam|p1a: Starlord
|-damage|p1a: Starlord|156\/323 par
|
|turn|7
|
|move|p1a: Starlord|Thunderbolt|p2a: Snorlax
|-crit|p2a: Snorlax
|-damage|p2a: Snorlax|341\/523 par
|cant|p2a: Snorlax|par
|
|turn|8
|
|move|p1a: Starlord|Recover|p1a: Starlord
|-heal|p1a: Starlord|317\/323 par
|move|p2a: Snorlax|Hyper Beam|p1a: Starlord
|-damage|p1a: Starlord|103\/323 par
|
|turn|9
|
|cant|p1a: Starlord|par
|cant|p2a: Snorlax|recharge
|
|turn|10
|
|move|p1a: Starlord|Recover|p1a: Starlord
|-heal|p1a: Starlord|264\/323 par
|move|p2a: Snorlax|Body Slam|p1a: Starlord
|-damage|p1a: Starlord|151\/323 par
|
|turn|11
|
|move|p1a: Starlord|Recover|p1a: Starlord
|-heal|p1a: Starlord|312\/323 par
|move|p2a: Snorlax|Body Slam|p1a: Starlord
|-damage|p1a: Starlord|187\/323 par
|
|turn|12
|join|deuce222x
|
|cant|p1a: Starlord|par
|move|p2a: Snorlax|Hyper Beam|p1a: Starlord
|-damage|p1a: Starlord|0 fnt
|faint|p1a: Starlord
|
|
|switch|p1a: Lapdance|Lapras|463\/463
|turn|13
|
|switch|p2a: Lapras|Lapras|463\/463
|move|p1a: Lapdance|Confuse Ray|p2a: Lapras
|-start|p2a: Lapras|confusion
|
|turn|14
|
|switch|p2a: Zapdos|Zapdos|383\/383
|move|p1a: Lapdance|Body Slam|p2a: Zapdos
|-damage|p2a: Zapdos|313\/383
|
|turn|15
|leave|deuce222x
|
|switch|p2a: Lapras|Lapras|463\/463
|switch|p1a: Rock Hard|Golem|363\/363
|
|turn|16
|
|switch|p1a: Lapdance|Lapras|463\/463
|move|p2a: Lapras|Sing|p1a: Lapdance
|-status|p1a: Lapdance|slp
|
|turn|17
|
|switch|p1a: Gimme Head|Exeggutor|393\/393
|move|p2a: Lapras|Thunderbolt|p1a: Gimme Head
|-resisted|p1a: Gimme Head
|-damage|p1a: Gimme Head|363\/393
|
|turn|18
|
|move|p2a: Lapras|Blizzard|p1a: Gimme Head
|-supereffective|p1a: Gimme Head
|-damage|p1a: Gimme Head|115\/393
|move|p1a: Gimme Head|Leech Seed|p2a: Lapras
|-start|p2a: Lapras|move: Leech Seed
|
|turn|19
|
|switch|p2a: Golem|Golem|363\/363
|switch|p1a: Lapdance|Lapras|463\/463 slp
|
|turn|20
|
|cant|p1a: Lapdance|slp
|move|p2a: Golem|Rock Slide|p1a: Lapdance
|-supereffective|p1a: Lapdance
|-damage|p1a: Lapdance|237\/463 slp
|
|turn|21
|
|switch|p1a: Rock Hard|Golem|363\/363
|move|p2a: Golem|Rock Slide|p1a: Rock Hard
|-resisted|p1a: Rock Hard
|-damage|p1a: Rock Hard|322\/363
|
|turn|22
|
|move|p1a: Rock Hard|Earthquake|p2a: Golem
|-supereffective|p2a: Golem
|-damage|p2a: Golem|145\/363
|move|p2a: Golem|Earthquake|p1a: Rock Hard
|-supereffective|p1a: Rock Hard
|-damage|p1a: Rock Hard|97\/363
|
|turn|23
|
|switch|p2a: Lapras|Lapras|463\/463
|move|p1a: Rock Hard|Earthquake|p2a: Lapras
|-damage|p2a: Lapras|308\/463
|
|turn|24
|
|switch|p1a: Lapdance|Lapras|237\/463 slp
|move|p2a: Lapras|Blizzard|p1a: Lapdance
|-crit|p1a: Lapdance
|-resisted|p1a: Lapdance
|-damage|p1a: Lapdance|169\/463 slp
|
|turn|25
|
|switch|p1a: Gimme Head|Exeggutor|115\/393
|move|p2a: Lapras|Thunderbolt|p1a: Gimme Head
|-resisted|p1a: Gimme Head
|-damage|p1a: Gimme Head|85\/393
|
|turn|26
|
|move|p2a: Lapras|Blizzard|p1a: Gimme Head
|-supereffective|p1a: Gimme Head
|-damage|p1a: Gimme Head|0 fnt
|faint|p1a: Gimme Head
|
|
|switch|p1a: Lapdance|Lapras|169\/463 slp
|turn|27
|
|cant|p1a: Lapdance|slp
|move|p2a: Lapras|Thunderbolt|p1a: Lapdance
|-supereffective|p1a: Lapdance
|-damage|p1a: Lapdance|25\/463 slp
|
|turn|28
|
|cant|p1a: Lapdance|slp
|-curestatus|p1a: Lapdance|slp
|move|p2a: Lapras|Thunderbolt|p1a: Lapdance
|-supereffective|p1a: Lapdance
|-damage|p1a: Lapdance|0 fnt
|faint|p1a: Lapdance
|
|
|switch|p1a: That's Bull|Tauros|353\/353
|turn|29
|
|move|p1a: That's Bull|Body Slam|p2a: Lapras
|-damage|p2a: Lapras|201\/463
|move|p2a: Lapras|Blizzard|p1a: That's Bull
|-damage|p1a: That's Bull|182\/353
|
|turn|30
|
|move|p1a: That's Bull|Body Slam|p2a: Lapras
|-crit|p2a: Lapras
|-damage|p2a: Lapras|0 fnt
|faint|p2a: Lapras
|
|
|switch|p2a: Snorlax|Snorlax|341\/523 par
|turn|31
|
|switch|p1a: Rock Hard|Golem|97\/363
|move|p2a: Snorlax|Counter|p1a: Rock Hard
|-fail|p1a: Rock Hard
|
|turn|32
|join|Grey Spade
|
|move|p1a: Rock Hard|Earthquake|p2a: Snorlax
|-damage|p2a: Snorlax|172\/523 par
|cant|p2a: Snorlax|par
|
|turn|33
|
|move|p1a: Rock Hard|Rock Slide|p2a: Snorlax
|-damage|p2a: Snorlax|49\/523 par
|move|p2a: Snorlax|Earthquake|p1a: Rock Hard
|-supereffective|p1a: Rock Hard
|-damage|p1a: Rock Hard|0 fnt
|faint|p1a: Rock Hard
|
|
|switch|p1a: That's Bull|Tauros|182\/353
|turn|34
|
|move|p1a: That's Bull|Blizzard|p2a: Snorlax
|-damage|p2a: Snorlax|0 fnt
|faint|p2a: Snorlax
|
|
|switch|p2a: Zapdos|Zapdos|313\/383
|turn|35
|
|move|p1a: That's Bull|Blizzard|p2a: Zapdos
|-supereffective|p2a: Zapdos
|-damage|p2a: Zapdos|190\/383
|move|p2a: Zapdos|Thunderbolt|p1a: That's Bull
|-damage|p1a: That's Bull|9\/353
|
|turn|36
|
|move|p1a: That's Bull|Body Slam|p2a: Zapdos
|-crit|p2a: Zapdos
|-damage|p2a: Zapdos|0 fnt
|faint|p2a: Zapdos
|
|
|switch|p2a: Golem|Golem|145\/363
|turn|37
|
|move|p1a: That's Bull|Blizzard|p2a: Golem
|-supereffective|p2a: Golem
|-damage|p2a: Golem|0 fnt
|faint|p2a: Golem
|
|win|kkkd dd
|raw|Ladder updating...
|raw|kkkd dd's rating: 1000 &rarr; <strong>1063<\/strong><br \/>(+63 for winning)
|raw|Johnnyg2's rating: 1222 &rarr; <strong>1183<\/strong><br \/>(-39 for losing)
|chat|kkkd dd|gg
|leave|Grey Spade
|chat|Johnnyg2|get outta here
|chat|Johnnyg2|gg
|leave|Johnnyg2
|player|p2