|j|MillaVGC
|j|Judo
|player|p1|MillaVGC|121
|player|p2|Judo|70
|gametype|singles
|gen|1
|tier|[Gen 1] Random Battle
|seed|
|rule|Sleep Clause Mod: Limit one foe put to sleep
|rule|Freeze Clause Mod: Limit one foe frozen
|rule|HP Percentage Mod: HP is shown in percentages
|
|start
|switch|p1a: Drowzee|Drowzee, L96|100\/100
|switch|p2a: Koffing|Koffing, L96|100\/100
|turn|1
|c|★Judo|wit how is this fair >_>
|c|★MillaVGC|justice
|j|Arpee95
|choice||
|
|switch|p2a: Slowbro|Slowbro, L79|100\/100
|move|p1a: Drowzee|Thunder Wave|p2a: Slowbro
|-status|p2a: Slowbro|par
|
|turn|2
|choice||
|
|switch|p1a: Magneton|Magneton, L90|100\/100
|move|p2a: Slowbro|Thunder Wave|p1a: Magneton
|-status|p1a: Magneton|par
|
|turn|3
|c|★Judo|drowzee such a creepy mutha fucka
|c|★MillaVGC|fuckdinfsuAVADFOU
|c|★MillaVGC|ELECTRIC TYPES GET PARASD
|c| Arpee95|XD
|choice||
|
|switch|p2a: Chansey|Chansey, L79|100\/100
|move|p1a: Magneton|Thunderbolt|p2a: Chansey
|-damage|p2a: Chansey|77\/100
|
|turn|4
|choice||
|
|move|p2a: Chansey|Reflect|p2a: Chansey
|-start|p2a: Chansey|Reflect
|move|p1a: Magneton|Double-Edge|p2a: Chansey
|-damage|p2a: Chansey|63\/100
|-damage|p1a: Magneton|94\/100 par|[from] recoil|[of] p2a: Chansey
|
|turn|5
|c|★MillaVGC|DAMAGE
|choice||
|
|switch|p1a: Machamp|Machamp, L90|100\/100
|move|p2a: Chansey|Thunderbolt|p1a: Machamp
|-crit|p1a: Machamp
|-damage|p1a: Machamp|60\/100
|
|turn|6
|c| Arpee95|Dat chip damage tho
|choice||
|
|move|p1a: Machamp|Submission|p2a: Chansey
|-supereffective|p2a: Chansey
|-damage|p2a: Chansey|5\/100
|-damage|p1a: Machamp|37\/100|[from] recoil|[of] p2a: Chansey
|move|p2a: Chansey|Counter|p1a: Machamp
|-damage|p1a: Machamp|0 fnt
|faint|p1a: Machamp
|c|★MillaVGC|dafuq u ive
|c|★Judo|EAT MY EGGS
|c|★MillaVGC|I’M A MACHAMP
|choice||
|
|switch|p1a: Golbat|Golbat, L90|100\/100
|turn|7
|choice||
|
|move|p1a: Golbat|Double-Edge|p2a: Chansey
|-damage|p2a: Chansey|0 fnt
|-damage|p1a: Golbat|99\/100|[from] recoil|[of] p2a: Chansey
|faint|p2a: Chansey
|choice||
|
|switch|p2a: Koffing|Koffing, L96|100\/100
|turn|8
|choice||
|
|switch|p1a: Magneton|Magneton, L90|94\/100 par
|move|p2a: Koffing|Thunder|p1a: Magneton
|-resisted|p1a: Magneton
|-damage|p1a: Magneton|83\/100 par
|
|turn|9
|choice||
|
|move|p2a: Koffing|Fire Blast|p1a: Magneton
|-damage|p1a: Magneton|61\/100 par
|cant|p1a: Magneton|par
|
|turn|10
|c|★MillaVGC|LOL
|c| Arpee95|That read
|c|★MillaVGC|got blasted
|choice||
|
|move|p2a: Koffing|Sludge|p1a: Magneton
|-damage|p1a: Magneton|37\/100 par
|cant|p1a: Magneton|par
|
|turn|11
|c|★Judo|GET BLASTED
|c|★MillaVGC|wait
|c| Arpee95|Lol wtf
|c|★MillaVGC|steel type
|c|★MillaVGC|nuuuuuuuuu
|c|★Judo|Koffing too stronk
|choice||
|
|move|p2a: Koffing|Sludge|p1a: Magneton
|-damage|p1a: Magneton|15\/100 par
|move|p1a: Magneton|Thunderbolt|p2a: Koffing
|-damage|p2a: Koffing|47\/100
|
|turn|12
|choice||
|
|switch|p1a: Golbat|Golbat, L90|99\/100
|move|p2a: Koffing|Sludge|p1a: Golbat
|-resisted|p1a: Golbat
|-damage|p1a: Golbat|88\/100
|
|turn|13
|choice||
|
|move|p1a: Golbat|Screech|p2a: Koffing|[miss]
|-miss|p1a: Golbat
|move|p2a: Koffing|Explosion|p1a: Golbat
|-damage|p1a: Golbat|2\/100
|faint|p2a: Koffing
|c|★MillaVGC|livin
|c|★Judo|get exploded
|choice||
|
|switch|p2a: Slowbro|Slowbro, L79|100\/100 par
|turn|14
|choice||
|
|move|p1a: Golbat|Mega Drain|p2a: Slowbro
|-supereffective|p2a: Slowbro
|-damage|p2a: Slowbro|79\/100 par
|-heal|p1a: Golbat|12\/100|[from] drain|[of] p2a: Slowbro
|move|p2a: Slowbro|Surf|p1a: Golbat
|-damage|p1a: Golbat|0 fnt
|faint|p1a: Golbat
|c|★MillaVGC|zero
|c| Arpee95|Steel type doesnt exist gen 1 btw jamie
|c| Arpee95|Js
|c|★MillaVGC|:’(
|choice||
|
|switch|p1a: Magneton|Magneton, L90|15\/100 par
|turn|15
|choice||
|
|move|p1a: Magneton|Thunderbolt|p2a: Slowbro
|-supereffective|p2a: Slowbro
|-damage|p2a: Slowbro|0 fnt
|faint|p2a: Slowbro
|choice||
|
|switch|p2a: Tangela|Tangela, L85|100\/100
|turn|16
|choice||
|
|move|p2a: Tangela|Hyper Beam|p1a: Magneton
|-damage|p1a: Magneton|0 fnt
|faint|p1a: Magneton
|c|★MillaVGC|every fucker has hyper beam huh
|c|★Judo|Hyper beam tangela!!
|c|★Judo|HB and blizzard 4 days
|choice||
|
|switch|p1a: Drowzee|Drowzee, L96|100\/100
|turn|17
|choice||
|
|move|p2a: Tangela|Sleep Powder|p1a: Drowzee|[miss]
|-miss|p2a: Tangela
|move|p1a: Drowzee|Hypnosis|p2a: Tangela
|-status|p2a: Tangela|slp
|
|turn|18
|c|★MillaVGC|fucking
|c|★MillaVGC|ruined
|c| Arpee95|Hahahaha
|c|★Judo|NUUUUUUU STABSTABSTAB
|choice||
|
|cant|p2a: Tangela|slp
|move|p1a: Drowzee|Psychic|p2a: Tangela
|-damage|p2a: Tangela|64\/100 slp
|-unboost|p2a: Tangela|spd|1
|-unboost|p2a: Tangela|spa|1
|
|turn|19
|c|★MillaVGC|2 gud
|choice||
|
|cant|p2a: Tangela|slp
|move|p1a: Drowzee|Psychic|p2a: Tangela
|-damage|p2a: Tangela|3\/100 slp
|
|turn|20
|choice||
|
|cant|p2a: Tangela|slp
|move|p1a: Drowzee|Psychic|p2a: Tangela
|-crit|p2a: Tangela
|-damage|p2a: Tangela|0 fnt
|faint|p2a: Tangela
|choice||
|
|switch|p2a: Kabutops|Kabutops, L85|100\/100
|turn|21
|choice||
|
|move|p2a: Kabutops|Swords Dance|p2a: Kabutops
|-boost|p2a: Kabutops|atk|2
|move|p1a: Drowzee|Thunder Wave|p2a: Kabutops
|-status|p2a: Kabutops|par
|
|turn|22
|choice||
|
|move|p1a: Drowzee|Psychic|p2a: Kabutops
|-damage|p2a: Kabutops|55\/100 par
|move|p2a: Kabutops|Body Slam|p1a: Drowzee
|-damage|p1a: Drowzee|42\/100
|-status|p1a: Drowzee|par
|
|turn|23
|c|★MillaVGC|ofc
|choice||
|
|move|p2a: Kabutops|Body Slam|p1a: Drowzee
|-damage|p1a: Drowzee|0 fnt
|faint|p1a: Drowzee
|choice||
|
|switch|p1a: Slowbro|Slowbro, L79|100\/100
|turn|24
|c| Arpee95|XD
|choice||
|
|move|p1a: Slowbro|Surf|p2a: Kabutops
|-damage|p2a: Kabutops|24\/100 par
|move|p2a: Kabutops|Body Slam|p1a: Slowbro
|-damage|p1a: Slowbro|60\/100
|-status|p1a: Slowbro|par
|
|turn|25
|c| Arpee95|From behind slowbro looks like a pig with a turd that has sweetcorn in it stuck to its bsck
|c|★MillaVGC|I SWEAR
|c|★MillaVGC|100% para for you
|c|★MillaVGC|I use 123456 body slame
|c|★MillaVGC|nothing
|c|★Judo|Youre using it wrong
|choice||
|
|move|p2a: Kabutops|Hyper Beam|p1a: Slowbro
|-damage|p1a: Slowbro|0 fnt
|faint|p1a: Slowbro
|choice||
|
|switch|p1a: Lickitung|Lickitung, L90|100\/100
|turn|26
|choice||
|
|move|p1a: Lickitung|Earthquake|p2a: Kabutops
|-supereffective|p2a: Kabutops
|-damage|p2a: Kabutops|0 fnt
|faint|p2a: Kabutops
|choice||
|
|switch|p2a: Nidoran-M|Nidoran-M, L96|100\/100
|turn|27
|c|★MillaVGC|1 v 1
|c|★MillaVGC|less go
|choice||
|
|move|p2a: Nidoran-M|Body Slam|p1a: Lickitung
|-damage|p1a: Lickitung|85\/100
|move|p1a: Lickitung|Earthquake|p2a: Nidoran-M
|-supereffective|p2a: Nidoran-M
|-damage|p2a: Nidoran-M|49\/100
|
|turn|28
|c| Arpee95|Shit son this is close
|choice||
|
|move|p2a: Nidoran-M|Body Slam|p1a: Lickitung
|-damage|p1a: Lickitung|69\/100
|move|p1a: Lickitung|Earthquake|p2a: Nidoran-M
|-supereffective|p2a: Nidoran-M
|-damage|p2a: Nidoran-M|0 fnt
|faint|p2a: Nidoran-M
|
|win|MillaVGC
|player|p1
|player|p2
|c|★MillaVGC|69%
|c|★MillaVGC|style
|c|★Judo|nidoran you suck XD