|join|Disaster Area
|join|Dice
|player|p1|Disaster Area|32
|player|p2|Dice|168
|gametype|singles
|gen|1
|tier|[Gen 1] OU
|seed|54442,57075,30955,29776
|rule|Sleep Clause Mod: Limit one foe put to sleep
|rule|Freeze Clause Mod: Limit one foe frozen
|rule|Species Clause: Limit one of each Pokémon
|rule|OHKO Clause: OHKO moves are banned
|rule|Evasion Moves Clause: Evasion moves are banned
|rule|HP Percentage Mod: HP is shown in percentages
|
|start
|switch|p1a: Jolteon|Jolteon|333\/333
|switch|p2a: Gengar|Gengar|323\/323
|turn|1
|c|★Disaster Area|rn was working on making a full thing to show to a few managers listing achievements\/evidence I am good know my shit etc
|c|★Disaster Area|but I'll take a break to play u
|c|★Disaster Area|gl hf
|choice|switch 6|switch 5
|
|switch|p1a: Exeggutor|Exeggutor|393\/393
|switch|p2a: Rhydon|Rhydon|413\/413
|
|turn|2
|c|★Dice|hF
|choice|move 1|switch 5
|
|switch|p2a: Gengar|Gengar|323\/323
|move|p1a: Exeggutor|Sleep Powder|p2a: Gengar|[miss]
|-miss|p1a: Exeggutor
|
|turn|3
|choice|switch 6|move 1
|
|switch|p1a: Jolteon|Jolteon|333\/333
|move|p2a: Gengar|Hypnosis|p1a: Jolteon|[miss]
|-miss|p2a: Gengar
|
|turn|4
|choice|move 3|move 1
|
|move|p1a: Jolteon|Thunder Wave|p2a: Gengar
|-status|p2a: Gengar|par
|move|p2a: Gengar|Hypnosis|p1a: Jolteon
|-status|p1a: Jolteon|slp
|
|turn|5
|choice|switch 4|move 4
|
|switch|p1a: Chansey|Chansey|703\/703
|cant|p2a: Gengar|par
|
|turn|6
|choice|move 3|switch 4
|
|switch|p2a: Chansey|Chansey|703\/703
|move|p1a: Chansey|Reflect|p1a: Chansey
|-start|p1a: Chansey|Reflect
|
|turn|7
|choice|move 4|move 1
|
|move|p1a: Chansey|Seismic Toss|p2a: Chansey
|-damage|p2a: Chansey|603\/703
|move|p2a: Chansey|Sing|p1a: Chansey|[miss]
|-miss|p2a: Chansey
|
|turn|8
|c|★Dice|oops
|c|★Dice|i meant 2 wave
|c|★Disaster Area|x_x
|choice|move 4|move 4
|
|move|p1a: Chansey|Seismic Toss|p2a: Chansey
|-damage|p2a: Chansey|503\/703
|move|p2a: Chansey|Thunder Wave|p1a: Chansey
|-status|p1a: Chansey|par
|
|turn|9
|c|★Dice|its in a diff order
|c|★Dice|on my other team
|c|★Disaster Area|I know that feeling
|choice|switch 6|move 3
|
|switch|p1a: Exeggutor|Exeggutor|393\/393
|move|p2a: Chansey|Soft-Boiled|p2a: Chansey
|-heal|p2a: Chansey|703\/703
|
|turn|10
|choice|move 1|switch 5
|
|switch|p2a: Rhydon|Rhydon|413\/413
|move|p1a: Exeggutor|Sleep Powder|p2a: Rhydon|[miss]
|-miss|p1a: Exeggutor
|
|turn|11
|choice|move 1|move 1
|
|move|p1a: Exeggutor|Sleep Powder|p2a: Rhydon
|-status|p2a: Rhydon|slp
|cant|p2a: Rhydon|slp
|
|turn|12
|choice|move 4|switch 5
|
|switch|p2a: Chansey|Chansey|703\/703
|move|p1a: Exeggutor|Explosion|p2a: Chansey
|-damage|p2a: Chansey|0 fnt
|faint|p2a: Chansey
|faint|p1a: Exeggutor
|choice|switch 5|switch 6
|
|switch|p1a: Snorlax|Snorlax|523\/523
|switch|p2a: Snorlax|Snorlax|523\/523
|turn|13
|choice|move 1|move 2
|
|move|p1a: Snorlax|Body Slam|p2a: Snorlax
|-damage|p2a: Snorlax|395\/523
|move|p2a: Snorlax|Body Slam|p1a: Snorlax
|-damage|p1a: Snorlax|388\/523
|
|turn|14
|choice|switch 2|move 2
|
|switch|p1a: Moltres|Moltres|383\/383
|move|p2a: Snorlax|Body Slam|p1a: Moltres
|-damage|p1a: Moltres|259\/383
|
|turn|15
|choice|move 1|move 2
|
|move|p1a: Moltres|Fire Blast|p2a: Snorlax|[miss]
|-miss|p1a: Moltres
|move|p2a: Snorlax|Body Slam|p1a: Moltres
|-damage|p1a: Moltres|154\/383
|-status|p1a: Moltres|par
|
|turn|16
|c|★Disaster Area|rip
|choice|move 1|move 2
|
|move|p2a: Snorlax|Body Slam|p1a: Moltres
|-damage|p1a: Moltres|44\/383 par
|move|p1a: Moltres|Fire Blast|p2a: Snorlax
|-damage|p2a: Snorlax|189\/523
|
|turn|17
|c|★Disaster Area|no crit no burn no party x_x
|choice|move 1|move 2
|
|move|p2a: Snorlax|Body Slam|p1a: Moltres
|-damage|p1a: Moltres|0 fnt
|faint|p1a: Moltres
|c|★Dice|i have thick fat
|choice|switch 3|
|
|switch|p1a: Koopacow|Tauros|353\/353
|turn|18
|choice|move 2|switch 4
|
|switch|p2a: Gengar|Gengar|323\/323 par
|move|p1a: Koopacow|Blizzard|p2a: Gengar
|-damage|p2a: Gengar|261\/323 par
|
|turn|19
|choice|move 3|move 3
|
|move|p1a: Koopacow|Earthquake|p2a: Gengar
|-supereffective|p2a: Gengar
|-damage|p2a: Gengar|54\/323 par
|cant|p2a: Gengar|par
|
|turn|20
|choice|move 3|move 3
|
|move|p1a: Koopacow|Earthquake|p2a: Gengar
|-supereffective|p2a: Gengar
|-damage|p2a: Gengar|0 fnt
|faint|p2a: Gengar
|choice||switch 3
|
|switch|p2a: Slowbro|Slowbro|393\/393
|turn|21
|choice|switch 6|move 3
|
|switch|p1a: Chansey|Chansey|703\/703 par
|move|p2a: Slowbro|Amnesia|p2a: Slowbro
|-boost|p2a: Slowbro|spd|2
|-boost|p2a: Slowbro|spa|2
|
|turn|22
|choice|move 4|move 3
|
|move|p2a: Slowbro|Amnesia|p2a: Slowbro
|-boost|p2a: Slowbro|spd|2
|-boost|p2a: Slowbro|spa|2
|move|p1a: Chansey|Seismic Toss|p2a: Slowbro
|-damage|p2a: Slowbro|293\/393
|
|turn|23
|choice|move 2|move 3
|
|move|p2a: Slowbro|Amnesia|p2a: Slowbro
|-boost|p2a: Slowbro|spd|2
|-boost|p2a: Slowbro|spa|2
|move|p1a: Chansey|Thunder Wave|p2a: Slowbro
|-status|p2a: Slowbro|par
|
|turn|24
|choice|switch 4|move 1
|
|switch|p1a: Jolteon|Jolteon|333\/333 slp
|move|p2a: Slowbro|Surf|p1a: Jolteon
|-damage|p1a: Jolteon|0 fnt
|faint|p1a: Jolteon
|choice|switch 2|
|
|switch|p1a: Snorlax|Snorlax|388\/523
|turn|25
|choice|move 4|switch 5
|
|switch|p2a: Rhydon|Rhydon|413\/413 slp
|move|p1a: Snorlax|Self-Destruct|p2a: Rhydon
|-resisted|p2a: Rhydon
|-damage|p2a: Rhydon|281\/413 slp
|faint|p1a: Snorlax
|c|★Disaster Area|rip
|c|★Disaster Area|I used pick
|c|★Disaster Area|to decide between
|c|★Disaster Area|booming and quaking
|choice|switch 6|
|
|switch|p1a: Koopacow|Tauros|353\/353
|turn|26
|choice|move 2|move 3
|
|move|p1a: Koopacow|Blizzard|p2a: Rhydon
|-supereffective|p2a: Rhydon
|-damage|p2a: Rhydon|33\/413 slp
|cant|p2a: Rhydon|slp
|
|turn|27
|choice|move 1|move 3
|
|move|p1a: Koopacow|Body Slam|p2a: Rhydon
|-crit|p2a: Rhydon
|-resisted|p2a: Rhydon
|-damage|p2a: Rhydon|0 fnt
|faint|p2a: Rhydon
|choice||switch 5
|
|switch|p2a: Slowbro|Slowbro|293\/393 par
|turn|28
|choice|switch 4|move 2
|
|switch|p1a: Chansey|Chansey|703\/703 par
|move|p2a: Slowbro|Thunder Wave|p1a: Chansey
|-fail|p1a: Chansey|par
|
|turn|29
|choice|move 4|switch 4
|
|switch|p2a: Snorlax|Snorlax|189\/523
|move|p1a: Chansey|Seismic Toss|p2a: Snorlax
|-damage|p2a: Snorlax|89\/523
|
|turn|30
|choice|move 3|move 4
|
|move|p2a: Snorlax|Self-Destruct|p1a: Chansey
|-damage|p1a: Chansey|0 fnt
|faint|p1a: Chansey
|faint|p2a: Snorlax
|choice|switch 4|switch 4
|
|switch|p1a: Koopacow|Tauros|353\/353
|switch|p2a: Slowbro|Slowbro|293\/393 par
|turn|31
|choice|move 4|move 2
|
|move|p1a: Koopacow|Hyper Beam|p2a: Slowbro
|-damage|p2a: Slowbro|135\/393 par
|move|p2a: Slowbro|Thunder Wave|p1a: Koopacow
|-status|p1a: Koopacow|par
|
|turn|32
|-mustrecharge|p1a: Koopacow
|c|★Disaster Area|gg
|-mustrecharge|p1a: Koopacow
|choice|move 1|move 1
|
|cant|p1a: Koopacow|recharge
|move|p2a: Slowbro|Surf|p1a: Koopacow
|-damage|p1a: Koopacow|233\/353 par
|
|turn|33
|choice|move 4|move 1
|
|move|p1a: Koopacow|Hyper Beam|p2a: Slowbro
|-damage|p2a: Slowbro|0 fnt
|faint|p2a: Slowbro
|choice||switch 2
|
|switch|p2a: Dragonite|Dragonite|385\/385
|turn|34
|c|★Disaster Area|ah
|c|★Disaster Area|lol
|choice|move 1|move 2
|
|move|p2a: Dragonite|Wrap|p1a: Koopacow
|-damage|p1a: Koopacow|218\/353 par
|-activate|p1a: Koopacow|move: Wrap|[of] p2a: Dragonite
|cant|p1a: Koopacow|par
|
|turn|35
|choice|move 1|move 2
|
|move|p2a: Dragonite|Wrap|p1a: Koopacow
|-damage|p1a: Koopacow|203\/353 par
|cant|p1a: Koopacow|partiallytrapped
|
|turn|36
|choice|move 1|move 2
|
|move|p2a: Dragonite|Wrap|p1a: Koopacow
|-damage|p1a: Koopacow|188\/353 par
|cant|p1a: Koopacow|partiallytrapped
|
|-end|p1a: Koopacow|Wrap|[partiallytrapped]
|turn|37
|c|★Disaster Area|I think
|c|★Disaster Area|my big misplay
|c|★Disaster Area|was booming on chansey
|c|★Disaster Area|since I needed that boom for bro
|choice|move 1|move 2
|
|move|p2a: Dragonite|Wrap|p1a: Koopacow
|-crit|p1a: Koopacow
|-damage|p1a: Koopacow|160\/353 par
|-activate|p1a: Koopacow|move: Wrap|[of] p2a: Dragonite
|cant|p1a: Koopacow|partiallytrapped
|
|turn|38
|c|★Dice|hm
|c|★Dice|i thought the boom on chan
|c|★Disaster Area|which was daft of me since
|c|★Dice|was g
|c|★Disaster Area|slowbro
|c|★Dice|good
|c|★Dice|@ the time
|c|★Disaster Area|was obvious
|c|★Disaster Area|ya so did I
|c|★Disaster Area|but I wasn't
|c|★Disaster Area|thinking properly enough
|c|★Disaster Area|should have seen u had bro so
|c|★Dice|lol
|c|★Disaster Area|not worth removing chansey for a moltres sweep
|c|★Dice|this team needs a lil tweeking
|c|★Dice|i like the idea tho
|choice|move 2|move 2
|
|move|p2a: Dragonite|Wrap|p1a: Koopacow
|-damage|p1a: Koopacow|132\/353 par
|cant|p1a: Koopacow|partiallytrapped
|
|turn|39
|choice|move 2|move 2
|
|move|p2a: Dragonite|Wrap|p1a: Koopacow
|-damage|p1a: Koopacow|104\/353 par
|cant|p1a: Koopacow|partiallytrapped
|
|-end|p1a: Koopacow|Wrap|[partiallytrapped]
|turn|40
|choice|move 2|move 1
|
|move|p2a: Dragonite|Hyper Beam|p1a: Koopacow
|-damage|p1a: Koopacow|0 fnt
|faint|p1a: Koopacow
|
|win|Dice