|j|Dervodel2
|j|Reeban
|player|p1|Dervodel2|265
|player|p2|Reeban|136
|gametype|singles
|gen|1
|tier|[Gen 1] Random Battle
|rated
|seed|
|rule|Sleep Clause Mod: Limit one foe put to sleep
|rule|Freeze Clause Mod: Limit one foe frozen
|rule|HP Percentage Mod: HP is shown in percentages
|
|start
|switch|p1a: Gastly|Gastly, L96|100\/100
|switch|p2a: Articuno|Articuno, L79|100\/100
|turn|1
|choice||
|
|move|p1a: Gastly|Hypnosis|p2a: Articuno
|-status|p2a: Articuno|slp
|cant|p2a: Articuno|slp
|
|turn|2
|choice||
|
|switch|p1a: Slowbro|Slowbro, L79|100\/100
|cant|p2a: Articuno|slp
|
|turn|3
|choice||
|
|switch|p2a: Chansey|Chansey, L79|100\/100
|move|p1a: Slowbro|Amnesia|p1a: Slowbro
|-boost|p1a: Slowbro|spd|2
|-boost|p1a: Slowbro|spa|2
|
|turn|4
|choice||
|
|move|p2a: Chansey|Thunder Wave|p1a: Slowbro
|-status|p1a: Slowbro|par
|move|p1a: Slowbro|Amnesia|p1a: Slowbro
|-boost|p1a: Slowbro|spd|2
|-boost|p1a: Slowbro|spa|2
|
|turn|5
|choice||
|
|move|p2a: Chansey|Thunderbolt|p1a: Slowbro
|-crit|p1a: Slowbro
|-supereffective|p1a: Slowbro
|-damage|p1a: Slowbro|10\/100 par
|move|p1a: Slowbro|Amnesia|p1a: Slowbro
|-boost|p1a: Slowbro|spd|2
|-boost|p1a: Slowbro|spa|2
|
|turn|6
|choice||
|
|move|p2a: Chansey|Thunderbolt|p1a: Slowbro
|-supereffective|p1a: Slowbro
|-damage|p1a: Slowbro|0 fnt
|faint|p1a: Slowbro
|choice||
|
|switch|p1a: Hitmonlee|Hitmonlee, L90|100\/100
|turn|7
|c|★Dervodel2|mazing
|choice||
|
|switch|p2a: Gyarados|Gyarados, L85|100\/100
|move|p1a: Hitmonlee|High Jump Kick|p2a: Gyarados
|-resisted|p2a: Gyarados
|-damage|p2a: Gyarados|81\/100
|
|turn|8
|choice||
|
|switch|p1a: Electrode|Electrode, L90|100\/100
|move|p2a: Gyarados|Surf|p1a: Electrode
|-damage|p1a: Electrode|65\/100
|
|turn|9
|choice||
|
|switch|p2a: Sandslash|Sandslash, L85|100\/100
|move|p1a: Electrode|Thunder Wave|p2a: Sandslash
|-immune|p2a: Sandslash|[msg]
|
|turn|10
|choice||
|
|switch|p1a: Hitmonlee|Hitmonlee, L90|100\/100
|move|p2a: Sandslash|Substitute|p2a: Sandslash
|-start|p2a: Sandslash|Substitute
|-damage|p2a: Sandslash|76\/100
|
|turn|11
|choice||
|
|move|p1a: Hitmonlee|High Jump Kick|p2a: Sandslash
|-end|p2a: Sandslash|Substitute
|move|p2a: Sandslash|Earthquake|p1a: Hitmonlee
|-damage|p1a: Hitmonlee|49\/100
|
|turn|12
|choice||
|
|move|p1a: Hitmonlee|High Jump Kick|p2a: Sandslash
|-crit|p2a: Sandslash
|-damage|p2a: Sandslash|8\/100
|move|p2a: Sandslash|Earthquake|p1a: Hitmonlee
|-damage|p1a: Hitmonlee|0 fnt
|faint|p1a: Hitmonlee
|choice||
|
|switch|p1a: Gastly|Gastly, L96|100\/100
|turn|13
|choice||
|
|switch|p2a: Alakazam|Alakazam, L79|100\/100
|move|p1a: Gastly|Mega Drain|p2a: Alakazam
|-damage|p2a: Alakazam|89\/100
|
|turn|14
|c|★Dervodel2|gg
|c|★Dervodel2|too good team
|c|★Reeban|gg
|choice||
|
|switch|p1a: Flareon|Flareon, L90|100\/100
|move|p2a: Alakazam|Thunder Wave|p1a: Flareon
|-status|p1a: Flareon|par
|
|turn|15
|choice||
|
|move|p2a: Alakazam|Reflect|p2a: Alakazam
|-start|p2a: Alakazam|Reflect
|move|p1a: Flareon|Body Slam|p2a: Alakazam
|-damage|p2a: Alakazam|62\/100
|
|turn|16
|j|Ch01W0n5h1n
|choice||
|
|move|p2a: Alakazam|Psychic|p1a: Flareon
|-damage|p1a: Flareon|71\/100 par
|move|p1a: Flareon|Body Slam|p2a: Alakazam
|-damage|p2a: Alakazam|34\/100
|
|turn|17
|choice||
|
|move|p2a: Alakazam|Recover|p2a: Alakazam
|-heal|p2a: Alakazam|84\/100
|move|p1a: Flareon|Hyper Beam|p2a: Alakazam
|-damage|p2a: Alakazam|35\/100
|
|turn|18
|-mustrecharge|p1a: Flareon
|-mustrecharge|p1a: Flareon
|choice||
|
|move|p2a: Alakazam|Recover|p2a: Alakazam
|-heal|p2a: Alakazam|85\/100
|cant|p1a: Flareon|recharge
|
|turn|19
|choice||
|
|move|p2a: Alakazam|Psychic|p1a: Flareon
|-damage|p1a: Flareon|45\/100 par
|-unboost|p1a: Flareon|spd|1
|-unboost|p1a: Flareon|spa|1
|move|p1a: Flareon|Body Slam|p2a: Alakazam
|-damage|p2a: Alakazam|60\/100
|
|turn|20
|choice||
|
|move|p2a: Alakazam|Psychic|p1a: Flareon
|-damage|p1a: Flareon|6\/100 par
|move|p1a: Flareon|Body Slam|p2a: Alakazam
|-damage|p2a: Alakazam|34\/100
|
|turn|21
|choice||
|
|move|p1a: Flareon|Quick Attack|p2a: Alakazam
|-damage|p2a: Alakazam|21\/100
|move|p2a: Alakazam|Psychic|p1a: Flareon
|-crit|p1a: Flareon
|-damage|p1a: Flareon|0 fnt
|faint|p1a: Flareon
|choice||
|
|switch|p1a: Charizard|Charizard, L85|100\/100
|turn|22
|choice||
|
|move|p2a: Alakazam|Recover|p2a: Alakazam
|-heal|p2a: Alakazam|71\/100
|move|p1a: Charizard|Body Slam|p2a: Alakazam
|-damage|p2a: Alakazam|54\/100
|
|turn|23
|choice||
|
|move|p2a: Alakazam|Thunder Wave|p1a: Charizard
|-status|p1a: Charizard|par
|move|p1a: Charizard|Swords Dance|p1a: Charizard
|-boost|p1a: Charizard|atk|2
|
|turn|24
|choice||
|
|move|p2a: Alakazam|Psychic|p1a: Charizard
|-crit|p1a: Charizard
|-damage|p1a: Charizard|31\/100 par
|move|p1a: Charizard|Body Slam|p2a: Alakazam
|-damage|p2a: Alakazam|18\/100
|
|turn|25
|choice||
|
|move|p2a: Alakazam|Psychic|p1a: Charizard
|-crit|p1a: Charizard
|-damage|p1a: Charizard|0 fnt
|faint|p1a: Charizard
|choice||
|
|switch|p1a: Electrode|Electrode, L90|65\/100
|turn|26
|choice||
|
|switch|p1a: Gastly|Gastly, L96|100\/100
|switch|p2a: Sandslash|Sandslash, L85|8\/100
|
|turn|27
|choice||
|
|switch|p2a: Chansey|Chansey, L79|100\/100
|move|p1a: Gastly|Confuse Ray|p2a: Chansey
|-start|p2a: Chansey|confusion
|
|turn|28
|choice||
|
|move|p1a: Gastly|Mega Drain|p2a: Chansey
|-damage|p2a: Chansey|94\/100
|-activate|p2a: Chansey|confusion
|move|p2a: Chansey|Thunder Wave|p1a: Gastly
|-status|p1a: Gastly|par
|
|turn|29
|choice||
|
|-end|p2a: Chansey|confusion
|move|p2a: Chansey|Thunderbolt|p1a: Gastly
|-damage|p1a: Gastly|79\/100 par
|cant|p1a: Gastly|par
|
|turn|30
|choice||
|
|move|p2a: Chansey|Thunderbolt|p1a: Gastly
|-damage|p1a: Gastly|58\/100 par
|move|p1a: Gastly|Explosion|p2a: Chansey
|-damage|p2a: Chansey|5\/100
|faint|p1a: Gastly
|choice||
|
|switch|p1a: Electrode|Electrode, L90|65\/100
|turn|31
|choice||
|
|switch|p2a: Sandslash|Sandslash, L85|8\/100
|move|p1a: Electrode|Explosion|p2a: Sandslash
|-damage|p2a: Sandslash|0 fnt
|faint|p2a: Sandslash
|faint|p1a: Electrode
|
|win|Reeban
|player|p1
|player|p2
|raw|Dervodel2's rating: 1391 &rarr; <strong>1367<\/strong><br \/>(-24 for losing)
|raw|Reeban's rating: 1325 &rarr; <strong>1349<\/strong><br \/>(+24 for winning)
|l|Ch01W0n5h1n
|c|★Dervodel2|too good team to lucky