|j|Kcroxsox
|j|FailMoore
|player|p1|Kcroxsox|167
|player|p2|FailMoore|241
|gametype|singles
|gen|1
|tier|[Gen 1] Random Battle
|rated
|seed|48064,39358,15585,21347
|rule|Sleep Clause Mod: Limit one foe put to sleep
|rule|Freeze Clause Mod: Limit one foe frozen
|rule|HP Percentage Mod: HP is shown in percentages
|
|start
|switch|p1a: Cloyster|Cloyster, L83|253\/253
|switch|p2a: Bulbasaur|Bulbasaur, L96|281\/281
|turn|1
|choice|move 1|move 2
|
|move|p1a: Cloyster|Ice Beam|p2a: Bulbasaur
|-supereffective|p2a: Bulbasaur
|-damage|p2a: Bulbasaur|85\/281
|move|p2a: Bulbasaur|Sleep Powder|p1a: Cloyster
|-status|p1a: Cloyster|slp
|
|turn|2
|choice|switch 6|move 3
|
|switch|p1a: Hitmonchan|Hitmonchan, L90|273\/273
|move|p2a: Bulbasaur|Razor Leaf|p1a: Hitmonchan
|-crit|p1a: Hitmonchan
|-damage|p1a: Hitmonchan|93\/273
|
|turn|3
|choice|move 3|move 3
|
|move|p1a: Hitmonchan|Body Slam|p2a: Bulbasaur
|-damage|p2a: Bulbasaur|0 fnt
|faint|p2a: Bulbasaur
|choice||switch 6
|
|switch|p2a: Electabuzz|Electabuzz, L85|284\/284
|turn|4
|choice|switch 5|move 4
|
|switch|p1a: Victreebel|Victreebel, L85|310\/310
|move|p2a: Electabuzz|Psychic|p1a: Victreebel
|-supereffective|p1a: Victreebel
|-damage|p1a: Victreebel|193\/310
|
|turn|5
|choice|move 2|move 1
|
|move|p2a: Electabuzz|Thunder Wave|p1a: Victreebel
|-status|p1a: Victreebel|par
|move|p1a: Victreebel|Stun Spore|p2a: Electabuzz|[miss]
|-miss|p1a: Victreebel
|
|turn|6
|choice|move 2|move 4
|
|move|p2a: Electabuzz|Psychic|p1a: Victreebel
|-supereffective|p1a: Victreebel
|-damage|p1a: Victreebel|85\/310 par
|-unboost|p1a: Victreebel|spd|1
|-unboost|p1a: Victreebel|spa|1
|move|p1a: Victreebel|Stun Spore|p2a: Electabuzz
|-status|p2a: Electabuzz|par
|
|turn|7
|choice|move 4|move 4
|
|move|p2a: Electabuzz|Psychic|p1a: Victreebel
|-supereffective|p1a: Victreebel
|-damage|p1a: Victreebel|0 fnt
|faint|p1a: Victreebel
|choice|switch 5|
|
|switch|p1a: Hitmonchan|Hitmonchan, L90|93\/273
|turn|8
|choice|move 3|move 4
|
|move|p1a: Hitmonchan|Body Slam|p2a: Electabuzz
|-damage|p2a: Electabuzz|198\/284 par
|cant|p2a: Electabuzz|par
|
|turn|9
|choice|move 2|move 4
|
|move|p1a: Hitmonchan|Submission|p2a: Electabuzz
|-crit|p2a: Electabuzz
|-damage|p2a: Electabuzz|0 fnt
|-damage|p1a: Hitmonchan|44\/273|[from] recoil|[of] p2a: Electabuzz
|faint|p2a: Electabuzz
|choice||switch 4
|
|switch|p2a: Mewtwo|Mewtwo, L70|293\/293
|turn|10
|choice|move 3|move 1
|
|move|p2a: Mewtwo|Psychic|p1a: Hitmonchan
|-supereffective|p1a: Hitmonchan
|-damage|p1a: Hitmonchan|0 fnt
|faint|p1a: Hitmonchan
|choice|switch 3|
|
|switch|p1a: Jolteon|Jolteon, L79|265\/265
|turn|11
|choice|move 2|switch 2
|
|switch|p2a: Nidoqueen|Nidoqueen, L85|327\/327
|move|p1a: Jolteon|Thunder Wave|p2a: Nidoqueen
|-immune|p2a: Nidoqueen|[msg]
|
|turn|12
|choice|switch 4|move 4
|
|switch|p1a: Charizard|Charizard, L85|306\/306
|move|p2a: Nidoqueen|Body Slam|p1a: Charizard
|-damage|p1a: Charizard|246\/306
|
|turn|13
|choice|move 1|move 3
|
|move|p1a: Charizard|Earthquake|p2a: Nidoqueen
|-supereffective|p2a: Nidoqueen
|-damage|p2a: Nidoqueen|195\/327
|move|p2a: Nidoqueen|Thunder|p1a: Charizard
|-supereffective|p1a: Charizard
|-damage|p1a: Charizard|86\/306
|
|turn|14
|choice|move 1|move 3
|
|move|p1a: Charizard|Earthquake|p2a: Nidoqueen
|-supereffective|p2a: Nidoqueen
|-damage|p2a: Nidoqueen|57\/327
|move|p2a: Nidoqueen|Thunder|p1a: Charizard
|-supereffective|p1a: Charizard
|-damage|p1a: Charizard|0 fnt
|faint|p1a: Charizard
|choice|switch 2|
|
|switch|p1a: Rhyhorn|Rhyhorn, L96|348\/348
|turn|15
|choice|move 3|move 2
|
|move|p2a: Nidoqueen|Blizzard|p1a: Rhyhorn
|-supereffective|p1a: Rhyhorn
|-damage|p1a: Rhyhorn|113\/348
|move|p1a: Rhyhorn|Body Slam|p2a: Nidoqueen
|-damage|p2a: Nidoqueen|0 fnt
|faint|p2a: Nidoqueen
|choice||switch 2
|
|switch|p2a: Mewtwo|Mewtwo, L70|293\/293
|turn|16
|choice|move 3|move 1
|
|move|p2a: Mewtwo|Psychic|p1a: Rhyhorn
|-crit|p1a: Rhyhorn
|-damage|p1a: Rhyhorn|0 fnt
|faint|p1a: Rhyhorn
|choice|switch 4|
|
|switch|p1a: Jolteon|Jolteon, L79|265\/265
|turn|17
|choice|move 2|move 1
|
|move|p1a: Jolteon|Thunder Wave|p2a: Mewtwo
|-status|p2a: Mewtwo|par
|move|p2a: Mewtwo|Psychic|p1a: Jolteon
|-crit|p1a: Jolteon
|-damage|p1a: Jolteon|106\/265
|
|turn|18
|choice|move 3|move 1
|
|move|p1a: Jolteon|Pin Missile|p2a: Mewtwo
|-supereffective|p2a: Mewtwo
|-damage|p2a: Mewtwo|276\/293 par
|-damage|p2a: Mewtwo|259\/293 par
|-damage|p2a: Mewtwo|242\/293 par
|-damage|p2a: Mewtwo|225\/293 par
|-hitcount|p2a: Mewtwo|4
|move|p2a: Mewtwo|Psychic|p1a: Jolteon
|-damage|p1a: Jolteon|20\/265
|
|turn|19
|choice|move 4|move 1
|
|move|p1a: Jolteon|Sand Attack|p2a: Mewtwo
|-unboost|p2a: Mewtwo|accuracy|1
|move|p2a: Mewtwo|Psychic|p1a: Jolteon
|-damage|p1a: Jolteon|0 fnt
|faint|p1a: Jolteon
|choice|switch 6|
|
|switch|p1a: Cloyster|Cloyster, L83|253\/253 slp
|turn|20
|choice|move 3|switch 5
|
|switch|p2a: Lapras|Lapras, L79|367\/367
|cant|p1a: Cloyster|slp
|
|turn|21
|choice|move 4|move 1
|
|cant|p1a: Cloyster|slp
|move|p2a: Lapras|Thunderbolt|p1a: Cloyster
|-supereffective|p1a: Cloyster
|-damage|p1a: Cloyster|135\/253 slp
|
|turn|22
|choice|move 3|move 1
|
|cant|p1a: Cloyster|slp
|move|p2a: Lapras|Thunderbolt|p1a: Cloyster
|-supereffective|p1a: Cloyster
|-damage|p1a: Cloyster|23\/253 slp
|
|turn|23
|choice|move 4|move 1
|
|-curestatus|p1a: Cloyster|slp
|move|p2a: Lapras|Thunderbolt|p1a: Cloyster
|-supereffective|p1a: Cloyster
|-damage|p1a: Cloyster|0 fnt
|faint|p1a: Cloyster
|
|win|FailMoore
|player|p1
|player|p2
|raw|Kcroxsox's rating: 1351 &rarr; <strong>1326<\/strong><br \/>(-25 for losing)
|raw|FailMoore's rating: 1269 &rarr; <strong>1299<\/strong><br \/>(+30 for winning)
|c|★FailMoore|gg
|l|Kcroxsox