|join|AitorMaster
|join|Trinita1897
|player|p1|AitorMaster|163
|player|p2|Trinita1897|130
|gametype|singles
|gen|1
|tier|[Gen 1] Random Battle
|rated
|rule|Sleep Clause Mod: Limit one foe put to sleep
|rule|Freeze Clause Mod: Limit one foe frozen
|rule|HP Percentage Mod: HP is shown in percentages
|
|start
|switch|p1a: Pidgey|Pidgey, L96|272\/272
|switch|p2a: Weedle|Weedle, L99|280\/280
|turn|1
|c|★Trinita1897|Yeah Baby....
|c|★Trinita1897|weedle
|
|switch|p2a: Marowak|Marowak, L90|291\/291
|move|p1a: Pidgey|Double-Edge|p2a: Marowak
|-damage|p2a: Marowak|221\/291
|-damage|p1a: Pidgey|255\/272|[from] recoil|[of] p2a: Marowak
|
|turn|2
|
|switch|p1a: Gloom|Gloom, L90|291\/291
|switch|p2a: Slowbro|Slowbro, L79|312\/312
|
|turn|3
|
|switch|p2a: Rapidash|Rapidash, L90|300\/300
|move|p1a: Gloom|Sleep Powder|p2a: Rapidash
|-status|p2a: Rapidash|slp
|
|turn|4
|
|cant|p2a: Rapidash|slp
|move|p1a: Gloom|Double-Edge|p2a: Rapidash
|-damage|p2a: Rapidash|231\/300 slp
|-damage|p1a: Gloom|274\/291|[from] recoil|[of] p2a: Rapidash
|
|turn|5
|
|switch|p1a: Gyarados|Gyarados, L85|335\/335
|cant|p2a: Rapidash|slp
|
|turn|6
|
|switch|p2a: Weedle|Weedle, L99|280\/280
|move|p1a: Gyarados|Surf|p2a: Weedle
|-damage|p2a: Weedle|110\/280
|
|turn|7
|
|move|p1a: Gyarados|Surf|p2a: Weedle
|-damage|p2a: Weedle|0 fnt
|faint|p2a: Weedle
|c|★Trinita1897|weedle noooooo
|
|switch|p2a: Slowbro|Slowbro, L79|312\/312
|turn|8
|
|switch|p1a: Magneton|Magneton, L90|273\/273
|move|p2a: Slowbro|Thunder Wave|p1a: Magneton
|-status|p1a: Magneton|par
|
|turn|9
|
|switch|p2a: Marowak|Marowak, L90|221\/291
|move|p1a: Magneton|Thunder Wave|p2a: Marowak
|-immune|p2a: Marowak|[msg]
|
|turn|10
|
|switch|p1a: Gloom|Gloom, L90|274\/291
|move|p2a: Marowak|Body Slam|p1a: Gloom
|-damage|p1a: Gloom|206\/291
|
|turn|11
|
|move|p2a: Marowak|Blizzard|p1a: Gloom
|-crit|p1a: Gloom
|-supereffective|p1a: Gloom
|-damage|p1a: Gloom|0 fnt
|faint|p1a: Gloom
|
|switch|p1a: Gyarados|Gyarados, L85|335\/335
|turn|12
|
|switch|p2a: Slowbro|Slowbro, L79|312\/312
|move|p1a: Gyarados|Surf|p2a: Slowbro
|-resisted|p2a: Slowbro
|-damage|p2a: Slowbro|251\/312
|
|turn|13
|
|switch|p1a: Magneton|Magneton, L90|273\/273 par
|move|p2a: Slowbro|Thunder Wave|p1a: Magneton
|-fail|p1a: Magneton|par
|
|turn|14
|
|switch|p2a: Marowak|Marowak, L90|221\/291
|cant|p1a: Magneton|par
|
|turn|15
|
|switch|p1a: Pidgey|Pidgey, L96|255\/272
|move|p2a: Marowak|Body Slam|p1a: Pidgey
|-crit|p1a: Pidgey
|-damage|p1a: Pidgey|89\/272
|
|turn|16
|
|move|p1a: Pidgey|Double-Edge|p2a: Marowak
|-crit|p2a: Marowak
|-damage|p2a: Marowak|73\/291
|-damage|p1a: Pidgey|52\/272|[from] recoil|[of] p2a: Marowak
|move|p2a: Marowak|Body Slam|p1a: Pidgey
|-damage|p1a: Pidgey|0 fnt
|faint|p1a: Pidgey
|
|switch|p1a: Gyarados|Gyarados, L85|335\/335
|turn|17
|
|switch|p2a: Slowbro|Slowbro, L79|251\/312
|move|p1a: Gyarados|Surf|p2a: Slowbro
|-resisted|p2a: Slowbro
|-damage|p2a: Slowbro|192\/312
|
|turn|18
|
|switch|p1a: Magneton|Magneton, L90|273\/273 par
|switch|p2a: Marowak|Marowak, L90|73\/291
|
|turn|19
|
|move|p2a: Marowak|Body Slam|p1a: Magneton
|-damage|p1a: Magneton|215\/273 par
|cant|p1a: Magneton|par
|
|turn|20
|
|move|p2a: Marowak|Earthquake|p1a: Magneton
|-crit|p1a: Magneton
|-supereffective|p1a: Magneton
|-damage|p1a: Magneton|0 fnt
|faint|p1a: Magneton
|
|switch|p1a: Gyarados|Gyarados, L85|335\/335
|turn|21
|
|switch|p2a: Slowbro|Slowbro, L79|192\/312
|move|p1a: Gyarados|Body Slam|p2a: Slowbro
|-damage|p2a: Slowbro|122\/312
|
|turn|22
|
|move|p1a: Gyarados|Body Slam|p2a: Slowbro
|-damage|p2a: Slowbro|60\/312
|move|p2a: Slowbro|Thunder Wave|p1a: Gyarados
|-status|p1a: Gyarados|par
|
|turn|23
|
|move|p2a: Slowbro|Rest|p2a: Slowbro
|-status|p2a: Slowbro|slp
|-heal|p2a: Slowbro|312\/312 slp|[silent]
|-status|p2a: Slowbro|slp|[from] move: Rest
|move|p1a: Gyarados|Body Slam|p2a: Slowbro
|-damage|p2a: Slowbro|245\/312 slp
|
|turn|24
|
|switch|p2a: Hitmonchan|Hitmonchan, L90|273\/273
|move|p1a: Gyarados|Hyper Beam|p2a: Hitmonchan
|-damage|p2a: Hitmonchan|152\/273
|
|turn|25
|-mustrecharge|p1a: Gyarados
|-mustrecharge|p1a: Gyarados
|
|move|p2a: Hitmonchan|Body Slam|p1a: Gyarados
|-damage|p1a: Gyarados|252\/335 par
|cant|p1a: Gyarados|recharge
|
|turn|26
|
|switch|p1a: Electrode|Electrode, L90|291\/291
|move|p2a: Hitmonchan|Body Slam|p1a: Electrode
|-damage|p1a: Electrode|208\/291
|
|turn|27
|
|move|p1a: Electrode|Thunder Wave|p2a: Hitmonchan
|-status|p2a: Hitmonchan|par
|cant|p2a: Hitmonchan|par
|
|turn|28
|
|move|p1a: Electrode|Reflect|p1a: Electrode
|-start|p1a: Electrode|Reflect
|move|p2a: Hitmonchan|Submission|p1a: Electrode
|-crit|p1a: Electrode
|-damage|p1a: Electrode|0 fnt
|-damage|p2a: Hitmonchan|100\/273 par|[from] recoil|[of] p1a: Electrode
|faint|p1a: Electrode
|
|switch|p1a: Gyarados|Gyarados, L85|252\/335 par
|turn|29
|
|move|p2a: Hitmonchan|Body Slam|p1a: Gyarados
|-damage|p1a: Gyarados|172\/335 par
|move|p1a: Gyarados|Surf|p2a: Hitmonchan
|-damage|p2a: Hitmonchan|0 fnt
|faint|p2a: Hitmonchan
|
|switch|p2a: Mewtwo|Mewtwo, L68|285\/285
|turn|30
|
|move|p2a: Mewtwo|Thunderbolt|p1a: Gyarados
|-supereffective|p1a: Gyarados
|-damage|p1a: Gyarados|0 fnt
|faint|p1a: Gyarados
|
|switch|p1a: Machoke|Machoke, L85|310\/310
|turn|31
|c|★Trinita1897|yeah mewtwo
|
|move|p2a: Mewtwo|Psychic|p1a: Machoke
|-supereffective|p1a: Machoke
|-damage|p1a: Machoke|62\/310
|move|p1a: Machoke|Earthquake|p2a: Mewtwo
|-damage|p2a: Mewtwo|200\/285
|
|turn|32
|
|move|p2a: Mewtwo|Psychic|p1a: Machoke
|-supereffective|p1a: Machoke
|-damage|p1a: Machoke|0 fnt
|faint|p1a: Machoke
|
|win|Trinita1897
|leave|AitorMaster
|player|p1