|join|kid gf lol
|join|dramlamb
|player|p1|kid gf lol|168
|player|p2|dramlamb|239
|gametype|singles
|gen|1
|tier|[Gen 1] OU (beta)
|rated
|rule|Sleep Clause Mod: Limit one foe put to sleep
|rule|Species Clause: Limit one of each Pokemon
|rule|OHKO Clause: OHKO moves are banned
|rule|Moody Clause: Moody is banned
|rule|Evasion Moves Clause: Evasion moves are banned
|rule|Endless Battle Clause: Forcing endless battles is banned.
|rule|HP Percentage Mod: HP is reported as percentages
|
|start
|switch|p1a: Zam Lead|Alakazam|313\/313
|switch|p2a: Alakazam|Alakazam|313\/313
|turn|1
|chat|dramlamb|glhf
|
|switch|p1a: Breakfast Pouch|Chansey|703\/703
|switch|p2a: Snorlax|Snorlax|523\/523
|
|turn|2
|
|switch|p1a: Result Of Incest|Exeggutor|393\/393
|move|p2a: Snorlax|Body Slam|p1a: Result Of Incest
|-damage|p1a: Result Of Incest|280\/393
|
|turn|3
|
|switch|p2a: Jynx|Jynx|333\/333
|move|p1a: Result Of Incest|Sleep Powder|p2a: Jynx
|-status|p2a: Jynx|slp
|
|turn|4
|
|switch|p2a: Exeggutor|Exeggutor|393\/393
|move|p1a: Result Of Incest|Mega Drain|p2a: Exeggutor
|-resisted|p2a: Exeggutor
|-damage|p2a: Exeggutor|368\/393
|-heal|p1a: Result Of Incest|293\/393|[from] drain|[of] p2a: Exeggutor
|
|turn|5
|
|move|p2a: Exeggutor|Psychic|p1a: Result Of Incest
|-resisted|p1a: Result Of Incest
|-damage|p1a: Result Of Incest|241\/393
|-unboost|p1a: Result Of Incest|spd|1
|-unboost|p1a: Result Of Incest|spa|1
|move|p1a: Result Of Incest|Explosion|p2a: Exeggutor
|-crit|p2a: Exeggutor
|-damage|p2a: Exeggutor|0 fnt
|faint|p2a: Exeggutor
|faint|p1a: Result Of Incest
|
|switch|p2a: Alakazam|Alakazam|313\/313
|switch|p1a: Kitty|Tauros|353\/353
|turn|6
|
|switch|p1a: Breakfast Pouch|Chansey|703\/703
|move|p2a: Alakazam|Thunder Wave|p1a: Breakfast Pouch
|-status|p1a: Breakfast Pouch|par
|
|turn|7
|
|switch|p2a: Snorlax|Snorlax|523\/523
|move|p1a: Breakfast Pouch|Ice Beam|p2a: Snorlax
|-damage|p2a: Snorlax|424\/523
|
|turn|8
|
|move|p2a: Snorlax|Body Slam|p1a: Breakfast Pouch
|-crit|p1a: Breakfast Pouch
|-damage|p1a: Breakfast Pouch|93\/703 par
|cant|p1a: Breakfast Pouch|par
|
|turn|9
|
|switch|p1a: TNT|Golem|363\/363
|move|p2a: Snorlax|Body Slam|p1a: TNT
|-resisted|p1a: TNT
|-damage|p1a: TNT|317\/363
|
|turn|10
|
|switch|p1a: Kitty|Tauros|353\/353
|move|p2a: Snorlax|Earthquake|p1a: Kitty
|-damage|p1a: Kitty|270\/353
|
|turn|11
|
|move|p1a: Kitty|Body Slam|p2a: Snorlax
|-crit|p2a: Snorlax
|-damage|p2a: Snorlax|182\/523
|move|p2a: Snorlax|Body Slam|p1a: Kitty
|-damage|p1a: Kitty|159\/353
|-status|p1a: Kitty|par
|
|turn|12
|
|move|p2a: Snorlax|Hyper Beam|p1a: Kitty
|-crit|p1a: Kitty
|-damage|p1a: Kitty|0 fnt
|faint|p1a: Kitty
|
|
|switch|p1a: TNT|Golem|317\/363
|turn|13
|
|move|p1a: TNT|Earthquake|p2a: Snorlax
|-crit|p2a: Snorlax
|-damage|p2a: Snorlax|0 fnt
|faint|p2a: Snorlax
|
|
|switch|p2a: Alakazam|Alakazam|313\/313
|turn|14
|
|move|p2a: Alakazam|Psychic|p1a: TNT
|-damage|p1a: TNT|136\/363
|move|p1a: TNT|Earthquake|p2a: Alakazam
|-damage|p2a: Alakazam|115\/313
|
|turn|15
|
|switch|p1a: Mr Mime|Jynx|333\/333
|move|p2a: Alakazam|Psychic|p1a: Mr Mime
|-resisted|p1a: Mr Mime
|-damage|p1a: Mr Mime|263\/333
|
|turn|16
|
|move|p2a: Alakazam|Recover|p2a: Alakazam
|-heal|p2a: Alakazam|271\/313
|move|p1a: Mr Mime|Blizzard|p2a: Alakazam
|-damage|p2a: Alakazam|168\/313
|
|turn|17
|
|move|p2a: Alakazam|Recover|p2a: Alakazam
|-heal|p2a: Alakazam|313\/313
|move|p1a: Mr Mime|Reflect|p1a: Mr Mime
|
|turn|18
|
|move|p2a: Alakazam|Psychic|p1a: Mr Mime
|-resisted|p1a: Mr Mime
|-damage|p1a: Mr Mime|190\/333
|move|p1a: Mr Mime|Blizzard|p2a: Alakazam
|-damage|p2a: Alakazam|207\/313
|
|turn|19
|chat|dramlamb|how long does reflect last?
|
|move|p2a: Alakazam|Psychic|p1a: Mr Mime
|-resisted|p1a: Mr Mime
|-damage|p1a: Mr Mime|128\/333
|move|p1a: Mr Mime|Blizzard|p2a: Alakazam
|-damage|p2a: Alakazam|90\/313
|
|turn|20
|chat|kid gf lol|until i switch out
|
|move|p2a: Alakazam|Recover|p2a: Alakazam
|-heal|p2a: Alakazam|246\/313
|move|p1a: Mr Mime|Blizzard|p2a: Alakazam
|-crit|p2a: Alakazam
|-damage|p2a: Alakazam|30\/313
|
|turn|21
|chat|dramlamb|i see
|
|move|p2a: Alakazam|Recover|p2a: Alakazam
|-heal|p2a: Alakazam|186\/313
|move|p1a: Mr Mime|Blizzard|p2a: Alakazam|[miss]
|-miss|p1a: Mr Mime
|
|turn|22
|
|move|p2a: Alakazam|Recover|p2a: Alakazam
|-heal|p2a: Alakazam|313\/313
|move|p1a: Mr Mime|Blizzard|p2a: Alakazam|[miss]
|-miss|p1a: Mr Mime
|
|turn|23
|
|move|p2a: Alakazam|Psychic|p1a: Mr Mime
|-crit|p1a: Mr Mime
|-resisted|p1a: Mr Mime
|-damage|p1a: Mr Mime|0 fnt
|faint|p1a: Mr Mime
|
|
|switch|p1a: Zam Lead|Alakazam|313\/313
|turn|24
|
|move|p1a: Zam Lead|Thunder Wave|p2a: Alakazam
|-status|p2a: Alakazam|par
|move|p2a: Alakazam|Thunder Wave|p1a: Zam Lead
|-status|p1a: Zam Lead|par
|
|turn|25
|
|move|p1a: Zam Lead|Thunder Wave|p2a: Alakazam
|-fail|p2a: Alakazam|par
|move|p2a: Alakazam|Psychic|p1a: Zam Lead
|-resisted|p1a: Zam Lead
|-damage|p1a: Zam Lead|259\/313 par
|
|turn|26
|
|move|p1a: Zam Lead|Seismic Toss|p2a: Alakazam
|-damage|p2a: Alakazam|213\/313 par
|cant|p2a: Alakazam|par
|
|turn|27
|
|cant|p1a: Zam Lead|par
|move|p2a: Alakazam|Psychic|p1a: Zam Lead
|-resisted|p1a: Zam Lead
|-damage|p1a: Zam Lead|205\/313 par
|-unboost|p1a: Zam Lead|spd|1
|-unboost|p1a: Zam Lead|spa|1
|
|turn|28
|
|cant|p2a: Alakazam|par
|cant|p1a: Zam Lead|par
|
|turn|29
|
|move|p1a: Zam Lead|Recover|p1a: Zam Lead
|-heal|p1a: Zam Lead|313\/313 par
|move|p2a: Alakazam|Recover|p2a: Alakazam
|-heal|p2a: Alakazam|313\/313 par
|
|turn|30
|
|cant|p2a: Alakazam|par
|move|p1a: Zam Lead|Seismic Toss|p2a: Alakazam
|-damage|p2a: Alakazam|213\/313 par
|
|turn|31
|
|move|p2a: Alakazam|Recover|p2a: Alakazam
|-heal|p2a: Alakazam|313\/313 par
|move|p1a: Zam Lead|Seismic Toss|p2a: Alakazam
|-damage|p2a: Alakazam|213\/313 par
|
|turn|32
|
|cant|p2a: Alakazam|par
|move|p1a: Zam Lead|Seismic Toss|p2a: Alakazam
|-damage|p2a: Alakazam|113\/313 par
|
|turn|33
|
|move|p2a: Alakazam|Recover|p2a: Alakazam
|-heal|p2a: Alakazam|269\/313 par
|move|p1a: Zam Lead|Seismic Toss|p2a: Alakazam
|-damage|p2a: Alakazam|169\/313 par
|
|turn|34
|
|move|p1a: Zam Lead|Seismic Toss|p2a: Alakazam
|-damage|p2a: Alakazam|69\/313 par
|move|p2a: Alakazam|Recover|p2a: Alakazam
|-heal|p2a: Alakazam|225\/313 par
|
|turn|35
|
|cant|p1a: Zam Lead|par
|move|p2a: Alakazam|Psychic|p1a: Zam Lead
|-crit|p1a: Zam Lead
|-resisted|p1a: Zam Lead
|-damage|p1a: Zam Lead|205\/313 par
|
|turn|36
|
|move|p1a: Zam Lead|Recover|p1a: Zam Lead
|-heal|p1a: Zam Lead|313\/313 par
|move|p2a: Alakazam|Recover|p2a: Alakazam
|-heal|p2a: Alakazam|313\/313 par
|
|turn|37
|
|move|p1a: Zam Lead|Seismic Toss|p2a: Alakazam
|-damage|p2a: Alakazam|213\/313 par
|move|p2a: Alakazam|Psychic|p1a: Zam Lead
|-resisted|p1a: Zam Lead
|-damage|p1a: Zam Lead|240\/313 par
|-unboost|p1a: Zam Lead|spd|1
|-unboost|p1a: Zam Lead|spa|1
|
|turn|38
|
|move|p1a: Zam Lead|Recover|p1a: Zam Lead
|-heal|p1a: Zam Lead|313\/313 par
|cant|p2a: Alakazam|par
|
|turn|39
|
|move|p2a: Alakazam|Psychic|p1a: Zam Lead
|-resisted|p1a: Zam Lead
|-damage|p1a: Zam Lead|210\/313 par
|-unboost|p1a: Zam Lead|spd|1
|-unboost|p1a: Zam Lead|spa|1
|cant|p1a: Zam Lead|par
|
|turn|40
|
|move|p1a: Zam Lead|Recover|p1a: Zam Lead
|-heal|p1a: Zam Lead|313\/313 par
|cant|p2a: Alakazam|par
|
|turn|41
|
|move|p1a: Zam Lead|Thunder Wave|p2a: Alakazam
|-fail|p2a: Alakazam|par
|move|p2a: Alakazam|Recover|p2a: Alakazam
|-heal|p2a: Alakazam|313\/313 par
|
|turn|42
|
|move|p1a: Zam Lead|Seismic Toss|p2a: Alakazam
|-damage|p2a: Alakazam|213\/313 par
|move|p2a: Alakazam|Psychic|p1a: Zam Lead
|-resisted|p1a: Zam Lead
|-damage|p1a: Zam Lead|173\/313 par
|-unboost|p1a: Zam Lead|spd|1
|-unboost|p1a: Zam Lead|spa|1
|
|turn|43
|
|cant|p1a: Zam Lead|par
|move|p2a: Alakazam|Psychic|p1a: Zam Lead
|-resisted|p1a: Zam Lead
|-damage|p1a: Zam Lead|12\/313 par
|-unboost|p1a: Zam Lead|spd|1
|-unboost|p1a: Zam Lead|spa|1
|
|turn|44
|
|move|p1a: Zam Lead|Recover|p1a: Zam Lead
|-heal|p1a: Zam Lead|168\/313 par
|move|p2a: Alakazam|Psychic|p1a: Zam Lead
|-crit|p1a: Zam Lead
|-resisted|p1a: Zam Lead
|-damage|p1a: Zam Lead|58\/313 par
|
|turn|45
|
|switch|p1a: Breakfast Pouch|Chansey|93\/703 par
|move|p2a: Alakazam|Psychic|p1a: Breakfast Pouch
|-damage|p1a: Breakfast Pouch|0 fnt
|faint|p1a: Breakfast Pouch
|
|
|switch|p1a: Zam Lead|Alakazam|58\/313 par
|turn|46
|
|switch|p2a: Tauros|Tauros|353\/353
|move|p1a: Zam Lead|Recover|p1a: Zam Lead
|-fail|p1a: Zam Lead
|
|turn|47
|chat|kid gf lol|wtf
|
|move|p2a: Tauros|Earthquake|p1a: Zam Lead
|-crit|p1a: Zam Lead
|-damage|p1a: Zam Lead|0 fnt
|faint|p1a: Zam Lead
|
|chat|kid gf lol|w\/e gg
|chat|dramlamb|gg
|
|switch|p1a: TNT|Golem|136\/363
|turn|48
|chat|dramlamb|sry
|
|move|p2a: Tauros|Blizzard|p1a: TNT
|-supereffective|p1a: TNT
|-damage|p1a: TNT|0 fnt
|faint|p1a: TNT
|
|win|dramlamb
|raw|Ladder updating...
|raw|kid gf lol's rating: 1469 &rarr; <strong>1440<\/strong><br \/>(-29 for losing)
|raw|dramlamb's rating: 1321 &rarr; <strong>1349<\/strong><br \/>(+28 for winning)
|leave|kid gf lol
|player|p1