|j|Mandelbrot
|j|ToolazytoEVtrain
|player|p1|Mandelbrot|101
|player|p2|ToolazytoEVtrain|56
|gametype|singles
|gen|1
|tier|[Gen 1] OU
|rated
|seed|31427,5783,8360,65127
|rule|Sleep Clause Mod: Limit one foe put to sleep
|rule|Freeze Clause Mod: Limit one foe frozen
|rule|Species Clause: Limit one of each Pokémon
|rule|OHKO Clause: OHKO moves are banned
|rule|Evasion Moves Clause: Evasion moves are banned
|rule|HP Percentage Mod: HP is shown in percentages
|
|start
|switch|p1a: Exeggutor|Exeggutor|393\/393
|switch|p2a: Melatonin|Gengar|323\/323
|turn|1
|c|★Mandelbrot|Good luck. Have fun.
|choice|move 1|move 2
|
|move|p2a: Melatonin|Hypnosis|p1a: Exeggutor|[miss]
|-miss|p2a: Melatonin
|move|p1a: Exeggutor|Sleep Powder|p2a: Melatonin|[miss]
|-miss|p1a: Exeggutor
|
|turn|2
|c|★ToolazytoEVtrain|You too!
|choice|move 1|move 2
|
|move|p2a: Melatonin|Hypnosis|p1a: Exeggutor|[miss]
|-miss|p2a: Melatonin
|move|p1a: Exeggutor|Sleep Powder|p2a: Melatonin
|-status|p2a: Melatonin|slp
|
|turn|3
|choice|move 2|switch 3
|
|switch|p2a: Lsd|Starmie|323\/323
|move|p1a: Exeggutor|Psychic|p2a: Lsd
|-resisted|p2a: Lsd
|-damage|p2a: Lsd|259\/323
|-unboost|p2a: Lsd|spd|1
|-unboost|p2a: Lsd|spa|1
|
|turn|4
|choice|move 4|move 4
|
|move|p2a: Lsd|Thunder Wave|p1a: Exeggutor
|-status|p1a: Exeggutor|par
|cant|p1a: Exeggutor|par
|
|turn|5
|choice|move 4|switch 4
|
|switch|p2a: Really|Articuno|383\/383
|cant|p1a: Exeggutor|par
|
|turn|6
|choice|switch 4|move 1
|
|switch|p1a: Lapras|Lapras|463\/463
|move|p2a: Really|Blizzard|p1a: Lapras
|-resisted|p1a: Lapras
|-damage|p1a: Lapras|421\/463
|
|turn|7
|choice|move 4|switch 3
|
|switch|p2a: Melatonin|Gengar|323\/323 slp
|move|p1a: Lapras|Confuse Ray|p2a: Melatonin
|-start|p2a: Melatonin|confusion
|
|turn|8
|choice|move 1|move 1
|
|cant|p2a: Melatonin|slp
|move|p1a: Lapras|Ice Beam|p2a: Melatonin
|-damage|p2a: Melatonin|236\/323 slp
|
|turn|9
|choice|move 1|move 1
|
|cant|p2a: Melatonin|slp
|move|p1a: Lapras|Ice Beam|p2a: Melatonin
|-damage|p2a: Melatonin|151\/323 slp
|
|turn|10
|choice|move 1|move 1
|
|cant|p2a: Melatonin|slp
|move|p1a: Lapras|Ice Beam|p2a: Melatonin
|-damage|p2a: Melatonin|56\/323 slp
|
|turn|11
|choice|move 1|switch 4
|
|switch|p2a: Lsd|Starmie|259\/323
|move|p1a: Lapras|Ice Beam|p2a: Lsd
|-resisted|p2a: Lsd
|-damage|p2a: Lsd|207\/323
|
|turn|12
|choice|switch 2|move 4
|
|switch|p1a: Alakazam|Alakazam|313\/313
|move|p2a: Lsd|Thunder Wave|p1a: Alakazam
|-status|p1a: Alakazam|par
|
|turn|13
|choice|move 4|switch 2
|
|switch|p2a: Kick Rocks|Golem|363\/363
|cant|p1a: Alakazam|par
|
|turn|14
|choice|switch 4|move 4
|
|switch|p1a: Exeggutor|Exeggutor|393\/393 par
|move|p2a: Kick Rocks|Body Slam|p1a: Exeggutor
|-damage|p1a: Exeggutor|317\/393 par
|
|turn|15
|choice|move 2|switch 3
|
|switch|p2a: Really|Articuno|383\/383
|move|p1a: Exeggutor|Psychic|p2a: Really
|-damage|p2a: Really|274\/383
|-unboost|p2a: Really|spd|1
|-unboost|p2a: Really|spa|1
|
|turn|16
|choice|switch 2|move 1
|
|switch|p1a: Lapras|Lapras|421\/463
|move|p2a: Really|Blizzard|p1a: Lapras
|-resisted|p1a: Lapras
|-damage|p1a: Lapras|395\/463
|
|turn|17
|choice|move 4|switch 2
|
|switch|p2a: Lsd|Starmie|207\/323
|move|p1a: Lapras|Confuse Ray|p2a: Lsd
|-start|p2a: Lsd|confusion
|
|turn|18
|choice|move 2|move 4
|
|-activate|p2a: Lsd|confusion
|move|p2a: Lsd|Thunder Wave|p1a: Lapras
|-status|p1a: Lapras|par
|cant|p1a: Lapras|par
|
|turn|19
|choice|move 2|move 2
|
|-activate|p2a: Lsd|confusion
|move|p2a: Lsd|Thunderbolt|p1a: Lapras
|-supereffective|p1a: Lapras
|-damage|p1a: Lapras|248\/463 par
|cant|p1a: Lapras|par
|
|turn|20
|choice|switch 4|switch 4
|
|switch|p2a: Melatonin|Gengar|56\/323 slp
|switch|p1a: Alakazam|Alakazam|313\/313 par
|
|turn|21
|choice|move 1|switch 3
|
|switch|p2a: Kick Rocks|Golem|363\/363
|move|p1a: Alakazam|Psychic|p2a: Kick Rocks
|-damage|p2a: Kick Rocks|189\/363
|
|turn|22
|choice|move 1|move 4
|
|move|p2a: Kick Rocks|Body Slam|p1a: Alakazam
|-damage|p1a: Alakazam|206\/313 par
|cant|p1a: Alakazam|par
|
|turn|23
|choice|switch 2|move 1
|
|switch|p1a: Exeggutor|Exeggutor|317\/393 par
|move|p2a: Kick Rocks|Earthquake|p1a: Exeggutor
|-resisted|p1a: Exeggutor
|-damage|p1a: Exeggutor|252\/393 par
|
|turn|24
|choice|move 4|move 4
|
|move|p2a: Kick Rocks|Body Slam|p1a: Exeggutor
|-damage|p1a: Exeggutor|178\/393 par
|move|p1a: Exeggutor|Stun Spore|p2a: Kick Rocks
|-status|p2a: Kick Rocks|par
|
|turn|25
|choice|move 2|switch 2
|
|switch|p2a: Really|Articuno|274\/383
|move|p1a: Exeggutor|Psychic|p2a: Really
|-damage|p2a: Really|166\/383
|-unboost|p2a: Really|spd|1
|-unboost|p2a: Really|spa|1
|
|turn|26
|choice|switch 4|move 4
|
|switch|p1a: Lapras|Lapras|248\/463 par
|move|p2a: Really|Hyper Beam|p1a: Lapras
|-crit|p1a: Lapras
|-damage|p1a: Lapras|0 fnt
|faint|p1a: Lapras
|c|★Mandelbrot|Pretty sure that crit mattered.
|choice|switch 2|
|
|switch|p1a: Alakazam|Alakazam|206\/313 par
|turn|27
|c|★ToolazytoEVtrain|Yeah i lucked hard on that one
|c|★Mandelbrot|That's the game though :)
|c|★ToolazytoEVtrain|but RBY is kinda like slots
|c|★ToolazytoEVtrain|yeah lol
|choice|move 1|move 2
|
|move|p2a: Really|Double-Edge|p1a: Alakazam
|-damage|p1a: Alakazam|86\/313 par
|-damage|p2a: Really|136\/383|[from] recoil|[of] p1a: Alakazam
|move|p1a: Alakazam|Psychic|p2a: Really
|-damage|p2a: Really|0 fnt
|faint|p2a: Really
|choice||switch 2
|
|switch|p2a: Kick Rocks|Golem|189\/363 par
|turn|28
|choice|move 1|move 4
|
|cant|p1a: Alakazam|par
|move|p2a: Kick Rocks|Body Slam|p1a: Alakazam
|-damage|p1a: Alakazam|0 fnt
|faint|p1a: Alakazam
|choice|switch 5|
|
|switch|p1a: Golem|Golem|363\/363
|turn|29
|choice|move 1|move 1
|
|move|p1a: Golem|Earthquake|p2a: Kick Rocks
|-supereffective|p2a: Kick Rocks
|-damage|p2a: Kick Rocks|25\/363 par
|move|p2a: Kick Rocks|Earthquake|p1a: Golem
|-crit|p1a: Golem
|-supereffective|p1a: Golem
|-damage|p1a: Golem|0 fnt
|faint|p1a: Golem
|choice|switch 4|
|
|switch|p1a: Exeggutor|Exeggutor|178\/393 par
|turn|30
|choice|move 2|switch 4
|
|switch|p2a: Lsd|Starmie|207\/323
|move|p1a: Exeggutor|Psychic|p2a: Lsd
|-resisted|p2a: Lsd
|-damage|p2a: Lsd|142\/323
|
|turn|31
|c|★Mandelbrot|yep...
|c|★ToolazytoEVtrain|not sure how that happened
|c|★Mandelbrot|Max damage roll and a crit
|choice|move 4|move 1
|
|move|p2a: Lsd|Blizzard|p1a: Exeggutor
|-crit|p1a: Exeggutor
|-supereffective|p1a: Exeggutor
|-damage|p1a: Exeggutor|0 fnt
|faint|p1a: Exeggutor
|choice|switch 3|
|
|switch|p1a: Tauros|Tauros|353\/353
|turn|32
|choice|move 1|move 4
|
|move|p2a: Lsd|Thunder Wave|p1a: Tauros
|-status|p1a: Tauros|par
|move|p1a: Tauros|Body Slam|p2a: Lsd
|-damage|p2a: Lsd|25\/323
|
|turn|33
|c|★ToolazytoEVtrain|ill take it
|choice|move 1|switch 3
|
|switch|p2a: Melatonin|Gengar|56\/323 slp
|move|p1a: Tauros|Body Slam|p2a: Melatonin
|-immune|p2a: Melatonin|[msg]
|
|turn|34
|choice|move 3|move 3
|
|-curestatus|p2a: Melatonin|slp
|move|p1a: Tauros|Earthquake|p2a: Melatonin
|-supereffective|p2a: Melatonin
|-damage|p2a: Melatonin|0 fnt
|faint|p2a: Melatonin
|choice||switch 5
|
|switch|p2a: Bud|Exeggutor|393\/393
|turn|35
|choice|move 4|move 1
|
|move|p2a: Bud|Psychic|p1a: Tauros
|-damage|p1a: Tauros|185\/353 par
|move|p1a: Tauros|Blizzard|p2a: Bud
|-supereffective|p2a: Bud
|-damage|p2a: Bud|261\/393
|
|turn|36
|choice|move 4|move 1
|
|move|p2a: Bud|Psychic|p1a: Tauros
|-damage|p1a: Tauros|26\/353 par
|move|p1a: Tauros|Blizzard|p2a: Bud
|-supereffective|p2a: Bud
|-damage|p2a: Bud|141\/393
|
|turn|37
|c|★Mandelbrot|I needed a freeze.
|c|★Mandelbrot|I deserve it!
|choice|move 4|move 1
|
|move|p2a: Bud|Psychic|p1a: Tauros
|-crit|p1a: Tauros
|-damage|p1a: Tauros|0 fnt
|faint|p1a: Tauros
|choice|switch 6|
|
|switch|p1a: Persian|Persian|333\/333
|turn|38
|c|★ToolazytoEVtrain|lolol
|choice|move 1|move 2
|
|move|p1a: Persian|Slash|p2a: Bud
|-crit|p2a: Bud
|-damage|p2a: Bud|10\/393
|move|p2a: Bud|Sleep Powder|p1a: Persian
|-status|p1a: Persian|slp
|
|turn|39
|choice|move 1|move 1
|
|cant|p1a: Persian|slp
|move|p2a: Bud|Psychic|p1a: Persian
|-crit|p1a: Persian
|-damage|p1a: Persian|0 fnt
|faint|p1a: Persian
|
|win|ToolazytoEVtrain
|player|p1
|player|p2
|raw|Mandelbrot's rating: 1317 &rarr; <strong>1289<\/strong><br \/>(-28 for losing)
|raw|ToolazytoEVtrain's rating: 1172 &rarr; <strong>1207<\/strong><br \/>(+35 for winning)
|c|★Mandelbrot|Wow.
|c|★ToolazytoEVtrain|i should go buy a lottery ticket
|c|★Mandelbrot|gg