|join|daw523
|join|DerpAttacking
|player|p1|daw523|2
|player|p2|DerpAttacking|102
|gametype|singles
|gen|1
|tier|[Gen 1] Random Battle
|rated
|rule|Sleep Clause Mod: Limit one foe put to sleep
|rule|Freeze Clause Mod: Limit one foe frozen
|rule|HP Percentage Mod: HP is shown in percentages
|
|start
|switch|p1a: Hitmonlee|Hitmonlee, L90|273\/273
|switch|p2a: Paras|Paras, L96|262\/262
|turn|1
|
|move|p1a: Hitmonlee|Seismic Toss|p2a: Paras
|-damage|p2a: Paras|172\/262
|move|p2a: Paras|Stun Spore|p1a: Hitmonlee
|-status|p1a: Hitmonlee|par
|
|turn|2
|
|switch|p2a: Slowbro|Slowbro, L79|312\/312
|move|p1a: Hitmonlee|Seismic Toss|p2a: Slowbro
|-damage|p2a: Slowbro|222\/312
|
|turn|3
|
|switch|p1a: Mew|Mew, L74|300\/300
|move|p2a: Slowbro|Amnesia|p2a: Slowbro
|-boost|p2a: Slowbro|spd|2
|-boost|p2a: Slowbro|spa|2
|
|turn|4
|
|move|p1a: Mew|Earthquake|p2a: Slowbro
|-damage|p2a: Slowbro|174\/312
|move|p2a: Slowbro|Thunder Wave|p1a: Mew
|-status|p1a: Mew|par
|
|turn|5
|
|move|p2a: Slowbro|Surf|p1a: Mew
|-damage|p1a: Mew|125\/300 par
|cant|p1a: Mew|par
|
|turn|6
|
|move|p2a: Slowbro|Surf|p1a: Mew
|-damage|p1a: Mew|0 fnt
|faint|p1a: Mew
|
|switch|p1a: Rattata|Rattata, L96|252\/252
|turn|7
|
|move|p1a: Rattata|Super Fang|p2a: Slowbro
|-damage|p2a: Slowbro|87\/312
|move|p2a: Slowbro|Thunder Wave|p1a: Rattata
|-status|p1a: Rattata|par
|
|turn|8
|
|move|p2a: Slowbro|Surf|p1a: Rattata
|-damage|p1a: Rattata|0 fnt
|faint|p1a: Rattata
|
|switch|p1a: Charmeleon|Charmeleon, L85|272\/272
|turn|9
|
|move|p1a: Charmeleon|Slash|p2a: Slowbro
|-crit|p2a: Slowbro
|-damage|p2a: Slowbro|20\/312
|move|p2a: Slowbro|Thunder Wave|p1a: Charmeleon
|-status|p1a: Charmeleon|par
|
|turn|10
|
|switch|p1a: Vileplume|Vileplume, L90|318\/318
|move|p2a: Slowbro|Rest|p2a: Slowbro
|-status|p2a: Slowbro|slp
|-heal|p2a: Slowbro|312\/312 slp|[silent]
|-status|p2a: Slowbro|slp|[from] move: Rest
|
|turn|11
|
|switch|p2a: Gengar|Gengar, L79|257\/257
|move|p1a: Vileplume|Swords Dance|p1a: Vileplume
|-boost|p1a: Vileplume|atk|2
|
|turn|12
|
|move|p2a: Gengar|Psychic|p1a: Vileplume
|-crit|p1a: Vileplume
|-supereffective|p1a: Vileplume
|-damage|p1a: Vileplume|102\/318
|move|p1a: Vileplume|Sleep Powder|p2a: Gengar
|-status|p2a: Gengar|slp
|
|turn|13
|
|cant|p2a: Gengar|slp
|move|p1a: Vileplume|Mega Drain|p2a: Gengar
|-resisted|p2a: Gengar
|-damage|p2a: Gengar|238\/257 slp
|-heal|p1a: Vileplume|111\/318|[from] drain|[of] p2a: Gengar
|
|turn|14
|
|switch|p1a: Slowbro|Slowbro, L79|312\/312
|cant|p2a: Gengar|slp
|
|turn|15
|
|cant|p2a: Gengar|slp
|move|p1a: Slowbro|Thunder Wave|p2a: Gengar
|-fail|p2a: Gengar
|
|turn|16
|
|-curestatus|p2a: Gengar|slp
|move|p1a: Slowbro|Amnesia|p1a: Slowbro
|-boost|p1a: Slowbro|spd|2
|-boost|p1a: Slowbro|spa|2
|
|turn|17
|
|move|p2a: Gengar|Hypnosis|p1a: Slowbro
|-status|p1a: Slowbro|slp
|cant|p1a: Slowbro|slp
|
|turn|18
|
|switch|p1a: Vileplume|Vileplume, L90|111\/318
|move|p2a: Gengar|Thunderbolt|p1a: Vileplume
|-resisted|p1a: Vileplume
|-damage|p1a: Vileplume|81\/318
|
|turn|19
|
|move|p2a: Gengar|Psychic|p1a: Vileplume
|-crit|p1a: Vileplume
|-supereffective|p1a: Vileplume
|-damage|p1a: Vileplume|0 fnt
|faint|p1a: Vileplume
|
|switch|p1a: Hitmonlee|Hitmonlee, L90|273\/273 par
|turn|20
|
|move|p2a: Gengar|Psychic|p1a: Hitmonlee
|-supereffective|p1a: Hitmonlee
|-damage|p1a: Hitmonlee|59\/273 par
|cant|p1a: Hitmonlee|par
|
|turn|21
|
|move|p2a: Gengar|Psychic|p1a: Hitmonlee
|-supereffective|p1a: Hitmonlee
|-damage|p1a: Hitmonlee|0 fnt
|faint|p1a: Hitmonlee
|
|switch|p1a: Slowbro|Slowbro, L79|312\/312 slp
|turn|22
|
|move|p2a: Gengar|Thunderbolt|p1a: Slowbro
|-supereffective|p1a: Slowbro
|-damage|p1a: Slowbro|142\/312 slp
|cant|p1a: Slowbro|slp
|
|turn|23
|-message|daw523 forfeited.
|
|win|DerpAttacking
|leave|daw523
|player|p1
|raw|daw523's rating: 1172 &rarr; <strong>1143<\/strong><br \/>(-29 for losing)
|raw|DerpAttacking's rating: 1106 &rarr; <strong>1136<\/strong><br \/>(+30 for winning)