|join|marcoasd
|join|Bedschibaer
|player|p1|marcoasd|266
|player|p2|Bedschibaer|252
|gametype|singles
|gen|1
|tier|[Gen 1] OU (beta)
|rated
|rule|Sleep Clause Mod: Limit one foe put to sleep
|rule|Species Clause: Limit one of each Pokémon
|rule|OHKO Clause: OHKO moves are banned
|rule|Evasion Moves Clause: Evasion moves are banned
|
|start
|switch|p1a: Gengar|Gengar|323\/323
|switch|p2a: Starmie|Starmie|323\/323
|turn|1
|
|switch|p1a: Alakazam|Alakazam|313\/313
|move|p2a: Starmie|Psychic|p1a: Alakazam
|-resisted|p1a: Alakazam
|-damage|p1a: Alakazam|272\/313
|
|turn|2
|
|switch|p2a: Exeggutor|Exeggutor|393\/393
|move|p1a: Alakazam|Psychic|p2a: Exeggutor
|-resisted|p2a: Exeggutor
|-damage|p2a: Exeggutor|341\/393
|
|turn|3
|
|move|p1a: Alakazam|Psychic|p2a: Exeggutor
|-resisted|p2a: Exeggutor
|-damage|p2a: Exeggutor|284\/393
|move|p2a: Exeggutor|Sleep Powder|p1a: Alakazam
|-status|p1a: Alakazam|slp
|
|turn|4
|
|switch|p1a: Exeggutor|Exeggutor|393\/393
|move|p2a: Exeggutor|Psychic|p1a: Exeggutor
|-resisted|p1a: Exeggutor
|-damage|p1a: Exeggutor|345\/393
|
|turn|5
|
|switch|p2a: Alakazam|Alakazam|313\/313
|move|p1a: Exeggutor|Sleep Powder|p2a: Alakazam|[miss]
|-miss|p1a: Exeggutor
|
|turn|6
|
|move|p2a: Alakazam|Thunder Wave|p1a: Exeggutor
|-status|p1a: Exeggutor|par
|move|p1a: Exeggutor|Sleep Powder|p2a: Alakazam|[miss]
|-miss|p1a: Exeggutor
|
|turn|7
|
|move|p2a: Alakazam|Psychic|p1a: Exeggutor
|-resisted|p1a: Exeggutor
|-damage|p1a: Exeggutor|287\/393 par
|-unboost|p1a: Exeggutor|spd|1
|-unboost|p1a: Exeggutor|spa|1
|move|p1a: Exeggutor|Sleep Powder|p2a: Alakazam
|-status|p2a: Alakazam|slp
|
|turn|8
|
|switch|p2a: Chansey|Chansey|703\/703
|switch|p1a: Snorlax|Snorlax|523\/523
|
|turn|9
|
|switch|p2a: Exeggutor|Exeggutor|284\/393
|switch|p1a: Alakazam|Alakazam|272\/313 slp
|
|turn|10
|
|cant|p1a: Alakazam|slp
|move|p2a: Exeggutor|Psychic|p1a: Alakazam
|-resisted|p1a: Alakazam
|-damage|p1a: Alakazam|226\/313 slp
|
|turn|11
|
|switch|p1a: Exeggutor|Exeggutor|287\/393 par
|move|p2a: Exeggutor|Psychic|p1a: Exeggutor
|-resisted|p1a: Exeggutor
|-damage|p1a: Exeggutor|232\/393 par
|
|turn|12
|
|move|p2a: Exeggutor|Psychic|p1a: Exeggutor
|-resisted|p1a: Exeggutor
|-damage|p1a: Exeggutor|177\/393 par
|cant|p1a: Exeggutor|par
|
|turn|13
|
|move|p2a: Exeggutor|Psychic|p1a: Exeggutor
|-crit|p1a: Exeggutor
|-resisted|p1a: Exeggutor
|-damage|p1a: Exeggutor|79\/393 par
|-unboost|p1a: Exeggutor|spd|1
|-unboost|p1a: Exeggutor|spa|1
|move|p1a: Exeggutor|Stun Spore|p2a: Exeggutor
|-status|p2a: Exeggutor|par
|
|turn|14
|
|move|p2a: Exeggutor|Psychic|p1a: Exeggutor
|-resisted|p1a: Exeggutor
|-damage|p1a: Exeggutor|3\/393 par
|move|p1a: Exeggutor|Explosion|p2a: Exeggutor
|-damage|p2a: Exeggutor|0 fnt
|faint|p2a: Exeggutor
|faint|p1a: Exeggutor
|
|switch|p2a: Snorlax|Snorlax|523\/523
|switch|p1a: Snorlax|Snorlax|523\/523
|turn|15
|
|switch|p1a: Golem|Golem|363\/363
|move|p2a: Snorlax|Body Slam|p1a: Golem
|-resisted|p1a: Golem
|-damage|p1a: Golem|322\/363
|
|turn|16
|
|move|p1a: Golem|Earthquake|p2a: Snorlax
|-damage|p2a: Snorlax|356\/523
|move|p2a: Snorlax|Earthquake|p1a: Golem
|-supereffective|p1a: Golem
|-damage|p1a: Golem|175\/363
|
|turn|17
|
|switch|p2a: Starmie|Starmie|323\/323
|move|p1a: Golem|Body Slam|p2a: Starmie
|-damage|p2a: Starmie|242\/323
|
|turn|18
|
|switch|p1a: Alakazam|Alakazam|226\/313 slp
|move|p2a: Starmie|Blizzard|p1a: Alakazam
|-damage|p1a: Alakazam|153\/313 slp
|
|turn|19
|
|cant|p1a: Alakazam|slp
|move|p2a: Starmie|Blizzard|p1a: Alakazam
|-damage|p1a: Alakazam|79\/313 slp
|
|turn|20
|
|cant|p1a: Alakazam|slp
|move|p2a: Starmie|Blizzard|p1a: Alakazam
|-damage|p1a: Alakazam|7\/313 slp
|
|turn|21
|
|cant|p1a: Alakazam|slp
|move|p2a: Starmie|Psychic|p1a: Alakazam
|-crit|p1a: Alakazam
|-resisted|p1a: Alakazam
|-damage|p1a: Alakazam|0 fnt
|faint|p1a: Alakazam
|
|switch|p1a: Snorlax|Snorlax|523\/523
|turn|22
|
|move|p2a: Starmie|Psychic|p1a: Snorlax
|-damage|p1a: Snorlax|385\/523
|move|p1a: Snorlax|Body Slam|p2a: Starmie
|-damage|p2a: Starmie|123\/323
|
|turn|23
|
|move|p2a: Starmie|Psychic|p1a: Snorlax
|-damage|p1a: Snorlax|241\/523
|-unboost|p1a: Snorlax|spd|1
|-unboost|p1a: Snorlax|spa|1
|move|p1a: Snorlax|Body Slam|p2a: Starmie
|-damage|p2a: Starmie|7\/323
|
|turn|24
|
|move|p2a: Starmie|Psychic|p1a: Snorlax
|-damage|p1a: Snorlax|48\/523
|-unboost|p1a: Snorlax|spd|1
|-unboost|p1a: Snorlax|spa|1
|move|p1a: Snorlax|Hyper Beam|p2a: Starmie
|-damage|p2a: Starmie|0 fnt
|faint|p2a: Starmie
|
|switch|p2a: Tauros|Tauros|353\/353
|turn|25
|
|switch|p1a: Tauros|Tauros|353\/353
|move|p2a: Tauros|Earthquake|p1a: Tauros
|-damage|p1a: Tauros|277\/353
|
|turn|26
|join|Naiba Kitato
|
|move|p2a: Tauros|Body Slam|p1a: Tauros
|-damage|p1a: Tauros|174\/353
|move|p1a: Tauros|Body Slam|p2a: Tauros
|-damage|p2a: Tauros|243\/353
|
|turn|27
|
|switch|p1a: Golem|Golem|175\/363
|move|p2a: Tauros|Hyper Beam|p1a: Golem
|-resisted|p1a: Golem
|-damage|p1a: Golem|104\/363
|
|turn|28
|
|cant|p2a: Tauros|recharge
|move|p1a: Golem|Explosion|p2a: Tauros
|-damage|p2a: Tauros|0 fnt
|faint|p2a: Tauros
|faint|p1a: Golem
|c| Naiba Kitato|ich kann tauros kein body slam geben weil ich irgend eine attacke hab die nicht mit body slam kompatibel ist ._.
|
|switch|p1a: Gengar|Gengar|323\/323
|switch|p2a: Snorlax|Snorlax|356\/523
|turn|29
|
|move|p1a: Gengar|Thunderbolt|p2a: Snorlax
|-crit|p2a: Snorlax
|-damage|p2a: Snorlax|141\/523
|move|p2a: Snorlax|Earthquake|p1a: Gengar
|-supereffective|p1a: Gengar
|-damage|p1a: Gengar|95\/323
|
|turn|30
|
|move|p1a: Gengar|Thunderbolt|p2a: Snorlax
|-damage|p2a: Snorlax|31\/523
|move|p2a: Snorlax|Earthquake|p1a: Gengar
|-supereffective|p1a: Gengar
|-damage|p1a: Gengar|0 fnt
|faint|p1a: Gengar
|leave|Naiba Kitato
|
|switch|p1a: Tauros|Tauros|174\/353
|turn|31
|
|move|p1a: Tauros|Body Slam|p2a: Snorlax
|-damage|p2a: Snorlax|0 fnt
|faint|p2a: Snorlax
|
|switch|p2a: Chansey|Chansey|703\/703
|turn|32
|
|move|p1a: Tauros|Body Slam|p2a: Chansey
|-crit|p2a: Chansey
|-damage|p2a: Chansey|112\/703
|move|p2a: Chansey|Thunder Wave|p1a: Tauros
|-status|p1a: Tauros|par
|
|turn|33
|
|move|p2a: Chansey|Soft-Boiled|p2a: Chansey
|-heal|p2a: Chansey|463\/703
|move|p1a: Tauros|Body Slam|p2a: Chansey
|-damage|p2a: Chansey|195\/703
|-status|p2a: Chansey|par
|
|turn|34
|
|move|p1a: Tauros|Body Slam|p2a: Chansey
|-damage|p2a: Chansey|0 fnt
|faint|p2a: Chansey
|
|switch|p2a: Alakazam|Alakazam|313\/313 slp
|turn|35
|
|switch|p1a: Snorlax|Snorlax|48\/523
|cant|p2a: Alakazam|slp
|-curestatus|p2a: Alakazam|slp
|
|turn|36
|c|★Bedschibaer|oooooo
|c|★marcoasd|gg
|
|move|p2a: Alakazam|Psychic|p1a: Snorlax
|-crit|p1a: Snorlax
|-damage|p1a: Snorlax|0 fnt
|faint|p1a: Snorlax
|
|switch|p1a: Tauros|Tauros|174\/353 par
|turn|37
|
|move|p2a: Alakazam|Psychic|p1a: Tauros
|-damage|p1a: Tauros|17\/353 par
|-unboost|p1a: Tauros|spd|1
|-unboost|p1a: Tauros|spa|1
|move|p1a: Tauros|Hyper Beam|p2a: Alakazam
|-damage|p2a: Alakazam|58\/313
|
|turn|38
|c|★Bedschibaer|gg
|
|move|p2a: Alakazam|Psychic|p1a: Tauros
|-crit|p1a: Tauros
|-damage|p1a: Tauros|0 fnt
|faint|p1a: Tauros
|
|win|Bedschibaer
|raw|Ladder updating...
|raw|marcoasd's rating: 1541 &rarr; <strong>1512<\/strong><br \/>(-29 for losing)
|raw|Bedschibaer's rating: 1373 &rarr; <strong>1402<\/strong><br \/>(+29 for winning)
|leave|marcoasd
|player|p1