|join|riwu
|join|8bitclarinet
|player|p1|riwu|102
|player|p2|8bitclarinet|263
|gametype|singles
|gen|1
|tier|[Gen 1] Random Battle
|rated
|seed|62036,10423,52045,29769
|rule|Sleep Clause Mod: Limit one foe put to sleep
|rule|Freeze Clause Mod: Limit one foe frozen
|rule|HP Percentage Mod: HP is shown in percentages
|
|start
|switch|p1a: Blastoise|Blastoise, L85|308\/308
|switch|p2a: Seadra|Seadra, L90|282\/282
|turn|1
|choice|move 4|move 4
|
|move|p2a: Seadra|Smokescreen|p1a: Blastoise
|-unboost|p1a: Blastoise|accuracy|1
|move|p1a: Blastoise|Blizzard|p2a: Seadra|[miss]
|-miss|p1a: Blastoise
|
|turn|2
|choice|move 4|move 4
|
|move|p2a: Seadra|Smokescreen|p1a: Blastoise
|-unboost|p1a: Blastoise|accuracy|1
|move|p1a: Blastoise|Blizzard|p2a: Seadra|[miss]
|-miss|p1a: Blastoise
|
|turn|3
|choice|switch 4|move 1
|
|switch|p1a: Electabuzz|Electabuzz, L85|284\/284
|move|p2a: Seadra|Hydro Pump|p1a: Electabuzz
|-crit|p1a: Electabuzz
|-damage|p1a: Electabuzz|8\/284
|
|turn|4
|choice|move 3|switch 4
|
|switch|p2a: Dugtrio|Dugtrio, L85|233\/233
|move|p1a: Electabuzz|Thunderbolt|p2a: Dugtrio
|-immune|p2a: Dugtrio|[msg]
|
|turn|5
|choice|switch 2|move 3
|
|switch|p1a: Gyarados|Gyarados, L85|335\/335
|move|p2a: Dugtrio|Slash|p1a: Gyarados
|-crit|p1a: Gyarados
|-damage|p1a: Gyarados|239\/335
|
|turn|6
|choice|move 2|switch 6
|
|switch|p2a: Magneton|Magneton, L90|273\/273
|move|p1a: Gyarados|Surf|p2a: Magneton
|-damage|p2a: Magneton|191\/273
|
|turn|7
|choice|switch 5|move 2
|
|switch|p1a: Nidoking|Nidoking, L85|311\/311
|move|p2a: Magneton|Thunder Wave|p1a: Nidoking
|-immune|p1a: Nidoking|[msg]
|
|turn|8
|join|salty XFC
|choice|move 2|switch 4
|
|switch|p2a: Seadra|Seadra, L90|282\/282
|move|p1a: Nidoking|Thunderbolt|p2a: Seadra
|-supereffective|p2a: Seadra
|-damage|p2a: Seadra|173\/282
|
|turn|9
|choice|switch 5|move 1
|
|switch|p1a: Gyarados|Gyarados, L85|239\/335
|move|p2a: Seadra|Hydro Pump|p1a: Gyarados
|-resisted|p1a: Gyarados
|-damage|p1a: Gyarados|170\/335
|
|turn|10
|choice|move 3|switch 2
|
|switch|p2a: Kangaskhan|Kangaskhan, L85|352\/352
|move|p1a: Gyarados|Body Slam|p2a: Kangaskhan
|-damage|p2a: Kangaskhan|277\/352
|
|turn|11
|choice|move 2|move 2
|
|move|p2a: Kangaskhan|Body Slam|p1a: Gyarados
|-damage|p1a: Gyarados|71\/335
|move|p1a: Gyarados|Surf|p2a: Kangaskhan
|-damage|p2a: Kangaskhan|116\/352
|
|turn|12
|choice|move 2|move 2
|
|move|p2a: Kangaskhan|Body Slam|p1a: Gyarados
|-damage|p1a: Gyarados|0 fnt
|faint|p1a: Gyarados
|choice|switch 2|
|
|switch|p1a: Electabuzz|Electabuzz, L85|8\/284
|turn|13
|choice|move 3|switch 6
|
|switch|p2a: Dugtrio|Dugtrio, L85|233\/233
|move|p1a: Electabuzz|Thunderbolt|p2a: Dugtrio
|-immune|p2a: Dugtrio|[msg]
|
|turn|14
|choice|switch 4|move 3
|
|switch|p1a: Blastoise|Blastoise, L85|308\/308
|move|p2a: Dugtrio|Slash|p1a: Blastoise
|-crit|p1a: Blastoise
|-damage|p1a: Blastoise|233\/308
|
|turn|15
|choice|move 3|switch 2
|
|switch|p2a: Seadra|Seadra, L90|173\/282
|move|p1a: Blastoise|Hydro Pump|p2a: Seadra
|-resisted|p2a: Seadra
|-damage|p2a: Seadra|115\/282
|
|turn|16
|choice|move 4|move 4
|
|move|p2a: Seadra|Smokescreen|p1a: Blastoise
|-unboost|p1a: Blastoise|accuracy|1
|move|p1a: Blastoise|Blizzard|p2a: Seadra
|-resisted|p2a: Seadra
|-damage|p2a: Seadra|81\/282
|
|turn|17
|choice|move 2|move 4
|
|move|p2a: Seadra|Smokescreen|p1a: Blastoise
|-unboost|p1a: Blastoise|accuracy|1
|move|p1a: Blastoise|Hyper Beam|p2a: Seadra
|-damage|p2a: Seadra|0 fnt
|faint|p2a: Seadra
|choice||switch 6
|
|switch|p2a: Kangaskhan|Kangaskhan, L85|116\/352
|turn|18
|choice|move 3|move 2
|
|move|p2a: Kangaskhan|Body Slam|p1a: Blastoise
|-damage|p1a: Blastoise|148\/308
|-status|p1a: Blastoise|par
|move|p1a: Blastoise|Hydro Pump|p2a: Kangaskhan|[miss]
|-miss|p1a: Blastoise
|
|turn|19
|choice|move 3|move 2
|
|move|p2a: Kangaskhan|Body Slam|p1a: Blastoise
|-damage|p1a: Blastoise|69\/308 par
|move|p1a: Blastoise|Hydro Pump|p2a: Kangaskhan
|-damage|p2a: Kangaskhan|0 fnt
|faint|p2a: Kangaskhan
|choice||switch 5
|
|switch|p2a: Machamp|Machamp, L90|345\/345
|turn|20
|choice|move 3|move 2
|
|move|p2a: Machamp|Body Slam|p1a: Blastoise
|-damage|p1a: Blastoise|0 fnt
|faint|p1a: Blastoise
|choice|switch 4|
|
|switch|p1a: Electabuzz|Electabuzz, L85|8\/284
|turn|21
|choice|move 4|move 2
|
|move|p1a: Electabuzz|Psychic|p2a: Machamp
|-supereffective|p2a: Machamp
|-damage|p2a: Machamp|217\/345
|move|p2a: Machamp|Body Slam|p1a: Electabuzz
|-damage|p1a: Electabuzz|0 fnt
|faint|p1a: Electabuzz
|choice|switch 6|
|
|switch|p1a: Muk|Muk, L90|372\/372
|turn|22
|choice|move 1|move 4
|
|move|p2a: Machamp|Earthquake|p1a: Muk
|-supereffective|p1a: Muk
|-damage|p1a: Muk|161\/372
|move|p1a: Muk|Explosion|p2a: Machamp
|-damage|p2a: Machamp|0 fnt
|faint|p2a: Machamp
|faint|p1a: Muk
|choice|switch 3|switch 3
|
|switch|p1a: Onix|Onix, L90|246\/246
|switch|p2a: Machoke|Machoke, L85|310\/310
|turn|23
|choice|move 3|move 1
|
|move|p1a: Onix|Earthquake|p2a: Machoke
|-damage|p2a: Machoke|221\/310
|move|p2a: Machoke|Submission|p1a: Onix
|-supereffective|p1a: Onix
|-damage|p1a: Onix|142\/246
|-damage|p2a: Machoke|195\/310|[from] recoil|[of] p1a: Onix
|
|turn|24
|choice|move 3|switch 2
|
|switch|p2a: Dugtrio|Dugtrio, L85|233\/233
|move|p1a: Onix|Earthquake|p2a: Dugtrio
|-damage|p2a: Dugtrio|118\/233
|
|turn|25
|choice|move 1|move 1
|
|move|p2a: Dugtrio|Earthquake|p1a: Onix
|-crit|p1a: Onix
|-supereffective|p1a: Onix
|-damage|p1a: Onix|0 fnt
|faint|p1a: Onix
|choice|switch 5|
|
|switch|p1a: Nidoking|Nidoking, L85|311\/311
|turn|26
|choice|move 1|move 1
|
|move|p2a: Dugtrio|Earthquake|p1a: Nidoking
|-supereffective|p1a: Nidoking
|-damage|p1a: Nidoking|116\/311
|move|p1a: Nidoking|Earthquake|p2a: Dugtrio
|-damage|p2a: Dugtrio|0 fnt
|faint|p2a: Dugtrio
|choice||switch 2
|
|switch|p2a: Machoke|Machoke, L85|195\/310
|turn|27
|choice|move 2|move 3
|
|move|p1a: Nidoking|Thunderbolt|p2a: Machoke
|-crit|p2a: Machoke
|-damage|p2a: Machoke|43\/310
|move|p2a: Machoke|Earthquake|p1a: Nidoking
|-supereffective|p1a: Nidoking
|-damage|p1a: Nidoking|0 fnt
|faint|p1a: Nidoking
|
|win|8bitclarinet
|raw|riwu's rating: 1433 &rarr; <strong>1413<\/strong><br \/>(-20 for losing)
|raw|8bitclarinet's rating: 1436 &rarr; <strong>1456<\/strong><br \/>(+20 for winning)