|j|icm
|j|pandajones23
|player|p1|icm|247
|player|p2|pandajones23|226
|gametype|singles
|gen|1
|tier|[Gen 1] Random Battle
|rated
|seed|
|rule|Sleep Clause Mod: Limit one foe put to sleep
|rule|Freeze Clause Mod: Limit one foe frozen
|rule|HP Percentage Mod: HP is shown in percentages
|
|start
|switch|p1a: Dratini|Dratini, L96|100\/100
|switch|p2a: Drowzee|Drowzee, L96|100\/100
|turn|1
|choice||
|
|move|p1a: Dratini|Thunder|p2a: Drowzee
|-damage|p2a: Drowzee|81\/100
|move|p2a: Drowzee|Hypnosis|p1a: Dratini
|-status|p1a: Dratini|slp
|
|turn|2
|choice||
|
|switch|p2a: Charizard|Charizard, L85|100\/100
|-curestatus|p1a: Dratini|slp
|
|turn|3
|choice||
|
|switch|p2a: Onix|Onix, L90|100\/100
|move|p1a: Dratini|Thunder|p2a: Onix
|-immune|p2a: Onix|[msg]
|
|turn|4
|choice||
|
|move|p2a: Onix|Toxic|p1a: Dratini
|-status|p1a: Dratini|tox
|move|p1a: Dratini|Body Slam|p2a: Onix
|-resisted|p2a: Onix
|-damage|p2a: Onix|94\/100
|-status|p2a: Onix|par
|-damage|p1a: Dratini|94\/100 tox|[from] tox|[of] p2a: Onix
|
|turn|5
|choice||
|
|switch|p1a: Lapras|Lapras, L79|100\/100
|move|p2a: Onix|Rock Slide|p1a: Lapras
|-supereffective|p1a: Lapras
|-damage|p1a: Lapras|63\/100
|
|turn|6
|choice||
|
|switch|p2a: Lapras|Lapras, L79|100\/100
|move|p1a: Lapras|Confuse Ray|p2a: Lapras
|-start|p2a: Lapras|confusion
|
|turn|7
|choice||
|
|move|p1a: Lapras|Thunderbolt|p2a: Lapras
|-crit|p2a: Lapras
|-supereffective|p2a: Lapras
|-damage|p2a: Lapras|35\/100
|-activate|p2a: Lapras|confusion
|move|p2a: Lapras|Thunderbolt|p1a: Lapras
|-supereffective|p1a: Lapras
|-damage|p1a: Lapras|29\/100
|
|turn|8
|choice||
|
|switch|p2a: Onix|Onix, L90|94\/100 par
|move|p1a: Lapras|Body Slam|p2a: Onix
|-resisted|p2a: Onix
|-damage|p2a: Onix|87\/100 par
|
|turn|9
|choice||
|
|switch|p2a: Ivysaur|Ivysaur, L85|100\/100
|move|p1a: Lapras|Confuse Ray|p2a: Ivysaur
|-start|p2a: Ivysaur|confusion
|
|turn|10
|choice||
|
|-activate|p2a: Ivysaur|confusion
|move|p2a: Ivysaur|Razor Leaf|p1a: Lapras
|-crit|p1a: Lapras
|-supereffective|p1a: Lapras
|-damage|p1a: Lapras|0 fnt
|faint|p1a: Lapras
|choice||
|
|switch|p1a: Arcanine|Arcanine, L85|100\/100
|turn|11
|choice||
|
|switch|p2a: Onix|Onix, L90|87\/100 par
|move|p1a: Arcanine|Body Slam|p2a: Onix
|-resisted|p2a: Onix
|-damage|p2a: Onix|79\/100 par
|
|turn|12
|choice||
|
|switch|p1a: Dratini|Dratini, L96|94\/100 tox
|-status|p1a: Dratini|psn
|-damage|p1a: Dratini|88\/100 psn|[from] psn
|move|p2a: Onix|Toxic|p1a: Dratini
|-fail|p1a: Dratini
|
|turn|13
|choice||
|
|move|p1a: Dratini|Body Slam|p2a: Onix
|-resisted|p2a: Onix
|-damage|p2a: Onix|72\/100 par
|-damage|p1a: Dratini|82\/100 psn|[from] psn|[of] p2a: Onix
|move|p2a: Onix|Earthquake|p1a: Dratini
|-crit|p1a: Dratini
|-damage|p1a: Dratini|7\/100 psn
|
|turn|14
|choice||
|
|move|p1a: Dratini|Body Slam|p2a: Onix
|-resisted|p2a: Onix
|-damage|p2a: Onix|65\/100 par
|-damage|p1a: Dratini|1\/100 psn|[from] psn|[of] p2a: Onix
|cant|p2a: Onix|par
|
|turn|15
|choice||
|
|move|p1a: Dratini|Body Slam|p2a: Onix
|-crit|p2a: Onix
|-resisted|p2a: Onix
|-damage|p2a: Onix|49\/100 par
|-damage|p1a: Dratini|0 fnt|[from] psn|[of] p2a: Onix
|faint|p1a: Dratini
|choice||
|
|switch|p1a: Arcanine|Arcanine, L85|100\/100
|turn|16
|choice||
|
|move|p1a: Arcanine|Body Slam|p2a: Onix
|-crit|p2a: Onix
|-resisted|p2a: Onix
|-damage|p2a: Onix|34\/100 par
|move|p2a: Onix|Earthquake|p1a: Arcanine
|-supereffective|p1a: Arcanine
|-damage|p1a: Arcanine|49\/100
|
|turn|17
|choice||
|
|move|p1a: Arcanine|Fire Blast|p2a: Onix|[miss]
|-miss|p1a: Arcanine
|move|p2a: Onix|Earthquake|p1a: Arcanine
|-supereffective|p1a: Arcanine
|-damage|p1a: Arcanine|0 fnt
|faint|p1a: Arcanine
|choice||
|
|switch|p1a: Ponyta|Ponyta, L96|100\/100
|turn|18
|choice||
|
|move|p1a: Ponyta|Body Slam|p2a: Onix
|-resisted|p2a: Onix
|-damage|p2a: Onix|25\/100 par
|move|p2a: Onix|Earthquake|p1a: Ponyta
|-crit|p1a: Ponyta
|-supereffective|p1a: Ponyta
|-damage|p1a: Ponyta|0 fnt
|faint|p1a: Ponyta
|choice||
|
|switch|p1a: Scyther|Scyther, L90|100\/100
|turn|19
|choice||
|
|move|p1a: Scyther|Hyper Beam|p2a: Onix
|-resisted|p2a: Onix
|-damage|p2a: Onix|9\/100 par
|move|p2a: Onix|Explosion|p1a: Scyther
|-crit|p1a: Scyther
|-damage|p1a: Scyther|0 fnt
|faint|p1a: Scyther
|faint|p2a: Onix
|choice||
|
|switch|p1a: Nidorino|Nidorino, L90|100\/100
|switch|p2a: Drowzee|Drowzee, L96|81\/100
|turn|20
|choice||
|
|move|p1a: Nidorino|Body Slam|p2a: Drowzee
|-damage|p2a: Drowzee|57\/100
|move|p2a: Drowzee|Thunder Wave|p1a: Nidorino
|-status|p1a: Nidorino|par
|
|turn|21
|choice||
|
|cant|p1a: Nidorino|par
|move|p2a: Drowzee|Counter|p1a: Nidorino
|-damage|p1a: Nidorino|49\/100 par
|
|turn|22
|choice||
|
|move|p1a: Nidorino|Body Slam|p2a: Drowzee
|-damage|p2a: Drowzee|35\/100
|-status|p2a: Drowzee|par
|move|p2a: Drowzee|Counter|p1a: Nidorino
|-damage|p1a: Nidorino|2\/100 par
|
|turn|23
|choice||
|
|cant|p1a: Nidorino|par
|cant|p2a: Drowzee|par
|
|turn|24
|choice||
|
|move|p1a: Nidorino|Body Slam|p2a: Drowzee
|-damage|p2a: Drowzee|10\/100 par
|move|p2a: Drowzee|Rest|p2a: Drowzee
|-status|p2a: Drowzee|slp
|-heal|p2a: Drowzee|100\/100 slp|[silent]
|-status|p2a: Drowzee|slp|[from] move: Rest
|
|turn|25
|-message|icm forfeited.
|
|win|pandajones23
|player|p1
|player|p2
|l|icm
|raw|icm's rating: 1132 &rarr; <strong>1106<\/strong><br \/>(-26 for losing)
|raw|pandajones23's rating: 1126 &rarr; <strong>1152<\/strong><br \/>(+26 for winning)