|join|MALESANI
|join|Green Vessel
|player|p1|MALESANI|238
|player|p2|Green Vessel|198
|gametype|singles
|gen|1
|tier|[Gen 1] Random Battle
|rated
|seed|22424,29397,44447,13289
|rule|Sleep Clause Mod: Limit one foe put to sleep
|rule|Freeze Clause Mod: Limit one foe frozen
|rule|HP Percentage Mod: HP is shown in percentages
|
|start
|switch|p1a: Gyarados|Gyarados, L85|335\/335
|switch|p2a: Geodude|Geodude, L96|272\/272
|turn|1
|choice|move 1|move 2
|
|move|p1a: Gyarados|Surf|p2a: Geodude
|-supereffective|p2a: Geodude
|-damage|p2a: Geodude|0 fnt
|faint|p2a: Geodude
|choice||switch 2
|
|switch|p2a: Weezing|Weezing, L90|300\/300
|turn|2
|choice|switch 6|move 3
|
|switch|p1a: Mewtwo|Mewtwo, L70|293\/293
|move|p2a: Weezing|Thunderbolt|p1a: Mewtwo
|-damage|p1a: Mewtwo|235\/293
|-status|p1a: Mewtwo|par
|
|turn|3
|choice|move 1|move 4
|
|move|p2a: Weezing|Fire Blast|p1a: Mewtwo|[miss]
|-miss|p2a: Weezing
|cant|p1a: Mewtwo|par
|
|turn|4
|choice|move 1|move 4
|
|move|p2a: Weezing|Fire Blast|p1a: Mewtwo
|-crit|p1a: Mewtwo
|-damage|p1a: Mewtwo|97\/293 par
|cant|p1a: Mewtwo|par
|
|turn|5
|choice|move 1|move 4
|
|move|p2a: Weezing|Fire Blast|p1a: Mewtwo
|-damage|p1a: Mewtwo|30\/293 par
|move|p1a: Mewtwo|Psychic|p2a: Weezing
|-supereffective|p2a: Weezing
|-damage|p2a: Weezing|123\/300
|-unboost|p2a: Weezing|spd|1
|-unboost|p2a: Weezing|spa|1
|
|turn|6
|choice|move 1|move 3
|
|move|p2a: Weezing|Thunderbolt|p1a: Mewtwo
|-damage|p1a: Mewtwo|0 fnt
|faint|p1a: Mewtwo
|choice|switch 4|
|
|switch|p1a: Tauros|Tauros, L79|280\/280
|turn|7
|choice|move 3|move 1
|
|move|p1a: Tauros|Earthquake|p2a: Weezing
|-crit|p2a: Weezing
|-supereffective|p2a: Weezing
|-damage|p2a: Weezing|0 fnt
|faint|p2a: Weezing
|choice||switch 4
|
|switch|p2a: Chansey|Chansey, L79|557\/557
|turn|8
|choice|move 2|move 4
|
|move|p1a: Tauros|Blizzard|p2a: Chansey|[miss]
|-miss|p1a: Tauros
|move|p2a: Chansey|Thunder Wave|p1a: Tauros
|-status|p1a: Tauros|par
|
|turn|9
|choice|move 1|move 2
|
|move|p2a: Chansey|Thunderbolt|p1a: Tauros
|-crit|p1a: Tauros
|-damage|p1a: Tauros|139\/280 par
|move|p1a: Tauros|Body Slam|p2a: Chansey
|-crit|p2a: Chansey
|-damage|p2a: Chansey|102\/557
|
|turn|10
|choice|move 1|move 2
|
|move|p2a: Chansey|Thunderbolt|p1a: Tauros
|-damage|p1a: Tauros|67\/280 par
|move|p1a: Tauros|Body Slam|p2a: Chansey
|-damage|p2a: Chansey|0 fnt
|faint|p2a: Chansey
|choice||switch 5
|
|switch|p2a: Mew|Mew, L74|300\/300
|turn|11
|choice|move 4|move 4
|
|move|p2a: Mew|Thunderbolt|p1a: Tauros
|-damage|p1a: Tauros|1\/280 par
|move|p1a: Tauros|Hyper Beam|p2a: Mew
|-damage|p2a: Mew|149\/300
|
|turn|12
|-mustrecharge|p1a: Tauros
|-mustrecharge|p1a: Tauros
|choice|move 1|move 4
|
|move|p2a: Mew|Thunderbolt|p1a: Tauros
|-damage|p1a: Tauros|0 fnt
|faint|p1a: Tauros
|choice|switch 3|
|
|switch|p1a: Snorlax|Snorlax, L79|415\/415
|turn|13
|choice|move 2|move 4
|
|move|p2a: Mew|Thunderbolt|p1a: Snorlax
|-damage|p1a: Snorlax|343\/415
|move|p1a: Snorlax|Body Slam|p2a: Mew
|-damage|p2a: Mew|55\/300
|
|turn|14
|choice|move 2|move 4
|
|move|p2a: Mew|Thunderbolt|p1a: Snorlax
|-damage|p1a: Snorlax|276\/415
|move|p1a: Snorlax|Body Slam|p2a: Mew
|-damage|p2a: Mew|0 fnt
|faint|p2a: Mew
|choice||switch 6
|
|switch|p2a: Pinsir|Pinsir, L85|284\/284
|turn|15
|choice|switch 5|move 4
|
|switch|p1a: Exeggutor|Exeggutor, L79|312\/312
|move|p2a: Pinsir|Submission|p1a: Exeggutor
|-crit|p1a: Exeggutor
|-resisted|p1a: Exeggutor
|-damage|p1a: Exeggutor|241\/312
|-damage|p2a: Pinsir|267\/284|[from] recoil|[of] p1a: Exeggutor
|
|turn|16
|choice|move 1|move 2
|
|move|p2a: Pinsir|Body Slam|p1a: Exeggutor
|-damage|p1a: Exeggutor|156\/312
|move|p1a: Exeggutor|Sleep Powder|p2a: Pinsir|[miss]
|-miss|p1a: Exeggutor
|
|turn|17
|choice|move 1|move 1
|
|move|p2a: Pinsir|Hyper Beam|p1a: Exeggutor
|-damage|p1a: Exeggutor|27\/312
|move|p1a: Exeggutor|Sleep Powder|p2a: Pinsir
|-status|p2a: Pinsir|slp
|
|turn|18
|-mustrecharge|p2a: Pinsir
|-mustrecharge|p2a: Pinsir
|choice|move 2|move 1
|
|cant|p2a: Pinsir|recharge
|move|p1a: Exeggutor|Psychic|p2a: Pinsir
|-damage|p2a: Pinsir|132\/284 slp
|-unboost|p2a: Pinsir|spd|1
|-unboost|p2a: Pinsir|spa|1
|
|turn|19
|choice|move 2|switch 3
|
|switch|p2a: Kadabra|Kadabra, L85|242\/242
|move|p1a: Exeggutor|Psychic|p2a: Kadabra
|-resisted|p2a: Kadabra
|-damage|p2a: Kadabra|204\/242
|-unboost|p2a: Kadabra|spd|1
|-unboost|p2a: Kadabra|spa|1
|
|turn|20
|choice|move 4|switch 3
|
|switch|p2a: Pinsir|Pinsir, L85|132\/284 slp
|move|p1a: Exeggutor|Explosion|p2a: Pinsir
|-crit|p2a: Pinsir
|-damage|p2a: Pinsir|0 fnt
|faint|p2a: Pinsir
|faint|p1a: Exeggutor
|choice|switch 5|switch 3
|
|switch|p2a: Kadabra|Kadabra, L85|204\/242
|switch|p1a: Snorlax|Snorlax, L79|276\/415
|turn|21
|choice|move 2|move 4
|
|move|p2a: Kadabra|Reflect|p2a: Kadabra
|-start|p2a: Kadabra|Reflect
|move|p1a: Snorlax|Body Slam|p2a: Kadabra
|-damage|p2a: Kadabra|123\/242
|
|turn|22
|choice|move 2|move 2
|
|move|p2a: Kadabra|Recover|p2a: Kadabra
|-heal|p2a: Kadabra|242\/242
|move|p1a: Snorlax|Body Slam|p2a: Kadabra
|-damage|p2a: Kadabra|173\/242
|
|turn|23
|choice|move 2|move 1
|
|move|p2a: Kadabra|Psychic|p1a: Snorlax
|-damage|p1a: Snorlax|128\/415
|-unboost|p1a: Snorlax|spd|1
|-unboost|p1a: Snorlax|spa|1
|move|p1a: Snorlax|Body Slam|p2a: Kadabra
|-damage|p2a: Kadabra|98\/242
|-status|p2a: Kadabra|par
|
|turn|24
|choice|move 3|move 2
|
|move|p1a: Snorlax|Self-Destruct|p2a: Kadabra
|-damage|p2a: Kadabra|0 fnt
|faint|p2a: Kadabra
|faint|p1a: Snorlax
|
|win|MALESANI
|raw|MALESANI's rating: 1349 &rarr; <strong>1364<\/strong><br \/>(+15 for winning)
|raw|Green Vessel's rating: 1270 &rarr; <strong>1251<\/strong><br \/>(-19 for losing)
|leave|Green Vessel
|player|p2