|j|PeteGoggles
|j|Imaduckquackquack
|player|p1|PeteGoggles|1
|player|p2|Imaduckquackquack|252
|gametype|singles
|gen|1
|tier|[Gen 1] Random Battle
|rated
|seed|
|rule|Sleep Clause Mod: Limit one foe put to sleep
|rule|Freeze Clause Mod: Limit one foe frozen
|rule|HP Percentage Mod: HP is shown in percentages
|
|start
|switch|p1a: Hitmonchan|Hitmonchan, L90|100\/100
|switch|p2a: Golbat|Golbat, L90|100\/100
|turn|1
|choice||
|
|move|p2a: Golbat|Confuse Ray|p1a: Hitmonchan
|-start|p1a: Hitmonchan|confusion
|-activate|p1a: Hitmonchan|confusion
|move|p1a: Hitmonchan|Body Slam|p2a: Golbat
|-damage|p2a: Golbat|75\/100
|
|turn|2
|choice||
|
|move|p2a: Golbat|Screech|p1a: Hitmonchan
|-unboost|p1a: Hitmonchan|def|2
|-activate|p1a: Hitmonchan|confusion
|move|p1a: Hitmonchan|Body Slam|p2a: Golbat
|-crit|p2a: Golbat
|-damage|p2a: Golbat|23\/100
|
|turn|3
|choice||
|
|switch|p1a: Persian|Persian, L79|100\/100
|move|p2a: Golbat|Double-Edge|p1a: Persian
|-damage|p1a: Persian|62\/100
|-damage|p2a: Golbat|16\/100|[from] recoil|[of] p1a: Persian
|
|turn|4
|choice||
|
|move|p1a: Persian|Body Slam|p2a: Golbat
|-damage|p2a: Golbat|0 fnt
|faint|p2a: Golbat
|choice||
|
|switch|p2a: Jolteon|Jolteon, L79|100\/100
|turn|5
|choice||
|
|switch|p1a: Exeggutor|Exeggutor, L79|100\/100
|move|p2a: Jolteon|Double Kick|p1a: Exeggutor
|-crit|p1a: Exeggutor
|-resisted|p1a: Exeggutor
|-damage|p1a: Exeggutor|95\/100
|-damage|p1a: Exeggutor|90\/100
|-hitcount|p1a: Exeggutor|2
|
|turn|6
|choice||
|
|move|p2a: Jolteon|Pin Missile|p1a: Exeggutor
|-crit|p1a: Exeggutor
|-supereffective|p1a: Exeggutor
|-damage|p1a: Exeggutor|71\/100
|-damage|p1a: Exeggutor|52\/100
|-hitcount|p1a: Exeggutor|2
|move|p1a: Exeggutor|Sleep Powder|p2a: Jolteon
|-status|p2a: Jolteon|slp
|
|turn|7
|choice||
|
|switch|p1a: Dragonair|Dragonair, L85|100\/100
|cant|p2a: Jolteon|slp
|
|turn|8
|choice||
|
|switch|p2a: Tauros|Tauros, L79|100\/100
|move|p1a: Dragonair|Body Slam|p2a: Tauros
|-damage|p2a: Tauros|81\/100
|
|turn|9
|choice||
|
|move|p2a: Tauros|Blizzard|p1a: Dragonair
|-supereffective|p1a: Dragonair
|-damage|p1a: Dragonair|54\/100
|move|p1a: Dragonair|Body Slam|p2a: Tauros
|-damage|p2a: Tauros|60\/100
|
|turn|10
|choice||
|
|move|p2a: Tauros|Hyper Beam|p1a: Dragonair
|-damage|p1a: Dragonair|0 fnt
|faint|p1a: Dragonair
|choice||
|
|switch|p1a: Hitmonchan|Hitmonchan, L90|100\/100
|turn|11
|choice||
|
|switch|p2a: Weezing|Weezing, L90|100\/100
|move|p1a: Hitmonchan|Body Slam|p2a: Weezing
|-crit|p2a: Weezing
|-damage|p2a: Weezing|67\/100
|
|turn|12
|choice||
|
|move|p1a: Hitmonchan|Seismic Toss|p2a: Weezing
|-damage|p2a: Weezing|37\/100
|move|p2a: Weezing|Sludge|p1a: Hitmonchan
|-damage|p1a: Hitmonchan|74\/100
|
|turn|13
|choice||
|
|move|p1a: Hitmonchan|Body Slam|p2a: Weezing
|-damage|p2a: Weezing|20\/100
|move|p2a: Weezing|Explosion|p1a: Hitmonchan
|-damage|p1a: Hitmonchan|0 fnt
|faint|p1a: Hitmonchan
|faint|p2a: Weezing
|choice||
|
|switch|p2a: Tauros|Tauros, L79|60\/100
|switch|p1a: Charmeleon|Charmeleon, L85|100\/100
|turn|14
|choice||
|
|move|p2a: Tauros|Earthquake|p1a: Charmeleon
|-supereffective|p1a: Charmeleon
|-damage|p1a: Charmeleon|39\/100
|move|p1a: Charmeleon|Slash|p2a: Tauros
|-crit|p2a: Tauros
|-damage|p2a: Tauros|31\/100
|
|turn|15
|choice||
|
|move|p2a: Tauros|Body Slam|p1a: Charmeleon
|-damage|p1a: Charmeleon|0 fnt
|faint|p1a: Charmeleon
|choice||
|
|switch|p1a: Alakazam|Alakazam, L79|100\/100
|turn|16
|choice||
|
|move|p1a: Alakazam|Psychic|p2a: Tauros
|-damage|p2a: Tauros|0 fnt
|faint|p2a: Tauros
|choice||
|
|switch|p2a: Dratini|Dratini, L96|100\/100
|turn|17
|choice||
|
|switch|p1a: Exeggutor|Exeggutor, L79|52\/100
|move|p2a: Dratini|Thunder Wave|p1a: Exeggutor
|-status|p1a: Exeggutor|par
|
|turn|18
|choice||
|
|move|p2a: Dratini|Hyper Beam|p1a: Exeggutor|[miss]
|-miss|p2a: Dratini
|move|p1a: Exeggutor|Explosion|p2a: Dratini
|-damage|p2a: Dratini|8\/100
|faint|p1a: Exeggutor
|choice||
|
|switch|p1a: Persian|Persian, L79|62\/100
|turn|19
|choice||
|
|move|p1a: Persian|Body Slam|p2a: Dratini
|-damage|p2a: Dratini|0 fnt
|faint|p2a: Dratini
|choice||
|
|switch|p2a: Kadabra|Kadabra, L85|100\/100
|turn|20
|choice||
|
|move|p2a: Kadabra|Thunder Wave|p1a: Persian
|-status|p1a: Persian|par
|cant|p1a: Persian|par
|
|turn|21
|choice||
|
|move|p2a: Kadabra|Reflect|p2a: Kadabra
|-start|p2a: Kadabra|Reflect
|move|p1a: Persian|Body Slam|p2a: Kadabra
|-damage|p2a: Kadabra|79\/100
|
|turn|22
|choice||
|
|move|p2a: Kadabra|Psychic|p1a: Persian
|-damage|p1a: Persian|3\/100 par
|cant|p1a: Persian|par
|
|turn|23
|choice||
|
|move|p2a: Kadabra|Psychic|p1a: Persian
|-damage|p1a: Persian|0 fnt
|faint|p1a: Persian
|choice||
|
|switch|p1a: Alakazam|Alakazam, L79|100\/100
|turn|24
|choice||
|
|move|p1a: Alakazam|Seismic Toss|p2a: Kadabra
|-damage|p2a: Kadabra|46\/100
|move|p2a: Kadabra|Thunder Wave|p1a: Alakazam
|-status|p1a: Alakazam|par
|
|turn|25
|choice||
|
|move|p2a: Kadabra|Recover|p2a: Kadabra
|-heal|p2a: Kadabra|96\/100
|move|p1a: Alakazam|Seismic Toss|p2a: Kadabra
|-damage|p2a: Kadabra|64\/100
|
|turn|26
|choice||
|
|move|p2a: Kadabra|Recover|p2a: Kadabra
|-heal|p2a: Kadabra|100\/100
|move|p1a: Alakazam|Psychic|p2a: Kadabra
|-resisted|p2a: Kadabra
|-damage|p2a: Kadabra|84\/100
|
|turn|27
|choice||
|
|move|p2a: Kadabra|Psychic|p1a: Alakazam
|-resisted|p1a: Alakazam
|-damage|p1a: Alakazam|83\/100 par
|move|p1a: Alakazam|Psychic|p2a: Kadabra
|-crit|p2a: Kadabra
|-resisted|p2a: Kadabra
|-damage|p2a: Kadabra|49\/100
|
|turn|28
|choice||
|
|move|p2a: Kadabra|Psychic|p1a: Alakazam
|-resisted|p1a: Alakazam
|-damage|p1a: Alakazam|66\/100 par
|move|p1a: Alakazam|Psychic|p2a: Kadabra
|-resisted|p2a: Kadabra
|-damage|p2a: Kadabra|30\/100
|
|turn|29
|choice||
|
|move|p2a: Kadabra|Recover|p2a: Kadabra
|-heal|p2a: Kadabra|80\/100
|move|p1a: Alakazam|Psychic|p2a: Kadabra
|-resisted|p2a: Kadabra
|-damage|p2a: Kadabra|64\/100
|-unboost|p2a: Kadabra|spd|1
|-unboost|p2a: Kadabra|spa|1
|
|turn|30
|choice||
|
|move|p2a: Kadabra|Psychic|p1a: Alakazam
|-resisted|p1a: Alakazam
|-damage|p1a: Alakazam|54\/100 par
|cant|p1a: Alakazam|par
|
|turn|31
|choice||
|
|move|p2a: Kadabra|Psychic|p1a: Alakazam
|-crit|p1a: Alakazam
|-resisted|p1a: Alakazam
|-damage|p1a: Alakazam|19\/100 par
|move|p1a: Alakazam|Recover|p1a: Alakazam
|-heal|p1a: Alakazam|68\/100 par
|
|turn|32
|choice||
|
|move|p2a: Kadabra|Psychic|p1a: Alakazam
|-resisted|p1a: Alakazam
|-damage|p1a: Alakazam|57\/100 par
|move|p1a: Alakazam|Psychic|p2a: Kadabra|[miss]
|-miss|p1a: Alakazam
|
|turn|33
|choice||
|
|move|p2a: Kadabra|Psychic|p1a: Alakazam
|-resisted|p1a: Alakazam
|-damage|p1a: Alakazam|45\/100 par
|move|p1a: Alakazam|Psychic|p2a: Kadabra
|-crit|p2a: Kadabra
|-resisted|p2a: Kadabra
|-damage|p2a: Kadabra|27\/100
|
|turn|34
|choice||
|
|move|p2a: Kadabra|Recover|p2a: Kadabra
|-heal|p2a: Kadabra|77\/100
|move|p1a: Alakazam|Recover|p1a: Alakazam
|-heal|p1a: Alakazam|94\/100 par
|
|turn|35
|choice||
|
|switch|p2a: Jolteon|Jolteon, L79|100\/100 slp
|cant|p1a: Alakazam|par
|
|turn|36
|choice||
|
|cant|p2a: Jolteon|slp
|move|p1a: Alakazam|Psychic|p2a: Jolteon
|-crit|p2a: Jolteon
|-damage|p2a: Jolteon|28\/100 slp
|
|turn|37
|choice||
|
|cant|p2a: Jolteon|slp
|move|p1a: Alakazam|Seismic Toss|p2a: Jolteon
|-damage|p2a: Jolteon|0 fnt
|faint|p2a: Jolteon
|choice||
|
|switch|p2a: Kadabra|Kadabra, L85|77\/100
|turn|38
|choice||
|
|move|p2a: Kadabra|Reflect|p2a: Kadabra
|-start|p2a: Kadabra|Reflect
|move|p1a: Alakazam|Psychic|p2a: Kadabra
|-resisted|p2a: Kadabra
|-damage|p2a: Kadabra|60\/100
|
|turn|39
|choice||
|
|move|p2a: Kadabra|Recover|p2a: Kadabra
|-heal|p2a: Kadabra|100\/100
|move|p1a: Alakazam|Psychic|p2a: Kadabra
|-resisted|p2a: Kadabra
|-damage|p2a: Kadabra|84\/100
|-unboost|p2a: Kadabra|spd|1
|-unboost|p2a: Kadabra|spa|1
|
|turn|40
|choice||
|
|move|p2a: Kadabra|Psychic|p1a: Alakazam
|-crit|p1a: Alakazam
|-resisted|p1a: Alakazam
|-damage|p1a: Alakazam|60\/100 par
|-unboost|p1a: Alakazam|spd|1
|-unboost|p1a: Alakazam|spa|1
|move|p1a: Alakazam|Psychic|p2a: Kadabra
|-crit|p2a: Kadabra
|-resisted|p2a: Kadabra
|-damage|p2a: Kadabra|50\/100
|-unboost|p2a: Kadabra|spd|1
|-unboost|p2a: Kadabra|spa|1
|
|turn|41
|choice||
|
|move|p2a: Kadabra|Recover|p2a: Kadabra
|-heal|p2a: Kadabra|99\/100
|move|p1a: Alakazam|Psychic|p2a: Kadabra
|-resisted|p2a: Kadabra
|-damage|p2a: Kadabra|79\/100
|
|turn|42
|choice||
|
|move|p2a: Kadabra|Psychic|p1a: Alakazam
|-resisted|p1a: Alakazam
|-damage|p1a: Alakazam|47\/100 par
|move|p1a: Alakazam|Recover|p1a: Alakazam
|-heal|p1a: Alakazam|97\/100 par
|
|turn|43
|choice||
|
|move|p2a: Kadabra|Psychic|p1a: Alakazam
|-crit|p1a: Alakazam
|-resisted|p1a: Alakazam
|-damage|p1a: Alakazam|63\/100 par
|move|p1a: Alakazam|Psychic|p2a: Kadabra
|-resisted|p2a: Kadabra
|-damage|p2a: Kadabra|57\/100
|
|turn|44
|choice||
|
|move|p2a: Kadabra|Psychic|p1a: Alakazam
|-resisted|p1a: Alakazam
|-damage|p1a: Alakazam|49\/100 par
|-unboost|p1a: Alakazam|spd|1
|-unboost|p1a: Alakazam|spa|1
|move|p1a: Alakazam|Psychic|p2a: Kadabra
|-resisted|p2a: Kadabra
|-damage|p2a: Kadabra|39\/100
|
|turn|45
|choice||
|
|move|p2a: Kadabra|Recover|p2a: Kadabra
|-heal|p2a: Kadabra|89\/100
|move|p1a: Alakazam|Recover|p1a: Alakazam
|-heal|p1a: Alakazam|99\/100 par
|
|turn|46
|choice||
|
|move|p2a: Kadabra|Reflect|p2a: Kadabra
|-fail|p2a: Kadabra
|move|p1a: Alakazam|Psychic|p2a: Kadabra
|-resisted|p2a: Kadabra
|-damage|p2a: Kadabra|71\/100
|
|turn|47
|choice||
|
|move|p2a: Kadabra|Psychic|p1a: Alakazam
|-crit|p1a: Alakazam
|-resisted|p1a: Alakazam
|-damage|p1a: Alakazam|62\/100 par
|cant|p1a: Alakazam|par
|
|turn|48
|choice||
|
|move|p2a: Kadabra|Psychic|p1a: Alakazam
|-resisted|p1a: Alakazam
|-damage|p1a: Alakazam|44\/100 par
|cant|p1a: Alakazam|par
|
|turn|49
|choice||
|
|move|p2a: Kadabra|Psychic|p1a: Alakazam
|-resisted|p1a: Alakazam
|-damage|p1a: Alakazam|25\/100 par
|move|p1a: Alakazam|Recover|p1a: Alakazam
|-heal|p1a: Alakazam|75\/100 par
|
|turn|50
|choice||
|
|move|p2a: Kadabra|Thunder Wave|p1a: Alakazam
|-fail|p1a: Alakazam|par
|move|p1a: Alakazam|Psychic|p2a: Kadabra
|-crit|p2a: Kadabra
|-resisted|p2a: Kadabra
|-damage|p2a: Kadabra|39\/100
|
|turn|51
|choice||
|
|move|p2a: Kadabra|Recover|p2a: Kadabra
|-heal|p2a: Kadabra|89\/100
|cant|p1a: Alakazam|par
|
|turn|52
|choice||
|
|move|p2a: Kadabra|Psychic|p1a: Alakazam
|-resisted|p1a: Alakazam
|-damage|p1a: Alakazam|57\/100 par
|-unboost|p1a: Alakazam|spd|1
|-unboost|p1a: Alakazam|spa|1
|move|p1a: Alakazam|Seismic Toss|p2a: Kadabra
|-damage|p2a: Kadabra|56\/100
|
|turn|53
|choice||
|
|move|p2a: Kadabra|Thunder Wave|p1a: Alakazam
|-fail|p1a: Alakazam|par
|move|p1a: Alakazam|Recover|p1a: Alakazam
|-heal|p1a: Alakazam|100\/100 par
|
|turn|54
|choice||
|
|move|p2a: Kadabra|Reflect|p2a: Kadabra
|-fail|p2a: Kadabra
|cant|p1a: Alakazam|par
|
|turn|55
|choice||
|
|move|p2a: Kadabra|Reflect|p2a: Kadabra
|-fail|p2a: Kadabra
|move|p1a: Alakazam|Seismic Toss|p2a: Kadabra
|-damage|p2a: Kadabra|23\/100
|
|turn|56
|choice||
|
|move|p2a: Kadabra|Recover|p2a: Kadabra
|-heal|p2a: Kadabra|73\/100
|move|p1a: Alakazam|Seismic Toss|p2a: Kadabra
|-damage|p2a: Kadabra|41\/100
|
|turn|57
|choice||
|
|move|p2a: Kadabra|Recover|p2a: Kadabra
|-heal|p2a: Kadabra|91\/100
|move|p1a: Alakazam|Reflect|p1a: Alakazam
|-start|p1a: Alakazam|Reflect
|
|turn|58
|choice||
|
|move|p2a: Kadabra|Reflect|p2a: Kadabra
|-fail|p2a: Kadabra
|cant|p1a: Alakazam|par
|
|turn|59
|choice||
|
|move|p2a: Kadabra|Reflect|p2a: Kadabra
|-fail|p2a: Kadabra
|move|p1a: Alakazam|Reflect|p1a: Alakazam
|-fail|p1a: Alakazam
|
|turn|60
|choice||
|
|move|p2a: Kadabra|Reflect|p2a: Kadabra
|-fail|p2a: Kadabra
|move|p1a: Alakazam|Reflect|p1a: Alakazam
|-fail|p1a: Alakazam
|
|turn|61
|choice||
|
|move|p2a: Kadabra|Reflect|p2a: Kadabra
|-fail|p2a: Kadabra
|move|p1a: Alakazam|Reflect|p1a: Alakazam
|-fail|p1a: Alakazam
|
|turn|62
|choice||
|
|move|p2a: Kadabra|Reflect|p2a: Kadabra
|-fail|p2a: Kadabra
|move|p1a: Alakazam|Reflect|p1a: Alakazam
|-fail|p1a: Alakazam
|
|turn|63
|choice||
|
|move|p2a: Kadabra|Reflect|p2a: Kadabra
|-fail|p2a: Kadabra
|move|p1a: Alakazam|Reflect|p1a: Alakazam
|-fail|p1a: Alakazam
|
|turn|64
|choice||
|
|move|p2a: Kadabra|Reflect|p2a: Kadabra
|-fail|p2a: Kadabra
|cant|p1a: Alakazam|par
|
|turn|65
|choice||
|
|move|p2a: Kadabra|Thunder Wave|p1a: Alakazam
|-fail|p1a: Alakazam|par
|move|p1a: Alakazam|Reflect|p1a: Alakazam
|-fail|p1a: Alakazam
|
|turn|66
|choice||
|
|move|p2a: Kadabra|Thunder Wave|p1a: Alakazam
|-fail|p1a: Alakazam|par
|move|p1a: Alakazam|Reflect|p1a: Alakazam
|-fail|p1a: Alakazam
|
|turn|67
|choice||
|
|move|p2a: Kadabra|Thunder Wave|p1a: Alakazam
|-fail|p1a: Alakazam|par
|move|p1a: Alakazam|Reflect|p1a: Alakazam
|-fail|p1a: Alakazam
|
|turn|68
|choice||
|
|move|p2a: Kadabra|Thunder Wave|p1a: Alakazam
|-fail|p1a: Alakazam|par
|move|p1a: Alakazam|Reflect|p1a: Alakazam
|-fail|p1a: Alakazam
|
|turn|69
|choice||
|
|move|p2a: Kadabra|Thunder Wave|p1a: Alakazam
|-fail|p1a: Alakazam|par
|move|p1a: Alakazam|Reflect|p1a: Alakazam
|-fail|p1a: Alakazam
|
|turn|70
|choice||
|
|move|p2a: Kadabra|Thunder Wave|p1a: Alakazam
|-fail|p1a: Alakazam|par
|move|p1a: Alakazam|Reflect|p1a: Alakazam
|-fail|p1a: Alakazam
|
|turn|71
|c|★Imaduckquackquack|hit 100 turns bee
|choice||
|
|move|p2a: Kadabra|Thunder Wave|p1a: Alakazam
|-fail|p1a: Alakazam|par
|cant|p1a: Alakazam|par
|
|turn|72
|choice||
|
|move|p2a: Kadabra|Thunder Wave|p1a: Alakazam
|-fail|p1a: Alakazam|par
|move|p1a: Alakazam|Reflect|p1a: Alakazam
|-fail|p1a: Alakazam
|
|turn|73
|choice||
|
|move|p2a: Kadabra|Thunder Wave|p1a: Alakazam
|-fail|p1a: Alakazam|par
|move|p1a: Alakazam|Reflect|p1a: Alakazam
|-fail|p1a: Alakazam
|
|turn|74
|choice||
|
|move|p2a: Kadabra|Thunder Wave|p1a: Alakazam
|-fail|p1a: Alakazam|par
|move|p1a: Alakazam|Reflect|p1a: Alakazam
|-fail|p1a: Alakazam
|
|turn|75
|choice||
|
|move|p2a: Kadabra|Thunder Wave|p1a: Alakazam
|-fail|p1a: Alakazam|par
|move|p1a: Alakazam|Reflect|p1a: Alakazam
|-fail|p1a: Alakazam
|
|turn|76
|choice||
|
|move|p2a: Kadabra|Thunder Wave|p1a: Alakazam
|-fail|p1a: Alakazam|par
|move|p1a: Alakazam|Reflect|p1a: Alakazam
|-fail|p1a: Alakazam
|
|turn|77
|choice||
|
|move|p2a: Kadabra|Thunder Wave|p1a: Alakazam
|-fail|p1a: Alakazam|par
|move|p1a: Alakazam|Reflect|p1a: Alakazam
|-fail|p1a: Alakazam
|
|turn|78
|choice||
|
|move|p2a: Kadabra|Thunder Wave|p1a: Alakazam
|-fail|p1a: Alakazam|par
|cant|p1a: Alakazam|par
|
|turn|79
|choice||
|
|move|p2a: Kadabra|Thunder Wave|p1a: Alakazam
|-fail|p1a: Alakazam|par
|cant|p1a: Alakazam|par
|
|turn|80
|choice||
|
|move|p2a: Kadabra|Thunder Wave|p1a: Alakazam
|-fail|p1a: Alakazam|par
|move|p1a: Alakazam|Reflect|p1a: Alakazam
|-fail|p1a: Alakazam
|
|turn|81
|choice||
|
|move|p2a: Kadabra|Thunder Wave|p1a: Alakazam
|-fail|p1a: Alakazam|par
|move|p1a: Alakazam|Reflect|p1a: Alakazam
|-fail|p1a: Alakazam
|
|turn|82
|choice||
|
|move|p2a: Kadabra|Reflect|p2a: Kadabra
|-fail|p2a: Kadabra
|move|p1a: Alakazam|Reflect|p1a: Alakazam
|-fail|p1a: Alakazam
|
|turn|83
|choice||
|
|move|p2a: Kadabra|Thunder Wave|p1a: Alakazam
|-fail|p1a: Alakazam|par
|cant|p1a: Alakazam|par
|
|turn|84
|choice||
|
|move|p2a: Kadabra|Reflect|p2a: Kadabra
|-fail|p2a: Kadabra
|move|p1a: Alakazam|Reflect|p1a: Alakazam
|-fail|p1a: Alakazam
|
|turn|85
|choice||
|
|move|p2a: Kadabra|Thunder Wave|p1a: Alakazam
|-fail|p1a: Alakazam|par
|cant|p1a: Alakazam|par
|
|turn|86
|choice||
|
|move|p2a: Kadabra|Reflect|p2a: Kadabra
|-fail|p2a: Kadabra
|move|p1a: Alakazam|Reflect|p1a: Alakazam
|-fail|p1a: Alakazam
|
|turn|87
|choice||
|
|move|p2a: Kadabra|Thunder Wave|p1a: Alakazam
|-fail|p1a: Alakazam|par
|cant|p1a: Alakazam|par
|
|turn|88
|choice||
|
|move|p2a: Kadabra|Reflect|p2a: Kadabra
|-fail|p2a: Kadabra
|move|p1a: Alakazam|Reflect|p1a: Alakazam
|-fail|p1a: Alakazam
|
|turn|89
|choice||
|
|move|p2a: Kadabra|Thunder Wave|p1a: Alakazam
|-fail|p1a: Alakazam|par
|move|p1a: Alakazam|Reflect|p1a: Alakazam
|-fail|p1a: Alakazam
|
|turn|90
|choice||
|
|move|p2a: Kadabra|Reflect|p2a: Kadabra
|-fail|p2a: Kadabra
|cant|p1a: Alakazam|par
|
|turn|91
|choice||
|
|move|p2a: Kadabra|Thunder Wave|p1a: Alakazam
|-fail|p1a: Alakazam|par
|move|p1a: Alakazam|Reflect|p1a: Alakazam
|-fail|p1a: Alakazam
|
|turn|92
|choice||
|
|move|p2a: Kadabra|Thunder Wave|p1a: Alakazam
|-fail|p1a: Alakazam|par
|move|p1a: Alakazam|Reflect|p1a: Alakazam
|-fail|p1a: Alakazam
|
|turn|93
|choice||
|
|move|p2a: Kadabra|Thunder Wave|p1a: Alakazam
|-fail|p1a: Alakazam|par
|move|p1a: Alakazam|Reflect|p1a: Alakazam
|-fail|p1a: Alakazam
|
|turn|94
|choice||
|
|move|p2a: Kadabra|Thunder Wave|p1a: Alakazam
|-fail|p1a: Alakazam|par
|move|p1a: Alakazam|Reflect|p1a: Alakazam
|-fail|p1a: Alakazam
|
|turn|95
|choice||
|
|move|p2a: Kadabra|Thunder Wave|p1a: Alakazam
|-fail|p1a: Alakazam|par
|move|p1a: Alakazam|Reflect|p1a: Alakazam
|-fail|p1a: Alakazam
|
|turn|96
|choice||
|
|move|p2a: Kadabra|Reflect|p2a: Kadabra
|-fail|p2a: Kadabra
|move|p1a: Alakazam|Reflect|p1a: Alakazam
|-fail|p1a: Alakazam
|
|turn|97
|choice||
|
|move|p2a: Kadabra|Thunder Wave|p1a: Alakazam
|-fail|p1a: Alakazam|par
|move|p1a: Alakazam|Reflect|p1a: Alakazam
|-fail|p1a: Alakazam
|
|turn|98
|choice||
|
|move|p2a: Kadabra|Thunder Wave|p1a: Alakazam
|-fail|p1a: Alakazam|par
|move|p1a: Alakazam|Recover|p1a: Alakazam
|-fail|p1a: Alakazam
|
|turn|99
|choice||
|
|move|p2a: Kadabra|Reflect|p2a: Kadabra
|-fail|p2a: Kadabra
|move|p1a: Alakazam|Recover|p1a: Alakazam
|-fail|p1a: Alakazam
|
|turn|100
|choice||
|
|move|p2a: Kadabra|Reflect|p2a: Kadabra
|-fail|p2a: Kadabra
|move|p1a: Alakazam|Recover|p1a: Alakazam
|-fail|p1a: Alakazam
|
|turn|101
|choice||
|
|move|p2a: Kadabra|Reflect|p2a: Kadabra
|-fail|p2a: Kadabra
|cant|p1a: Alakazam|par
|
|turn|102
|choice||
|
|move|p2a: Kadabra|Reflect|p2a: Kadabra
|-fail|p2a: Kadabra
|move|p1a: Alakazam|Recover|p1a: Alakazam
|-fail|p1a: Alakazam
|
|turn|103
|choice||
|
|move|p2a: Kadabra|Reflect|p2a: Kadabra
|-fail|p2a: Kadabra
|move|p1a: Alakazam|Recover|p1a: Alakazam
|-fail|p1a: Alakazam
|
|turn|104
|choice||
|
|move|p2a: Kadabra|Reflect|p2a: Kadabra
|-fail|p2a: Kadabra
|move|p1a: Alakazam|Recover|p1a: Alakazam
|-fail|p1a: Alakazam
|
|turn|105
|choice||
|
|move|p2a: Kadabra|Reflect|p2a: Kadabra
|-fail|p2a: Kadabra
|move|p1a: Alakazam|Recover|p1a: Alakazam
|-fail|p1a: Alakazam
|
|turn|106
|choice||
|
|move|p2a: Kadabra|Reflect|p2a: Kadabra
|-fail|p2a: Kadabra
|move|p1a: Alakazam|Recover|p1a: Alakazam
|-fail|p1a: Alakazam
|
|turn|107
|choice||
|
|move|p2a: Kadabra|Reflect|p2a: Kadabra
|-fail|p2a: Kadabra
|move|p1a: Alakazam|Recover|p1a: Alakazam
|-fail|p1a: Alakazam
|
|turn|108
|choice||
|
|move|p2a: Kadabra|Reflect|p2a: Kadabra
|-fail|p2a: Kadabra
|move|p1a: Alakazam|Recover|p1a: Alakazam
|-fail|p1a: Alakazam
|
|turn|109
|choice||
|
|move|p2a: Kadabra|Reflect|p2a: Kadabra
|-fail|p2a: Kadabra
|move|p1a: Alakazam|Recover|p1a: Alakazam
|-fail|p1a: Alakazam
|
|turn|110
|choice||
|
|move|p2a: Kadabra|Reflect|p2a: Kadabra
|-fail|p2a: Kadabra
|move|p1a: Alakazam|Recover|p1a: Alakazam
|-fail|p1a: Alakazam
|
|turn|111
|choice||
|
|move|p2a: Kadabra|Reflect|p2a: Kadabra
|-fail|p2a: Kadabra
|move|p1a: Alakazam|Recover|p1a: Alakazam
|-fail|p1a: Alakazam
|
|turn|112
|choice||
|
|move|p2a: Kadabra|Reflect|p2a: Kadabra
|-fail|p2a: Kadabra
|move|p1a: Alakazam|Recover|p1a: Alakazam
|-fail|p1a: Alakazam
|
|turn|113
|choice||
|
|move|p2a: Kadabra|Recover|p2a: Kadabra
|-heal|p2a: Kadabra|100\/100
|move|p1a: Alakazam|Recover|p1a: Alakazam
|-fail|p1a: Alakazam
|
|turn|114
|choice||
|
|move|p2a: Kadabra|Recover|p2a: Kadabra
|-fail|p2a: Kadabra
|move|p1a: Alakazam|Recover|p1a: Alakazam
|-fail|p1a: Alakazam
|
|turn|115
|choice||
|
|move|p2a: Kadabra|Recover|p2a: Kadabra
|-fail|p2a: Kadabra
|move|p1a: Alakazam|Recover|p1a: Alakazam
|-fail|p1a: Alakazam
|
|turn|116
|choice||
|
|move|p2a: Kadabra|Recover|p2a: Kadabra
|-fail|p2a: Kadabra
|cant|p1a: Alakazam|par
|
|turn|117
|choice||
|
|move|p2a: Kadabra|Recover|p2a: Kadabra
|-fail|p2a: Kadabra
|cant|p1a: Alakazam|par
|
|turn|118
|choice||
|
|move|p2a: Kadabra|Recover|p2a: Kadabra
|-fail|p2a: Kadabra
|move|p1a: Alakazam|Recover|p1a: Alakazam
|-fail|p1a: Alakazam
|
|turn|119
|choice||
|
|move|p2a: Kadabra|Recover|p2a: Kadabra
|-fail|p2a: Kadabra
|move|p1a: Alakazam|Recover|p1a: Alakazam
|-fail|p1a: Alakazam
|
|turn|120
|choice||
|
|move|p2a: Kadabra|Recover|p2a: Kadabra
|-fail|p2a: Kadabra
|move|p1a: Alakazam|Recover|p1a: Alakazam
|-fail|p1a: Alakazam
|
|turn|121
|choice||
|
|move|p2a: Kadabra|Recover|p2a: Kadabra
|-fail|p2a: Kadabra
|move|p1a: Alakazam|Recover|p1a: Alakazam
|-fail|p1a: Alakazam
|
|turn|122
|choice||
|
|move|p2a: Kadabra|Recover|p2a: Kadabra
|-fail|p2a: Kadabra
|move|p1a: Alakazam|Recover|p1a: Alakazam
|-fail|p1a: Alakazam
|
|turn|123
|choice||
|
|move|p2a: Kadabra|Recover|p2a: Kadabra
|-fail|p2a: Kadabra
|move|p1a: Alakazam|Recover|p1a: Alakazam
|-fail|p1a: Alakazam
|
|turn|124
|choice||
|
|move|p2a: Kadabra|Recover|p2a: Kadabra
|-fail|p2a: Kadabra
|move|p1a: Alakazam|Recover|p1a: Alakazam
|-fail|p1a: Alakazam
|
|turn|125
|choice||
|
|move|p2a: Kadabra|Recover|p2a: Kadabra
|-fail|p2a: Kadabra
|cant|p1a: Alakazam|par
|
|turn|126
|choice||
|
|move|p2a: Kadabra|Recover|p2a: Kadabra
|-fail|p2a: Kadabra
|move|p1a: Alakazam|Recover|p1a: Alakazam
|-fail|p1a: Alakazam
|
|turn|127
|choice||
|
|move|p2a: Kadabra|Recover|p2a: Kadabra
|-fail|p2a: Kadabra
|move|p1a: Alakazam|Recover|p1a: Alakazam
|-fail|p1a: Alakazam
|
|turn|128
|choice||
|
|move|p2a: Kadabra|Recover|p2a: Kadabra
|-fail|p2a: Kadabra
|cant|p1a: Alakazam|par
|
|turn|129
|choice||
|
|move|p2a: Kadabra|Recover|p2a: Kadabra
|-fail|p2a: Kadabra
|cant|p1a: Alakazam|par
|
|turn|130
|choice||
|
|move|p2a: Kadabra|Recover|p2a: Kadabra
|-fail|p2a: Kadabra
|move|p1a: Alakazam|Seismic Toss|p2a: Kadabra
|-damage|p2a: Kadabra|68\/100
|
|turn|131
|choice||
|
|move|p2a: Kadabra|Recover|p2a: Kadabra
|-heal|p2a: Kadabra|100\/100
|move|p1a: Alakazam|Seismic Toss|p2a: Kadabra
|-damage|p2a: Kadabra|68\/100
|
|turn|132
|choice||
|
|move|p2a: Kadabra|Recover|p2a: Kadabra
|-heal|p2a: Kadabra|100\/100
|cant|p1a: Alakazam|par
|
|turn|133
|choice||
|
|move|p2a: Kadabra|Recover|p2a: Kadabra
|-fail|p2a: Kadabra
|move|p1a: Alakazam|Seismic Toss|p2a: Kadabra
|-damage|p2a: Kadabra|68\/100
|
|turn|134
|choice||
|
|move|p2a: Kadabra|Recover|p2a: Kadabra
|-heal|p2a: Kadabra|100\/100
|cant|p1a: Alakazam|par
|
|turn|135
|choice||
|
|move|p2a: Kadabra|Struggle|p1a: Alakazam
|-damage|p1a: Alakazam|94\/100 par
|-damage|p2a: Kadabra|97\/100|[from] recoil|[of] p1a: Alakazam
|move|p1a: Alakazam|Seismic Toss|p2a: Kadabra
|-damage|p2a: Kadabra|65\/100
|
|turn|136
|choice||
|
|move|p2a: Kadabra|Struggle|p1a: Alakazam
|-damage|p1a: Alakazam|87\/100 par
|-damage|p2a: Kadabra|61\/100|[from] recoil|[of] p1a: Alakazam
|move|p1a: Alakazam|Seismic Toss|p2a: Kadabra
|-damage|p2a: Kadabra|29\/100
|
|turn|137
|choice||
|
|move|p2a: Kadabra|Struggle|p1a: Alakazam
|-crit|p1a: Alakazam
|-damage|p1a: Alakazam|61\/100 par
|-damage|p2a: Kadabra|15\/100|[from] recoil|[of] p1a: Alakazam
|move|p1a: Alakazam|Seismic Toss|p2a: Kadabra
|-damage|p2a: Kadabra|0 fnt
|faint|p2a: Kadabra
|
|win|PeteGoggles
|player|p1
|player|p2
|raw|PeteGoggles's rating: 1200 &rarr; <strong>1222<\/strong><br \/>(+22 for winning)
|raw|Imaduckquackquack's rating: 1163 &rarr; <strong>1141<\/strong><br \/>(-22 for losing)
|c|★Imaduckquackquack|gg
|c|★PeteGoggles|gg
|c|★Imaduckquackquack|lol