|join|Kel9901
|join|WhiskersWondercat
|player|p1|Kel9901|101
|player|p2|WhiskersWondercat|244
|gametype|singles
|gen|1
|tier|[Gen 1] OU (beta)
|rated
|rule|Sleep Clause Mod: Limit one foe put to sleep
|rule|Species Clause: Limit one of each Pokemon
|rule|OHKO Clause: OHKO moves are banned
|rule|Moody Clause: Moody is banned
|rule|Evasion Moves Clause: Evasion moves are banned
|rule|Endless Battle Clause: Forcing endless battles is banned.
|rule|HP Percentage Mod: HP is reported as percentages
|
|start
|switch|p1a: Alakazam|Alakazam|313\/313
|switch|p2a: Starmie|Starmie|323\/323
|turn|1
|callback|decision
|
|switch|p2a: Chansey|Chansey|703\/703
|move|p1a: Alakazam|Thunder Wave|p2a: Chansey
|-status|p2a: Chansey|par
|
|turn|2
|callback|decision
|
|move|p1a: Alakazam|Psychic|p2a: Chansey
|-damage|p2a: Chansey|578\/703 par
|cant|p2a: Chansey|par
|
|turn|3
|callback|decision
|
|switch|p2a: Exeggutor|Exeggutor|393\/393
|move|p1a: Alakazam|Psychic|p2a: Exeggutor
|-resisted|p2a: Exeggutor
|-damage|p2a: Exeggutor|334\/393
|
|turn|4
|callback|decision
|
|move|p1a: Alakazam|Thunder Wave|p2a: Exeggutor
|-status|p2a: Exeggutor|par
|move|p2a: Exeggutor|Sleep Powder|p1a: Alakazam
|-status|p1a: Alakazam|slp
|
|turn|5
|callback|decision
|
|cant|p1a: Alakazam|slp
|move|p2a: Exeggutor|Stun Spore|p1a: Alakazam
|-fail|p1a: Alakazam
|
|turn|6
|callback|decision
|
|switch|p1a: Exeggutor|Exeggutor|393\/393
|switch|p2a: Snorlax|Snorlax|523\/523
|
|turn|7
|callback|decision
|
|switch|p1a: Chansey|Chansey|703\/703
|switch|p2a: Chansey|Chansey|578\/703 par
|
|turn|8
|callback|decision
|
|switch|p1a: Alakazam|Alakazam|313\/313 slp
|move|p2a: Chansey|Reflect|p2a: Chansey
|
|turn|9
|callback|decision
|
|cant|p1a: Alakazam|slp
|move|p2a: Chansey|Seismic Toss|p1a: Alakazam
|-damage|p1a: Alakazam|213\/313 slp
|
|turn|10
|callback|decision
|
|cant|p1a: Alakazam|slp
|move|p2a: Chansey|Seismic Toss|p1a: Alakazam
|-damage|p1a: Alakazam|113\/313 slp
|
|turn|11
|callback|decision
|
|cant|p1a: Alakazam|slp
|move|p2a: Chansey|Seismic Toss|p1a: Alakazam
|-damage|p1a: Alakazam|13\/313 slp
|
|turn|12
|callback|decision
|
|switch|p1a: Chansey|Chansey|703\/703
|move|p2a: Chansey|Seismic Toss|p1a: Chansey
|-damage|p1a: Chansey|603\/703
|
|turn|13
|callback|decision
|
|switch|p1a: Snorlax|Snorlax|523\/523
|move|p2a: Chansey|Thunder Wave|p1a: Snorlax
|-status|p1a: Snorlax|par
|
|turn|14
|callback|decision
|
|cant|p2a: Chansey|par
|cant|p1a: Snorlax|par
|
|turn|15
|callback|decision
|
|switch|p1a: Chansey|Chansey|603\/703
|move|p2a: Chansey|Seismic Toss|p1a: Chansey
|-damage|p1a: Chansey|503\/703
|
|turn|16
|callback|decision
|
|move|p1a: Chansey|Soft-Boiled|p1a: Chansey
|-heal|p1a: Chansey|703\/703
|move|p2a: Chansey|Seismic Toss|p1a: Chansey
|-damage|p1a: Chansey|603\/703
|
|turn|17
|callback|decision
|
|move|p1a: Chansey|Thunder Wave|p2a: Chansey
|-fail|p2a: Chansey|par
|cant|p2a: Chansey|par
|
|turn|18
|callback|decision
|
|move|p1a: Chansey|Thunderbolt|p2a: Chansey
|-damage|p2a: Chansey|510\/703 par
|move|p2a: Chansey|Thunder Wave|p1a: Chansey
|-status|p1a: Chansey|par
|
|turn|19
|callback|decision
|
|move|p1a: Chansey|Ice Beam|p2a: Chansey
|-damage|p2a: Chansey|440\/703 par
|move|p2a: Chansey|Soft-Boiled|p2a: Chansey
|-heal|p2a: Chansey|703\/703 par
|
|turn|20
|callback|decision
|
|cant|p1a: Chansey|par
|move|p2a: Chansey|Seismic Toss|p1a: Chansey
|-damage|p1a: Chansey|503\/703 par
|
|turn|21
|callback|decision
|
|move|p1a: Chansey|Thunderbolt|p2a: Chansey
|-damage|p2a: Chansey|631\/703 par
|move|p2a: Chansey|Seismic Toss|p1a: Chansey
|-damage|p1a: Chansey|403\/703 par
|
|turn|22
|callback|decision
|
|move|p1a: Chansey|Soft-Boiled|p1a: Chansey
|-heal|p1a: Chansey|703\/703 par
|move|p2a: Chansey|Seismic Toss|p1a: Chansey
|-damage|p1a: Chansey|603\/703 par
|
|turn|23
|callback|decision
|
|move|p1a: Chansey|Thunderbolt|p2a: Chansey
|-damage|p2a: Chansey|557\/703 par
|move|p2a: Chansey|Seismic Toss|p1a: Chansey
|-damage|p1a: Chansey|503\/703 par
|
|turn|24
|callback|decision
|
|cant|p1a: Chansey|par
|cant|p2a: Chansey|par
|
|turn|25
|callback|decision
|
|cant|p2a: Chansey|par
|move|p1a: Chansey|Thunderbolt|p2a: Chansey
|-damage|p2a: Chansey|485\/703 par
|
|turn|26
|callback|decision
|
|cant|p2a: Chansey|par
|move|p1a: Chansey|Soft-Boiled|p1a: Chansey
|-heal|p1a: Chansey|703\/703 par
|
|turn|27
|callback|decision
|
|move|p2a: Chansey|Seismic Toss|p1a: Chansey
|-damage|p1a: Chansey|603\/703 par
|move|p1a: Chansey|Thunder Wave|p2a: Chansey
|-fail|p2a: Chansey|par
|
|turn|28
|callback|decision
|
|move|p2a: Chansey|Seismic Toss|p1a: Chansey
|-damage|p1a: Chansey|503\/703 par
|cant|p1a: Chansey|par
|
|turn|29
|callback|decision
|join|niggzzz
|
|move|p2a: Chansey|Seismic Toss|p1a: Chansey
|-damage|p1a: Chansey|403\/703 par
|move|p1a: Chansey|Ice Beam|p2a: Chansey
|-damage|p2a: Chansey|405\/703 par
|
|turn|30
|callback|decision
|
|move|p2a: Chansey|Seismic Toss|p1a: Chansey
|-damage|p1a: Chansey|303\/703 par
|move|p1a: Chansey|Soft-Boiled|p1a: Chansey
|-heal|p1a: Chansey|654\/703 par
|
|turn|31
|callback|decision
|
|move|p2a: Chansey|Soft-Boiled|p2a: Chansey
|-heal|p2a: Chansey|703\/703 par
|move|p1a: Chansey|Thunderbolt|p2a: Chansey
|-damage|p2a: Chansey|630\/703 par
|
|turn|32
|callback|decision
|
|move|p1a: Chansey|Thunderbolt|p2a: Chansey
|-damage|p2a: Chansey|557\/703 par
|move|p2a: Chansey|Seismic Toss|p1a: Chansey
|-damage|p1a: Chansey|554\/703 par
|
|turn|33
|callback|decision
|join|Bacon & Cheese
|
|move|p2a: Chansey|Seismic Toss|p1a: Chansey
|-damage|p1a: Chansey|454\/703 par
|move|p1a: Chansey|Thunderbolt|p2a: Chansey
|-damage|p2a: Chansey|487\/703 par
|
|turn|34
|callback|decision
|
|move|p2a: Chansey|Seismic Toss|p1a: Chansey
|-damage|p1a: Chansey|354\/703 par
|move|p1a: Chansey|Soft-Boiled|p1a: Chansey
|-heal|p1a: Chansey|703\/703 par
|
|turn|35
|callback|decision
|
|move|p1a: Chansey|Thunder Wave|p2a: Chansey
|-fail|p2a: Chansey|par
|move|p2a: Chansey|Seismic Toss|p1a: Chansey
|-damage|p1a: Chansey|603\/703 par
|
|turn|36
|callback|decision
|
|cant|p2a: Chansey|par
|move|p1a: Chansey|Thunder Wave|p2a: Chansey
|-fail|p2a: Chansey|par
|
|turn|37
|callback|decision
|
|switch|p1a: Snorlax|Snorlax|523\/523 par
|move|p2a: Chansey|Seismic Toss|p1a: Snorlax
|-damage|p1a: Snorlax|423\/523 par
|
|turn|38
|callback|decision
|
|move|p2a: Chansey|Soft-Boiled|p2a: Chansey
|-heal|p2a: Chansey|703\/703 par
|move|p1a: Snorlax|Body Slam|p2a: Chansey
|-crit|p2a: Chansey
|-damage|p2a: Chansey|431\/703 par
|
|turn|39
|callback|decision
|
|switch|p1a: Chansey|Chansey|603\/703 par
|move|p2a: Chansey|Soft-Boiled|p2a: Chansey
|-heal|p2a: Chansey|703\/703 par
|
|turn|40
|callback|decision
|
|cant|p2a: Chansey|par
|move|p1a: Chansey|Thunder Wave|p2a: Chansey
|-fail|p2a: Chansey|par
|
|turn|41
|callback|decision
|
|move|p2a: Chansey|Seismic Toss|p1a: Chansey
|-damage|p1a: Chansey|503\/703 par
|move|p1a: Chansey|Ice Beam|p2a: Chansey
|-damage|p2a: Chansey|634\/703 par
|
|turn|42
|callback|decision
|
|switch|p2a: Snorlax|Snorlax|523\/523
|move|p1a: Chansey|Soft-Boiled|p1a: Chansey
|-heal|p1a: Chansey|703\/703 par
|
|turn|43
|callback|decision
|join|Ray_Mckey
|
|move|p2a: Snorlax|Body Slam|p1a: Chansey
|-damage|p1a: Chansey|392\/703 par
|move|p1a: Chansey|Thunder Wave|p2a: Snorlax
|-status|p2a: Snorlax|par
|
|turn|44
|callback|decision
|
|switch|p1a: Golem|Golem|363\/363
|move|p2a: Snorlax|Reflect|p2a: Snorlax
|
|turn|45
|callback|decision
|leave|Ray_Mckey
|
|switch|p1a: Exeggutor|Exeggutor|393\/393
|move|p2a: Snorlax|Amnesia|p2a: Snorlax
|-boost|p2a: Snorlax|spd|2
|-boost|p2a: Snorlax|spa|2
|
|turn|46
|callback|decision
|
|move|p1a: Exeggutor|Psychic|p2a: Snorlax
|-damage|p2a: Snorlax|449\/523 par
|-unboost|p2a: Snorlax|spd|1
|-unboost|p2a: Snorlax|spa|1
|cant|p2a: Snorlax|par
|
|turn|47
|callback|decision
|
|move|p1a: Exeggutor|Psychic|p2a: Snorlax
|-damage|p2a: Snorlax|343\/523 par
|-unboost|p2a: Snorlax|spd|1
|-unboost|p2a: Snorlax|spa|1
|move|p2a: Snorlax|Amnesia|p2a: Snorlax
|-boost|p2a: Snorlax|spd|2
|-boost|p2a: Snorlax|spa|2
|
|turn|48
|callback|decision
|
|move|p1a: Exeggutor|Psychic|p2a: Snorlax|[miss]
|-miss|p1a: Exeggutor
|move|p2a: Snorlax|Body Slam|p1a: Exeggutor
|-damage|p1a: Exeggutor|281\/393
|
|turn|49
|callback|decision
|
|move|p1a: Exeggutor|Psychic|p2a: Snorlax
|-damage|p2a: Snorlax|268\/523 par
|cant|p2a: Snorlax|par
|
|turn|50
|callback|decision
|
|move|p1a: Exeggutor|Psychic|p2a: Snorlax
|-damage|p2a: Snorlax|188\/523 par
|cant|p2a: Snorlax|par
|
|turn|51
|callback|decision
|
|move|p1a: Exeggutor|Explosion|p2a: Snorlax
|-damage|p2a: Snorlax|21\/523 par
|faint|p1a: Exeggutor
|callback|decision
|
|switch|p1a: Tauros|Tauros|353\/353
|turn|52
|callback|decision
|
|move|p1a: Tauros|Body Slam|p2a: Snorlax
|-crit|p2a: Snorlax
|-damage|p2a: Snorlax|0 fnt
|faint|p2a: Snorlax
|
|callback|decision
|
|switch|p2a: Starmie|Starmie|323\/323
|turn|53
|callback|decision
|
|switch|p1a: Chansey|Chansey|392\/703 par
|move|p2a: Starmie|Thunder Wave|p1a: Chansey
|-fail|p1a: Chansey|par
|
|turn|54
|callback|decision
|
|switch|p2a: Chansey|Chansey|634\/703 par
|move|p1a: Chansey|Soft-Boiled|p1a: Chansey
|-heal|p1a: Chansey|703\/703 par
|
|turn|55
|callback|decision
|
|switch|p1a: Snorlax|Snorlax|423\/523 par
|move|p2a: Chansey|Reflect|p2a: Chansey
|
|turn|56
|callback|decision
|
|switch|p1a: Chansey|Chansey|703\/703 par
|move|p2a: Chansey|Seismic Toss|p1a: Chansey
|-damage|p1a: Chansey|603\/703 par
|
|turn|57
|callback|decision
|
|move|p2a: Chansey|Reflect|p2a: Chansey
|-fail|p2a: Chansey
|move|p1a: Chansey|Thunder Wave|p2a: Chansey
|-fail|p2a: Chansey|par
|
|turn|58
|callback|decision
|
|move|p2a: Chansey|Reflect|p2a: Chansey
|-fail|p2a: Chansey
|move|p1a: Chansey|Thunder Wave|p2a: Chansey
|-fail|p2a: Chansey|par
|
|turn|59
|callback|decision
|
|cant|p2a: Chansey|par
|cant|p1a: Chansey|par
|
|turn|60
|callback|decision
|
|move|p1a: Chansey|Ice Beam|p2a: Chansey
|-damage|p2a: Chansey|555\/703 par
|move|p2a: Chansey|Reflect|p2a: Chansey
|-fail|p2a: Chansey
|
|turn|61
|callback|decision
|
|switch|p1a: Snorlax|Snorlax|423\/523 par
|move|p2a: Chansey|Reflect|p2a: Chansey
|-fail|p2a: Chansey
|
|turn|62
|callback|decision
|
|switch|p1a: Chansey|Chansey|603\/703 par
|move|p2a: Chansey|Reflect|p2a: Chansey
|-fail|p2a: Chansey
|
|turn|63
|callback|decision
|
|move|p1a: Chansey|Thunder Wave|p2a: Chansey
|-fail|p2a: Chansey|par
|move|p2a: Chansey|Reflect|p2a: Chansey
|-fail|p2a: Chansey
|
|turn|64
|callback|decision
|
|switch|p1a: Snorlax|Snorlax|423\/523 par
|move|p2a: Chansey|Reflect|p2a: Chansey
|-fail|p2a: Chansey
|
|turn|65
|callback|decision
|
|move|p2a: Chansey|Seismic Toss|p1a: Snorlax
|-damage|p1a: Snorlax|323\/523 par
|move|p1a: Snorlax|Body Slam|p2a: Chansey
|-damage|p2a: Chansey|415\/703 par
|
|turn|66
|callback|decision
|
|switch|p1a: Chansey|Chansey|603\/703 par
|cant|p2a: Chansey|par
|
|turn|67
|callback|decision
|
|move|p2a: Chansey|Soft-Boiled|p2a: Chansey
|-heal|p2a: Chansey|703\/703 par
|cant|p1a: Chansey|par
|
|turn|68
|callback|decision
|
|cant|p2a: Chansey|par
|move|p1a: Chansey|Thunder Wave|p2a: Chansey
|-fail|p2a: Chansey|par
|
|turn|69
|callback|decision
|
|move|p2a: Chansey|Seismic Toss|p1a: Chansey
|-damage|p1a: Chansey|503\/703 par
|move|p1a: Chansey|Ice Beam|p2a: Chansey
|-damage|p2a: Chansey|625\/703 par
|
|turn|70
|callback|decision
|
|move|p1a: Chansey|Ice Beam|p2a: Chansey
|-damage|p2a: Chansey|555\/703 par
|move|p2a: Chansey|Seismic Toss|p1a: Chansey
|-damage|p1a: Chansey|403\/703 par
|
|turn|71
|callback|decision
|
|move|p2a: Chansey|Reflect|p2a: Chansey
|-fail|p2a: Chansey
|move|p1a: Chansey|Thunder Wave|p2a: Chansey
|-fail|p2a: Chansey|par
|
|turn|72
|callback|decision
|
|switch|p2a: Tauros|Tauros|353\/353
|move|p1a: Chansey|Soft-Boiled|p1a: Chansey
|-heal|p1a: Chansey|703\/703 par
|
|turn|73
|callback|decision
|
|switch|p2a: Chansey|Chansey|555\/703 par
|move|p1a: Chansey|Thunder Wave|p2a: Chansey
|-fail|p2a: Chansey|par
|
|turn|74
|callback|decision
|
|move|p1a: Chansey|Thunderbolt|p2a: Chansey
|-damage|p2a: Chansey|483\/703 par
|move|p2a: Chansey|Reflect|p2a: Chansey
|
|turn|75
|callback|decision
|
|move|p1a: Chansey|Thunderbolt|p2a: Chansey
|-damage|p2a: Chansey|411\/703 par
|cant|p2a: Chansey|par
|
|turn|76
|callback|decision
|
|switch|p1a: Golem|Golem|363\/363
|move|p2a: Chansey|Seismic Toss|p1a: Golem
|-damage|p1a: Golem|263\/363
|
|turn|77
|callback|decision
|
|move|p1a: Golem|Earthquake|p2a: Chansey
|-damage|p2a: Chansey|249\/703 par
|move|p2a: Chansey|Soft-Boiled|p2a: Chansey
|-heal|p2a: Chansey|600\/703 par
|
|turn|78
|callback|decision
|
|switch|p1a: Chansey|Chansey|703\/703 par
|move|p2a: Chansey|Seismic Toss|p1a: Chansey
|-damage|p1a: Chansey|603\/703 par
|
|turn|79
|callback|decision
|
|move|p2a: Chansey|Reflect|p2a: Chansey
|-fail|p2a: Chansey
|move|p1a: Chansey|Thunder Wave|p2a: Chansey
|-fail|p2a: Chansey|par
|
|turn|80
|callback|decision
|
|move|p2a: Chansey|Reflect|p2a: Chansey
|-fail|p2a: Chansey
|move|p1a: Chansey|Thunderbolt|p2a: Chansey
|-damage|p2a: Chansey|531\/703 par
|
|turn|81
|callback|decision
|
|move|p1a: Chansey|Thunderbolt|p2a: Chansey
|-damage|p2a: Chansey|463\/703 par
|cant|p2a: Chansey|par
|
|turn|82
|callback|decision
|
|move|p1a: Chansey|Thunder Wave|p2a: Chansey
|-fail|p2a: Chansey|par
|move|p2a: Chansey|Thunder Wave|p1a: Chansey
|-fail|p1a: Chansey|par
|
|turn|83
|callback|decision
|
|cant|p2a: Chansey|par
|cant|p1a: Chansey|par
|
|turn|84
|callback|decision
|
|switch|p1a: Alakazam|Alakazam|13\/313 slp
|cant|p2a: Chansey|par
|
|turn|85
|callback|decision
|
|switch|p1a: Chansey|Chansey|603\/703 par
|switch|p2a: Tauros|Tauros|353\/353
|
|turn|86
|callback|decision
|
|switch|p2a: Exeggutor|Exeggutor|334\/393 par
|move|p1a: Chansey|Thunder Wave|p2a: Exeggutor
|-fail|p2a: Exeggutor|par
|
|turn|87
|callback|decision
|
|switch|p2a: Chansey|Chansey|463\/703 par
|move|p1a: Chansey|Ice Beam|p2a: Chansey
|-damage|p2a: Chansey|386\/703 par
|
|turn|88
|callback|decision
|
|move|p1a: Chansey|Thunder Wave|p2a: Chansey
|-fail|p2a: Chansey|par
|move|p2a: Chansey|Reflect|p2a: Chansey
|
|turn|89
|callback|decision
|
|move|p1a: Chansey|Thunder Wave|p2a: Chansey
|-fail|p2a: Chansey|par
|move|p2a: Chansey|Seismic Toss|p1a: Chansey
|-damage|p1a: Chansey|503\/703 par
|
|turn|90
|callback|decision
|
|move|p2a: Chansey|Soft-Boiled|p2a: Chansey
|-heal|p2a: Chansey|703\/703 par
|move|p1a: Chansey|Thunderbolt|p2a: Chansey
|-damage|p2a: Chansey|631\/703 par
|
|turn|91
|callback|decision
|
|move|p2a: Chansey|Thunder Wave|p1a: Chansey
|-fail|p1a: Chansey|par
|cant|p1a: Chansey|par
|
|turn|92
|callback|decision
|
|move|p2a: Chansey|Seismic Toss|p1a: Chansey
|-damage|p1a: Chansey|403\/703 par
|move|p1a: Chansey|Thunder Wave|p2a: Chansey
|-fail|p2a: Chansey|par
|
|turn|93
|callback|decision
|
|move|p1a: Chansey|Soft-Boiled|p1a: Chansey
|-heal|p1a: Chansey|703\/703 par
|move|p2a: Chansey|Thunder Wave|p1a: Chansey
|-fail|p1a: Chansey|par
|
|turn|94
|callback|decision
|
|move|p2a: Chansey|Thunder Wave|p1a: Chansey
|-fail|p1a: Chansey|par
|move|p1a: Chansey|Thunder Wave|p2a: Chansey
|-fail|p2a: Chansey|par
|
|turn|95
|callback|decision
|leave|niggzzz
|
|switch|p1a: Alakazam|Alakazam|13\/313 slp
|move|p2a: Chansey|Thunder Wave|p1a: Alakazam
|-fail|p1a: Alakazam
|
|turn|96
|callback|decision
|
|switch|p1a: Chansey|Chansey|703\/703 par
|move|p2a: Chansey|Seismic Toss|p1a: Chansey
|-damage|p1a: Chansey|603\/703 par
|
|turn|97
|callback|decision
|
|move|p2a: Chansey|Thunder Wave|p1a: Chansey
|-fail|p1a: Chansey|par
|move|p1a: Chansey|Thunderbolt|p2a: Chansey
|-damage|p2a: Chansey|560\/703 par
|
|turn|98
|callback|decision
|
|move|p1a: Chansey|Thunderbolt|p2a: Chansey
|-damage|p2a: Chansey|480\/703 par
|move|p2a: Chansey|Thunder Wave|p1a: Chansey
|-fail|p1a: Chansey|par
|
|turn|99
|callback|decision
|
|switch|p1a: Alakazam|Alakazam|13\/313 slp
|move|p2a: Chansey|Thunder Wave|p1a: Alakazam
|-fail|p1a: Alakazam
|
|turn|100
|callback|decision
|
|switch|p1a: Chansey|Chansey|603\/703 par
|move|p2a: Chansey|Seismic Toss|p1a: Chansey
|-damage|p1a: Chansey|503\/703 par
|
|turn|101
|callback|decision
|chat|WhiskersWondercat|brb
|
|move|p1a: Chansey|Thunder Wave|p2a: Chansey
|-fail|p2a: Chansey|par
|cant|p2a: Chansey|par
|
|turn|102
|callback|decision
|
|cant|p1a: Chansey|par
|move|p2a: Chansey|Seismic Toss|p1a: Chansey
|-damage|p1a: Chansey|403\/703 par
|
|turn|103
|callback|decision
|
|switch|p2a: Tauros|Tauros|353\/353
|move|p1a: Chansey|Soft-Boiled|p1a: Chansey
|-heal|p1a: Chansey|703\/703 par
|
|turn|104
|callback|decision
|
|switch|p2a: Chansey|Chansey|480\/703 par
|move|p1a: Chansey|Thunder Wave|p2a: Chansey
|-fail|p2a: Chansey|par
|
|turn|105
|callback|decision
|
|switch|p1a: Alakazam|Alakazam|13\/313 slp
|cant|p2a: Chansey|par
|
|turn|106
|callback|decision
|
|switch|p1a: Chansey|Chansey|703\/703 par
|switch|p2a: Tauros|Tauros|353\/353
|
|turn|107
|callback|decision
|
|switch|p2a: Chansey|Chansey|480\/703 par
|move|p1a: Chansey|Thunder Wave|p2a: Chansey
|-fail|p2a: Chansey|par
|
|turn|108
|callback|decision
|
|move|p1a: Chansey|Ice Beam|p2a: Chansey
|-damage|p2a: Chansey|404\/703 par
|move|p2a: Chansey|Seismic Toss|p1a: Chansey
|-damage|p1a: Chansey|603\/703 par
|
|turn|109
|callback|decision
|
|move|p1a: Chansey|Thunder Wave|p2a: Chansey
|-fail|p2a: Chansey|par
|move|p2a: Chansey|Reflect|p2a: Chansey
|
|turn|110
|callback|decision
|
|switch|p1a: Alakazam|Alakazam|13\/313 slp
|move|p2a: Chansey|Reflect|p2a: Chansey
|-fail|p2a: Chansey
|
|turn|111
|callback|decision
|
|cant|p1a: Alakazam|slp
|-curestatus|p1a: Alakazam|slp
|move|p2a: Chansey|Soft-Boiled|p2a: Chansey
|-heal|p2a: Chansey|703\/703 par
|
|turn|112
|callback|decision
|
|switch|p1a: Chansey|Chansey|603\/703 par
|move|p2a: Chansey|Thunder Wave|p1a: Chansey
|-fail|p1a: Chansey|par
|
|turn|113
|callback|decision
|
|move|p2a: Chansey|Thunder Wave|p1a: Chansey
|-fail|p1a: Chansey|par
|move|p1a: Chansey|Thunder Wave|p2a: Chansey
|-fail|p2a: Chansey|par
|
|turn|114
|callback|decision
|
|switch|p1a: Snorlax|Snorlax|323\/523 par
|move|p2a: Chansey|Thunder Wave|p1a: Snorlax
|-fail|p1a: Snorlax|par
|
|turn|115
|callback|decision
|
|move|p2a: Chansey|Thunder Wave|p1a: Snorlax
|-fail|p1a: Snorlax|par
|move|p1a: Snorlax|Body Slam|p2a: Chansey
|-damage|p2a: Chansey|543\/703 par
|
|turn|116
|callback|decision
|
|move|p2a: Chansey|Thunder Wave|p1a: Snorlax
|-fail|p1a: Snorlax|par
|move|p1a: Snorlax|Body Slam|p2a: Chansey
|-damage|p2a: Chansey|387\/703 par
|
|turn|117
|callback|decision
|
|move|p2a: Chansey|Soft-Boiled|p2a: Chansey
|-heal|p2a: Chansey|703\/703 par
|move|p1a: Snorlax|Body Slam|p2a: Chansey
|-damage|p2a: Chansey|547\/703 par
|
|turn|118
|callback|decision
|
|switch|p2a: Starmie|Starmie|323\/323
|move|p1a: Snorlax|Body Slam|p2a: Starmie
|-damage|p2a: Starmie|197\/323
|
|turn|119
|callback|decision
|
|switch|p1a: Chansey|Chansey|603\/703 par
|move|p2a: Starmie|Blizzard|p1a: Chansey
|-crit|p1a: Chansey
|-damage|p1a: Chansey|405\/703 par
|
|turn|120
|callback|decision
|
|move|p2a: Starmie|Blizzard|p1a: Chansey
|-crit|p1a: Chansey
|-damage|p1a: Chansey|229\/703 par
|move|p1a: Chansey|Soft-Boiled|p1a: Chansey
|-heal|p1a: Chansey|580\/703 par
|
|turn|121
|callback|decision
|
|switch|p2a: Chansey|Chansey|547\/703 par
|cant|p1a: Chansey|par
|
|turn|122
|callback|decision
|
|switch|p2a: Starmie|Starmie|197\/323
|switch|p1a: Snorlax|Snorlax|323\/523 par
|
|turn|123
|callback|decision
|
|switch|p1a: Chansey|Chansey|580\/703 par
|move|p2a: Starmie|Blizzard|p1a: Chansey
|-damage|p1a: Chansey|496\/703 par
|
|turn|124
|callback|decision
|
|move|p2a: Starmie|Psychic|p1a: Chansey
|-damage|p1a: Chansey|393\/703 par
|-unboost|p1a: Chansey|spd|1
|-unboost|p1a: Chansey|spa|1
|move|p1a: Chansey|Soft-Boiled|p1a: Chansey
|-heal|p1a: Chansey|703\/703 par
|
|turn|125
|callback|decision
|
|move|p2a: Starmie|Psychic|p1a: Chansey
|-damage|p1a: Chansey|539\/703 par
|cant|p1a: Chansey|par
|
|turn|126
|callback|decision
|
|move|p2a: Starmie|Psychic|p1a: Chansey
|-damage|p1a: Chansey|380\/703 par
|move|p1a: Chansey|Thunder Wave|p2a: Starmie
|-status|p2a: Starmie|par
|
|turn|127
|callback|decision
|
|cant|p2a: Starmie|par
|move|p1a: Chansey|Soft-Boiled|p1a: Chansey
|-heal|p1a: Chansey|703\/703 par
|
|turn|128
|callback|decision
|
|move|p2a: Starmie|Psychic|p1a: Chansey
|-damage|p1a: Chansey|561\/703 par
|cant|p1a: Chansey|par
|
|turn|129
|callback|decision
|
|move|p2a: Starmie|Recover|p2a: Starmie
|-heal|p2a: Starmie|323\/323 par
|move|p1a: Chansey|Thunderbolt|p2a: Starmie
|-supereffective|p2a: Starmie
|-damage|p2a: Starmie|228\/323 par
|
|turn|130
|callback|decision
|
|move|p2a: Starmie|Psychic|p1a: Chansey
|-damage|p1a: Chansey|405\/703 par
|move|p1a: Chansey|Thunderbolt|p2a: Starmie
|-supereffective|p2a: Starmie
|-damage|p2a: Starmie|131\/323 par
|
|turn|131
|callback|decision
|
|move|p2a: Starmie|Recover|p2a: Starmie
|-heal|p2a: Starmie|292\/323 par
|move|p1a: Chansey|Soft-Boiled|p1a: Chansey
|-heal|p1a: Chansey|703\/703 par
|
|turn|132
|callback|decision
|
|move|p2a: Starmie|Psychic|p1a: Chansey
|-damage|p1a: Chansey|549\/703 par
|cant|p1a: Chansey|par
|
|turn|133
|callback|decision
|
|move|p2a: Starmie|Psychic|p1a: Chansey
|-damage|p1a: Chansey|388\/703 par
|-unboost|p1a: Chansey|spd|1
|-unboost|p1a: Chansey|spa|1
|move|p1a: Chansey|Thunderbolt|p2a: Starmie
|-supereffective|p2a: Starmie
|-damage|p2a: Starmie|216\/323 par
|
|turn|134
|callback|decision
|
|switch|p1a: Snorlax|Snorlax|323\/523 par
|cant|p2a: Starmie|par
|
|turn|135
|callback|decision
|
|switch|p1a: Chansey|Chansey|388\/703 par
|move|p2a: Starmie|Psychic|p1a: Chansey
|-damage|p1a: Chansey|293\/703 par
|
|turn|136
|callback|decision
|
|move|p2a: Starmie|Psychic|p1a: Chansey
|-damage|p1a: Chansey|189\/703 par
|move|p1a: Chansey|Soft-Boiled|p1a: Chansey
|-heal|p1a: Chansey|540\/703 par
|
|turn|137
|callback|decision
|
|move|p2a: Starmie|Recover|p2a: Starmie
|-heal|p2a: Starmie|323\/323 par
|move|p1a: Chansey|Thunderbolt|p2a: Starmie
|-supereffective|p2a: Starmie
|-damage|p2a: Starmie|169\/323 par
|
|turn|138
|callback|decision
|
|move|p2a: Starmie|Psychic|p1a: Chansey
|-damage|p1a: Chansey|432\/703 par
|-unboost|p1a: Chansey|spd|1
|-unboost|p1a: Chansey|spa|1
|move|p1a: Chansey|Thunderbolt|p2a: Starmie
|-supereffective|p2a: Starmie
|-damage|p2a: Starmie|64\/323 par
|
|turn|139
|callback|decision
|
|switch|p1a: Alakazam|Alakazam|13\/313
|move|p2a: Starmie|Recover|p2a: Starmie
|-heal|p2a: Starmie|225\/323 par
|
|turn|140
|callback|decision
|
|move|p1a: Alakazam|Recover|p1a: Alakazam
|-heal|p1a: Alakazam|169\/313
|move|p2a: Starmie|Thunder Wave|p1a: Alakazam
|-status|p1a: Alakazam|par
|
|turn|141
|callback|decision
|
|move|p1a: Alakazam|Recover|p1a: Alakazam
|-heal|p1a: Alakazam|313\/313 par
|move|p2a: Starmie|Blizzard|p1a: Alakazam
|-damage|p1a: Alakazam|242\/313 par
|
|turn|142
|callback|decision
|
|move|p1a: Alakazam|Psychic|p2a: Starmie
|-crit|p2a: Starmie
|-resisted|p2a: Starmie
|-damage|p2a: Starmie|98\/323 par
|-unboost|p2a: Starmie|spd|1
|-unboost|p2a: Starmie|spa|1
|cant|p2a: Starmie|par
|
|turn|143
|callback|decision
|
|move|p1a: Alakazam|Seismic Toss|p2a: Starmie
|-damage|p2a: Starmie|0 fnt
|faint|p2a: Starmie
|
|callback|decision
|
|switch|p2a: Tauros|Tauros|353\/353
|turn|144
|callback|decision
|
|move|p2a: Tauros|Blizzard|p1a: Alakazam
|-damage|p1a: Alakazam|180\/313 par
|move|p1a: Alakazam|Thunder Wave|p2a: Tauros
|-status|p2a: Tauros|par
|
|turn|145
|callback|decision
|
|move|p1a: Alakazam|Recover|p1a: Alakazam
|-heal|p1a: Alakazam|313\/313 par
|move|p2a: Tauros|Hyper Beam|p1a: Alakazam
|-crit|p1a: Alakazam
|-damage|p1a: Alakazam|0 fnt
|faint|p1a: Alakazam
|
|callback|decision
|
|switch|p1a: Tauros|Tauros|353\/353
|turn|146
|callback|decision
|
|move|p1a: Tauros|Body Slam|p2a: Tauros
|-damage|p2a: Tauros|248\/353 par
|cant|p2a: Tauros|par
|
|turn|147
|callback|decision
|
|switch|p1a: Golem|Golem|263\/363
|move|p2a: Tauros|Body Slam|p1a: Golem
|-resisted|p1a: Golem
|-damage|p1a: Golem|223\/363
|
|turn|148
|callback|decision
|
|move|p1a: Golem|Explosion|p2a: Tauros
|-crit|p2a: Tauros
|-damage|p2a: Tauros|0 fnt
|faint|p2a: Tauros
|faint|p1a: Golem
|callback|decision
|
|switch|p1a: Tauros|Tauros|353\/353
|switch|p2a: Raichu|Raichu|323\/323
|turn|149
|callback|decision
|
|switch|p2a: Exeggutor|Exeggutor|334\/393 par
|move|p1a: Tauros|Body Slam|p2a: Exeggutor
|-damage|p2a: Exeggutor|228\/393 par
|
|turn|150
|callback|decision
|
|switch|p1a: Chansey|Chansey|432\/703 par
|move|p2a: Exeggutor|Sleep Powder|p1a: Chansey
|-fail|p1a: Chansey
|
|turn|151
|callback|decision
|
|move|p2a: Exeggutor|Psychic|p1a: Chansey
|-damage|p1a: Chansey|313\/703 par
|cant|p1a: Chansey|par
|
|turn|152
|callback|decision
|
|move|p2a: Exeggutor|Psychic|p1a: Chansey
|-damage|p1a: Chansey|190\/703 par
|move|p1a: Chansey|Ice Beam|p2a: Exeggutor
|-supereffective|p2a: Exeggutor
|-damage|p2a: Exeggutor|87\/393 par
|
|turn|153
|callback|decision
|
|move|p2a: Exeggutor|Explosion|p1a: Chansey
|-damage|p1a: Chansey|0 fnt
|faint|p1a: Chansey
|faint|p2a: Exeggutor
|callback|decision
|
|switch|p1a: Tauros|Tauros|353\/353
|switch|p2a: Chansey|Chansey|547\/703 par
|turn|154
|callback|decision
|
|move|p1a: Tauros|Body Slam|p2a: Chansey
|-crit|p2a: Chansey
|-damage|p2a: Chansey|0 fnt
|faint|p2a: Chansey
|
|callback|decision
|chat|Kel9901|gg
|
|switch|p2a: Raichu|Raichu|323\/323
|turn|155
|callback|decision
|chat|WhiskersWondercat|gg
|
|move|p1a: Tauros|Body Slam|p2a: Raichu
|-damage|p2a: Raichu|178\/323
|move|p2a: Raichu|Thunder Wave|p1a: Tauros
|-status|p1a: Tauros|par
|
|turn|156
|callback|decision
|
|move|p2a: Raichu|Thunderbolt|p1a: Tauros
|-damage|p1a: Tauros|229\/353 par
|cant|p1a: Tauros|par
|
|turn|157
|callback|decision
|
|move|p2a: Raichu|Thunderbolt|p1a: Tauros
|-damage|p1a: Tauros|105\/353 par
|move|p1a: Tauros|Earthquake|p2a: Raichu
|-supereffective|p2a: Raichu
|-damage|p2a: Raichu|0 fnt
|faint|p2a: Raichu
|
|win|Kel9901
|raw|Ladder updating...
|raw|Kel9901's rating: 1398 &rarr; <strong>1413<\/strong><br \/>(+15 for winning)
|raw|WhiskersWondercat's rating: 1254 &rarr; <strong>1239<\/strong><br \/>(-15 for losing)
|leave|Kel9901
|player|p1
|leave|WhiskersWondercat
|player|p2