|j|Dervodel
|j|WHYWHOWHAT
|player|p1|Dervodel|238
|player|p2|WHYWHOWHAT|29
|gametype|singles
|gen|1
|tier|[Gen 1] Random Battle
|rated
|seed|64597,57601,14809,28453
|rule|Sleep Clause Mod: Limit one foe put to sleep
|rule|Freeze Clause Mod: Limit one foe frozen
|rule|HP Percentage Mod: HP is shown in percentages
|
|start
|switch|p1a: Lickitung|Lickitung, L90|345\/345
|switch|p2a: Doduo|Doduo, L96|262\/262
|turn|1
|choice|move 1|move 2
|
|move|p2a: Doduo|Reflect|p2a: Doduo
|-start|p2a: Doduo|Reflect
|move|p1a: Lickitung|Swords Dance|p1a: Lickitung
|-boost|p1a: Lickitung|atk|2
|
|turn|2
|choice|move 3|move 4
|
|move|p2a: Doduo|Drill Peck|p1a: Lickitung
|-damage|p1a: Lickitung|248\/345
|move|p1a: Lickitung|Body Slam|p2a: Doduo
|-damage|p2a: Doduo|161\/262
|
|turn|3
|choice|move 4|move 4
|
|move|p2a: Doduo|Drill Peck|p1a: Lickitung
|-damage|p1a: Lickitung|143\/345
|move|p1a: Lickitung|Hyper Beam|p2a: Doduo
|-damage|p2a: Doduo|4\/262
|
|turn|4
|-mustrecharge|p1a: Lickitung
|-mustrecharge|p1a: Lickitung
|choice|move 1|move 4
|
|move|p2a: Doduo|Drill Peck|p1a: Lickitung
|-damage|p1a: Lickitung|41\/345
|cant|p1a: Lickitung|recharge
|
|turn|5
|c|★Dervodel|some bad math going on here xD
|choice|move 3|move 4
|
|move|p2a: Doduo|Drill Peck|p1a: Lickitung
|-crit|p1a: Lickitung
|-damage|p1a: Lickitung|0 fnt
|faint|p1a: Lickitung
|c|★WHYWHOWHAT|haha
|choice|switch 5|
|
|switch|p1a: Starmie|Starmie, L79|257\/257
|turn|6
|c|★WHYWHOWHAT|confusion is a regular part of the experience here
|choice|move 3|move 4
|
|move|p1a: Starmie|Thunderbolt|p2a: Doduo
|-supereffective|p2a: Doduo
|-damage|p2a: Doduo|0 fnt
|faint|p2a: Doduo
|c|★Dervodel|true :)
|choice||switch 5
|
|switch|p2a: Electabuzz|Electabuzz, L85|284\/284
|turn|7
|choice|switch 2|move 2
|
|switch|p1a: Graveler|Graveler, L85|267\/267
|move|p2a: Electabuzz|Thunder Wave|p1a: Graveler
|-immune|p1a: Graveler|[msg]
|
|turn|8
|choice|move 3|switch 3
|
|switch|p2a: Golduck|Golduck, L85|310\/310
|move|p1a: Graveler|Earthquake|p2a: Golduck
|-damage|p2a: Golduck|191\/310
|
|turn|9
|choice|switch 2|move 4
|
|switch|p1a: Starmie|Starmie, L79|257\/257
|move|p2a: Golduck|Surf|p1a: Starmie
|-resisted|p1a: Starmie
|-damage|p1a: Starmie|214\/257
|
|turn|10
|choice|move 2|move 2
|
|move|p1a: Starmie|Thunder Wave|p2a: Golduck
|-status|p2a: Golduck|par
|move|p2a: Golduck|Body Slam|p1a: Starmie
|-crit|p1a: Starmie
|-damage|p1a: Starmie|92\/257
|
|turn|11
|choice|move 3|move 2
|
|move|p1a: Starmie|Thunderbolt|p2a: Golduck
|-crit|p2a: Golduck
|-supereffective|p2a: Golduck
|-damage|p2a: Golduck|0 fnt
|faint|p2a: Golduck
|choice||switch 3
|
|switch|p2a: Electabuzz|Electabuzz, L85|284\/284
|turn|12
|choice|switch 2|move 3
|
|switch|p1a: Graveler|Graveler, L85|267\/267
|move|p2a: Electabuzz|Seismic Toss|p1a: Graveler
|-damage|p1a: Graveler|182\/267
|
|turn|13
|choice|move 3|switch 4
|
|switch|p2a: Hitmonlee|Hitmonlee, L90|273\/273
|move|p1a: Graveler|Earthquake|p2a: Hitmonlee
|-damage|p2a: Hitmonlee|136\/273
|
|turn|14
|choice|switch 6|move 2
|
|switch|p1a: Vileplume|Vileplume, L90|318\/318
|move|p2a: Hitmonlee|High Jump Kick|p1a: Vileplume
|-resisted|p1a: Vileplume
|-damage|p1a: Vileplume|258\/318
|
|turn|15
|choice|move 4|move 4
|
|move|p2a: Hitmonlee|Seismic Toss|p1a: Vileplume
|-damage|p1a: Vileplume|168\/318
|move|p1a: Vileplume|Body Slam|p2a: Hitmonlee
|-crit|p2a: Hitmonlee
|-damage|p2a: Hitmonlee|0 fnt
|faint|p2a: Hitmonlee
|c|★Dervodel|sory twocrits :\/
|c|★WHYWHOWHAT|haha much worse has happened
|choice||switch 2
|
|switch|p2a: Haunter|Haunter, L85|250\/250
|turn|16
|c|★Dervodel|i hate crits in this game
|c|★WHYWHOWHAT|as do I
|choice|move 1|move 1
|
|move|p2a: Haunter|Hypnosis|p1a: Vileplume
|-status|p1a: Vileplume|slp
|cant|p1a: Vileplume|slp
|
|turn|17
|c|★Dervodel|they are way to often
|c|★Dervodel|common
|choice|move 4|move 4
|
|move|p2a: Haunter|Psychic|p1a: Vileplume
|-crit|p1a: Vileplume
|-supereffective|p1a: Vileplume
|-damage|p1a: Vileplume|0 fnt
|faint|p1a: Vileplume
|choice|switch 2|
|
|switch|p1a: Starmie|Starmie, L79|92\/257
|turn|18
|choice|move 1|move 2
|
|move|p1a: Starmie|Recover|p1a: Starmie
|-heal|p1a: Starmie|220\/257
|move|p2a: Haunter|Thunderbolt|p1a: Starmie
|-supereffective|p1a: Starmie
|-damage|p1a: Starmie|67\/257
|-status|p1a: Starmie|par
|
|turn|19
|choice|switch 6|move 2
|
|switch|p1a: Graveler|Graveler, L85|182\/267
|move|p2a: Haunter|Thunderbolt|p1a: Graveler
|-immune|p1a: Graveler|[msg]
|
|turn|20
|choice|move 3|move 1
|
|move|p2a: Haunter|Hypnosis|p1a: Graveler|[miss]
|-miss|p2a: Haunter
|move|p1a: Graveler|Earthquake|p2a: Haunter
|-supereffective|p2a: Haunter
|-damage|p2a: Haunter|0 fnt
|faint|p2a: Haunter
|choice||switch 6
|
|switch|p2a: Snorlax|Snorlax, L79|415\/415
|turn|21
|c|★WHYWHOWHAT|you know the match I had before this
|c|★WHYWHOWHAT|I missed submission 5 times in a row
|c|★Dervodel|hahaha
|c|★WHYWHOWHAT|I thought that was pretty spectacular
|c|★Dervodel|thats unfortunate xD
|choice|switch 6|move 2
|
|switch|p1a: Starmie|Starmie, L79|67\/257 par
|move|p2a: Snorlax|Ice Beam|p1a: Starmie
|-resisted|p1a: Starmie
|-damage|p1a: Starmie|42\/257 par
|
|turn|22
|c|★Dervodel|the best i got was paralized for 12 turns xD
|choice|move 1|move 4
|
|move|p2a: Snorlax|Thunderbolt|p1a: Starmie
|-supereffective|p1a: Starmie
|-damage|p1a: Starmie|0 fnt
|faint|p1a: Starmie
|c|★WHYWHOWHAT|holy shit
|choice|switch 4|
|
|switch|p1a: Kangaskhan|Kangaskhan, L85|352\/352
|turn|23
|c|★WHYWHOWHAT|I think that wins.
|choice|move 1|move 2
|
|move|p1a: Kangaskhan|Body Slam|p2a: Snorlax
|-damage|p2a: Snorlax|299\/415
|move|p2a: Snorlax|Ice Beam|p1a: Kangaskhan
|-damage|p1a: Kangaskhan|279\/352
|
|turn|24
|c|★Dervodel|we both had chansey for the last poke
|c|★Dervodel|both waved
|c|★WHYWHOWHAT|ugh
|c|★Dervodel|i never hit again xD
|choice|move 1|move 2
|
|move|p1a: Kangaskhan|Body Slam|p2a: Snorlax
|-damage|p2a: Snorlax|190\/415
|move|p2a: Snorlax|Ice Beam|p1a: Kangaskhan
|-damage|p1a: Kangaskhan|205\/352
|
|turn|25
|choice|move 1|move 3
|
|move|p1a: Kangaskhan|Body Slam|p2a: Snorlax
|-crit|p2a: Snorlax
|-damage|p2a: Snorlax|0 fnt
|faint|p2a: Snorlax
|c|★WHYWHOWHAT|noooo
|choice||switch 4
|
|switch|p2a: Electabuzz|Electabuzz, L85|284\/284
|turn|26
|choice|move 2|move 3
|
|move|p2a: Electabuzz|Seismic Toss|p1a: Kangaskhan
|-damage|p1a: Kangaskhan|120\/352
|move|p1a: Kangaskhan|Earthquake|p2a: Electabuzz
|-supereffective|p2a: Electabuzz
|-damage|p2a: Electabuzz|114\/284
|
|turn|27
|choice|move 2|move 1
|
|move|p2a: Electabuzz|Thunderbolt|p1a: Kangaskhan
|-damage|p1a: Kangaskhan|0 fnt
|faint|p1a: Kangaskhan
|c|★Dervodel|yeah
|c|★Dervodel|i think kangaskhan has very little special
|choice|switch 6|
|
|switch|p1a: Graveler|Graveler, L85|182\/267
|turn|28
|choice|move 3|move 4
|
|move|p2a: Electabuzz|Psychic|p1a: Graveler
|-crit|p1a: Graveler
|-damage|p1a: Graveler|21\/267
|move|p1a: Graveler|Earthquake|p2a: Electabuzz
|-supereffective|p2a: Electabuzz
|-damage|p2a: Electabuzz|0 fnt
|faint|p2a: Electabuzz
|
|win|Dervodel
|raw|Dervodel's rating: 1410 &rarr; <strong>1423<\/strong><br \/>(+13 for winning)
|raw|WHYWHOWHAT's rating: 1295 &rarr; <strong>1278<\/strong><br \/>(-17 for losing)
|c|★Dervodel|gg :)
|c|★Dervodel|see you have fun
|c|★WHYWHOWHAT|well it was a pleasure :)
|c|★WHYWHOWHAT|you too haha
|l|WHYWHOWHAT
|player|p2
|c|★Dervodel|the pleasre was all mine