|join|andrewandres
|join|3.141=Pi
|player|p1|andrewandres|101
|player|p2|3.141=Pi|2
|gametype|singles
|gen|1
|tier|[Gen 1] Random Battle
|rated
|rule|Sleep Clause Mod: Limit one foe put to sleep
|rule|Freeze Clause Mod: Limit one foe frozen
|rule|HP Percentage Mod: HP is shown in percentages
|
|start
|switch|p1a: Persian|Persian, L79|265\/265
|switch|p2a: Farfetch'd|Farfetch'd, L99|304\/304
|turn|1
|
|move|p1a: Persian|Thunderbolt|p2a: Farfetch'd
|-supereffective|p2a: Farfetch'd
|-damage|p2a: Farfetch'd|198\/304
|move|p2a: Farfetch'd|Swords Dance|p2a: Farfetch'd
|-boost|p2a: Farfetch'd|atk|2
|
|turn|2
|
|move|p1a: Persian|Slash|p2a: Farfetch'd
|-crit|p2a: Farfetch'd
|-damage|p2a: Farfetch'd|83\/304
|move|p2a: Farfetch'd|Toxic|p1a: Persian
|-status|p1a: Persian|tox
|
|turn|3
|
|move|p1a: Persian|Slash|p2a: Farfetch'd
|-crit|p2a: Farfetch'd
|-damage|p2a: Farfetch'd|0 fnt
|faint|p2a: Farfetch'd
|
|switch|p2a: Gengar|Gengar, L79|257\/257
|turn|4
|
|switch|p1a: Nidoran-F|Nidoran-F, L96|300\/300
|move|p2a: Gengar|Hypnosis|p1a: Nidoran-F
|-status|p1a: Nidoran-F|slp
|
|turn|5
|
|switch|p1a: Zubat|Zubat, L96|272\/272
|move|p2a: Gengar|Psychic|p1a: Zubat
|-crit|p1a: Zubat
|-supereffective|p1a: Zubat
|-damage|p1a: Zubat|0 fnt
|faint|p1a: Zubat
|
|switch|p1a: Marowak|Marowak, L90|291\/291
|turn|6
|
|move|p2a: Gengar|Hypnosis|p1a: Marowak
|-message|Sleep Clause Mod activated.
|move|p1a: Marowak|Earthquake|p2a: Gengar
|-supereffective|p2a: Gengar
|-damage|p2a: Gengar|0 fnt
|faint|p2a: Gengar
|
|switch|p2a: Zapdos|Zapdos, L79|304\/304
|turn|7
|
|move|p2a: Zapdos|Drill Peck|p1a: Marowak
|-damage|p1a: Marowak|229\/291
|move|p1a: Marowak|Body Slam|p2a: Zapdos
|-damage|p2a: Zapdos|240\/304
|
|turn|8
|
|move|p2a: Zapdos|Thunder Wave|p1a: Marowak
|-immune|p1a: Marowak|[msg]
|move|p1a: Marowak|Blizzard|p2a: Zapdos|[miss]
|-miss|p1a: Marowak
|
|turn|9
|
|move|p2a: Zapdos|Drill Peck|p1a: Marowak
|-crit|p1a: Marowak
|-damage|p1a: Marowak|122\/291
|move|p1a: Marowak|Blizzard|p2a: Zapdos
|-supereffective|p2a: Zapdos
|-damage|p2a: Zapdos|135\/304
|
|turn|10
|
|move|p2a: Zapdos|Drill Peck|p1a: Marowak
|-damage|p1a: Marowak|59\/291
|move|p1a: Marowak|Body Slam|p2a: Zapdos
|-damage|p2a: Zapdos|68\/304
|
|turn|11
|
|move|p2a: Zapdos|Drill Peck|p1a: Marowak
|-crit|p1a: Marowak
|-damage|p1a: Marowak|0 fnt
|faint|p1a: Marowak
|
|switch|p1a: Persian|Persian, L79|265\/265 tox
|-status|p1a: Persian|psn
|turn|12
|
|move|p1a: Persian|Slash|p2a: Zapdos
|-crit|p2a: Zapdos
|-damage|p2a: Zapdos|0 fnt
|faint|p2a: Zapdos
|
|switch|p2a: Magmar|Magmar, L90|300\/300
|turn|13
|
|switch|p1a: Lapras|Lapras, L79|367\/367
|move|p2a: Magmar|Confuse Ray|p1a: Lapras
|-start|p1a: Lapras|confusion
|
|turn|14
|
|move|p2a: Magmar|Mimic|p1a: Lapras
|-start|p2a: Magmar|Mimic|Thunderbolt
|-activate|p1a: Lapras|confusion
|-damage|p1a: Lapras|338\/367|[from] confusion
|
|turn|15
|
|switch|p1a: Magneton|Magneton, L90|273\/273
|move|p2a: Magmar|Thunderbolt|p1a: Magneton
|-resisted|p1a: Magneton
|-damage|p1a: Magneton|249\/273
|
|turn|16
|
|move|p2a: Magmar|Fire Blast|p1a: Magneton
|-damage|p1a: Magneton|150\/273
|-status|p1a: Magneton|brn
|move|p1a: Magneton|Thunder Wave|p2a: Magmar
|-status|p2a: Magmar|par
|-damage|p1a: Magneton|133\/273 brn|[from] brn|[of] p2a: Magmar
|
|turn|17
|
|move|p1a: Magneton|Thunderbolt|p2a: Magmar
|-damage|p2a: Magmar|176\/300 par
|-damage|p1a: Magneton|116\/273 brn|[from] brn|[of] p2a: Magmar
|cant|p2a: Magmar|par
|
|turn|18
|
|move|p1a: Magneton|Thunderbolt|p2a: Magmar
|-damage|p2a: Magmar|53\/300 par
|-damage|p1a: Magneton|99\/273 brn|[from] brn|[of] p2a: Magmar
|move|p2a: Magmar|Fire Blast|p1a: Magneton
|-damage|p1a: Magneton|5\/273 brn
|
|turn|19
|
|move|p1a: Magneton|Thunderbolt|p2a: Magmar
|-crit|p2a: Magmar
|-damage|p2a: Magmar|0 fnt
|faint|p2a: Magmar
|
|switch|p2a: Rattata|Rattata, L96|252\/252
|turn|20
|
|move|p2a: Rattata|Bubble Beam|p1a: Magneton
|-damage|p1a: Magneton|0 fnt
|faint|p1a: Magneton
|
|switch|p1a: Lapras|Lapras, L79|338\/367
|turn|21
|
|move|p2a: Rattata|Thunderbolt|p1a: Lapras
|-supereffective|p1a: Lapras
|-damage|p1a: Lapras|251\/367
|move|p1a: Lapras|Ice Beam|p2a: Rattata
|-crit|p2a: Rattata
|-damage|p2a: Rattata|0 fnt
|faint|p2a: Rattata
|
|switch|p2a: Squirtle|Squirtle, L96|279\/279
|turn|22
|
|move|p2a: Squirtle|Mimic|p1a: Lapras
|-start|p2a: Squirtle|Mimic|Thunderbolt
|move|p1a: Lapras|Thunderbolt|p2a: Squirtle
|-supereffective|p2a: Squirtle
|-damage|p2a: Squirtle|136\/279
|
|turn|23
|
|move|p2a: Squirtle|Thunderbolt|p1a: Lapras
|-supereffective|p1a: Lapras
|-damage|p1a: Lapras|131\/367
|move|p1a: Lapras|Thunderbolt|p2a: Squirtle
|-supereffective|p2a: Squirtle
|-damage|p2a: Squirtle|4\/279
|
|turn|24
|
|move|p2a: Squirtle|Thunderbolt|p1a: Lapras
|-supereffective|p1a: Lapras
|-damage|p1a: Lapras|1\/367
|move|p1a: Lapras|Body Slam|p2a: Squirtle
|-damage|p2a: Squirtle|0 fnt
|faint|p2a: Squirtle
|
|win|andrewandres
|raw|Ladder updating...
|raw|andrewandres's rating: 1150 &rarr; <strong>1165<\/strong><br \/>(+15 for winning)
|raw|3.141=Pi's rating: 1000 &rarr; <strong>1000<\/strong><br \/>(+0 for losing)
|leave|3.141=Pi
|player|p2