|join|Mushroom Barley
|join|gust4vo
|player|p1|Mushroom Barley|113
|player|p2|gust4vo|266
|gametype|singles
|gen|1
|tier|[Gen 1] Random Battle
|rated
|rule|Sleep Clause Mod: Limit one foe put to sleep
|rule|Freeze Clause Mod: Limit one foe frozen
|rule|HP Percentage Mod: HP is shown in percentages
|
|start
|switch|p1a: Caterpie|Caterpie, L99|290\/290
|switch|p2a: Pidgeot|Pidgeot, L90|333\/333
|turn|1
|
|switch|p2a: Dragonair|Dragonair, L85|277\/277
|move|p1a: Caterpie|String Shot|p2a: Dragonair
|-unboost|p2a: Dragonair|spe|1
|
|turn|2
|
|switch|p1a: Chansey|Chansey, L79|557\/557
|move|p2a: Dragonair|Blizzard|p1a: Chansey
|-damage|p1a: Chansey|488\/557
|
|turn|3
|
|move|p1a: Chansey|Thunder Wave|p2a: Dragonair
|-status|p2a: Dragonair|par
|move|p2a: Dragonair|Thunder Wave|p1a: Chansey
|-status|p1a: Chansey|par
|
|turn|4
|
|move|p1a: Chansey|Ice Beam|p2a: Dragonair
|-supereffective|p2a: Dragonair
|-damage|p2a: Dragonair|127\/277 par
|move|p2a: Dragonair|Agility|p2a: Dragonair
|-boost|p2a: Dragonair|spe|2
|
|turn|5
|
|switch|p2a: Tentacruel|Tentacruel, L85|310\/310
|move|p1a: Chansey|Ice Beam|p2a: Tentacruel
|-resisted|p2a: Tentacruel
|-damage|p2a: Tentacruel|286\/310
|
|turn|6
|
|move|p2a: Tentacruel|Swords Dance|p2a: Tentacruel
|-boost|p2a: Tentacruel|atk|2
|cant|p1a: Chansey|par
|
|turn|7
|
|move|p2a: Tentacruel|Hydro Pump|p1a: Chansey
|-damage|p1a: Chansey|341\/557 par
|move|p1a: Chansey|Thunder Wave|p2a: Tentacruel
|-status|p2a: Tentacruel|par
|
|turn|8
|
|move|p2a: Tentacruel|Hydro Pump|p1a: Chansey
|-damage|p1a: Chansey|206\/557 par
|move|p1a: Chansey|Thunderbolt|p2a: Tentacruel
|-supereffective|p2a: Tentacruel
|-damage|p2a: Tentacruel|180\/310 par
|
|turn|9
|
|move|p2a: Tentacruel|Hyper Beam|p1a: Chansey
|-damage|p1a: Chansey|0 fnt
|faint|p1a: Chansey
|
|switch|p1a: Marowak|Marowak, L90|291\/291
|turn|10
|
|move|p1a: Marowak|Seismic Toss|p2a: Tentacruel
|-damage|p2a: Tentacruel|90\/310 par
|move|p2a: Tentacruel|Hydro Pump|p1a: Marowak|[miss]
|-miss|p2a: Tentacruel
|
|turn|11
|
|move|p1a: Marowak|Earthquake|p2a: Tentacruel
|-supereffective|p2a: Tentacruel
|-damage|p2a: Tentacruel|0 fnt
|faint|p2a: Tentacruel
|
|switch|p2a: Mewtwo|Mewtwo, L70|293\/293
|turn|12
|
|move|p2a: Mewtwo|Psychic|p1a: Marowak
|-damage|p1a: Marowak|163\/291
|-unboost|p1a: Marowak|spd|1
|-unboost|p1a: Marowak|spa|1
|move|p1a: Marowak|Body Slam|p2a: Mewtwo
|-damage|p2a: Mewtwo|216\/293
|-status|p2a: Mewtwo|par
|
|turn|13
|
|switch|p1a: Caterpie|Caterpie, L99|290\/290
|move|p2a: Mewtwo|Psychic|p1a: Caterpie
|-damage|p1a: Caterpie|132\/290
|
|turn|14
|
|move|p1a: Caterpie|Tackle|p2a: Mewtwo
|-damage|p2a: Mewtwo|194\/293 par
|move|p2a: Mewtwo|Psychic|p1a: Caterpie
|-damage|p1a: Caterpie|0 fnt
|faint|p1a: Caterpie
|
|switch|p1a: Slowbro|Slowbro, L79|312\/312
|turn|15
|
|switch|p2a: Electrode|Electrode, L90|291\/291
|move|p1a: Slowbro|Amnesia|p1a: Slowbro
|-boost|p1a: Slowbro|spd|2
|-boost|p1a: Slowbro|spa|2
|
|turn|16
|
|move|p2a: Electrode|Thunderbolt|p1a: Slowbro
|-crit|p1a: Slowbro
|-supereffective|p1a: Slowbro
|-damage|p1a: Slowbro|0 fnt
|faint|p1a: Slowbro
|
|switch|p1a: Marowak|Marowak, L90|163\/291
|turn|17
|
|move|p2a: Electrode|Thunder Wave|p1a: Marowak
|-immune|p1a: Marowak|[msg]
|move|p1a: Marowak|Body Slam|p2a: Electrode
|-damage|p2a: Electrode|220\/291
|
|turn|18
|
|move|p2a: Electrode|Screech|p1a: Marowak
|-unboost|p1a: Marowak|def|2
|move|p1a: Marowak|Body Slam|p2a: Electrode
|-damage|p2a: Electrode|154\/291
|
|turn|19
|
|switch|p2a: Pidgeot|Pidgeot, L90|333\/333
|switch|p1a: Snorlax|Snorlax, L79|415\/415
|
|turn|20
|
|move|p2a: Pidgeot|Mimic|p1a: Snorlax
|-start|p2a: Pidgeot|Mimic|Rest
|move|p1a: Snorlax|Amnesia|p1a: Snorlax
|-boost|p1a: Snorlax|spd|2
|-boost|p1a: Snorlax|spa|2
|
|turn|21
|
|move|p2a: Pidgeot|Double-Edge|p1a: Snorlax
|-crit|p1a: Snorlax
|-damage|p1a: Snorlax|151\/415
|-damage|p2a: Pidgeot|267\/333|[from] recoil|[of] p1a: Snorlax
|move|p1a: Snorlax|Ice Beam|p2a: Pidgeot
|-supereffective|p2a: Pidgeot
|-damage|p2a: Pidgeot|58\/333
|
|turn|22
|
|switch|p2a: Dragonair|Dragonair, L85|127\/277 par
|move|p1a: Snorlax|Rest|p1a: Snorlax
|-status|p1a: Snorlax|slp
|-heal|p1a: Snorlax|415\/415 slp|[silent]
|-status|p1a: Snorlax|slp|[from] move: Rest
|
|turn|23
|
|cant|p1a: Snorlax|slp
|cant|p2a: Dragonair|par
|
|turn|24
|
|-curestatus|p1a: Snorlax|slp
|move|p2a: Dragonair|Blizzard|p1a: Snorlax
|-damage|p1a: Snorlax|368\/415
|
|turn|25
|
|switch|p2a: Electrode|Electrode, L90|154\/291
|move|p1a: Snorlax|Ice Beam|p2a: Electrode
|-damage|p2a: Electrode|65\/291
|
|turn|26
|
|move|p2a: Electrode|Explosion|p1a: Snorlax|[miss]
|-miss|p2a: Electrode
|faint|p2a: Electrode
|c|★Mushroom Barley|...
|
|switch|p2a: Mewtwo|Mewtwo, L70|194\/293 par
|turn|27
|c|★Mushroom Barley|i'm sorry that happened
|
|move|p1a: Snorlax|Amnesia|p1a: Snorlax
|-boost|p1a: Snorlax|spd|2
|-boost|p1a: Snorlax|spa|2
|cant|p2a: Mewtwo|par
|
|turn|28
|
|move|p1a: Snorlax|Ice Beam|p2a: Mewtwo
|-damage|p2a: Mewtwo|78\/293 par
|move|p2a: Mewtwo|Psychic|p1a: Snorlax
|-damage|p1a: Snorlax|325\/415
|
|turn|29
|
|switch|p2a: Dragonair|Dragonair, L85|127\/277 par
|move|p1a: Snorlax|Ice Beam|p2a: Dragonair
|-supereffective|p2a: Dragonair
|-damage|p2a: Dragonair|0 fnt
|faint|p2a: Dragonair
|
|switch|p2a: Jolteon|Jolteon, L79|265\/265
|turn|30
|
|move|p2a: Jolteon|Thunder Wave|p1a: Snorlax
|-status|p1a: Snorlax|par
|move|p1a: Snorlax|Ice Beam|p2a: Jolteon
|-damage|p2a: Jolteon|141\/265
|
|turn|31
|
|move|p2a: Jolteon|Double Kick|p1a: Snorlax
|-crit|p1a: Snorlax
|-supereffective|p1a: Snorlax
|-damage|p1a: Snorlax|253\/415 par
|-damage|p1a: Snorlax|181\/415 par
|-hitcount|p1a: Snorlax|2
|move|p1a: Snorlax|Ice Beam|p2a: Jolteon
|-damage|p2a: Jolteon|8\/265
|
|turn|32
|
|move|p2a: Jolteon|Double Kick|p1a: Snorlax
|-crit|p1a: Snorlax
|-supereffective|p1a: Snorlax
|-damage|p1a: Snorlax|107\/415 par
|-damage|p1a: Snorlax|33\/415 par
|-hitcount|p1a: Snorlax|2
|move|p1a: Snorlax|Rest|p1a: Snorlax
|-status|p1a: Snorlax|slp
|-heal|p1a: Snorlax|415\/415 slp|[silent]
|-status|p1a: Snorlax|slp|[from] move: Rest
|
|turn|33
|
|move|p2a: Jolteon|Double Kick|p1a: Snorlax
|-supereffective|p1a: Snorlax
|-damage|p1a: Snorlax|376\/415 slp
|-damage|p1a: Snorlax|337\/415 slp
|-hitcount|p1a: Snorlax|2
|cant|p1a: Snorlax|slp
|
|turn|34
|
|move|p2a: Jolteon|Double Kick|p1a: Snorlax
|-supereffective|p1a: Snorlax
|-damage|p1a: Snorlax|298\/415 slp
|-damage|p1a: Snorlax|259\/415 slp
|-hitcount|p1a: Snorlax|2
|-curestatus|p1a: Snorlax|slp
|
|turn|35
|
|move|p2a: Jolteon|Double Kick|p1a: Snorlax
|-crit|p1a: Snorlax
|-supereffective|p1a: Snorlax
|-damage|p1a: Snorlax|182\/415
|-damage|p1a: Snorlax|105\/415
|-hitcount|p1a: Snorlax|2
|move|p1a: Snorlax|Ice Beam|p2a: Jolteon
|-damage|p2a: Jolteon|0 fnt
|faint|p2a: Jolteon
|
|switch|p2a: Pidgeot|Pidgeot, L90|58\/333
|turn|36
|
|move|p2a: Pidgeot|Double-Edge|p1a: Snorlax
|-damage|p1a: Snorlax|0 fnt
|-damage|p2a: Pidgeot|32\/333|[from] recoil|[of] p1a: Snorlax
|faint|p1a: Snorlax
|
|switch|p1a: Marowak|Marowak, L90|163\/291
|turn|37
|
|move|p2a: Pidgeot|Double-Edge|p1a: Marowak
|-damage|p1a: Marowak|78\/291
|-damage|p2a: Pidgeot|11\/333|[from] recoil|[of] p1a: Marowak
|move|p1a: Marowak|Seismic Toss|p2a: Pidgeot
|-damage|p2a: Pidgeot|0 fnt
|faint|p2a: Pidgeot
|
|switch|p2a: Mewtwo|Mewtwo, L70|78\/293 par
|turn|38
|
|move|p1a: Marowak|Earthquake|p2a: Mewtwo
|-damage|p2a: Mewtwo|0 fnt
|faint|p2a: Mewtwo
|
|win|Mushroom Barley
|raw|Mushroom Barley's rating: 1161 &rarr; <strong>1177<\/strong><br \/>(+16 for winning)
|raw|gust4vo's rating: 1040 &rarr; <strong>1029<\/strong><br \/>(-11 for losing)
|c|★Mushroom Barley|gg
|leave|gust4vo
|player|p2