|j|dollar store wifi
|j|hellraizinkoga69
|player|p1|dollar store wifi|162
|player|p2|hellraizinkoga69|150
|gametype|singles
|gen|1
|tier|[Gen 1] OU
|rated
|seed|51588,46462,42900,43910
|rule|Sleep Clause Mod: Limit one foe put to sleep
|rule|Freeze Clause Mod: Limit one foe frozen
|rule|Species Clause: Limit one of each Pokémon
|rule|OHKO Clause: OHKO moves are banned
|rule|Evasion Moves Clause: Evasion moves are banned
|rule|HP Percentage Mod: HP is shown in percentages
|
|start
|switch|p1a: Exeggutor|Exeggutor|393\/393
|switch|p2a: Poliwrath|Poliwrath|383\/383
|turn|1
|choice|move 4|switch 5
|
|switch|p2a: Articuno|Articuno|383\/383
|move|p1a: Exeggutor|Stun Spore|p2a: Articuno
|-status|p2a: Articuno|par
|
|turn|2
|choice|switch 4|move 1
|
|switch|p1a: Cloyster|Cloyster|303\/303
|move|p2a: Articuno|Blizzard|p1a: Cloyster
|-resisted|p1a: Cloyster
|-damage|p1a: Cloyster|254\/303
|
|turn|3
|choice|move 1|switch 5
|
|switch|p2a: Poliwrath|Poliwrath|383\/383
|move|p1a: Cloyster|Clamp|p2a: Poliwrath
|-resisted|p2a: Poliwrath
|-damage|p2a: Poliwrath|360\/383
|-activate|p2a: Poliwrath|move: Clamp|[of] p1a: Cloyster
|
|turn|4
|choice|move 1|move 4
|
|cant|p2a: Poliwrath|partiallytrapped
|move|p1a: Cloyster|Clamp|p2a: Poliwrath|[from]Clamp
|-damage|p2a: Poliwrath|337\/383
|
|turn|5
|choice|move 1|move 4
|
|move|p1a: Cloyster|Clamp|p2a: Poliwrath|[from]Clamp
|-damage|p2a: Poliwrath|314\/383
|cant|p2a: Poliwrath|partiallytrapped
|
|turn|6
|choice|move 1|move 4
|
|cant|p2a: Poliwrath|partiallytrapped
|move|p1a: Cloyster|Clamp|p2a: Poliwrath|[from]Clamp
|-damage|p2a: Poliwrath|291\/383
|
|-end|p2a: Poliwrath|Clamp|[partiallytrapped]
|turn|7
|choice|switch 4|move 4
|
|switch|p1a: Exeggutor|Exeggutor|393\/393
|move|p2a: Poliwrath|Submission|p1a: Exeggutor
|-resisted|p1a: Exeggutor
|-damage|p1a: Exeggutor|348\/393
|-damage|p2a: Poliwrath|280\/383|[from] recoil|[of] p1a: Exeggutor
|
|turn|8
|choice|move 2|switch 5
|
|switch|p2a: Articuno|Articuno|383\/383 par
|move|p1a: Exeggutor|Psychic|p2a: Articuno
|-damage|p2a: Articuno|282\/383 par
|
|turn|9
|choice|switch 4|move 1
|
|switch|p1a: Cloyster|Cloyster|254\/303
|cant|p2a: Articuno|par
|
|turn|10
|choice|switch 4|switch 3
|
|switch|p1a: Exeggutor|Exeggutor|348\/393
|switch|p2a: Jolteon|Jolteon|333\/333
|
|turn|11
|choice|switch 3|move 2
|
|switch|p1a: Golem|Golem|363\/363
|move|p2a: Jolteon|Pin Missile|p1a: Golem
|-damage|p1a: Golem|356\/363
|-damage|p1a: Golem|349\/363
|-damage|p1a: Golem|342\/363
|-hitcount|p1a: Golem|3
|
|turn|12
|choice|move 3|switch 5
|
|switch|p2a: Poliwrath|Poliwrath|280\/383
|move|p1a: Golem|Body Slam|p2a: Poliwrath
|-damage|p2a: Poliwrath|211\/383
|
|turn|13
|choice|switch 3|move 2
|
|switch|p1a: Exeggutor|Exeggutor|348\/393
|move|p2a: Poliwrath|Bubble Beam|p1a: Exeggutor
|-crit|p1a: Exeggutor
|-resisted|p1a: Exeggutor
|-damage|p1a: Exeggutor|298\/393
|-unboost|p1a: Exeggutor|spe|1
|
|turn|14
|choice|move 2|move 3
|
|move|p2a: Poliwrath|Body Slam|p1a: Exeggutor
|-damage|p1a: Exeggutor|226\/393
|move|p1a: Exeggutor|Psychic|p2a: Poliwrath
|-crit|p2a: Poliwrath
|-supereffective|p2a: Poliwrath
|-damage|p2a: Poliwrath|0 fnt
|faint|p2a: Poliwrath
|choice||switch 5
|
|switch|p2a: Jolteon|Jolteon|333\/333
|turn|15
|choice|switch 3|move 2
|
|switch|p1a: Golem|Golem|342\/363
|move|p2a: Jolteon|Pin Missile|p1a: Golem
|-damage|p1a: Golem|335\/363
|-damage|p1a: Golem|328\/363
|-damage|p1a: Golem|321\/363
|-hitcount|p1a: Golem|3
|
|turn|16
|choice|move 1|switch 2
|
|switch|p2a: Tentacruel|Tentacruel|363\/363
|move|p1a: Golem|Earthquake|p2a: Tentacruel
|-supereffective|p2a: Tentacruel
|-damage|p2a: Tentacruel|48\/363
|
|turn|17
|choice|switch 2|move 3
|
|switch|p1a: Alakazam|Alakazam|313\/313
|move|p2a: Tentacruel|Surf|p1a: Alakazam
|-damage|p1a: Alakazam|208\/313
|
|turn|18
|choice|move 4|switch 2
|
|switch|p2a: Jolteon|Jolteon|333\/333
|move|p1a: Alakazam|Seismic Toss|p2a: Jolteon
|-damage|p2a: Jolteon|233\/333
|
|turn|19
|choice|move 3|move 2
|
|move|p2a: Jolteon|Pin Missile|p1a: Alakazam
|-crit|p1a: Alakazam
|-supereffective|p1a: Alakazam
|-damage|p1a: Alakazam|156\/313
|-damage|p1a: Alakazam|104\/313
|-damage|p1a: Alakazam|52\/313
|-hitcount|p1a: Alakazam|3
|move|p1a: Alakazam|Thunder Wave|p2a: Jolteon
|-status|p2a: Jolteon|par
|
|turn|20
|choice|switch 2|move 2
|
|switch|p1a: Golem|Golem|321\/363
|cant|p2a: Jolteon|par
|
|turn|21
|choice|move 1|switch 3
|
|switch|p2a: Articuno|Articuno|282\/383 par
|move|p1a: Golem|Earthquake|p2a: Articuno
|-immune|p2a: Articuno|[msg]
|
|turn|22
|choice|move 2|move 1
|
|move|p1a: Golem|Rock Slide|p2a: Articuno
|-crit|p2a: Articuno
|-supereffective|p2a: Articuno
|-damage|p2a: Articuno|0 fnt
|faint|p2a: Articuno
|choice||switch 2
|
|switch|p2a: Tentacruel|Tentacruel|48\/363
|turn|23
|choice|switch 4|move 2
|
|switch|p1a: Cloyster|Cloyster|254\/303
|move|p2a: Tentacruel|Toxic|p1a: Cloyster
|-status|p1a: Cloyster|tox
|
|turn|24
|choice|move 4|move 4
|
|move|p2a: Tentacruel|Wrap|p1a: Cloyster
|-crit|p1a: Cloyster
|-damage|p1a: Cloyster|241\/303 tox
|-activate|p1a: Cloyster|move: Wrap|[of] p2a: Tentacruel
|cant|p1a: Cloyster|partiallytrapped
|-damage|p1a: Cloyster|223\/303 tox|[from] tox|[of] p2a: Tentacruel
|
|turn|25
|choice|move 4|move 4
|
|move|p2a: Tentacruel|Wrap|p1a: Cloyster|[from]Wrap
|-damage|p1a: Cloyster|210\/303 tox
|cant|p1a: Cloyster|partiallytrapped
|-damage|p1a: Cloyster|174\/303 tox|[from] tox|[of] p2a: Tentacruel
|
|turn|26
|choice|move 4|move 4
|
|move|p2a: Tentacruel|Wrap|p1a: Cloyster|[from]Wrap
|-damage|p1a: Cloyster|161\/303 tox
|cant|p1a: Cloyster|partiallytrapped
|-damage|p1a: Cloyster|107\/303 tox|[from] tox|[of] p2a: Tentacruel
|
|turn|27
|choice|move 4|move 4
|
|move|p2a: Tentacruel|Wrap|p1a: Cloyster|[from]Wrap
|-damage|p1a: Cloyster|94\/303 tox
|cant|p1a: Cloyster|partiallytrapped
|-damage|p1a: Cloyster|22\/303 tox|[from] tox|[of] p2a: Tentacruel
|
|turn|28
|choice|move 4|move 4
|
|move|p2a: Tentacruel|Wrap|p1a: Cloyster|[from]Wrap
|-damage|p1a: Cloyster|9\/303 tox
|cant|p1a: Cloyster|partiallytrapped
|-damage|p1a: Cloyster|0 fnt|[from] tox|[of] p2a: Tentacruel
|faint|p1a: Cloyster
|choice|switch 2|
|
|switch|p1a: Alakazam|Alakazam|52\/313
|turn|29
|choice|move 2|switch 4
|
|switch|p2a: Dragonite|Dragonite|385\/385
|move|p1a: Alakazam|Recover|p1a: Alakazam
|-heal|p1a: Alakazam|208\/313
|
|turn|30
|choice|switch 5|move 3
|
|switch|p1a: Gengar|Gengar|323\/323
|move|p2a: Dragonite|Hyper Beam|p1a: Gengar
|-immune|p1a: Gengar|[msg]
|
|turn|31
|choice|move 1|switch 3
|
|switch|p2a: Jolteon|Jolteon|233\/333 par
|move|p1a: Gengar|Hypnosis|p2a: Jolteon|[miss]
|-miss|p1a: Gengar
|
|turn|32
|choice|switch 4|switch 4
|
|switch|p1a: Golem|Golem|321\/363
|switch|p2a: Tentacruel|Tentacruel|48\/363
|
|turn|33
|choice|switch 4|move 3
|
|switch|p1a: Gengar|Gengar|323\/323
|move|p2a: Tentacruel|Surf|p1a: Gengar
|-damage|p1a: Gengar|218\/323
|
|turn|34
|choice|move 4|switch 4
|
|switch|p2a: Jolteon|Jolteon|233\/333 par
|move|p1a: Gengar|Mega Drain|p2a: Jolteon
|-damage|p2a: Jolteon|200\/333 par
|-heal|p1a: Gengar|234\/323|[from] drain|[of] p2a: Jolteon
|
|turn|35
|choice|switch 4|switch 3
|
|switch|p1a: Golem|Golem|321\/363
|switch|p2a: Dragonite|Dragonite|385\/385
|
|turn|36
|choice|move 2|move 1
|
|move|p2a: Dragonite|Agility|p2a: Dragonite
|-boost|p2a: Dragonite|spe|2
|move|p1a: Golem|Rock Slide|p2a: Dragonite
|-supereffective|p2a: Dragonite
|-damage|p2a: Dragonite|194\/385
|
|turn|37
|choice|switch 4|move 4
|
|switch|p1a: Gengar|Gengar|234\/323
|move|p2a: Dragonite|Blizzard|p1a: Gengar
|-damage|p1a: Gengar|150\/323
|
|turn|38
|choice|move 2|move 4
|
|move|p2a: Dragonite|Blizzard|p1a: Gengar
|-damage|p1a: Gengar|77\/323
|-status|p1a: Gengar|frz
|cant|p1a: Gengar|frz
|
|turn|39
|choice|move 3|move 4
|
|move|p2a: Dragonite|Blizzard|p1a: Gengar
|-damage|p1a: Gengar|0 fnt
|faint|p1a: Gengar
|choice|switch 4|
|
|switch|p1a: Golem|Golem|321\/363
|turn|40
|choice|move 4|move 4
|
|move|p2a: Dragonite|Blizzard|p1a: Golem
|-crit|p1a: Golem
|-supereffective|p1a: Golem
|-damage|p1a: Golem|0 fnt
|faint|p1a: Golem
|choice|switch 6|
|
|switch|p1a: Persian|Persian|333\/333
|turn|41
|choice|move 3|move 3
|
|move|p2a: Dragonite|Hyper Beam|p1a: Persian
|-crit|p1a: Persian
|-damage|p1a: Persian|0 fnt
|faint|p1a: Persian
|c|★dollar store wifi|fucking crits
|-message|dollar store wifi forfeited.
|
|win|hellraizinkoga69
|player|p1
|player|p2
|l|dollar store wifi
|raw|dollar store wifi's rating: 1000 &rarr; <strong>1000<\/strong><br \/>(+0 for losing)
|raw|hellraizinkoga69's rating: 1009 &rarr; <strong>1046<\/strong><br \/>(+37 for winning)