|join|yaldyyyy
|join|looe3s
|player|p1|yaldyyyy|2
|player|p2|looe3s|293
|gametype|singles
|gen|1
|tier|[Gen 1] Random Battle
|rated
|rule|Sleep Clause Mod: Limit one foe put to sleep
|rule|Freeze Clause Mod: Limit one foe frozen
|rule|HP Percentage Mod: HP is shown in percentages
|
|start
|switch|p1a: Alakazam|Alakazam, L79|249\/249
|switch|p2a: Golduck|Golduck, L85|310\/310
|turn|1
|
|move|p1a: Alakazam|Reflect|p1a: Alakazam
|-start|p1a: Alakazam|Reflect
|move|p2a: Golduck|Body Slam|p1a: Alakazam
|-crit|p1a: Alakazam
|-damage|p1a: Alakazam|74\/249
|
|turn|2
|c|★yaldyyyy|what the absolute fuck
|
|move|p1a: Alakazam|Recover|p1a: Alakazam
|-heal|p1a: Alakazam|198\/249
|move|p2a: Golduck|Body Slam|p1a: Alakazam
|-damage|p1a: Alakazam|154\/249
|
|turn|3
|
|move|p1a: Alakazam|Recover|p1a: Alakazam
|-heal|p1a: Alakazam|249\/249
|move|p2a: Golduck|Amnesia|p2a: Golduck
|-boost|p2a: Golduck|spd|2
|-boost|p2a: Golduck|spa|2
|
|turn|4
|
|move|p1a: Alakazam|Psychic|p2a: Golduck
|-damage|p2a: Golduck|254\/310
|move|p2a: Golduck|Blizzard|p1a: Alakazam|[miss]
|-miss|p2a: Golduck
|
|turn|5
|
|move|p1a: Alakazam|Seismic Toss|p2a: Golduck
|-damage|p2a: Golduck|175\/310
|move|p2a: Golduck|Blizzard|p1a: Alakazam
|-damage|p1a: Alakazam|130\/249
|
|turn|6
|
|move|p1a: Alakazam|Seismic Toss|p2a: Golduck
|-damage|p2a: Golduck|96\/310
|move|p2a: Golduck|Body Slam|p1a: Alakazam
|-damage|p1a: Alakazam|85\/249
|
|turn|7
|
|switch|p2a: Mew|Mew, L74|300\/300
|move|p1a: Alakazam|Recover|p1a: Alakazam
|-heal|p1a: Alakazam|209\/249
|
|turn|8
|
|switch|p1a: Gloom|Gloom, L85|276\/276
|move|p2a: Mew|Fissure|p1a: Gloom|[miss]
|-miss|p2a: Mew
|
|turn|9
|
|move|p2a: Mew|Blizzard|p1a: Gloom
|-supereffective|p1a: Gloom
|-damage|p1a: Gloom|133\/276
|move|p1a: Gloom|Sleep Powder|p2a: Mew|[miss]
|-miss|p1a: Gloom
|
|turn|10
|c|★yaldyyyy|ffs
|
|move|p2a: Mew|Blizzard|p1a: Gloom
|-crit|p1a: Gloom
|-supereffective|p1a: Gloom
|-damage|p1a: Gloom|0 fnt
|faint|p1a: Gloom
|c|★yaldyyyy|of course
|
|switch|p1a: Wigglytuff|Wigglytuff, L85|412\/412
|turn|11
|
|switch|p2a: Nidorina|Nidorina, L90|309\/309
|move|p1a: Wigglytuff|Sing|p2a: Nidorina
|-status|p2a: Nidorina|slp
|
|turn|12
|
|cant|p2a: Nidorina|slp
|-curestatus|p2a: Nidorina|slp
|move|p1a: Wigglytuff|Blizzard|p2a: Nidorina
|-crit|p2a: Nidorina
|-damage|p2a: Nidorina|179\/309
|
|turn|13
|
|move|p2a: Nidorina|Body Slam|p1a: Wigglytuff
|-damage|p1a: Wigglytuff|335\/412
|move|p1a: Wigglytuff|Hyper Beam|p2a: Nidorina
|-damage|p2a: Nidorina|29\/309
|
|turn|14
|-mustrecharge|p1a: Wigglytuff
|-mustrecharge|p1a: Wigglytuff
|
|move|p2a: Nidorina|Rest|p2a: Nidorina
|-status|p2a: Nidorina|slp
|-heal|p2a: Nidorina|309\/309 slp|[silent]
|-status|p2a: Nidorina|slp|[from] move: Rest
|cant|p1a: Wigglytuff|recharge
|
|turn|15
|
|switch|p2a: Victreebel|Victreebel, L85|310\/310
|move|p1a: Wigglytuff|Blizzard|p2a: Victreebel
|-supereffective|p2a: Victreebel
|-damage|p2a: Victreebel|202\/310
|
|turn|16
|
|move|p2a: Victreebel|Sleep Powder|p1a: Wigglytuff
|-status|p1a: Wigglytuff|slp
|cant|p1a: Wigglytuff|slp
|
|turn|17
|
|switch|p1a: Alakazam|Alakazam, L79|209\/249
|move|p2a: Victreebel|Razor Leaf|p1a: Alakazam
|-crit|p1a: Alakazam
|-damage|p1a: Alakazam|120\/249
|
|turn|18
|
|switch|p2a: Mew|Mew, L74|300\/300
|move|p1a: Alakazam|Recover|p1a: Alakazam
|-heal|p1a: Alakazam|244\/249
|
|turn|19
|
|move|p1a: Alakazam|Seismic Toss|p2a: Mew
|-damage|p2a: Mew|221\/300
|move|p2a: Mew|Fissure|p1a: Alakazam
|-immune|p1a: Alakazam|[ohko]
|
|turn|20
|
|move|p1a: Alakazam|Reflect|p1a: Alakazam
|-start|p1a: Alakazam|Reflect
|move|p2a: Mew|Blizzard|p1a: Alakazam
|-damage|p1a: Alakazam|194\/249
|
|turn|21
|
|move|p1a: Alakazam|Seismic Toss|p2a: Mew
|-damage|p2a: Mew|142\/300
|move|p2a: Mew|Blizzard|p1a: Alakazam
|-damage|p1a: Alakazam|143\/249
|-status|p1a: Alakazam|frz
|
|turn|22
|c|★yaldyyyy|nope
|c|★yaldyyyy|fuck off
|c|★yaldyyyy|that's bullshitr
|-message|yaldyyyy forfeited.
|
|win|looe3s
|raw|Ladder updating...
|leave|yaldyyyy
|player|p1
|raw|yaldyyyy's rating: 1200 &rarr; <strong>1169<\/strong><br \/>(-31 for losing)
|raw|looe3s's rating: 1112 &rarr; <strong>1143<\/strong><br \/>(+31 for winning)