|join|kid gf lol
|join|alwayswimmin
|player|p1|kid gf lol|37
|player|p2|alwayswimmin|1
|gametype|singles
|gen|1
|tier|[Gen 1] OU (beta)
|rated
|rule|Sleep Clause Mod: Limit one foe put to sleep
|rule|Species Clause: Limit one of each Pokémon
|rule|OHKO Clause: OHKO moves are banned
|rule|Moody Clause: Moody is banned
|rule|Evasion Moves Clause: Evasion moves are banned
|rule|Endless Battle Clause: Forcing endless battles is banned
|rule|HP Percentage Mod: HP is reported as percentages
|
|start
|switch|p1a: Starmie|Starmie|323\/323
|switch|p2a: Exeggutor|Exeggutor|393\/393
|turn|1
|
|move|p1a: Starmie|Blizzard|p2a: Exeggutor|[miss]
|-miss|p1a: Starmie
|move|p2a: Exeggutor|Sleep Powder|p1a: Starmie
|-status|p1a: Starmie|slp
|
|turn|2
|
|cant|p1a: Starmie|slp
|-curestatus|p1a: Starmie|slp
|move|p2a: Exeggutor|Mega Drain|p1a: Starmie
|-supereffective|p1a: Starmie
|-damage|p1a: Starmie|212\/323
|
|turn|3
|
|move|p1a: Starmie|Thunder Wave|p2a: Exeggutor
|-status|p2a: Exeggutor|par
|cant|p2a: Exeggutor|par
|
|turn|4
|
|switch|p2a: Chansey|Chansey|703\/703
|move|p1a: Starmie|Blizzard|p2a: Chansey|[miss]
|-miss|p1a: Starmie
|
|turn|5
|
|switch|p1a: Chansey|Chansey|703\/703
|move|p2a: Chansey|Thunder Wave|p1a: Chansey
|-status|p1a: Chansey|par
|
|turn|6
|
|switch|p2a: Exeggutor|Exeggutor|393\/393 par
|move|p1a: Chansey|Ice Beam|p2a: Exeggutor
|-supereffective|p2a: Exeggutor
|-damage|p2a: Exeggutor|249\/393 par
|
|turn|7
|
|switch|p1a: Cloyster|Cloyster|303\/303
|cant|p2a: Exeggutor|par
|
|turn|8
|
|switch|p2a: Chansey|Chansey|703\/703
|move|p1a: Cloyster|Clamp|p2a: Chansey|[miss]
|-miss|p1a: Cloyster
|
|turn|9
|
|switch|p1a: Chansey|Chansey|703\/703 par
|switch|p2a: Starmie|Starmie|323\/323
|
|turn|10
|
|switch|p2a: Exeggutor|Exeggutor|249\/393 par
|cant|p1a: Chansey|par
|
|turn|11
|
|cant|p2a: Exeggutor|par
|move|p1a: Chansey|Ice Beam|p2a: Exeggutor
|-supereffective|p2a: Exeggutor
|-damage|p2a: Exeggutor|111\/393 par
|
|turn|12
|
|switch|p2a: Chansey|Chansey|703\/703
|switch|p1a: Cloyster|Cloyster|303\/303
|
|turn|13
|
|switch|p1a: Chansey|Chansey|703\/703 par
|move|p2a: Chansey|Thunder Wave|p1a: Chansey
|-fail|p1a: Chansey|par
|
|turn|14
|
|switch|p2a: Starmie|Starmie|323\/323
|move|p1a: Chansey|Ice Beam|p2a: Starmie
|-resisted|p2a: Starmie
|-damage|p2a: Starmie|283\/323
|
|turn|15
|
|switch|p2a: Chansey|Chansey|703\/703
|move|p1a: Chansey|Ice Beam|p2a: Chansey
|-damage|p2a: Chansey|624\/703
|
|turn|16
|
|move|p2a: Chansey|Ice Beam|p1a: Chansey
|-crit|p1a: Chansey
|-damage|p1a: Chansey|545\/703 par
|move|p1a: Chansey|Ice Beam|p2a: Chansey
|-damage|p2a: Chansey|555\/703
|-status|p2a: Chansey|frz
|
|turn|17
|
|switch|p2a: Starmie|Starmie|283\/323
|move|p1a: Chansey|Ice Beam|p2a: Starmie
|-resisted|p2a: Starmie
|-damage|p2a: Starmie|245\/323
|
|turn|18
|join|Hee-ho-Shura
|
|move|p2a: Starmie|Blizzard|p1a: Chansey
|-damage|p1a: Chansey|448\/703 par
|move|p1a: Chansey|Ice Beam|p2a: Starmie
|-resisted|p2a: Starmie
|-damage|p2a: Starmie|204\/323
|
|turn|19
|
|switch|p2a: Tauros|Tauros|353\/353
|move|p1a: Chansey|Soft-Boiled|p1a: Chansey
|-fail|p1a: Chansey
|
|turn|20
|chat|alwayswimmin|511 hp? :P
|
|switch|p1a: Cloyster|Cloyster|303\/303
|move|p2a: Tauros|Body Slam|p1a: Cloyster
|-damage|p1a: Cloyster|237\/303
|-status|p1a: Cloyster|par
|
|turn|21
|
|switch|p2a: Exeggutor|Exeggutor|111\/393 par
|cant|p1a: Cloyster|par
|
|turn|22
|
|move|p1a: Cloyster|Blizzard|p2a: Exeggutor
|-supereffective|p2a: Exeggutor
|-damage|p2a: Exeggutor|0 fnt
|faint|p2a: Exeggutor
|
|switch|p2a: Zapdos|Zapdos|383\/383
|turn|23
|
|switch|p2a: Tauros|Tauros|353\/353
|switch|p1a: Sandslash|Sandslash|353\/353
|
|turn|24
|
|move|p2a: Tauros|Blizzard|p1a: Sandslash|[miss]
|-miss|p2a: Tauros
|move|p1a: Sandslash|Earthquake|p2a: Tauros
|-damage|p2a: Tauros|240\/353
|
|turn|25
|
|switch|p1a: Cloyster|Cloyster|237\/303 par
|move|p2a: Tauros|Blizzard|p1a: Cloyster
|-crit|p1a: Cloyster
|-resisted|p1a: Cloyster
|-damage|p1a: Cloyster|198\/303 par
|
|turn|26
|
|move|p2a: Tauros|Hyper Beam|p1a: Cloyster
|-damage|p1a: Cloyster|83\/303 par
|cant|p1a: Cloyster|par
|
|turn|27
|
|cant|p2a: Tauros|recharge
|move|p1a: Cloyster|Explosion|p2a: Tauros
|-damage|p2a: Tauros|0 fnt
|faint|p2a: Tauros
|faint|p1a: Cloyster
|
|switch|p1a: Starmie|Starmie|212\/323
|switch|p2a: Rhydon|Rhydon|413\/413
|turn|28
|
|move|p1a: Starmie|Psychic|p2a: Rhydon
|-damage|p2a: Rhydon|258\/413
|move|p2a: Rhydon|Earthquake|p1a: Starmie
|-damage|p1a: Starmie|45\/323
|
|turn|29
|
|switch|p2a: Starmie|Starmie|204\/323
|move|p1a: Starmie|Blizzard|p2a: Starmie
|-resisted|p2a: Starmie
|-damage|p2a: Starmie|161\/323
|
|turn|30
|
|switch|p1a: Chansey|Chansey|448\/703 par
|move|p2a: Starmie|Thunderbolt|p1a: Chansey
|-damage|p1a: Chansey|374\/703 par
|
|turn|31
|
|switch|p2a: Rhydon|Rhydon|258\/413
|move|p1a: Chansey|Soft-Boiled|p1a: Chansey
|-heal|p1a: Chansey|703\/703 par
|
|turn|32
|
|move|p2a: Rhydon|Earthquake|p1a: Chansey
|-damage|p1a: Chansey|334\/703 par
|move|p1a: Chansey|Ice Beam|p2a: Rhydon
|-supereffective|p2a: Rhydon
|-damage|p2a: Rhydon|24\/413
|
|turn|33
|
|switch|p1a: Dragonite|Dragonite|385\/385
|move|p2a: Rhydon|Earthquake|p1a: Dragonite
|-immune|p1a: Dragonite|[msg]
|
|turn|34
|
|switch|p2a: Chansey|Chansey|555\/703 frz
|move|p1a: Dragonite|Wrap|p2a: Chansey
|-damage|p2a: Chansey|518\/703 frz
|-activate|p2a: Chansey|move: Wrap|[of] p1a: Dragonite
|
|turn|35
|
|switch|p2a: Zapdos|Zapdos|383\/383
|move|p1a: Dragonite|Wrap|p2a: Zapdos
|-crit|p2a: Zapdos
|-damage|p2a: Zapdos|346\/383
|-activate|p2a: Zapdos|move: Wrap|[of] p1a: Dragonite
|
|turn|36
|
|switch|p2a: Chansey|Chansey|518\/703 frz
|move|p1a: Dragonite|Wrap|p2a: Chansey
|-damage|p2a: Chansey|480\/703 frz
|-activate|p2a: Chansey|move: Wrap|[of] p1a: Dragonite
|
|turn|37
|join|DavidXanatos
|chat|alwayswimmin|gg
|chat|alwayswimmin|it's annoying not getting the explosion off on chansey
|chat|alwayswimmin|whatever
|-message|alwayswimmin forfeited.
|
|win|kid gf lol
|raw|Ladder updating...
|leave|alwayswimmin
|player|p2
|raw|kid gf lol's rating: 1418 &rarr; <strong>1426<\/strong><br \/>(+8 for winning)
|raw|alwayswimmin's rating: 1177 &rarr; <strong>1167<\/strong><br \/>(-10 for losing)
|leave|DavidXanatos
|leave|kid gf lol
|player|p1
|join|2u