|j|Subject Platinum
|j|MALESANI
|player|p1|Subject Platinum|70
|player|p2|MALESANI|238
|gametype|singles
|gen|1
|tier|[Gen 1] Random Battle
|rated
|seed|38986,48953,60003,64805
|rule|Sleep Clause Mod: Limit one foe put to sleep
|rule|Freeze Clause Mod: Limit one foe frozen
|rule|HP Percentage Mod: HP is shown in percentages
|
|start
|switch|p1a: Dratini|Dratini, L96|274\/274
|switch|p2a: Mew|Mew, L74|300\/300
|turn|1
|choice|move 4|move 1
|
|move|p2a: Mew|Psychic|p1a: Dratini
|-damage|p1a: Dratini|189\/274
|move|p1a: Dratini|Ice Beam|p2a: Mew
|-damage|p2a: Mew|240\/300
|
|turn|2
|choice|move 4|move 1
|
|move|p2a: Mew|Psychic|p1a: Dratini|[miss]
|-miss|p2a: Mew
|move|p1a: Dratini|Ice Beam|p2a: Mew
|-damage|p2a: Mew|183\/300
|
|turn|3
|c|★Subject Platinum|lol
|choice|move 4|move 4
|
|move|p2a: Mew|Thunder Wave|p1a: Dratini
|-status|p1a: Dratini|par
|move|p1a: Dratini|Ice Beam|p2a: Mew
|-damage|p2a: Mew|117\/300
|
|turn|4
|choice|move 4|move 2
|
|move|p2a: Mew|Soft-Boiled|p2a: Mew
|-heal|p2a: Mew|267\/300
|move|p1a: Dratini|Ice Beam|p2a: Mew
|-damage|p2a: Mew|201\/300
|-status|p2a: Mew|frz
|
|turn|5
|choice|move 3|switch 2
|
|switch|p2a: Shellder|Shellder, L96|252\/252
|move|p1a: Dratini|Thunderbolt|p2a: Shellder
|-supereffective|p2a: Shellder
|-damage|p2a: Shellder|92\/252
|-status|p2a: Shellder|par
|
|turn|6
|c|★Subject Platinum|owo
|c|★MALESANI|...
|choice|move 3|move 3
|
|cant|p1a: Dratini|par
|move|p2a: Shellder|Blizzard|p1a: Dratini
|-supereffective|p1a: Dratini
|-damage|p1a: Dratini|18\/274 par
|
|turn|7
|c|★Subject Platinum|i'm feeling lucky
|c|★MALESANI|too much
|c|★MALESANI|definitely
|c|★Subject Platinum|Sorry lmao
|choice|move 3|move 1
|
|move|p1a: Dratini|Thunderbolt|p2a: Shellder
|-supereffective|p2a: Shellder
|-damage|p2a: Shellder|0 fnt
|faint|p2a: Shellder
|choice||switch 5
|
|switch|p2a: Dodrio|Dodrio, L85|276\/276
|turn|8
|choice|move 3|move 2
|
|move|p2a: Dodrio|Drill Peck|p1a: Dratini
|-damage|p1a: Dratini|0 fnt
|faint|p1a: Dratini
|choice|switch 5|
|
|switch|p1a: Electrode|Electrode, L90|291\/291
|turn|9
|choice|move 3|switch 2
|
|switch|p2a: Mew|Mew, L74|201\/300 frz
|move|p1a: Electrode|Thunder Wave|p2a: Mew
|-fail|p2a: Mew
|
|turn|10
|choice|move 2|switch 4
|
|switch|p2a: Ninetales|Ninetales, L85|298\/298
|move|p1a: Electrode|Thunderbolt|p2a: Ninetales
|-damage|p2a: Ninetales|205\/298
|
|turn|11
|choice|move 2|move 1
|
|move|p1a: Electrode|Thunderbolt|p2a: Ninetales
|-damage|p2a: Ninetales|115\/298
|move|p2a: Ninetales|Fire Blast|p1a: Electrode
|-crit|p1a: Electrode
|-damage|p1a: Electrode|34\/291
|
|turn|12
|choice|move 2|move 3
|
|move|p1a: Electrode|Thunderbolt|p2a: Ninetales
|-crit|p2a: Ninetales
|-damage|p2a: Ninetales|0 fnt
|faint|p2a: Ninetales
|c|★Subject Platinum|omfg i knew it was going to be crit
|choice||switch 6
|
|switch|p2a: Pinsir|Pinsir, L85|284\/284
|turn|13
|choice|switch 6|move 2
|
|switch|p1a: Pinsir|Pinsir, L85|284\/284
|move|p2a: Pinsir|Body Slam|p1a: Pinsir
|-damage|p1a: Pinsir|215\/284
|
|turn|14
|choice|move 1|move 2
|
|move|p1a: Pinsir|Body Slam|p2a: Pinsir
|-damage|p2a: Pinsir|214\/284
|move|p2a: Pinsir|Body Slam|p1a: Pinsir
|-damage|p1a: Pinsir|144\/284
|
|turn|15
|choice|move 1|move 2
|
|move|p2a: Pinsir|Body Slam|p1a: Pinsir
|-damage|p1a: Pinsir|78\/284
|-status|p1a: Pinsir|par
|move|p1a: Pinsir|Body Slam|p2a: Pinsir
|-damage|p2a: Pinsir|146\/284
|
|turn|16
|choice|move 1|move 3
|
|move|p2a: Pinsir|Hyper Beam|p1a: Pinsir
|-damage|p1a: Pinsir|0 fnt
|faint|p1a: Pinsir
|choice|switch 4|
|
|switch|p1a: Charmeleon|Charmeleon, L85|272\/272
|turn|17
|choice|move 2|switch 4
|
|switch|p2a: Mew|Mew, L74|201\/300 frz
|move|p1a: Charmeleon|Fire Blast|p2a: Mew
|-damage|p2a: Mew|100\/300 frz
|-curestatus|p2a: Mew|frz
|
|turn|18
|c|★Subject Platinum|wp
|choice|move 2|move 2
|
|move|p2a: Mew|Soft-Boiled|p2a: Mew
|-heal|p2a: Mew|250\/300
|move|p1a: Charmeleon|Fire Blast|p2a: Mew
|-damage|p2a: Mew|147\/300
|
|turn|19
|choice|switch 6|move 2
|
|switch|p1a: Electrode|Electrode, L90|34\/291
|move|p2a: Mew|Soft-Boiled|p2a: Mew
|-heal|p2a: Mew|297\/300
|
|turn|20
|c|★Subject Platinum|but
|choice|move 1|move 4
|
|move|p1a: Electrode|Explosion|p2a: Mew
|-damage|p2a: Mew|103\/300
|faint|p1a: Electrode
|choice|switch 3|
|
|switch|p1a: Dugtrio|Dugtrio, L85|233\/233
|turn|21
|c|★MALESANI|lol
|choice|move 1|switch 2
|
|switch|p2a: Dodrio|Dodrio, L85|276\/276
|move|p1a: Dugtrio|Earthquake|p2a: Dodrio
|-immune|p2a: Dodrio|[msg]
|
|turn|22
|choice|move 4|move 4
|
|move|p1a: Dugtrio|Slash|p2a: Dodrio
|-crit|p2a: Dodrio
|-damage|p2a: Dodrio|170\/276
|move|p2a: Dodrio|Body Slam|p1a: Dugtrio
|-crit|p1a: Dugtrio
|-damage|p1a: Dugtrio|0 fnt
|faint|p1a: Dugtrio
|c|★Subject Platinum|oh god
|choice|switch 2|
|
|switch|p1a: Slowpoke|Slowpoke, L96|368\/368
|turn|23
|choice|move 3|move 4
|
|move|p2a: Dodrio|Body Slam|p1a: Slowpoke
|-damage|p1a: Slowpoke|257\/368
|move|p1a: Slowpoke|Thunder Wave|p2a: Dodrio
|-status|p2a: Dodrio|par
|
|turn|24
|choice|move 1|move 4
|
|move|p1a: Slowpoke|Surf|p2a: Dodrio
|-damage|p2a: Dodrio|79\/276 par
|move|p2a: Dodrio|Body Slam|p1a: Slowpoke
|-damage|p1a: Slowpoke|157\/368
|-status|p1a: Slowpoke|par
|
|turn|25
|choice|move 2|move 2
|
|move|p2a: Dodrio|Drill Peck|p1a: Slowpoke
|-damage|p1a: Slowpoke|60\/368 par
|move|p1a: Slowpoke|Rest|p1a: Slowpoke
|-status|p1a: Slowpoke|slp
|-heal|p1a: Slowpoke|368\/368 slp|[silent]
|-status|p1a: Slowpoke|slp|[from] move: Rest
|
|turn|26
|choice|switch 6|switch 3
|
|switch|p2a: Raticate|Raticate, L85|267\/267
|switch|p1a: Charmeleon|Charmeleon, L85|272\/272
|
|turn|27
|choice|move 4|move 4
|
|move|p2a: Raticate|Body Slam|p1a: Charmeleon
|-crit|p1a: Charmeleon
|-damage|p1a: Charmeleon|67\/272
|move|p1a: Charmeleon|Submission|p2a: Raticate
|-supereffective|p2a: Raticate
|-damage|p2a: Raticate|161\/267
|-damage|p1a: Charmeleon|41\/272|[from] recoil|[of] p2a: Raticate
|
|turn|28
|choice|move 2|move 4
|
|move|p2a: Raticate|Body Slam|p1a: Charmeleon
|-damage|p1a: Charmeleon|0 fnt
|faint|p1a: Charmeleon
|choice|switch 6|
|
|switch|p1a: Slowpoke|Slowpoke, L96|368\/368 slp
|turn|29
|c|★Subject Platinum|u deserved
|-message|Subject Platinum forfeited.
|
|win|MALESANI
|player|p1
|player|p2
|l|Subject Platinum
|raw|Subject Platinum's rating: 1498 &rarr; <strong>1467<\/strong><br \/>(-31 for losing)
|raw|MALESANI's rating: 1286 &rarr; <strong>1324<\/strong><br \/>(+38 for winning)