|j|tsun34
|j|master14534
|player|p1|tsun34|25
|player|p2|master14534|290
|gametype|singles
|gen|1
|tier|[Gen 1] Random Battle
|rated
|seed|
|rule|Sleep Clause Mod: Limit one foe put to sleep
|rule|Freeze Clause Mod: Limit one foe frozen
|rule|HP Percentage Mod: HP is shown in percentages
|
|start
|switch|p1a: Nidoqueen|Nidoqueen, L85|100\/100
|switch|p2a: Sandshrew|Sandshrew, L96|100\/100
|turn|1
|choice||
|
|move|p1a: Nidoqueen|Blizzard|p2a: Sandshrew
|-supereffective|p2a: Sandshrew
|-damage|p2a: Sandshrew|20\/100
|move|p2a: Sandshrew|Earthquake|p1a: Nidoqueen
|-supereffective|p1a: Nidoqueen
|-damage|p1a: Nidoqueen|31\/100
|
|turn|2
|choice||
|
|move|p1a: Nidoqueen|Body Slam|p2a: Sandshrew
|-damage|p2a: Sandshrew|3\/100
|move|p2a: Sandshrew|Earthquake|p1a: Nidoqueen
|-supereffective|p1a: Nidoqueen
|-damage|p1a: Nidoqueen|0 fnt
|faint|p1a: Nidoqueen
|choice||
|
|switch|p1a: Persian|Persian, L79|100\/100
|turn|3
|choice||
|
|move|p1a: Persian|Bubble Beam|p2a: Sandshrew
|-supereffective|p2a: Sandshrew
|-damage|p2a: Sandshrew|0 fnt
|faint|p2a: Sandshrew
|choice||
|
|switch|p2a: Machoke|Machoke, L85|100\/100
|turn|4
|choice||
|
|switch|p1a: Aerodactyl|Aerodactyl, L90|100\/100
|move|p2a: Machoke|Mega Kick|p1a: Aerodactyl
|-resisted|p1a: Aerodactyl
|-damage|p1a: Aerodactyl|84\/100
|
|turn|5
|choice||
|
|switch|p2a: Gyarados|Gyarados, L85|100\/100
|move|p1a: Aerodactyl|Sky Attack|p2a: Gyarados|[still]
|-prepare|p1a: Aerodactyl|Sky Attack|p2a: Gyarados
|
|turn|6
|choice||
|
|move|p1a: Aerodactyl|Sky Attack|p2a: Gyarados|[from]Sky Attack
|-damage|p2a: Gyarados|48\/100
|move|p2a: Gyarados|Body Slam|p1a: Aerodactyl
|-resisted|p1a: Aerodactyl
|-damage|p1a: Aerodactyl|72\/100
|
|turn|7
|choice||
|
|move|p1a: Aerodactyl|Hyper Beam|p2a: Gyarados
|-damage|p2a: Gyarados|6\/100
|move|p2a: Gyarados|Surf|p1a: Aerodactyl
|-supereffective|p1a: Aerodactyl
|-damage|p1a: Aerodactyl|0 fnt
|faint|p1a: Aerodactyl
|choice||
|
|switch|p1a: Persian|Persian, L79|100\/100
|turn|8
|choice||
|
|move|p1a: Persian|Slash|p2a: Gyarados
|-crit|p2a: Gyarados
|-damage|p2a: Gyarados|0 fnt
|faint|p2a: Gyarados
|choice||
|
|switch|p2a: Machoke|Machoke, L85|100\/100
|turn|9
|choice||
|
|move|p1a: Persian|Hyper Beam|p2a: Machoke
|-crit|p2a: Machoke
|-damage|p2a: Machoke|25\/100
|move|p2a: Machoke|Counter|p1a: Persian
|-damage|p1a: Persian|0 fnt
|faint|p1a: Persian
|choice||
|
|switch|p1a: Tauros|Tauros, L79|100\/100
|turn|10
|choice||
|
|move|p1a: Tauros|Body Slam|p2a: Machoke
|-damage|p2a: Machoke|0 fnt
|faint|p2a: Machoke
|choice||
|
|switch|p2a: Snorlax|Snorlax, L79|100\/100
|turn|11
|choice||
|
|move|p1a: Tauros|Body Slam|p2a: Snorlax
|-damage|p2a: Snorlax|74\/100
|move|p2a: Snorlax|Blizzard|p1a: Tauros|[miss]
|-miss|p2a: Snorlax
|
|turn|12
|choice||
|
|move|p1a: Tauros|Body Slam|p2a: Snorlax
|-damage|p2a: Snorlax|47\/100
|move|p2a: Snorlax|Blizzard|p1a: Tauros
|-damage|p1a: Tauros|76\/100
|
|turn|13
|choice||
|
|move|p1a: Tauros|Hyper Beam|p2a: Snorlax|[miss]
|-miss|p1a: Tauros
|move|p2a: Snorlax|Body Slam|p1a: Tauros
|-damage|p1a: Tauros|45\/100
|
|turn|14
|choice||
|
|move|p1a: Tauros|Hyper Beam|p2a: Snorlax
|-damage|p2a: Snorlax|0 fnt
|faint|p2a: Snorlax
|choice||
|
|switch|p2a: Nidoran-F|Nidoran-F, L96|100\/100
|turn|15
|choice||
|
|move|p1a: Tauros|Earthquake|p2a: Nidoran-F
|-supereffective|p2a: Nidoran-F
|-damage|p2a: Nidoran-F|50\/100
|move|p2a: Nidoran-F|Body Slam|p1a: Tauros
|-damage|p1a: Tauros|25\/100
|
|turn|16
|choice||
|
|move|p1a: Tauros|Hyper Beam|p2a: Nidoran-F
|-damage|p2a: Nidoran-F|0 fnt
|faint|p2a: Nidoran-F
|choice||
|
|switch|p2a: Mewtwo|Mewtwo, L68|100\/100
|turn|17
|choice||
|
|move|p1a: Tauros|Body Slam|p2a: Mewtwo
|-damage|p2a: Mewtwo|66\/100
|-status|p2a: Mewtwo|par
|move|p2a: Mewtwo|Thunderbolt|p1a: Tauros
|-damage|p1a: Tauros|0 fnt
|faint|p1a: Tauros
|choice||
|
|switch|p1a: Raichu|Raichu, L85|100\/100
|turn|18
|choice||
|
|move|p1a: Raichu|Thunderbolt|p2a: Mewtwo
|-damage|p2a: Mewtwo|38\/100 par
|move|p2a: Mewtwo|Psychic|p1a: Raichu
|-damage|p1a: Raichu|70\/100
|
|turn|19
|choice||
|
|move|p1a: Raichu|Thunderbolt|p2a: Mewtwo
|-damage|p2a: Mewtwo|8\/100 par
|move|p2a: Mewtwo|Psychic|p1a: Raichu
|-crit|p1a: Raichu
|-damage|p1a: Raichu|12\/100
|
|turn|20
|c|★tsun34|gg
|choice||
|
|move|p1a: Raichu|Surf|p2a: Mewtwo
|-damage|p2a: Mewtwo|0 fnt
|faint|p2a: Mewtwo
|
|win|tsun34
|player|p1
|player|p2
|raw|tsun34's rating: 1242 &rarr; <strong>1260<\/strong><br \/>(+18 for winning)
|raw|master14534's rating: 1141 &rarr; <strong>1123<\/strong><br \/>(-18 for losing)
|l|master14534