|j|MALESANI
|j|BulletTooth Tony
|player|p1|MALESANI|238
|player|p2|BulletTooth Tony|252
|gametype|singles
|gen|1
|tier|[Gen 1] Random Battle
|rated
|seed|43105,19795,34913,18063
|rule|Sleep Clause Mod: Limit one foe put to sleep
|rule|Freeze Clause Mod: Limit one foe frozen
|rule|HP Percentage Mod: HP is shown in percentages
|
|start
|switch|p1a: Cubone|Cubone, L96|291\/291
|switch|p2a: Goldeen|Goldeen, L96|281\/281
|turn|1
|choice|switch 3|move 3
|
|switch|p1a: Slowbro|Slowbro, L79|312\/312
|move|p2a: Goldeen|Surf|p1a: Slowbro
|-resisted|p1a: Slowbro
|-damage|p1a: Slowbro|259\/312
|
|turn|2
|choice|move 1|move 2
|
|move|p2a: Goldeen|Blizzard|p1a: Slowbro
|-resisted|p1a: Slowbro
|-damage|p1a: Slowbro|217\/312
|move|p1a: Slowbro|Thunder Wave|p2a: Goldeen
|-status|p2a: Goldeen|par
|
|turn|3
|choice|move 4|move 2
|
|move|p1a: Slowbro|Amnesia|p1a: Slowbro
|-boost|p1a: Slowbro|spd|2
|-boost|p1a: Slowbro|spa|2
|move|p2a: Goldeen|Blizzard|p1a: Slowbro
|-resisted|p1a: Slowbro
|-damage|p1a: Slowbro|195\/312
|
|turn|4
|choice|move 3|move 2
|
|move|p1a: Slowbro|Surf|p2a: Goldeen
|-resisted|p2a: Goldeen
|-damage|p2a: Goldeen|191\/281 par
|move|p2a: Goldeen|Blizzard|p1a: Slowbro
|-resisted|p1a: Slowbro
|-damage|p1a: Slowbro|175\/312
|
|turn|5
|choice|move 4|move 2
|
|move|p1a: Slowbro|Amnesia|p1a: Slowbro
|-boost|p1a: Slowbro|spd|2
|-boost|p1a: Slowbro|spa|2
|move|p2a: Goldeen|Blizzard|p1a: Slowbro
|-resisted|p1a: Slowbro
|-damage|p1a: Slowbro|162\/312
|
|turn|6
|choice|move 3|move 2
|
|move|p1a: Slowbro|Surf|p2a: Goldeen
|-resisted|p2a: Goldeen
|-damage|p2a: Goldeen|51\/281 par
|move|p2a: Goldeen|Blizzard|p1a: Slowbro
|-resisted|p1a: Slowbro
|-damage|p1a: Slowbro|149\/312
|
|turn|7
|choice|move 3|move 2
|
|move|p1a: Slowbro|Surf|p2a: Goldeen
|-resisted|p2a: Goldeen
|-damage|p2a: Goldeen|0 fnt
|faint|p2a: Goldeen
|choice||switch 2
|
|switch|p2a: Weepinbell|Weepinbell, L85|284\/284
|turn|8
|choice|move 1|move 4
|
|move|p2a: Weepinbell|Sleep Powder|p1a: Slowbro
|-status|p1a: Slowbro|slp
|cant|p1a: Slowbro|slp
|
|turn|9
|choice|switch 6|move 1
|
|switch|p1a: Gengar|Gengar, L79|257\/257
|move|p2a: Weepinbell|Razor Leaf|p1a: Gengar
|-crit|p1a: Gengar
|-resisted|p1a: Gengar
|-damage|p1a: Gengar|211\/257
|
|turn|10
|choice|move 1|move 1
|
|move|p1a: Gengar|Hypnosis|p2a: Weepinbell|[miss]
|-miss|p1a: Gengar
|move|p2a: Weepinbell|Razor Leaf|p1a: Gengar
|-crit|p1a: Gengar
|-resisted|p1a: Gengar
|-damage|p1a: Gengar|165\/257
|
|turn|11
|choice|move 1|move 1
|
|move|p1a: Gengar|Hypnosis|p2a: Weepinbell
|-status|p2a: Weepinbell|slp
|cant|p2a: Weepinbell|slp
|
|turn|12
|choice|move 4|switch 6
|
|switch|p2a: Venomoth|Venomoth, L85|293\/293
|move|p1a: Gengar|Thunderbolt|p2a: Venomoth
|-damage|p2a: Venomoth|225\/293
|
|turn|13
|choice|switch 4|move 3
|
|switch|p1a: Raichu|Raichu, L85|276\/276
|move|p2a: Venomoth|Psychic|p1a: Raichu
|-damage|p1a: Raichu|220\/276
|
|turn|14
|choice|move 3|move 2
|
|move|p1a: Raichu|Thunderbolt|p2a: Venomoth
|-damage|p2a: Venomoth|130\/293
|move|p2a: Venomoth|Stun Spore|p1a: Raichu|[miss]
|-miss|p2a: Venomoth
|
|turn|15
|choice|move 3|switch 3
|
|switch|p2a: Onix|Onix, L90|246\/246
|move|p1a: Raichu|Thunderbolt|p2a: Onix
|-immune|p2a: Onix|[msg]
|
|turn|16
|choice|move 1|switch 5
|
|switch|p2a: Slowbro|Slowbro, L79|312\/312
|move|p1a: Raichu|Surf|p2a: Slowbro
|-resisted|p2a: Slowbro
|-damage|p2a: Slowbro|274\/312
|
|turn|17
|choice|move 3|move 4
|
|move|p1a: Raichu|Thunderbolt|p2a: Slowbro
|-supereffective|p2a: Slowbro
|-damage|p2a: Slowbro|52\/312
|move|p2a: Slowbro|Thunder Wave|p1a: Raichu
|-status|p1a: Raichu|par
|
|turn|18
|choice|move 1|switch 6
|
|switch|p2a: Weepinbell|Weepinbell, L85|284\/284 slp
|move|p1a: Raichu|Surf|p2a: Weepinbell
|-resisted|p2a: Weepinbell
|-damage|p2a: Weepinbell|248\/284 slp
|
|turn|19
|choice|move 4|move 2
|
|cant|p2a: Weepinbell|slp
|move|p1a: Raichu|Agility|p1a: Raichu
|-boost|p1a: Raichu|spe|2
|
|turn|20
|choice|move 3|move 3
|
|move|p1a: Raichu|Thunderbolt|p2a: Weepinbell
|-crit|p2a: Weepinbell
|-resisted|p2a: Weepinbell
|-damage|p2a: Weepinbell|150\/284 slp
|cant|p2a: Weepinbell|slp
|
|turn|21
|choice|move 3|move 3
|
|move|p1a: Raichu|Thunderbolt|p2a: Weepinbell
|-resisted|p2a: Weepinbell
|-damage|p2a: Weepinbell|101\/284 slp
|cant|p2a: Weepinbell|slp
|
|turn|22
|choice|move 3|move 3
|
|cant|p1a: Raichu|par
|cant|p2a: Weepinbell|slp
|
|turn|23
|choice|move 3|move 3
|
|cant|p1a: Raichu|par
|-curestatus|p2a: Weepinbell|slp
|
|turn|24
|choice|move 3|move 3
|
|move|p1a: Raichu|Thunderbolt|p2a: Weepinbell
|-crit|p2a: Weepinbell
|-resisted|p2a: Weepinbell
|-damage|p2a: Weepinbell|9\/284
|move|p2a: Weepinbell|Body Slam|p1a: Raichu
|-damage|p1a: Raichu|145\/276 par
|
|turn|25
|choice|move 3|move 3
|
|move|p1a: Raichu|Thunderbolt|p2a: Weepinbell
|-resisted|p2a: Weepinbell
|-damage|p2a: Weepinbell|0 fnt
|faint|p2a: Weepinbell
|choice||switch 3
|
|switch|p2a: Venomoth|Venomoth, L85|130\/293
|turn|26
|choice|move 3|move 3
|
|cant|p1a: Raichu|par
|move|p2a: Venomoth|Psychic|p1a: Raichu
|-crit|p1a: Raichu
|-damage|p1a: Raichu|31\/276 par
|-unboost|p1a: Raichu|spd|1
|-unboost|p1a: Raichu|spa|1
|
|turn|27
|choice|move 3|move 3
|
|move|p2a: Venomoth|Psychic|p1a: Raichu
|-damage|p1a: Raichu|0 fnt
|faint|p1a: Raichu
|choice|switch 5|
|
|switch|p1a: Kangaskhan|Kangaskhan, L85|352\/352
|turn|28
|choice|move 3|move 2
|
|move|p1a: Kangaskhan|Body Slam|p2a: Venomoth
|-damage|p2a: Venomoth|7\/293
|move|p2a: Venomoth|Stun Spore|p1a: Kangaskhan
|-status|p1a: Kangaskhan|par
|
|turn|29
|choice|move 3|move 3
|
|move|p2a: Venomoth|Psychic|p1a: Kangaskhan
|-damage|p1a: Kangaskhan|262\/352 par
|move|p1a: Kangaskhan|Body Slam|p2a: Venomoth
|-damage|p2a: Venomoth|0 fnt
|faint|p2a: Venomoth
|choice||switch 6
|
|switch|p2a: Slowbro|Slowbro, L79|52\/312
|turn|30
|choice|move 3|move 2
|
|move|p2a: Slowbro|Rest|p2a: Slowbro
|-status|p2a: Slowbro|slp
|-heal|p2a: Slowbro|312\/312 slp|[silent]
|-status|p2a: Slowbro|slp|[from] move: Rest
|cant|p1a: Kangaskhan|par
|
|turn|31
|choice|switch 4|move 2
|
|switch|p1a: Gengar|Gengar, L79|165\/257
|cant|p2a: Slowbro|slp
|
|turn|32
|choice|move 4|move 4
|
|move|p1a: Gengar|Thunderbolt|p2a: Slowbro
|-supereffective|p2a: Slowbro
|-damage|p2a: Slowbro|159\/312 slp
|-curestatus|p2a: Slowbro|slp
|
|turn|33
|choice|move 4|move 4
|
|move|p1a: Gengar|Thunderbolt|p2a: Slowbro
|-supereffective|p2a: Slowbro
|-damage|p2a: Slowbro|1\/312
|move|p2a: Slowbro|Thunder Wave|p1a: Gengar
|-status|p1a: Gengar|par
|
|turn|34
|choice|move 2|move 2
|
|move|p2a: Slowbro|Rest|p2a: Slowbro
|-status|p2a: Slowbro|slp
|-heal|p2a: Slowbro|312\/312 slp|[silent]
|-status|p2a: Slowbro|slp|[from] move: Rest
|move|p1a: Gengar|Mega Drain|p2a: Slowbro
|-supereffective|p2a: Slowbro
|-damage|p2a: Slowbro|238\/312 slp
|-heal|p1a: Gengar|202\/257 par|[from] drain|[of] p2a: Slowbro
|
|turn|35
|choice|move 4|move 3
|
|cant|p2a: Slowbro|slp
|move|p1a: Gengar|Thunderbolt|p2a: Slowbro
|-supereffective|p2a: Slowbro
|-damage|p2a: Slowbro|87\/312 slp
|
|turn|36
|choice|move 4|move 3
|
|-curestatus|p2a: Slowbro|slp
|move|p1a: Gengar|Thunderbolt|p2a: Slowbro
|-supereffective|p2a: Slowbro
|-damage|p2a: Slowbro|0 fnt
|faint|p2a: Slowbro
|choice||switch 5
|
|switch|p2a: Onix|Onix, L90|246\/246
|turn|37
|choice|switch 6|move 3
|
|switch|p1a: Slowbro|Slowbro, L79|149\/312 slp
|move|p2a: Onix|Earthquake|p1a: Slowbro
|-damage|p1a: Slowbro|77\/312 slp
|
|turn|38
|choice|move 3|switch 4
|
|switch|p2a: Jolteon|Jolteon, L79|265\/265
|cant|p1a: Slowbro|slp
|
|turn|39
|choice|move 3|move 4
|
|move|p2a: Jolteon|Body Slam|p1a: Slowbro
|-damage|p1a: Slowbro|36\/312 slp
|cant|p1a: Slowbro|slp
|
|turn|40
|choice|move 3|switch 4
|
|switch|p2a: Onix|Onix, L90|246\/246
|-curestatus|p1a: Slowbro|slp
|
|turn|41
|choice|move 3|move 3
|
|move|p2a: Onix|Earthquake|p1a: Slowbro
|-damage|p1a: Slowbro|0 fnt
|faint|p1a: Slowbro
|choice|switch 3|
|
|switch|p1a: Cubone|Cubone, L96|291\/291
|turn|42
|choice|move 2|move 3
|
|move|p2a: Onix|Earthquake|p1a: Cubone
|-damage|p1a: Cubone|225\/291
|move|p1a: Cubone|Earthquake|p2a: Onix
|-supereffective|p2a: Onix
|-damage|p2a: Onix|132\/246
|
|turn|43
|choice|move 1|switch 4
|
|switch|p2a: Jolteon|Jolteon, L79|265\/265
|move|p1a: Cubone|Blizzard|p2a: Jolteon
|-damage|p2a: Jolteon|201\/265
|-status|p2a: Jolteon|frz
|
|turn|44
|choice|switch 2|move 2
|
|switch|p1a: Aerodactyl|Aerodactyl, L90|327\/327
|cant|p2a: Jolteon|frz
|
|turn|45
|choice|move 4|move 2
|
|move|p1a: Aerodactyl|Reflect|p1a: Aerodactyl
|-start|p1a: Aerodactyl|Reflect
|cant|p2a: Jolteon|frz
|
|turn|46
|c|★BulletTooth Tony|kill me already
|choice|move 1|move 3
|
|move|p1a: Aerodactyl|Hyper Beam|p2a: Jolteon
|-damage|p2a: Jolteon|43\/265 frz
|cant|p2a: Jolteon|frz
|
|turn|47
|-mustrecharge|p1a: Aerodactyl
|-mustrecharge|p1a: Aerodactyl
|choice|move 1|move 3
|
|cant|p1a: Aerodactyl|recharge
|cant|p2a: Jolteon|frz
|
|turn|48
|choice|move 1|move 3
|
|move|p1a: Aerodactyl|Hyper Beam|p2a: Jolteon
|-damage|p2a: Jolteon|0 fnt
|faint|p2a: Jolteon
|choice||switch 4
|
|switch|p2a: Onix|Onix, L90|132\/246
|turn|49
|c|★BulletTooth Tony|some people just get lucky
|choice|move 1|move 3
|
|move|p1a: Aerodactyl|Hyper Beam|p2a: Onix
|-resisted|p2a: Onix
|-damage|p2a: Onix|92\/246
|move|p2a: Onix|Earthquake|p1a: Aerodactyl
|-immune|p1a: Aerodactyl|[msg]
|
|turn|50
|-mustrecharge|p1a: Aerodactyl
|-mustrecharge|p1a: Aerodactyl
|choice|move 1|move 4
|
|cant|p1a: Aerodactyl|recharge
|move|p2a: Onix|Rock Slide|p1a: Aerodactyl
|-supereffective|p1a: Aerodactyl
|-damage|p1a: Aerodactyl|256\/327
|
|turn|51
|choice|move 2|move 4
|
|move|p1a: Aerodactyl|Double-Edge|p2a: Onix
|-crit|p2a: Onix
|-resisted|p2a: Onix
|-damage|p2a: Onix|45\/246
|-damage|p1a: Aerodactyl|245\/327|[from] recoil|[of] p2a: Onix
|move|p2a: Onix|Rock Slide|p1a: Aerodactyl
|-supereffective|p1a: Aerodactyl
|-damage|p1a: Aerodactyl|176\/327
|
|turn|52
|c|★BulletTooth Tony|ps\/ your main sucks
|c|★BulletTooth Tony|whoops his ass
|choice|move 2|move 4
|
|move|p1a: Aerodactyl|Double-Edge|p2a: Onix
|-resisted|p2a: Onix
|-damage|p2a: Onix|20\/246
|-damage|p1a: Aerodactyl|170\/327|[from] recoil|[of] p2a: Onix
|move|p2a: Onix|Rock Slide|p1a: Aerodactyl
|-supereffective|p1a: Aerodactyl
|-damage|p1a: Aerodactyl|105\/327
|
|turn|53
|c|★MALESANI|shut up
|choice|move 2|move 4
|
|move|p1a: Aerodactyl|Double-Edge|p2a: Onix
|-crit|p2a: Onix
|-resisted|p2a: Onix
|-damage|p2a: Onix|0 fnt
|-damage|p1a: Aerodactyl|100\/327|[from] recoil|[of] p2a: Onix
|faint|p2a: Onix
|
|win|MALESANI
|player|p1
|player|p2
|raw|MALESANI's rating: 1442 &rarr; <strong>1450<\/strong><br \/>(+8 for winning)
|raw|BulletTooth Tony's rating: 1192 &rarr; <strong>1182<\/strong><br \/>(-10 for losing)
|c|★BulletTooth Tony|lol
|c|★BulletTooth Tony|awww