|j|Judo
|j|KarateBestM.Art
|player|p1|Judo|70
|player|p2|KarateBestM.Art|101
|gametype|singles
|gen|1
|tier|[Gen 1] Random Battle
|seed|
|rule|Sleep Clause Mod: Limit one foe put to sleep
|rule|Freeze Clause Mod: Limit one foe frozen
|rule|HP Percentage Mod: HP is shown in percentages
|
|start
|switch|p1a: Gyarados|Gyarados, L85|100\/100
|switch|p2a: Psyduck|Psyduck, L96|100\/100
|turn|1
|c|★Judo|yasss :D hugs
|c|★Judo|whats kickin lord boyt?
|c|★KarateBestM.Art|lol psyduck
|choice||
|
|move|p1a: Gyarados|Thunderbolt|p2a: Psyduck
|-supereffective|p2a: Psyduck
|-damage|p2a: Psyduck|41\/100
|move|p2a: Psyduck|Body Slam|p1a: Gyarados
|-damage|p1a: Gyarados|84\/100
|-status|p1a: Gyarados|par
|
|turn|2
|c|★KarateBestM.Art|Finished my game
|c|★KarateBestM.Art|Have you played Phoenix Wright?
|choice||
|
|move|p2a: Psyduck|Amnesia|p2a: Psyduck
|-boost|p2a: Psyduck|spd|2
|-boost|p2a: Psyduck|spa|2
|cant|p1a: Gyarados|par
|
|turn|3
|choice||
|
|move|p2a: Psyduck|Amnesia|p2a: Psyduck
|-boost|p2a: Psyduck|spd|2
|-boost|p2a: Psyduck|spa|2
|cant|p1a: Gyarados|par
|
|turn|4
|c|★Judo|i love phoenix wright ^_^
|choice||
|
|move|p2a: Psyduck|Amnesia|p2a: Psyduck
|-boost|p2a: Psyduck|spd|2
|-boost|p2a: Psyduck|spa|2
|move|p1a: Gyarados|Thunderbolt|p2a: Psyduck
|-crit|p2a: Psyduck
|-supereffective|p2a: Psyduck
|-damage|p2a: Psyduck|0 fnt
|faint|p2a: Psyduck
|c|★KarateBestM.Art|-_-
|c|★Judo|skillful crit
|c|★KarateBestM.Art|It is my favourite game series
|c|★Judo|:D really?
|c|★KarateBestM.Art|Just played Dual Destinies
|c|★Judo|its one my screen savers
|choice||
|
|switch|p2a: Mr. Mime|Mr. Mime, L85|100\/100
|turn|5
|c|★Judo|DD kinda let me down :_:
|choice||
|
|move|p2a: Mr. Mime|Thunderbolt|p1a: Gyarados
|-crit|p1a: Gyarados
|-supereffective|p1a: Gyarados
|-damage|p1a: Gyarados|0 fnt
|faint|p1a: Gyarados
|choice||
|
|switch|p1a: Weedle|Weedle, L99|100\/100
|turn|6
|choice||
|
|move|p2a: Mr. Mime|Psychic|p1a: Weedle
|-supereffective|p1a: Weedle
|-damage|p1a: Weedle|0 fnt
|faint|p1a: Weedle
|c|★Judo|lmao
|c|★Judo|nuuuuuu not weedle
|c|★KarateBestM.Art|Shouldnt have sacked it then :P
|choice||
|
|switch|p1a: Zapdos|Zapdos, L79|100\/100
|turn|7
|choice||
|
|move|p2a: Mr. Mime|Thunder Wave|p1a: Zapdos
|-status|p1a: Zapdos|par
|move|p1a: Zapdos|Thunder Wave|p2a: Mr. Mime
|-status|p2a: Mr. Mime|par
|
|turn|8
|choice||
|
|move|p1a: Zapdos|Drill Peck|p2a: Mr. Mime
|-damage|p2a: Mr. Mime|65\/100 par
|move|p2a: Mr. Mime|Psychic|p1a: Zapdos
|-damage|p1a: Zapdos|74\/100 par
|
|turn|9
|choice||
|
|cant|p2a: Mr. Mime|par
|move|p1a: Zapdos|Drill Peck|p2a: Mr. Mime
|-crit|p2a: Mr. Mime
|-damage|p2a: Mr. Mime|1\/100 par
|
|turn|10
|c|★Judo|and another
|choice||
|
|move|p2a: Mr. Mime|Psychic|p1a: Zapdos
|-damage|p1a: Zapdos|46\/100 par
|move|p1a: Zapdos|Drill Peck|p2a: Mr. Mime
|-damage|p2a: Mr. Mime|0 fnt
|faint|p2a: Mr. Mime
|c|★Judo|how was work?
|choice||
|
|switch|p2a: Nidorino|Nidorino, L90|100\/100
|turn|11
|choice||
|
|move|p2a: Nidorino|Blizzard|p1a: Zapdos
|-supereffective|p1a: Zapdos
|-damage|p1a: Zapdos|10\/100 par
|cant|p1a: Zapdos|par
|
|turn|12
|choice||
|
|move|p2a: Nidorino|Body Slam|p1a: Zapdos
|-damage|p1a: Zapdos|0 fnt
|faint|p1a: Zapdos
|choice||
|
|switch|p1a: Mew|Mew, L74|100\/100
|turn|13
|choice||
|
|move|p1a: Mew|Psychic|p2a: Nidorino
|-supereffective|p2a: Nidorino
|-damage|p2a: Nidorino|40\/100
|move|p2a: Nidorino|Thunder|p1a: Mew
|-damage|p1a: Mew|78\/100
|
|turn|14
|choice||
|
|move|p1a: Mew|Psychic|p2a: Nidorino
|-supereffective|p2a: Nidorino
|-damage|p2a: Nidorino|0 fnt
|faint|p2a: Nidorino
|choice||
|
|switch|p2a: Wartortle|Wartortle, L85|100\/100
|turn|15
|c|★KarateBestM.Art|Standard
|choice||
|
|move|p1a: Mew|Psychic|p2a: Wartortle
|-crit|p2a: Wartortle
|-damage|p2a: Wartortle|41\/100
|-unboost|p2a: Wartortle|spd|1
|-unboost|p2a: Wartortle|spa|1
|move|p2a: Wartortle|Body Slam|p1a: Mew
|-damage|p1a: Mew|60\/100
|
|turn|16
|c|★KarateBestM.Art|I just stand around doing nothing and get paid
|choice||
|
|move|p1a: Mew|Psychic|p2a: Wartortle
|-crit|p2a: Wartortle
|-damage|p2a: Wartortle|0 fnt
|faint|p2a: Wartortle
|choice||
|
|switch|p2a: Charmeleon|Charmeleon, L85|100\/100
|turn|17
|choice||
|
|move|p1a: Mew|Soft-Boiled|p1a: Mew
|-heal|p1a: Mew|100\/100
|move|p2a: Charmeleon|Body Slam|p1a: Mew
|-damage|p1a: Mew|82\/100
|
|turn|18
|choice||
|
|move|p1a: Mew|Psychic|p2a: Charmeleon
|-damage|p2a: Charmeleon|66\/100
|move|p2a: Charmeleon|Body Slam|p1a: Mew
|-damage|p1a: Mew|65\/100
|-status|p1a: Mew|par
|
|turn|19
|choice||
|
|move|p2a: Charmeleon|Seismic Toss|p1a: Mew
|-damage|p1a: Mew|37\/100 par
|move|p1a: Mew|Psychic|p2a: Charmeleon
|-damage|p2a: Charmeleon|35\/100
|-unboost|p2a: Charmeleon|spd|1
|-unboost|p2a: Charmeleon|spa|1
|
|turn|20
|choice||
|
|move|p2a: Charmeleon|Seismic Toss|p1a: Mew
|-damage|p1a: Mew|8\/100 par
|move|p1a: Mew|Psychic|p2a: Charmeleon
|-damage|p2a: Charmeleon|0 fnt
|faint|p2a: Charmeleon
|choice||
|
|switch|p2a: Machoke|Machoke, L85|100\/100
|turn|21
|choice||
|
|move|p2a: Machoke|Body Slam|p1a: Mew
|-damage|p1a: Mew|0 fnt
|faint|p1a: Mew
|choice||
|
|switch|p1a: Snorlax|Snorlax, L79|100\/100
|turn|22
|choice||
|
|move|p2a: Machoke|Submission|p1a: Snorlax
|-supereffective|p1a: Snorlax
|-damage|p1a: Snorlax|45\/100
|-damage|p2a: Machoke|82\/100|[from] recoil|[of] p1a: Snorlax
|move|p1a: Snorlax|Self-Destruct|p2a: Machoke
|-damage|p2a: Machoke|0 fnt
|faint|p2a: Machoke
|faint|p1a: Snorlax
|
|win|Judo
|player|p1
|player|p2
|c|★KarateBestM.Art|lol
|c|★Judo|gg fam <3