|j|Whoremaster
|j|Feena
|player|p1|Whoremaster|43
|player|p2|Feena|102
|gametype|singles
|gen|1
|tier|[Gen 1] OU
|rated
|seed|33998,37358,60621,63035
|rule|Sleep Clause Mod: Limit one foe put to sleep
|rule|Freeze Clause Mod: Limit one foe frozen
|rule|Species Clause: Limit one of each Pokémon
|rule|OHKO Clause: OHKO moves are banned
|rule|Evasion Moves Clause: Evasion moves are banned
|rule|HP Percentage Mod: HP is shown in percentages
|
|start
|switch|p1a: Alakazam|Alakazam|313\/313
|switch|p2a: Alakazam|Alakazam|313\/313
|turn|1
|choice|switch 3|switch 2
|
|switch|p2a: Exeggutor|Exeggutor|393\/393
|switch|p1a: Chansey|Chansey|703\/703
|
|turn|2
|choice|switch 3|move Sleep Powder
|
|switch|p1a: Alakazam|Alakazam|313\/313
|move|p2a: Exeggutor|Sleep Powder|p1a: Alakazam
|-status|p1a: Alakazam|slp
|
|turn|3
|choice|switch 3|switch 2
|
|switch|p1a: Chansey|Chansey|703\/703
|switch|p2a: Alakazam|Alakazam|313\/313
|
|turn|4
|choice|move 3|switch 4
|
|switch|p2a: Chansey|Chansey|703\/703
|move|p1a: Chansey|Thunder Wave|p2a: Chansey
|-status|p2a: Chansey|par
|
|turn|5
|choice|switch 4|move Ice Beam
|
|switch|p1a: Lapras|Lapras|463\/463
|move|p2a: Chansey|Ice Beam|p1a: Lapras
|-crit|p1a: Lapras
|-resisted|p1a: Lapras
|-damage|p1a: Lapras|428\/463
|
|turn|6
|choice|switch 4|move Thunder Wave
|
|switch|p1a: Chansey|Chansey|703\/703
|cant|p2a: Chansey|par
|
|turn|7
|choice|move 2|move Ice Beam
|
|move|p1a: Chansey|Thunderbolt|p2a: Chansey
|-damage|p2a: Chansey|628\/703 par
|cant|p2a: Chansey|par
|
|turn|8
|choice|switch 4|move Ice Beam
|
|switch|p1a: Lapras|Lapras|428\/463
|move|p2a: Chansey|Ice Beam|p1a: Lapras
|-crit|p1a: Lapras
|-resisted|p1a: Lapras
|-damage|p1a: Lapras|390\/463
|
|turn|9
|choice|move 4|move Thunderbolt
|
|move|p1a: Lapras|Confuse Ray|p2a: Chansey
|-start|p2a: Chansey|confusion
|-activate|p2a: Chansey|confusion
|move|p2a: Chansey|Thunderbolt|p1a: Lapras
|-supereffective|p1a: Lapras
|-damage|p1a: Lapras|238\/463
|
|turn|10
|choice|move 3|switch 4
|
|switch|p2a: Alakazam|Alakazam|313\/313
|move|p1a: Lapras|Body Slam|p2a: Alakazam
|-damage|p2a: Alakazam|220\/313
|
|turn|11
|choice|move 1|move Psychic
|
|move|p2a: Alakazam|Psychic|p1a: Lapras
|-crit|p1a: Lapras
|-damage|p1a: Lapras|0 fnt
|faint|p1a: Lapras
|choice|switch 2|
|
|switch|p1a: Exeggutor|Exeggutor|393\/393
|turn|12
|choice|move 3|move Thunder Wave
|
|move|p2a: Alakazam|Thunder Wave|p1a: Exeggutor
|-status|p1a: Exeggutor|par
|move|p1a: Exeggutor|Double-Edge|p2a: Alakazam
|-damage|p2a: Alakazam|98\/313
|-damage|p1a: Exeggutor|363\/393 par|[from] recoil|[of] p2a: Alakazam
|
|turn|13
|choice|move 1|move Recover
|
|move|p2a: Alakazam|Recover|p2a: Alakazam
|-heal|p2a: Alakazam|254\/313
|move|p1a: Exeggutor|Sleep Powder|p2a: Alakazam
|-status|p2a: Alakazam|slp
|
|turn|14
|choice|move 3|switch 3
|
|switch|p2a: Lapras|Lapras|463\/463
|cant|p1a: Exeggutor|par
|
|turn|15
|choice|switch 4|move Blizzard
|
|switch|p1a: Chansey|Chansey|703\/703
|move|p2a: Lapras|Blizzard|p1a: Chansey
|-damage|p1a: Chansey|564\/703
|
|turn|16
|choice|move 2|switch 4
|
|switch|p2a: Chansey|Chansey|628\/703 par
|move|p1a: Chansey|Thunderbolt|p2a: Chansey
|-damage|p2a: Chansey|556\/703 par
|
|turn|17
|choice|move 1|move Soft-Boiled
|
|move|p1a: Chansey|Ice Beam|p2a: Chansey
|-damage|p2a: Chansey|488\/703 par
|move|p2a: Chansey|Soft-Boiled|p2a: Chansey
|-heal|p2a: Chansey|703\/703 par
|
|turn|18
|choice|switch 3|move Ice Beam
|
|switch|p1a: Alakazam|Alakazam|313\/313 slp
|move|p2a: Chansey|Ice Beam|p1a: Alakazam
|-damage|p1a: Alakazam|247\/313 slp
|
|turn|19
|choice|move 4|switch 5
|
|switch|p2a: Snorlax|Snorlax|523\/523
|cant|p1a: Alakazam|slp
|
|turn|20
|choice|switch 4|move Amnesia
|
|switch|p1a: Exeggutor|Exeggutor|363\/393 par
|move|p2a: Snorlax|Amnesia|p2a: Snorlax
|-boost|p2a: Snorlax|spd|2
|-boost|p2a: Snorlax|spa|2
|
|turn|21
|choice|move 2|move Blizzard
|
|move|p2a: Snorlax|Blizzard|p1a: Exeggutor|[miss]
|-miss|p2a: Snorlax
|move|p1a: Exeggutor|Psychic|p2a: Snorlax
|-damage|p2a: Snorlax|438\/523
|-unboost|p2a: Snorlax|spd|1
|-unboost|p2a: Snorlax|spa|1
|
|turn|22
|choice|switch 3|move Amnesia
|
|switch|p1a: Chansey|Chansey|564\/703
|move|p2a: Snorlax|Amnesia|p2a: Snorlax
|-boost|p2a: Snorlax|spd|2
|-boost|p2a: Snorlax|spa|2
|
|turn|23
|choice|move 3|move Amnesia
|
|move|p1a: Chansey|Thunder Wave|p2a: Snorlax
|-status|p2a: Snorlax|par
|cant|p2a: Snorlax|par
|
|turn|24
|choice|move 2|move Blizzard
|
|move|p1a: Chansey|Thunderbolt|p2a: Snorlax
|-damage|p2a: Snorlax|398\/523 par
|move|p2a: Snorlax|Blizzard|p1a: Chansey
|-damage|p1a: Chansey|399\/703
|
|turn|25
|choice|move 4|move Body Slam
|
|move|p1a: Chansey|Soft-Boiled|p1a: Chansey
|-heal|p1a: Chansey|703\/703
|cant|p2a: Snorlax|par
|
|turn|26
|choice|move 2|move Rest
|
|move|p1a: Chansey|Thunderbolt|p2a: Snorlax
|-damage|p2a: Snorlax|360\/523 par
|move|p2a: Snorlax|Rest|p2a: Snorlax
|-status|p2a: Snorlax|slp
|-heal|p2a: Snorlax|523\/523 slp|[silent]
|-status|p2a: Snorlax|slp|[from] move: Rest
|
|turn|27
|choice|switch 6|move Body Slam
|
|switch|p1a: Tauros|Tauros|353\/353
|cant|p2a: Snorlax|slp
|
|turn|28
|choice|move 1|move Body Slam
|
|move|p1a: Tauros|Body Slam|p2a: Snorlax
|-damage|p2a: Snorlax|394\/523 slp
|-curestatus|p2a: Snorlax|slp
|
|turn|29
|choice|switch 6|move Blizzard
|
|switch|p1a: Chansey|Chansey|703\/703
|move|p2a: Snorlax|Blizzard|p1a: Chansey
|-damage|p1a: Chansey|519\/703
|
|turn|30
|choice|move 2|move Amnesia
|
|move|p1a: Chansey|Thunderbolt|p2a: Snorlax
|-damage|p2a: Snorlax|353\/523
|move|p2a: Snorlax|Amnesia|p2a: Snorlax
|-boost|p2a: Snorlax|spd|2
|-boost|p2a: Snorlax|spa|2
|
|turn|31
|choice|move 2|move Amnesia
|
|move|p1a: Chansey|Thunderbolt|p2a: Snorlax
|-damage|p2a: Snorlax|326\/523
|move|p2a: Snorlax|Amnesia|p2a: Snorlax
|-boost|p2a: Snorlax|spd|2
|-boost|p2a: Snorlax|spa|2
|
|turn|32
|choice|switch 6|move Blizzard
|
|switch|p1a: Tauros|Tauros|353\/353
|move|p2a: Snorlax|Blizzard|p1a: Tauros
|-crit|p1a: Tauros
|-damage|p1a: Tauros|188\/353
|
|turn|33
|choice|switch 6|move Blizzard
|
|switch|p1a: Chansey|Chansey|519\/703
|move|p2a: Snorlax|Blizzard|p1a: Chansey
|-damage|p1a: Chansey|248\/703
|
|turn|34
|choice|move 4|move Body Slam
|
|move|p1a: Chansey|Soft-Boiled|p1a: Chansey
|-heal|p1a: Chansey|599\/703
|move|p2a: Snorlax|Body Slam|p1a: Chansey
|-damage|p1a: Chansey|365\/703
|
|turn|35
|choice|move 4|move Body Slam
|
|move|p1a: Chansey|Soft-Boiled|p1a: Chansey
|-heal|p1a: Chansey|703\/703
|move|p2a: Snorlax|Body Slam|p1a: Chansey
|-damage|p1a: Chansey|448\/703
|
|turn|36
|choice|move 3|move Body Slam
|
|move|p1a: Chansey|Thunder Wave|p2a: Snorlax
|-status|p2a: Snorlax|par
|cant|p2a: Snorlax|par
|
|turn|37
|choice|move 4|move Body Slam
|
|move|p1a: Chansey|Soft-Boiled|p1a: Chansey
|-fail|p1a: Chansey
|move|p2a: Snorlax|Body Slam|p1a: Chansey
|-damage|p1a: Chansey|223\/703
|
|turn|38
|choice|move 4|move Body Slam
|
|move|p1a: Chansey|Soft-Boiled|p1a: Chansey
|-heal|p1a: Chansey|574\/703
|move|p2a: Snorlax|Body Slam|p1a: Chansey
|-damage|p1a: Chansey|336\/703
|
|turn|39
|choice|move 4|move Body Slam
|
|move|p1a: Chansey|Soft-Boiled|p1a: Chansey
|-heal|p1a: Chansey|687\/703
|move|p2a: Snorlax|Body Slam|p1a: Chansey
|-damage|p1a: Chansey|453\/703
|
|turn|40
|choice|move 4|move Body Slam
|
|move|p1a: Chansey|Soft-Boiled|p1a: Chansey
|-heal|p1a: Chansey|703\/703
|move|p2a: Snorlax|Body Slam|p1a: Chansey
|-damage|p1a: Chansey|483\/703
|
|turn|41
|choice|move 2|move Body Slam
|
|move|p1a: Chansey|Thunderbolt|p2a: Snorlax
|-damage|p2a: Snorlax|302\/523 par
|move|p2a: Snorlax|Body Slam|p1a: Chansey
|-damage|p1a: Chansey|234\/703
|
|turn|42
|choice|move 4|move Body Slam
|
|move|p1a: Chansey|Soft-Boiled|p1a: Chansey
|-heal|p1a: Chansey|585\/703
|move|p2a: Snorlax|Body Slam|p1a: Chansey
|-damage|p1a: Chansey|326\/703
|
|turn|43
|choice|move 4|move Body Slam
|
|move|p1a: Chansey|Soft-Boiled|p1a: Chansey
|-heal|p1a: Chansey|677\/703
|move|p2a: Snorlax|Body Slam|p1a: Chansey
|-damage|p1a: Chansey|453\/703
|
|turn|44
|c|★Whoremaster|you ever gunna get full para lol
|choice|move 2|move Body Slam
|
|move|p1a: Chansey|Thunderbolt|p2a: Snorlax
|-damage|p2a: Snorlax|276\/523 par
|move|p2a: Snorlax|Body Slam|p1a: Chansey
|-damage|p1a: Chansey|227\/703
|
|turn|45
|choice|move 4|move Body Slam
|
|move|p1a: Chansey|Soft-Boiled|p1a: Chansey
|-heal|p1a: Chansey|578\/703
|move|p2a: Snorlax|Body Slam|p1a: Chansey
|-damage|p1a: Chansey|332\/703
|
|turn|46
|choice|move 2|move Body Slam
|
|move|p1a: Chansey|Thunderbolt|p2a: Snorlax
|-crit|p2a: Snorlax
|-damage|p2a: Snorlax|65\/523 par
|move|p2a: Snorlax|Body Slam|p1a: Chansey
|-damage|p1a: Chansey|89\/703
|
|turn|47
|choice|switch 5|move Blizzard
|
|switch|p1a: Golem|Golem|363\/363
|move|p2a: Snorlax|Blizzard|p1a: Golem
|-supereffective|p1a: Golem
|-damage|p1a: Golem|0 fnt
|faint|p1a: Golem
|c|★Whoremaster|:(
|choice|switch 6|
|
|switch|p1a: Tauros|Tauros|188\/353
|turn|48
|choice|move 1|move Body Slam
|
|move|p1a: Tauros|Body Slam|p2a: Snorlax
|-damage|p2a: Snorlax|0 fnt
|faint|p2a: Snorlax
|choice||switch 4
|
|switch|p2a: Lapras|Lapras|463\/463
|turn|49
|choice|move 1|move Blizzard
|
|move|p1a: Tauros|Body Slam|p2a: Lapras
|-damage|p2a: Lapras|343\/463
|-status|p2a: Lapras|par
|cant|p2a: Lapras|par
|
|turn|50
|choice|move 1|move Blizzard
|
|move|p1a: Tauros|Body Slam|p2a: Lapras
|-crit|p2a: Lapras
|-damage|p2a: Lapras|102\/463 par
|move|p2a: Lapras|Blizzard|p1a: Tauros
|-damage|p1a: Tauros|16\/353
|
|turn|51
|choice|move 1|move Blizzard
|
|move|p1a: Tauros|Body Slam|p2a: Lapras
|-damage|p2a: Lapras|0 fnt
|faint|p2a: Lapras
|choice||switch 6
|
|switch|p2a: Tauros|Tauros|353\/353
|turn|52
|choice|move 4|move Body Slam
|
|move|p1a: Tauros|Hyper Beam|p2a: Tauros
|-damage|p2a: Tauros|158\/353
|move|p2a: Tauros|Body Slam|p1a: Tauros
|-damage|p1a: Tauros|0 fnt
|faint|p1a: Tauros
|choice|switch 3|
|
|switch|p1a: Exeggutor|Exeggutor|363\/393 par
|turn|53
|choice|move 2|switch 5
|
|switch|p2a: Chansey|Chansey|703\/703 par
|move|p1a: Exeggutor|Psychic|p2a: Chansey
|-damage|p2a: Chansey|575\/703 par
|
|turn|54
|choice|move 4|move Ice Beam
|
|cant|p1a: Exeggutor|par
|move|p2a: Chansey|Ice Beam|p1a: Exeggutor
|-supereffective|p1a: Exeggutor
|-damage|p1a: Exeggutor|240\/393 par
|
|turn|55
|choice|move 4|move Ice Beam
|
|cant|p1a: Exeggutor|par
|move|p2a: Chansey|Ice Beam|p1a: Exeggutor
|-supereffective|p1a: Exeggutor
|-damage|p1a: Exeggutor|108\/393 par
|
|turn|56
|choice|move 4|move Ice Beam
|
|move|p1a: Exeggutor|Explosion|p2a: Chansey
|-damage|p2a: Chansey|0 fnt
|faint|p2a: Chansey
|faint|p1a: Exeggutor
|choice|switch 4|switch 5
|
|switch|p1a: Alakazam|Alakazam|247\/313 slp
|switch|p2a: Tauros|Tauros|158\/353
|turn|57
|choice|move 4|move Body Slam
|
|-curestatus|p1a: Alakazam|slp
|move|p2a: Tauros|Body Slam|p1a: Alakazam
|-damage|p1a: Alakazam|118\/313
|
|turn|58
|choice|move 4|switch 2
|
|switch|p2a: Exeggutor|Exeggutor|393\/393
|move|p1a: Alakazam|Recover|p1a: Alakazam
|-heal|p1a: Alakazam|274\/313
|
|turn|59
|choice|move 3|move Sleep Powder
|
|move|p1a: Alakazam|Reflect|p1a: Alakazam
|-start|p1a: Alakazam|Reflect
|move|p2a: Exeggutor|Sleep Powder|p1a: Alakazam|[miss]
|-miss|p2a: Exeggutor
|
|turn|60
|choice|switch 5|move Sleep Powder
|
|switch|p1a: Chansey|Chansey|89\/703
|move|p2a: Exeggutor|Sleep Powder|p1a: Chansey
|-status|p1a: Chansey|slp
|
|turn|61
|choice|switch 5|move Psychic
|
|switch|p1a: Alakazam|Alakazam|274\/313
|move|p2a: Exeggutor|Psychic|p1a: Alakazam
|-resisted|p1a: Alakazam
|-damage|p1a: Alakazam|224\/313
|
|turn|62
|choice|move 3|move Psychic
|
|move|p1a: Alakazam|Reflect|p1a: Alakazam
|-start|p1a: Alakazam|Reflect
|move|p2a: Exeggutor|Psychic|p1a: Alakazam
|-resisted|p1a: Alakazam
|-damage|p1a: Alakazam|177\/313
|-unboost|p1a: Alakazam|spd|1
|-unboost|p1a: Alakazam|spa|1
|
|turn|63
|choice|move 4|move Psychic
|
|move|p1a: Alakazam|Recover|p1a: Alakazam
|-heal|p1a: Alakazam|313\/313
|move|p2a: Exeggutor|Psychic|p1a: Alakazam
|-resisted|p1a: Alakazam
|-damage|p1a: Alakazam|239\/313
|
|turn|64
|choice|move 2|move Psychic
|
|move|p1a: Alakazam|Thunder Wave|p2a: Exeggutor
|-status|p2a: Exeggutor|par
|cant|p2a: Exeggutor|par
|
|turn|65
|choice|move 1|move Psychic
|
|move|p1a: Alakazam|Psychic|p2a: Exeggutor
|-resisted|p2a: Exeggutor
|-damage|p2a: Exeggutor|359\/393 par
|-unboost|p2a: Exeggutor|spd|1
|-unboost|p2a: Exeggutor|spa|1
|move|p2a: Exeggutor|Psychic|p1a: Alakazam
|-resisted|p1a: Alakazam
|-damage|p1a: Alakazam|189\/313
|
|turn|66
|choice|move 4|move Psychic
|
|move|p1a: Alakazam|Recover|p1a: Alakazam
|-heal|p1a: Alakazam|313\/313
|move|p2a: Exeggutor|Psychic|p1a: Alakazam
|-resisted|p1a: Alakazam
|-damage|p1a: Alakazam|265\/313
|
|turn|67
|choice|move 1|move Psychic
|
|move|p1a: Alakazam|Psychic|p2a: Exeggutor
|-resisted|p2a: Exeggutor
|-damage|p2a: Exeggutor|302\/393 par
|move|p2a: Exeggutor|Psychic|p1a: Alakazam
|-resisted|p1a: Alakazam
|-damage|p1a: Alakazam|214\/313
|
|turn|68
|choice|move 1|move Explosion
|
|move|p1a: Alakazam|Psychic|p2a: Exeggutor
|-resisted|p2a: Exeggutor
|-damage|p2a: Exeggutor|248\/393 par
|-unboost|p2a: Exeggutor|spd|1
|-unboost|p2a: Exeggutor|spa|1
|cant|p2a: Exeggutor|par
|
|turn|69
|choice|move 4|move Explosion
|
|move|p1a: Alakazam|Recover|p1a: Alakazam
|-heal|p1a: Alakazam|313\/313
|move|p2a: Exeggutor|Explosion|p1a: Alakazam
|-damage|p1a: Alakazam|147\/313
|faint|p2a: Exeggutor
|choice||switch 2
|
|switch|p2a: Tauros|Tauros|158\/353
|turn|70
|choice|move 4|move Hyper Beam
|
|move|p1a: Alakazam|Recover|p1a: Alakazam
|-heal|p1a: Alakazam|303\/313
|move|p2a: Tauros|Hyper Beam|p1a: Alakazam
|-damage|p1a: Alakazam|194\/313
|
|turn|71
|-mustrecharge|p2a: Tauros
|-mustrecharge|p2a: Tauros
|choice|move 1|move Recharge
|
|move|p1a: Alakazam|Psychic|p2a: Tauros
|-damage|p2a: Tauros|54\/353
|cant|p2a: Tauros|recharge
|
|turn|72
|c|★Feena|my ev :\/
|choice|move 1|move Body Slam
|
|move|p1a: Alakazam|Psychic|p2a: Tauros
|-damage|p2a: Tauros|0 fnt
|faint|p2a: Tauros
|c|★Whoremaster|ev??
|choice||switch 3
|
|switch|p2a: Alakazam|Alakazam|254\/313 slp
|turn|73
|choice|move 1|move Psychic
|
|move|p1a: Alakazam|Psychic|p2a: Alakazam
|-resisted|p2a: Alakazam
|-damage|p2a: Alakazam|219\/313 slp
|cant|p2a: Alakazam|slp
|
|turn|74
|choice|move 1|move Psychic
|
|move|p1a: Alakazam|Psychic|p2a: Alakazam
|-resisted|p2a: Alakazam
|-damage|p2a: Alakazam|186\/313 slp
|cant|p2a: Alakazam|slp
|
|turn|75
|choice|move 4|move Psychic
|
|cant|p2a: Alakazam|slp
|move|p1a: Alakazam|Recover|p1a: Alakazam
|-heal|p1a: Alakazam|313\/313
|
|turn|76
|choice|switch 5|move Psychic
|
|switch|p1a: Chansey|Chansey|89\/703 slp
|cant|p2a: Alakazam|slp
|
|turn|77
|choice|move 4|move Psychic
|
|cant|p2a: Alakazam|slp
|cant|p1a: Chansey|slp
|
|turn|78
|choice|move 4|move Psychic
|
|-curestatus|p2a: Alakazam|slp
|cant|p1a: Chansey|slp
|
|turn|79
|choice|switch 5|move Recover
|
|switch|p1a: Alakazam|Alakazam|313\/313
|move|p2a: Alakazam|Recover|p2a: Alakazam
|-heal|p2a: Alakazam|313\/313
|
|turn|80
|choice|move 2|move Thunder Wave
|
|move|p2a: Alakazam|Thunder Wave|p1a: Alakazam
|-status|p1a: Alakazam|par
|move|p1a: Alakazam|Thunder Wave|p2a: Alakazam
|-status|p2a: Alakazam|par
|
|turn|81
|choice|move 3|move Seismic Toss
|
|move|p2a: Alakazam|Seismic Toss|p1a: Alakazam
|-damage|p1a: Alakazam|213\/313 par
|move|p1a: Alakazam|Reflect|p1a: Alakazam
|-start|p1a: Alakazam|Reflect
|
|turn|82
|c|★Whoremaster|gg, cant beat seismic toss i dont think
|choice|move 4|move Seismic Toss
|
|move|p2a: Alakazam|Seismic Toss|p1a: Alakazam
|-damage|p1a: Alakazam|113\/313 par
|cant|p1a: Alakazam|par
|
|turn|83
|choice|move 4|move Psychic
|
|move|p1a: Alakazam|Recover|p1a: Alakazam
|-heal|p1a: Alakazam|269\/313 par
|cant|p2a: Alakazam|par
|
|turn|84
|choice|move 1|move Psychic
|
|cant|p1a: Alakazam|par
|cant|p2a: Alakazam|par
|
|turn|85
|c|★Whoremaster|i shoulda tried to wake chansey earlier i think
|choice|move 1|move Psychic
|
|move|p1a: Alakazam|Psychic|p2a: Alakazam
|-resisted|p2a: Alakazam
|-damage|p2a: Alakazam|261\/313 par
|move|p2a: Alakazam|Psychic|p1a: Alakazam
|-resisted|p1a: Alakazam
|-damage|p1a: Alakazam|213\/313 par
|
|turn|86
|choice|move 1|move Seismic Toss
|
|move|p2a: Alakazam|Seismic Toss|p1a: Alakazam
|-damage|p1a: Alakazam|113\/313 par
|cant|p1a: Alakazam|par
|
|turn|87
|choice|move 4|move Psychic
|
|move|p1a: Alakazam|Recover|p1a: Alakazam
|-heal|p1a: Alakazam|269\/313 par
|move|p2a: Alakazam|Psychic|p1a: Alakazam
|-resisted|p1a: Alakazam
|-damage|p1a: Alakazam|221\/313 par
|-unboost|p1a: Alakazam|spd|1
|-unboost|p1a: Alakazam|spa|1
|
|turn|88
|choice|move 1|move Seismic Toss
|
|cant|p2a: Alakazam|par
|cant|p1a: Alakazam|par
|
|turn|89
|choice|move 4|move Seismic Toss
|
|move|p2a: Alakazam|Seismic Toss|p1a: Alakazam
|-damage|p1a: Alakazam|121\/313 par
|cant|p1a: Alakazam|par
|
|turn|90
|choice|move 4|move Seismic Toss
|
|cant|p2a: Alakazam|par
|move|p1a: Alakazam|Recover|p1a: Alakazam
|-heal|p1a: Alakazam|277\/313 par
|
|turn|91
|choice|move 1|move Seismic Toss
|
|cant|p2a: Alakazam|par
|move|p1a: Alakazam|Psychic|p2a: Alakazam
|-resisted|p2a: Alakazam
|-damage|p2a: Alakazam|229\/313 par
|
|turn|92
|choice|move 1|move Seismic Toss
|
|move|p2a: Alakazam|Seismic Toss|p1a: Alakazam
|-damage|p1a: Alakazam|177\/313 par
|cant|p1a: Alakazam|par
|
|turn|93
|choice|move 4|move Seismic Toss
|
|move|p2a: Alakazam|Seismic Toss|p1a: Alakazam
|-damage|p1a: Alakazam|77\/313 par
|move|p1a: Alakazam|Recover|p1a: Alakazam
|-heal|p1a: Alakazam|233\/313 par
|
|turn|94
|choice|move 4|move Seismic Toss
|
|move|p2a: Alakazam|Seismic Toss|p1a: Alakazam
|-damage|p1a: Alakazam|133\/313 par
|move|p1a: Alakazam|Recover|p1a: Alakazam
|-heal|p1a: Alakazam|289\/313 par
|
|turn|95
|choice|move 1|move Seismic Toss
|
|move|p2a: Alakazam|Seismic Toss|p1a: Alakazam
|-damage|p1a: Alakazam|189\/313 par
|move|p1a: Alakazam|Psychic|p2a: Alakazam
|-resisted|p2a: Alakazam
|-damage|p2a: Alakazam|191\/313 par
|-unboost|p2a: Alakazam|spd|1
|-unboost|p2a: Alakazam|spa|1
|
|turn|96
|choice|move 4|move Seismic Toss
|
|move|p2a: Alakazam|Seismic Toss|p1a: Alakazam
|-damage|p1a: Alakazam|89\/313 par
|move|p1a: Alakazam|Recover|p1a: Alakazam
|-heal|p1a: Alakazam|245\/313 par
|
|turn|97
|choice|move 4|move Seismic Toss
|
|move|p1a: Alakazam|Recover|p1a: Alakazam
|-heal|p1a: Alakazam|313\/313 par
|move|p2a: Alakazam|Seismic Toss|p1a: Alakazam
|-damage|p1a: Alakazam|213\/313 par
|
|turn|98
|choice|move 1|move Seismic Toss
|
|move|p2a: Alakazam|Seismic Toss|p1a: Alakazam
|-damage|p1a: Alakazam|113\/313 par
|move|p1a: Alakazam|Psychic|p2a: Alakazam
|-crit|p2a: Alakazam
|-resisted|p2a: Alakazam
|-damage|p2a: Alakazam|88\/313 par
|
|turn|99
|choice|move 4|move Recover
|
|move|p1a: Alakazam|Recover|p1a: Alakazam
|-heal|p1a: Alakazam|269\/313 par
|move|p2a: Alakazam|Recover|p2a: Alakazam
|-heal|p2a: Alakazam|244\/313 par
|
|turn|100
|choice|move 1|move Seismic Toss
|
|cant|p2a: Alakazam|par
|move|p1a: Alakazam|Psychic|p2a: Alakazam
|-resisted|p2a: Alakazam
|-damage|p2a: Alakazam|190\/313 par
|
|turn|101
|choice|move 1|move Recover
|
|cant|p1a: Alakazam|par
|cant|p2a: Alakazam|par
|
|turn|102
|choice|move 1|move Recover
|
|cant|p1a: Alakazam|par
|move|p2a: Alakazam|Recover|p2a: Alakazam
|-heal|p2a: Alakazam|313\/313 par
|
|turn|103
|choice|move 1|move Seismic Toss
|
|cant|p1a: Alakazam|par
|move|p2a: Alakazam|Seismic Toss|p1a: Alakazam
|-damage|p1a: Alakazam|169\/313 par
|
|turn|104
|choice|move 4|move Seismic Toss
|
|move|p2a: Alakazam|Seismic Toss|p1a: Alakazam
|-damage|p1a: Alakazam|69\/313 par
|cant|p1a: Alakazam|par
|
|turn|105
|choice|move 4|move Seismic Toss
|
|cant|p2a: Alakazam|par
|move|p1a: Alakazam|Recover|p1a: Alakazam
|-heal|p1a: Alakazam|225\/313 par
|
|turn|106
|c|★Whoremaster|close
|choice|move 4|move Seismic Toss
|
|move|p2a: Alakazam|Seismic Toss|p1a: Alakazam
|-damage|p1a: Alakazam|125\/313 par
|move|p1a: Alakazam|Recover|p1a: Alakazam
|-heal|p1a: Alakazam|281\/313 par
|
|turn|107
|choice|move 1|move Seismic Toss
|
|cant|p2a: Alakazam|par
|move|p1a: Alakazam|Psychic|p2a: Alakazam
|-resisted|p2a: Alakazam
|-damage|p2a: Alakazam|259\/313 par
|-unboost|p2a: Alakazam|spd|1
|-unboost|p2a: Alakazam|spa|1
|
|turn|108
|choice|move 1|move Recover
|
|move|p1a: Alakazam|Psychic|p2a: Alakazam
|-resisted|p2a: Alakazam
|-damage|p2a: Alakazam|193\/313 par
|cant|p2a: Alakazam|par
|
|turn|109
|choice|move 1|move Recover
|
|cant|p1a: Alakazam|par
|move|p2a: Alakazam|Recover|p2a: Alakazam
|-heal|p2a: Alakazam|313\/313 par
|
|turn|110
|choice|move 1|move Seismic Toss
|
|move|p1a: Alakazam|Psychic|p2a: Alakazam
|-resisted|p2a: Alakazam
|-damage|p2a: Alakazam|242\/313 par
|move|p2a: Alakazam|Seismic Toss|p1a: Alakazam
|-damage|p1a: Alakazam|181\/313 par
|
|turn|111
|choice|move 4|move Seismic Toss
|
|move|p1a: Alakazam|Recover|p1a: Alakazam
|-heal|p1a: Alakazam|313\/313 par
|cant|p2a: Alakazam|par
|
|turn|112
|choice|move 3|move Seismic Toss
|
|move|p1a: Alakazam|Reflect|p1a: Alakazam
|-fail|p1a: Alakazam
|move|p2a: Alakazam|Seismic Toss|p1a: Alakazam
|-damage|p1a: Alakazam|213\/313 par
|
|turn|113
|choice|move 3|move Seismic Toss
|
|move|p1a: Alakazam|Reflect|p1a: Alakazam
|-fail|p1a: Alakazam
|cant|p2a: Alakazam|par
|
|turn|114
|choice|move 1|move Seismic Toss
|
|move|p1a: Alakazam|Psychic|p2a: Alakazam
|-resisted|p2a: Alakazam
|-damage|p2a: Alakazam|168\/313 par
|move|p2a: Alakazam|Seismic Toss|p1a: Alakazam
|-damage|p1a: Alakazam|113\/313 par
|
|turn|115
|choice|move 4|move Recover
|
|move|p1a: Alakazam|Recover|p1a: Alakazam
|-heal|p1a: Alakazam|269\/313 par
|move|p2a: Alakazam|Recover|p2a: Alakazam
|-heal|p2a: Alakazam|313\/313 par
|
|turn|116
|choice|move 3|move Psychic
|
|move|p1a: Alakazam|Reflect|p1a: Alakazam
|-fail|p1a: Alakazam
|cant|p2a: Alakazam|par
|
|turn|117
|choice|move 3|move Psychic
|
|move|p1a: Alakazam|Reflect|p1a: Alakazam
|-fail|p1a: Alakazam
|move|p2a: Alakazam|Psychic|p1a: Alakazam
|-resisted|p1a: Alakazam
|-damage|p1a: Alakazam|231\/313 par
|-unboost|p1a: Alakazam|spd|1
|-unboost|p1a: Alakazam|spa|1
|
|turn|118
|choice|move 2|move Psychic
|
|move|p2a: Alakazam|Psychic|p1a: Alakazam
|-resisted|p1a: Alakazam
|-damage|p1a: Alakazam|179\/313 par
|-unboost|p1a: Alakazam|spd|1
|-unboost|p1a: Alakazam|spa|1
|cant|p1a: Alakazam|par
|
|turn|119
|choice|move 4|move Seismic Toss
|
|cant|p2a: Alakazam|par
|cant|p1a: Alakazam|par
|
|turn|120
|choice|move 4|move Seismic Toss
|
|move|p2a: Alakazam|Seismic Toss|p1a: Alakazam
|-damage|p1a: Alakazam|79\/313 par
|move|p1a: Alakazam|Recover|p1a: Alakazam
|-heal|p1a: Alakazam|235\/313 par
|
|turn|121
|choice|move 4|move Seismic Toss
|
|cant|p2a: Alakazam|par
|move|p1a: Alakazam|Recover|p1a: Alakazam
|-heal|p1a: Alakazam|313\/313 par
|
|turn|122
|choice|move 2|move Psychic
|
|move|p2a: Alakazam|Psychic|p1a: Alakazam
|-crit|p1a: Alakazam
|-resisted|p1a: Alakazam
|-damage|p1a: Alakazam|210\/313 par
|-unboost|p1a: Alakazam|spd|1
|-unboost|p1a: Alakazam|spa|1
|cant|p1a: Alakazam|par
|
|turn|123
|choice|move 4|move Psychic
|
|move|p2a: Alakazam|Psychic|p1a: Alakazam
|-resisted|p1a: Alakazam
|-damage|p1a: Alakazam|136\/313 par
|-unboost|p1a: Alakazam|spd|1
|-unboost|p1a: Alakazam|spa|1
|move|p1a: Alakazam|Recover|p1a: Alakazam
|-heal|p1a: Alakazam|292\/313 par
|
|turn|124
|choice|move 2|move Psychic
|
|cant|p2a: Alakazam|par
|move|p1a: Alakazam|Thunder Wave|p2a: Alakazam
|-fail|p2a: Alakazam|par
|
|turn|125
|choice|move 3|move Psychic
|
|move|p2a: Alakazam|Psychic|p1a: Alakazam
|-crit|p1a: Alakazam
|-resisted|p1a: Alakazam
|-damage|p1a: Alakazam|193\/313 par
|move|p1a: Alakazam|Reflect|p1a: Alakazam
|-fail|p1a: Alakazam
|
|turn|126
|choice|move 4|move Seismic Toss
|
|move|p2a: Alakazam|Seismic Toss|p1a: Alakazam
|-damage|p1a: Alakazam|93\/313 par
|move|p1a: Alakazam|Recover|p1a: Alakazam
|-heal|p1a: Alakazam|249\/313 par
|
|turn|127
|choice|move 4|move Psychic
|
|cant|p2a: Alakazam|par
|move|p1a: Alakazam|Recover|p1a: Alakazam
|-heal|p1a: Alakazam|313\/313 par
|
|turn|128
|choice|move 3|move Seismic Toss
|
|cant|p2a: Alakazam|par
|cant|p1a: Alakazam|par
|
|turn|129
|choice|move 3|move Seismic Toss
|
|move|p2a: Alakazam|Seismic Toss|p1a: Alakazam
|-damage|p1a: Alakazam|213\/313 par
|cant|p1a: Alakazam|par
|
|turn|130
|choice|move 4|move Seismic Toss
|
|cant|p2a: Alakazam|par
|cant|p1a: Alakazam|par
|
|turn|131
|choice|move 4|move Psychic
|
|cant|p2a: Alakazam|par
|move|p1a: Alakazam|Recover|p1a: Alakazam
|-heal|p1a: Alakazam|313\/313 par
|
|turn|132
|choice|move 3|move Psychic
|
|move|p2a: Alakazam|Psychic|p1a: Alakazam
|-resisted|p1a: Alakazam
|-damage|p1a: Alakazam|218\/313 par
|-unboost|p1a: Alakazam|spd|1
|-unboost|p1a: Alakazam|spa|1
|move|p1a: Alakazam|Reflect|p1a: Alakazam
|-fail|p1a: Alakazam
|
|turn|133
|choice|move 4|move Psychic
|
|cant|p2a: Alakazam|par
|move|p1a: Alakazam|Recover|p1a: Alakazam
|-heal|p1a: Alakazam|313\/313 par
|
|turn|134
|choice|move 2|move Seismic Toss
|
|move|p2a: Alakazam|Seismic Toss|p1a: Alakazam
|-damage|p1a: Alakazam|213\/313 par
|cant|p1a: Alakazam|par
|
|turn|135
|choice|move 3|move Seismic Toss
|
|move|p2a: Alakazam|Seismic Toss|p1a: Alakazam
|-damage|p1a: Alakazam|113\/313 par
|move|p1a: Alakazam|Reflect|p1a: Alakazam
|-fail|p1a: Alakazam
|
|turn|136
|choice|move 4|move Seismic Toss
|
|cant|p2a: Alakazam|par
|move|p1a: Alakazam|Recover|p1a: Alakazam
|-heal|p1a: Alakazam|269\/313 par
|
|turn|137
|choice|move 3|move Psychic
|
|move|p2a: Alakazam|Psychic|p1a: Alakazam
|-resisted|p1a: Alakazam
|-damage|p1a: Alakazam|171\/313 par
|move|p1a: Alakazam|Reflect|p1a: Alakazam
|-fail|p1a: Alakazam
|
|turn|138
|choice|move 4|move Seismic Toss
|
|move|p2a: Alakazam|Seismic Toss|p1a: Alakazam
|-damage|p1a: Alakazam|71\/313 par
|move|p1a: Alakazam|Recover|p1a: Alakazam
|-heal|p1a: Alakazam|227\/313 par
|
|turn|139
|choice|move 2|move Seismic Toss
|
|move|p2a: Alakazam|Seismic Toss|p1a: Alakazam
|-damage|p1a: Alakazam|127\/313 par
|move|p1a: Alakazam|Thunder Wave|p2a: Alakazam
|-fail|p2a: Alakazam|par
|
|turn|140
|choice|move 4|move Seismic Toss
|
|move|p2a: Alakazam|Seismic Toss|p1a: Alakazam
|-damage|p1a: Alakazam|27\/313 par
|cant|p1a: Alakazam|par
|
|turn|141
|choice|move 4|move Psychic
|
|move|p2a: Alakazam|Psychic|p1a: Alakazam
|-resisted|p1a: Alakazam
|-damage|p1a: Alakazam|0 fnt
|faint|p1a: Alakazam
|c|★Whoremaster|gg
|choice|switch 5|
|
|switch|p1a: Chansey|Chansey|89\/703 slp
|turn|142
|c|★Feena|gg
|choice|move 4|move Seismic Toss
|
|cant|p1a: Chansey|slp
|move|p2a: Alakazam|Seismic Toss|p1a: Chansey
|-damage|p1a: Chansey|0 fnt
|faint|p1a: Chansey
|
|win|Feena
|player|p1
|player|p2
|raw|Whoremaster's rating: 1344 &rarr; <strong>1317<\/strong><br \/>(-27 for losing)
|raw|Feena's rating: 1213 &rarr; <strong>1247<\/strong><br \/>(+34 for winning)