|join|MALESANI
|join|prohart
|player|p1|MALESANI|238
|player|p2|prohart|163
|gametype|singles
|gen|1
|tier|[Gen 1] Random Battle
|rated
|seed|11899,53226,24405,28089
|rule|Sleep Clause Mod: Limit one foe put to sleep
|rule|Freeze Clause Mod: Limit one foe frozen
|rule|HP Percentage Mod: HP is shown in percentages
|
|start
|switch|p1a: Weedle|Weedle, L99|280\/280
|switch|p2a: Growlithe|Growlithe, L96|300\/300
|turn|1
|choice|switch 6|move 4
|
|switch|p1a: Chansey|Chansey, L79|557\/557
|move|p2a: Growlithe|Fire Blast|p1a: Chansey
|-damage|p1a: Chansey|445\/557
|
|turn|2
|join|joboy98
|choice|move 2|move 2
|
|move|p2a: Growlithe|Body Slam|p1a: Chansey
|-crit|p1a: Chansey
|-damage|p1a: Chansey|98\/557
|move|p1a: Chansey|Thunder Wave|p2a: Growlithe
|-status|p2a: Growlithe|par
|
|turn|3
|choice|move 1|move 2
|
|move|p1a: Chansey|Soft-Boiled|p1a: Chansey
|-heal|p1a: Chansey|376\/557
|move|p2a: Growlithe|Body Slam|p1a: Chansey
|-damage|p1a: Chansey|207\/557
|
|turn|4
|choice|move 1|move 2
|
|move|p1a: Chansey|Soft-Boiled|p1a: Chansey
|-heal|p1a: Chansey|485\/557
|move|p2a: Growlithe|Body Slam|p1a: Chansey
|-damage|p1a: Chansey|310\/557
|
|turn|5
|choice|move 1|move 2
|
|move|p1a: Chansey|Soft-Boiled|p1a: Chansey
|-heal|p1a: Chansey|557\/557
|cant|p2a: Growlithe|par
|
|turn|6
|choice|move 3|move 2
|
|cant|p2a: Growlithe|par
|move|p1a: Chansey|Counter|p2a: Growlithe
|-damage|p2a: Growlithe|0 fnt
|faint|p2a: Growlithe
|choice||switch 6
|
|switch|p2a: Fearow|Fearow, L90|300\/300
|turn|7
|choice|switch 3|move 4
|
|switch|p1a: Rhydon|Rhydon, L79|328\/328
|move|p2a: Fearow|Hyper Beam|p1a: Rhydon|[miss]
|-miss|p2a: Fearow
|
|turn|8
|choice|move 1|switch 4
|
|switch|p2a: Gloom|Gloom, L90|291\/291
|move|p1a: Rhydon|Earthquake|p2a: Gloom
|-damage|p2a: Gloom|161\/291
|
|turn|9
|choice|switch 6|move 4
|
|switch|p1a: Weedle|Weedle, L99|280\/280
|move|p2a: Gloom|Sleep Powder|p1a: Weedle
|-status|p1a: Weedle|slp
|
|turn|10
|-message|prohart forfeited.
|
|win|MALESANI
|leave|prohart
|player|p2