|j|stryxx
|j|It was all a dream
|player|p1|stryxx|12
|player|p2|It was all a dream|229
|gametype|singles
|gen|1
|tier|[Gen 1] OU
|rated
|seed|28469,30315,17042,42832
|rule|Sleep Clause Mod: Limit one foe put to sleep
|rule|Freeze Clause Mod: Limit one foe frozen
|rule|Species Clause: Limit one of each Pokémon
|rule|OHKO Clause: OHKO moves are banned
|rule|Evasion Moves Clause: Evasion moves are banned
|rule|HP Percentage Mod: HP is shown in percentages
|
|start
|switch|p1a: Starmie|Starmie|323\/323
|switch|p2a: Hottest100|Exeggutor|393\/393
|turn|1
|choice|move 3|move 3
|
|move|p1a: Starmie|Thunder Wave|p2a: Hottest100
|-status|p2a: Hottest100|par
|move|p2a: Hottest100|Sleep Powder|p1a: Starmie
|-status|p1a: Starmie|slp
|
|turn|2
|choice|switch 2|move 1
|
|switch|p1a: Chansey|Chansey|703\/703
|move|p2a: Hottest100|Egg Bomb|p1a: Chansey|[miss]
|-miss|p2a: Hottest100
|
|turn|3
|choice|move 2|move 1
|
|move|p1a: Chansey|Reflect|p1a: Chansey
|-start|p1a: Chansey|Reflect
|move|p2a: Hottest100|Egg Bomb|p1a: Chansey
|-damage|p1a: Chansey|604\/703
|
|turn|4
|choice|move 1|switch 6
|
|switch|p2a: Arse|Snorlax|523\/523
|move|p1a: Chansey|Seismic Toss|p2a: Arse
|-damage|p2a: Arse|423\/523
|
|turn|5
|choice|move 3|move 1
|
|move|p1a: Chansey|Thunder Wave|p2a: Arse
|-status|p2a: Arse|par
|cant|p2a: Arse|par
|
|turn|6
|choice|move 1|move 1
|
|move|p1a: Chansey|Seismic Toss|p2a: Arse
|-damage|p2a: Arse|323\/523 par
|move|p2a: Arse|Body Slam|p1a: Chansey
|-damage|p1a: Chansey|454\/703
|
|turn|7
|choice|move 1|move 4
|
|move|p1a: Chansey|Seismic Toss|p2a: Arse
|-damage|p2a: Arse|223\/523 par
|move|p2a: Arse|Rest|p2a: Arse
|-status|p2a: Arse|slp
|-heal|p2a: Arse|523\/523 slp|[silent]
|-status|p2a: Arse|slp|[from] move: Rest
|
|turn|8
|choice|switch 3|move 1
|
|switch|p1a: Exeggutor|Exeggutor|393\/393
|cant|p2a: Arse|slp
|
|turn|9
|choice|move 1|move 1
|
|move|p1a: Exeggutor|Psychic|p2a: Arse
|-crit|p2a: Arse
|-damage|p2a: Arse|185\/523 slp
|-unboost|p2a: Arse|spd|1
|-unboost|p2a: Arse|spa|1
|-curestatus|p2a: Arse|slp
|
|turn|10
|choice|move 1|switch 6
|
|switch|p2a: Hottest100|Exeggutor|393\/393 par
|move|p1a: Exeggutor|Psychic|p2a: Hottest100
|-resisted|p2a: Hottest100
|-damage|p2a: Hottest100|340\/393 par
|
|turn|11
|choice|move 4|move 1
|
|move|p1a: Exeggutor|Double-Edge|p2a: Hottest100
|-damage|p2a: Hottest100|262\/393 par
|-damage|p1a: Exeggutor|374\/393|[from] recoil|[of] p2a: Hottest100
|move|p2a: Hottest100|Egg Bomb|p1a: Exeggutor|[miss]
|-miss|p2a: Hottest100
|
|turn|12
|choice|move 4|move 1
|
|move|p1a: Exeggutor|Double-Edge|p2a: Hottest100
|-damage|p2a: Hottest100|178\/393 par
|-damage|p1a: Exeggutor|353\/393|[from] recoil|[of] p2a: Hottest100
|move|p2a: Hottest100|Egg Bomb|p1a: Exeggutor
|-damage|p1a: Exeggutor|265\/393
|
|turn|13
|choice|switch 4|switch 2
|
|switch|p1a: Snorlax|Snorlax|523\/523
|switch|p2a: Gamer|Starmie|323\/323
|
|turn|14
|choice|move 1|move 2
|
|move|p2a: Gamer|Psychic|p1a: Snorlax
|-damage|p1a: Snorlax|376\/523
|move|p1a: Snorlax|Body Slam|p2a: Gamer
|-damage|p2a: Gamer|211\/323
|
|turn|15
|choice|switch 3|switch 4
|
|switch|p2a: Atta|Golem|363\/363
|switch|p1a: Chansey|Chansey|454\/703
|
|turn|16
|choice|move 2|move 2
|
|move|p1a: Chansey|Reflect|p1a: Chansey
|-start|p1a: Chansey|Reflect
|move|p2a: Atta|Earthquake|p1a: Chansey
|-damage|p1a: Chansey|275\/703
|
|turn|17
|choice|move 4|move 3
|
|move|p1a: Chansey|Soft-Boiled|p1a: Chansey
|-heal|p1a: Chansey|626\/703
|move|p2a: Atta|Explosion|p1a: Chansey
|-damage|p1a: Chansey|232\/703
|faint|p2a: Atta
|choice||switch 3
|
|switch|p2a: I'm a detective|Tauros|353\/353
|turn|18
|choice|switch 4|move 2
|
|switch|p1a: Exeggutor|Exeggutor|265\/393
|move|p2a: I'm a detective|Body Slam|p1a: Exeggutor
|-damage|p1a: Exeggutor|145\/393
|
|turn|19
|choice|switch 3|move 1
|
|switch|p1a: Snorlax|Snorlax|376\/523
|move|p2a: I'm a detective|Blizzard|p1a: Snorlax
|-damage|p1a: Snorlax|279\/523
|
|turn|20
|choice|move 2|move 2
|
|move|p2a: I'm a detective|Body Slam|p1a: Snorlax
|-damage|p1a: Snorlax|142\/523
|move|p1a: Snorlax|Reflect|p1a: Snorlax
|-start|p1a: Snorlax|Reflect
|
|turn|21
|choice|move 4|move 4
|
|move|p2a: I'm a detective|Hyper Beam|p1a: Snorlax
|-damage|p1a: Snorlax|22\/523
|move|p1a: Snorlax|Rest|p1a: Snorlax
|-status|p1a: Snorlax|slp
|-heal|p1a: Snorlax|523\/523 slp|[silent]
|-status|p1a: Snorlax|slp|[from] move: Rest
|
|turn|22
|-mustrecharge|p2a: I'm a detective
|-mustrecharge|p2a: I'm a detective
|choice|switch 6|move 1
|
|switch|p1a: Alakazam|Alakazam|313\/313
|cant|p2a: I'm a detective|recharge
|
|turn|23
|choice|move 3|switch 5
|
|switch|p2a: ROYAL RUMBLE|Chansey|703\/703
|move|p1a: Alakazam|Thunder Wave|p2a: ROYAL RUMBLE
|-status|p2a: ROYAL RUMBLE|par
|
|turn|24
|choice|move 1|move 4
|
|move|p1a: Alakazam|Psychic|p2a: ROYAL RUMBLE
|-crit|p2a: ROYAL RUMBLE
|-damage|p2a: ROYAL RUMBLE|466\/703 par
|cant|p2a: ROYAL RUMBLE|par
|
|turn|25
|choice|move 1|move 2
|
|move|p1a: Alakazam|Psychic|p2a: ROYAL RUMBLE
|-damage|p2a: ROYAL RUMBLE|348\/703 par
|move|p2a: ROYAL RUMBLE|Soft-Boiled|p2a: ROYAL RUMBLE
|-heal|p2a: ROYAL RUMBLE|699\/703 par
|
|turn|26
|choice|move 1|move 4
|
|move|p1a: Alakazam|Psychic|p2a: ROYAL RUMBLE
|-damage|p2a: ROYAL RUMBLE|564\/703 par
|-unboost|p2a: ROYAL RUMBLE|spd|1
|-unboost|p2a: ROYAL RUMBLE|spa|1
|move|p2a: ROYAL RUMBLE|Thunder Wave|p1a: Alakazam
|-status|p1a: Alakazam|par
|
|turn|27
|choice|move 1|switch 2
|
|switch|p2a: Hottest100|Exeggutor|178\/393 par
|move|p1a: Alakazam|Psychic|p2a: Hottest100
|-resisted|p2a: Hottest100
|-damage|p2a: Hottest100|119\/393 par
|
|turn|28
|choice|move 2|move 4
|
|move|p1a: Alakazam|Reflect|p1a: Alakazam
|-start|p1a: Alakazam|Reflect
|move|p2a: Hottest100|Explosion|p1a: Alakazam
|-damage|p1a: Alakazam|121\/313 par
|faint|p2a: Hottest100
|choice||switch 5
|
|switch|p2a: I'm a detective|Tauros|353\/353
|turn|29
|choice|move 4|move 4
|
|move|p2a: I'm a detective|Hyper Beam|p1a: Alakazam
|-crit|p1a: Alakazam
|-damage|p1a: Alakazam|0 fnt
|faint|p1a: Alakazam
|choice|switch 5|
|
|switch|p1a: Tauros|Tauros|353\/353
|turn|30
|choice|move 1|move 2
|
|move|p2a: I'm a detective|Body Slam|p1a: Tauros
|-damage|p1a: Tauros|255\/353
|move|p1a: Tauros|Body Slam|p2a: I'm a detective
|-damage|p2a: I'm a detective|245\/353
|
|turn|31
|choice|move 1|move 2
|
|move|p2a: I'm a detective|Body Slam|p1a: Tauros
|-damage|p1a: Tauros|156\/353
|move|p1a: Tauros|Body Slam|p2a: I'm a detective
|-damage|p2a: I'm a detective|141\/353
|
|turn|32
|choice|move 2|move 4
|
|move|p1a: Tauros|Hyper Beam|p2a: I'm a detective|[miss]
|-miss|p1a: Tauros
|move|p2a: I'm a detective|Hyper Beam|p1a: Tauros
|-damage|p1a: Tauros|0 fnt
|faint|p1a: Tauros
|choice|switch 6|
|
|switch|p1a: Snorlax|Snorlax|523\/523 slp
|turn|33
|choice|move 2|move 2
|
|move|p2a: I'm a detective|Body Slam|p1a: Snorlax
|-crit|p1a: Snorlax
|-damage|p1a: Snorlax|263\/523 slp
|cant|p1a: Snorlax|slp
|
|turn|34
|choice|move 1|move 2
|
|move|p2a: I'm a detective|Body Slam|p1a: Snorlax
|-damage|p1a: Snorlax|130\/523 slp
|-curestatus|p1a: Snorlax|slp
|
|turn|35
|choice|switch 2|move 2
|
|switch|p1a: Starmie|Starmie|323\/323 slp
|move|p2a: I'm a detective|Body Slam|p1a: Starmie
|-crit|p1a: Starmie
|-damage|p1a: Starmie|123\/323 slp
|
|turn|36
|choice|move 3|move 2
|
|cant|p1a: Starmie|slp
|move|p2a: I'm a detective|Body Slam|p1a: Starmie
|-damage|p1a: Starmie|8\/323 slp
|
|turn|37
|choice|move 4|move 2
|
|cant|p1a: Starmie|slp
|move|p2a: I'm a detective|Body Slam|p1a: Starmie
|-damage|p1a: Starmie|0 fnt
|faint|p1a: Starmie
|choice|switch 2|
|
|switch|p1a: Snorlax|Snorlax|130\/523
|turn|38
|choice|move 4|move 2
|
|move|p2a: I'm a detective|Body Slam|p1a: Snorlax
|-damage|p1a: Snorlax|7\/523
|move|p1a: Snorlax|Rest|p1a: Snorlax
|-status|p1a: Snorlax|slp
|-heal|p1a: Snorlax|523\/523 slp|[silent]
|-status|p1a: Snorlax|slp|[from] move: Rest
|
|turn|39
|choice|move 1|move 2
|
|move|p2a: I'm a detective|Body Slam|p1a: Snorlax
|-damage|p1a: Snorlax|382\/523 slp
|cant|p1a: Snorlax|slp
|
|turn|40
|choice|move 1|move 2
|
|move|p2a: I'm a detective|Body Slam|p1a: Snorlax
|-crit|p1a: Snorlax
|-damage|p1a: Snorlax|144\/523 slp
|-curestatus|p1a: Snorlax|slp
|
|turn|41
|choice|move 4|move 4
|
|move|p2a: I'm a detective|Hyper Beam|p1a: Snorlax
|-crit|p1a: Snorlax
|-damage|p1a: Snorlax|0 fnt
|faint|p1a: Snorlax
|choice|switch 3|
|
|switch|p1a: Exeggutor|Exeggutor|145\/393
|turn|42
|choice|move 2|move 1
|
|move|p2a: I'm a detective|Blizzard|p1a: Exeggutor
|-crit|p1a: Exeggutor
|-supereffective|p1a: Exeggutor
|-damage|p1a: Exeggutor|0 fnt
|faint|p1a: Exeggutor
|choice|switch 4|
|
|switch|p1a: Chansey|Chansey|232\/703
|turn|43
|c|★It was all a dream|tauros is pretty good
|choice|move 3|move 4
|
|move|p2a: I'm a detective|Hyper Beam|p1a: Chansey
|-damage|p1a: Chansey|0 fnt
|faint|p1a: Chansey
|
|win|It was all a dream
|player|p1
|player|p2
|raw|stryxx's rating: 1440 &rarr; <strong>1408<\/strong><br \/>(-32 for losing)
|raw|It was all a dream's rating: 1208 &rarr; <strong>1248<\/strong><br \/>(+40 for winning)