|j|smilzo
|j|marcoasd
|player|p1|smilzo|157
|player|p2|marcoasd|2
|gametype|singles
|gen|1
|tier|[Gen 1] OU
|seed|1808,35975,19955,38675
|rule|Sleep Clause Mod: Limit one foe put to sleep
|rule|Freeze Clause Mod: Limit one foe frozen
|rule|Species Clause: Limit one of each Pokémon
|rule|OHKO Clause: OHKO moves are banned
|rule|Evasion Moves Clause: Evasion moves are banned
|rule|HP Percentage Mod: HP is shown in percentages
|
|start
|switch|p1a: Alakazam|Alakazam|313\/313
|switch|p2a: Jynx|Jynx|333\/333
|turn|1
|choice|move 1|move 1
|
|move|p1a: Alakazam|Thunder Wave|p2a: Jynx
|-status|p2a: Jynx|par
|move|p2a: Jynx|Lovely Kiss|p1a: Alakazam
|-status|p1a: Alakazam|slp
|
|turn|2
|choice|switch 2|move 2
|
|switch|p1a: Lapras|Lapras|463\/463
|move|p2a: Jynx|Blizzard|p1a: Lapras
|-resisted|p1a: Lapras
|-damage|p1a: Lapras|428\/463
|
|turn|3
|j|mustafa felafel
|choice|move 2|move 3
|
|move|p1a: Lapras|Thunderbolt|p2a: Jynx
|-damage|p2a: Jynx|254\/333 par
|move|p2a: Jynx|Psychic|p1a: Lapras
|-damage|p1a: Lapras|315\/463
|
|turn|4
|choice|switch 5|move 3
|
|switch|p1a: Snorlax|Snorlax|523\/523
|cant|p2a: Jynx|par
|
|turn|5
|choice|move 1|switch 3
|
|switch|p2a: Chansey|Chansey|703\/703
|move|p1a: Snorlax|Body Slam|p2a: Chansey
|-damage|p2a: Chansey|408\/703
|
|turn|6
|choice|move 3|move 4
|
|move|p2a: Chansey|Soft-Boiled|p2a: Chansey
|-heal|p2a: Chansey|703\/703
|move|p1a: Snorlax|Earthquake|p2a: Chansey
|-crit|p2a: Chansey
|-damage|p2a: Chansey|262\/703
|
|turn|7
|choice|switch 4|move 4
|
|switch|p1a: Chansey|Chansey|703\/703
|move|p2a: Chansey|Soft-Boiled|p2a: Chansey
|-heal|p2a: Chansey|613\/703
|
|turn|8
|choice|move 1|move 1
|
|move|p2a: Chansey|Thunder Wave|p1a: Chansey
|-status|p1a: Chansey|par
|move|p1a: Chansey|Thunder Wave|p2a: Chansey
|-status|p2a: Chansey|par
|
|turn|9
|choice|switch 4|move 2
|
|switch|p1a: Snorlax|Snorlax|523\/523
|move|p2a: Chansey|Ice Beam|p1a: Snorlax
|-damage|p1a: Snorlax|424\/523
|
|turn|10
|choice|move 3|move 1
|
|move|p1a: Snorlax|Earthquake|p2a: Chansey
|-damage|p2a: Chansey|369\/703 par
|move|p2a: Chansey|Thunder Wave|p1a: Snorlax
|-status|p1a: Snorlax|par
|
|turn|11
|choice|move 3|move 4
|
|move|p2a: Chansey|Soft-Boiled|p2a: Chansey
|-heal|p2a: Chansey|703\/703 par
|move|p1a: Snorlax|Earthquake|p2a: Chansey
|-damage|p2a: Chansey|470\/703 par
|
|turn|12
|choice|move 1|switch 4
|
|switch|p2a: Golem|Golem|363\/363
|move|p1a: Snorlax|Body Slam|p2a: Golem
|-resisted|p2a: Golem
|-damage|p2a: Golem|317\/363
|
|turn|13
|choice|switch 3|move 2
|
|switch|p1a: Exeggutor|Exeggutor|393\/393
|move|p2a: Golem|Rock Slide|p1a: Exeggutor
|-damage|p1a: Exeggutor|285\/393
|
|turn|14
|choice|move 3|switch 4
|
|switch|p2a: Chansey|Chansey|470\/703 par
|move|p1a: Exeggutor|Psychic|p2a: Chansey
|-crit|p2a: Chansey
|-damage|p2a: Chansey|245\/703 par
|-unboost|p2a: Chansey|spd|1
|-unboost|p2a: Chansey|spa|1
|
|turn|15
|choice|switch 3|switch 3
|
|switch|p1a: Snorlax|Snorlax|424\/523 par
|switch|p2a: Jynx|Jynx|254\/333 par
|
|turn|16
|choice|move 1|move 2
|
|cant|p2a: Jynx|par
|move|p1a: Snorlax|Body Slam|p2a: Jynx
|-damage|p2a: Jynx|79\/333 par
|
|turn|17
|choice|move 3|move 2
|
|move|p2a: Jynx|Blizzard|p1a: Snorlax
|-damage|p1a: Snorlax|238\/523 par
|move|p1a: Snorlax|Earthquake|p2a: Jynx
|-crit|p2a: Jynx
|-damage|p2a: Jynx|0 fnt
|faint|p2a: Jynx
|choice||switch 4
|
|switch|p2a: Golem|Golem|317\/363
|turn|18
|choice|move 2|move 2
|
|move|p2a: Golem|Rock Slide|p1a: Snorlax
|-damage|p1a: Snorlax|116\/523 par
|cant|p1a: Snorlax|par
|
|turn|19
|c|★smilzo|pff
|c|★marcoasd|mi attaccano irl
|c|★marcoasd|lol
|c|★smilzo|tranquillo xD
|choice|switch 3|move 2
|
|switch|p1a: Exeggutor|Exeggutor|285\/393
|move|p2a: Golem|Rock Slide|p1a: Exeggutor
|-damage|p1a: Exeggutor|176\/393
|
|turn|20
|c|★marcoasd|nah sono ansiogeni
|j|Youngster Jack W
|c|★marcoasd|non sono tranquillo
|c|★marcoasd|lol
|c|★smilzo|:o
|choice|move 3|switch 2
|
|switch|p2a: Starmie|Starmie|323\/323
|move|p1a: Exeggutor|Psychic|p2a: Starmie
|-resisted|p2a: Starmie
|-damage|p2a: Starmie|261\/323
|
|turn|21
|choice|move 1|move 1
|
|move|p2a: Starmie|Blizzard|p1a: Exeggutor
|-supereffective|p1a: Exeggutor
|-damage|p1a: Exeggutor|4\/393
|move|p1a: Exeggutor|Sleep Powder|p2a: Starmie
|-status|p2a: Starmie|slp
|
|turn|22
|choice|move 3|move 2
|
|cant|p2a: Starmie|slp
|move|p1a: Exeggutor|Psychic|p2a: Starmie
|-crit|p2a: Starmie
|-resisted|p2a: Starmie
|-damage|p2a: Starmie|143\/323 slp
|
|turn|23
|choice|move 3|move 1
|
|-curestatus|p2a: Starmie|slp
|move|p1a: Exeggutor|Psychic|p2a: Starmie
|-resisted|p2a: Starmie
|-damage|p2a: Starmie|77\/323
|
|turn|24
|choice|switch 4|move 2
|
|switch|p1a: Chansey|Chansey|703\/703 par
|move|p2a: Starmie|Thunderbolt|p1a: Chansey
|-damage|p1a: Chansey|632\/703 par
|
|turn|25
|choice|move 3|move 4
|
|move|p2a: Starmie|Recover|p2a: Starmie
|-heal|p2a: Starmie|238\/323
|cant|p1a: Chansey|par
|
|turn|26
|l|Youngster Jack W
|choice|move 3|switch 6
|
|switch|p2a: Snorlax|Snorlax|523\/523
|move|p1a: Chansey|Thunderbolt|p2a: Snorlax
|-damage|p2a: Snorlax|417\/523
|
|turn|27
|choice|switch 3|move 1
|
|switch|p1a: Snorlax|Snorlax|116\/523 par
|move|p2a: Snorlax|Body Slam|p1a: Snorlax
|-damage|p1a: Snorlax|0 fnt
|faint|p1a: Snorlax
|choice|switch 4|
|
|switch|p1a: Exeggutor|Exeggutor|4\/393
|turn|28
|j|Duck
|choice|move 1|switch 3
|
|switch|p2a: Chansey|Chansey|245\/703 par
|move|p1a: Exeggutor|Sleep Powder|p2a: Chansey
|-fail|p2a: Chansey
|
|turn|29
|l|mustafa felafel
|c|★marcoasd|un fragoroso botto
|choice|move 3|move 4
|
|move|p1a: Exeggutor|Psychic|p2a: Chansey
|-damage|p2a: Chansey|122\/703 par
|move|p2a: Chansey|Soft-Boiled|p2a: Chansey
|-heal|p2a: Chansey|473\/703 par
|
|turn|30
|choice|move 3|move 2
|
|move|p1a: Exeggutor|Psychic|p2a: Chansey
|-damage|p2a: Chansey|343\/703 par
|move|p2a: Chansey|Ice Beam|p1a: Exeggutor
|-supereffective|p1a: Exeggutor
|-damage|p1a: Exeggutor|0 fnt
|faint|p1a: Exeggutor
|choice|switch 6|
|
|switch|p1a: Tauros|Tauros|353\/353
|turn|31
|c|★marcoasd|non l'hai voluta ammazzare
|c|★marcoasd|io sono stato magnanimo
|choice|move 3|move 1
|
|move|p1a: Tauros|Hyper Beam|p2a: Chansey|[miss]
|-miss|p1a: Tauros
|move|p2a: Chansey|Thunder Wave|p1a: Tauros
|-status|p1a: Tauros|par
|
|turn|32
|c|★smilzo|rip
|c|★marcoasd|neva forget
|choice|move 1|move 2
|
|move|p1a: Tauros|Body Slam|p2a: Chansey
|-crit|p2a: Chansey
|-damage|p2a: Chansey|0 fnt
|faint|p2a: Chansey
|c|★marcoasd|aveva sing>tbolt
|c|★marcoasd|quindi lapras la murav
|choice||switch 3
|
|switch|p2a: Snorlax|Snorlax|417\/523
|turn|33
|choice|move 1|move 1
|
|move|p2a: Snorlax|Body Slam|p1a: Tauros
|-damage|p1a: Tauros|238\/353 par
|cant|p1a: Tauros|par
|
|turn|34
|choice|move 4|move 1
|
|move|p2a: Snorlax|Body Slam|p1a: Tauros
|-damage|p1a: Tauros|119\/353 par
|move|p1a: Tauros|Blizzard|p2a: Snorlax
|-damage|p2a: Snorlax|311\/523
|
|turn|35
|j|Laroxyl
|c|★marcoasd|vai lax
|c|★marcoasd|centra quello 0.1% di 3hko su tauros
|choice|move 3|move 1
|
|move|p2a: Snorlax|Body Slam|p1a: Tauros
|-damage|p1a: Tauros|3\/353 par
|move|p1a: Tauros|Hyper Beam|p2a: Snorlax
|-damage|p2a: Snorlax|79\/523
|
|turn|36
|-mustrecharge|p1a: Tauros
|-mustrecharge|p1a: Tauros
|choice|move 1|switch 5
|
|switch|p2a: Tauros|Tauros|353\/353
|cant|p1a: Tauros|recharge
|
|turn|37
|choice|move 1|move 1
|
|move|p2a: Tauros|Body Slam|p1a: Tauros
|-damage|p1a: Tauros|0 fnt
|faint|p1a: Tauros
|choice|switch 5|
|
|switch|p1a: Lapras|Lapras|315\/463
|turn|38
|choice|move 3|move 1
|
|move|p2a: Tauros|Body Slam|p1a: Lapras
|-damage|p1a: Lapras|203\/463
|move|p1a: Lapras|Sing|p2a: Tauros
|-status|p2a: Tauros|slp
|
|turn|39
|c|★marcoasd|oh
|choice|move 1|move 1
|
|-curestatus|p2a: Tauros|slp
|move|p1a: Lapras|Blizzard|p2a: Tauros
|-damage|p2a: Tauros|170\/353
|
|turn|40
|c|★smilzo|ok lapras
|c|★smilzo|piglia questo roll
|choice|move 1|move 1
|
|move|p2a: Tauros|Body Slam|p1a: Lapras
|-crit|p1a: Lapras
|-damage|p1a: Lapras|0 fnt
|faint|p1a: Lapras
|c|★smilzo|bg
|c|★marcoasd|reep
|c|★smilzo|:C
|choice|switch 3|
|
|switch|p1a: Chansey|Chansey|632\/703 par
|turn|41
|c|★marcoasd|sing lapras fa sempre cose molto vigliacche
|choice|move 2|move 1
|
|move|p2a: Tauros|Body Slam|p1a: Chansey
|-damage|p1a: Chansey|344\/703 par
|move|p1a: Chansey|Ice Beam|p2a: Tauros
|-damage|p2a: Tauros|80\/353
|
|turn|42
|choice|move 2|move 1
|
|move|p2a: Tauros|Body Slam|p1a: Chansey
|-damage|p1a: Chansey|61\/703 par
|cant|p1a: Chansey|par
|
|turn|43
|choice|move 2|move 1
|
|move|p2a: Tauros|Body Slam|p1a: Chansey
|-damage|p1a: Chansey|0 fnt
|faint|p1a: Chansey
|choice|switch 2|
|
|switch|p1a: Alakazam|Alakazam|313\/313 slp
|turn|44
|choice|move 2|move 1
|
|cant|p1a: Alakazam|slp
|move|p2a: Tauros|Body Slam|p1a: Alakazam
|-damage|p1a: Alakazam|155\/313 slp
|
|turn|45
|c|★marcoasd|gg
|c|★smilzo|gg
|choice|move 2|move 3
|
|cant|p1a: Alakazam|slp
|move|p2a: Tauros|Hyper Beam|p1a: Alakazam
|-damage|p1a: Alakazam|0 fnt
|faint|p1a: Alakazam
|
|win|marcoasd
|player|p1
|player|p2
|l|marcoasd