|join|Lordmaxwell
|join|Mash09
|player|p1|Lordmaxwell|219
|player|p2|Mash09|2
|gametype|singles
|gen|1
|tier|[Gen 1] Random Battle
|rated
|rule|Sleep Clause Mod: Limit one foe put to sleep
|rule|Freeze Clause Mod: Limit one foe frozen
|rule|HP Percentage Mod: HP is shown in percentages
|
|start
|switch|p1a: Fearow|Fearow, L86|287\/287
|switch|p2a: Arcanine|Arcanine, L86|330\/330
|turn|1
|
|move|p1a: Fearow|Drill Peck|p2a: Arcanine
|-damage|p2a: Arcanine|248\/330
|move|p2a: Arcanine|Reflect|p2a: Arcanine
|
|turn|2
|join|hatsale
|
|switch|p1a: Poliwrath|Poliwrath, L86|330\/330
|move|p2a: Arcanine|Fire Blast|p1a: Poliwrath
|-resisted|p1a: Poliwrath
|-damage|p1a: Poliwrath|264\/330
|
|turn|3
|
|switch|p2a: Butterfree|Butterfree, L86|279\/279
|move|p1a: Poliwrath|Amnesia|p1a: Poliwrath
|-boost|p1a: Poliwrath|spd|2
|-boost|p1a: Poliwrath|spa|2
|
|turn|4
|leave|hatsale
|
|move|p2a: Butterfree|Sleep Powder|p1a: Poliwrath
|-status|p1a: Poliwrath|slp
|cant|p1a: Poliwrath|slp
|-curestatus|p1a: Poliwrath|slp
|
|turn|5
|
|move|p1a: Poliwrath|Blizzard|p2a: Butterfree
|-crit|p2a: Butterfree
|-supereffective|p2a: Butterfree
|-damage|p2a: Butterfree|0 fnt
|faint|p2a: Butterfree
|
|switch|p2a: Weezing|Weezing, L86|287\/287
|turn|6
|
|move|p1a: Poliwrath|Surf|p2a: Weezing
|-damage|p2a: Weezing|120\/287
|move|p2a: Weezing|Thunder|p1a: Poliwrath
|-supereffective|p1a: Poliwrath
|-damage|p1a: Poliwrath|173\/330
|
|turn|7
|
|move|p1a: Poliwrath|Surf|p2a: Weezing
|-damage|p2a: Weezing|0 fnt
|faint|p2a: Weezing
|
|switch|p2a: Aerodactyl|Aerodactyl, L86|313\/313
|turn|8
|
|move|p2a: Aerodactyl|Sky Attack|p1a: Poliwrath|[still]
|-prepare|p2a: Aerodactyl|Sky Attack|p1a: Poliwrath
|move|p1a: Poliwrath|Surf|p2a: Aerodactyl
|-supereffective|p2a: Aerodactyl
|-damage|p2a: Aerodactyl|0 fnt
|faint|p2a: Aerodactyl
|
|switch|p2a: Pidgeot|Pidgeot, L86|318\/318
|turn|9
|
|move|p2a: Pidgeot|Double-Edge|p1a: Poliwrath
|-damage|p1a: Poliwrath|87\/330
|-damage|p2a: Pidgeot|297\/318|[from] recoil|[of] p1a: Poliwrath
|move|p1a: Poliwrath|Surf|p2a: Pidgeot
|-damage|p2a: Pidgeot|116\/318
|
|turn|10
|
|move|p2a: Pidgeot|Hyper Beam|p1a: Poliwrath
|-damage|p1a: Poliwrath|0 fnt
|faint|p1a: Poliwrath
|
|switch|p1a: Zapdos|Zapdos, L82|315\/315
|turn|11
|
|move|p1a: Zapdos|Thunderbolt|p2a: Pidgeot
|-supereffective|p2a: Pidgeot
|-damage|p2a: Pidgeot|0 fnt
|faint|p2a: Pidgeot
|
|switch|p2a: Nidorino|Nidorino, L88|287\/287
|turn|12
|
|move|p1a: Zapdos|Thunderbolt|p2a: Nidorino
|-damage|p2a: Nidorino|141\/287
|move|p2a: Nidorino|Thunderbolt|p1a: Zapdos
|-damage|p1a: Zapdos|273\/315
|
|turn|13
|-message|Mash09 forfeited.
|leave|Mash09
|
|win|Lordmaxwell
|raw|Ladder updating...
|player|p2
|raw|Lordmaxwell's rating: 1050 &rarr; <strong>1088<\/strong><br \/>(+38 for winning)
|raw|Mash09's rating: 1116 &rarr; <strong>1086<\/strong><br \/>(-30 for losing)