|j|Afx237 v7
|j|NoMoreChanceyDitos
|player|p1|Afx237 v7|130
|player|p2|NoMoreChanceyDitos|29
|gametype|singles
|gen|1
|tier|[Gen 1] OU
|rated
|seed|41984,37591,3968,53606
|rule|Sleep Clause Mod: Limit one foe put to sleep
|rule|Freeze Clause Mod: Limit one foe frozen
|rule|Species Clause: Limit one of each Pokémon
|rule|OHKO Clause: OHKO moves are banned
|rule|Evasion Moves Clause: Evasion moves are banned
|rule|HP Percentage Mod: HP is shown in percentages
|
|start
|switch|p1a: Spike|Jolteon|333\/333
|switch|p2a: OHKO|Dodrio|323\/323
|turn|1
|choice|move 1|switch 6
|
|switch|p2a: Golem|Golem|363\/363
|move|p1a: Spike|Thunder Wave|p2a: Golem
|-immune|p2a: Golem|[msg]
|
|turn|2
|choice|switch 3|move 1
|
|switch|p1a: Puff|Dragonite|385\/385
|move|p2a: Golem|Body Slam|p1a: Puff
|-damage|p1a: Puff|310\/385
|
|turn|3
|choice|switch 6|switch 5
|
|switch|p1a: Shuriken|Starmie|323\/323
|switch|p2a: Cloyster|Cloyster|303\/303
|
|turn|4
|choice|move 2|switch 2
|
|switch|p2a: Chansey|Chansey|703\/703
|move|p1a: Shuriken|Thunderbolt|p2a: Chansey|[miss]
|-miss|p1a: Shuriken
|
|turn|5
|choice|move 3|move 3
|
|move|p1a: Shuriken|Ice Beam|p2a: Chansey
|-crit|p2a: Chansey
|-damage|p2a: Chansey|568\/703
|move|p2a: Chansey|Thunderbolt|p1a: Shuriken
|-crit|p1a: Shuriken
|-supereffective|p1a: Shuriken
|-damage|p1a: Shuriken|11\/323
|
|turn|6
|choice|switch 4|move 3
|
|switch|p1a: Tauros|Tauros|353\/353
|move|p2a: Chansey|Thunderbolt|p1a: Tauros
|-damage|p1a: Tauros|253\/353
|
|turn|7
|choice|move 3|switch 2
|
|switch|p2a: Cloyster|Cloyster|303\/303
|move|p1a: Tauros|Body Slam|p2a: Cloyster
|-damage|p2a: Cloyster|238\/303
|-status|p2a: Cloyster|par
|
|turn|8
|choice|switch 4|move 3
|
|switch|p1a: Shuriken|Starmie|11\/323
|move|p2a: Cloyster|Explosion|p1a: Shuriken
|-damage|p1a: Shuriken|0 fnt
|faint|p1a: Shuriken
|faint|p2a: Cloyster
|choice|switch 4|switch 4
|
|switch|p1a: Tauros|Tauros|253\/353
|switch|p2a: Tauros|Tauros|353\/353
|turn|9
|choice|move 3|move 2
|
|move|p1a: Tauros|Body Slam|p2a: Tauros
|-damage|p2a: Tauros|251\/353
|move|p2a: Tauros|Body Slam|p1a: Tauros
|-damage|p1a: Tauros|145\/353
|
|turn|10
|choice|move 3|move 2
|
|move|p2a: Tauros|Body Slam|p1a: Tauros
|-damage|p1a: Tauros|37\/353
|move|p1a: Tauros|Body Slam|p2a: Tauros
|-damage|p2a: Tauros|146\/353
|
|turn|11
|choice|move 4|move 2
|
|move|p1a: Tauros|Hyper Beam|p2a: Tauros
|-damage|p2a: Tauros|0 fnt
|faint|p2a: Tauros
|choice||switch 3
|
|switch|p2a: Exeggutor|Exeggutor|393\/393
|turn|12
|choice|move 2|move 1
|
|move|p1a: Tauros|Ice Beam|p2a: Exeggutor
|-crit|p2a: Exeggutor
|-supereffective|p2a: Exeggutor
|-damage|p2a: Exeggutor|202\/393
|move|p2a: Exeggutor|Double-Edge|p1a: Tauros
|-damage|p1a: Tauros|0 fnt
|-damage|p2a: Exeggutor|193\/393|[from] recoil|[of] p1a: Tauros
|faint|p1a: Tauros
|choice|switch 6|
|
|switch|p1a: Puff|Dragonite|310\/385
|turn|13
|choice|move 3|move 2
|
|move|p1a: Puff|Body Slam|p2a: Exeggutor
|-damage|p2a: Exeggutor|104\/393
|move|p2a: Exeggutor|Explosion|p1a: Puff
|-damage|p1a: Puff|65\/385
|faint|p2a: Exeggutor
|choice||switch 6
|
|switch|p2a: OHKO|Dodrio|323\/323
|turn|14
|choice|move 4|move 1
|
|move|p2a: OHKO|Body Slam|p1a: Puff
|-damage|p1a: Puff|0 fnt
|faint|p1a: Puff
|choice|switch 3|
|
|switch|p1a: Spike|Jolteon|333\/333
|turn|15
|choice|move 2|switch 5
|
|switch|p2a: Golem|Golem|363\/363
|move|p1a: Spike|Double Kick|p2a: Golem
|-supereffective|p2a: Golem
|-damage|p2a: Golem|330\/363
|-damage|p2a: Golem|297\/363
|-hitcount|p2a: Golem|2
|
|turn|16
|choice|switch 5|move 1
|
|switch|p1a: Stachio|Alakazam|313\/313
|move|p2a: Golem|Body Slam|p1a: Stachio
|-crit|p1a: Stachio
|-damage|p1a: Stachio|93\/313
|
|turn|17
|choice|move 2|move 2
|
|move|p1a: Stachio|Recover|p1a: Stachio
|-heal|p1a: Stachio|249\/313
|move|p2a: Golem|Earthquake|p1a: Stachio
|-damage|p1a: Stachio|65\/313
|
|turn|18
|choice|move 2|move 2
|
|move|p1a: Stachio|Recover|p1a: Stachio
|-heal|p1a: Stachio|221\/313
|move|p2a: Golem|Earthquake|p1a: Stachio
|-damage|p1a: Stachio|24\/313
|
|turn|19
|choice|move 4|move 2
|
|move|p1a: Stachio|Psychic|p2a: Golem
|-damage|p2a: Golem|108\/363
|move|p2a: Golem|Earthquake|p1a: Stachio
|-damage|p1a: Stachio|0 fnt
|faint|p1a: Stachio
|choice|switch 2|
|
|switch|p1a: DatMeanPussy|Persian|333\/333
|turn|20
|choice|move 1|switch 5
|
|switch|p2a: OHKO|Dodrio|323\/323
|move|p1a: DatMeanPussy|Screech|p2a: OHKO
|-unboost|p2a: OHKO|def|2
|
|turn|21
|choice|move 4|switch 5
|
|switch|p2a: Golem|Golem|108\/363
|move|p1a: DatMeanPussy|Hyper Beam|p2a: Golem
|-resisted|p2a: Golem
|-damage|p2a: Golem|54\/363
|
|turn|22
|-mustrecharge|p1a: DatMeanPussy
|-mustrecharge|p1a: DatMeanPussy
|choice|move 1|move 3
|
|cant|p1a: DatMeanPussy|recharge
|move|p2a: Golem|Explosion|p1a: DatMeanPussy
|-damage|p1a: DatMeanPussy|0 fnt
|faint|p1a: DatMeanPussy
|faint|p2a: Golem
|choice|switch 5|switch 2
|
|switch|p1a: Spike|Jolteon|333\/333
|switch|p2a: Chansey|Chansey|568\/703
|turn|23
|choice|move 2|move 4
|
|move|p1a: Spike|Double Kick|p2a: Chansey
|-supereffective|p2a: Chansey
|-damage|p2a: Chansey|464\/703
|-damage|p2a: Chansey|360\/703
|-hitcount|p2a: Chansey|2
|move|p2a: Chansey|Thunder Wave|p1a: Spike
|-status|p1a: Spike|par
|
|turn|24
|choice|move 1|move 1
|
|move|p2a: Chansey|Ice Beam|p1a: Spike
|-damage|p1a: Spike|255\/333 par
|move|p1a: Spike|Thunder Wave|p2a: Chansey
|-status|p2a: Chansey|par
|
|turn|25
|choice|move 2|move 1
|
|cant|p1a: Spike|par
|move|p2a: Chansey|Ice Beam|p1a: Spike
|-damage|p1a: Spike|181\/333 par
|
|turn|26
|choice|move 2|move 1
|
|move|p1a: Spike|Double Kick|p2a: Chansey
|-crit|p2a: Chansey
|-supereffective|p2a: Chansey
|-damage|p2a: Chansey|166\/703 par
|-damage|p2a: Chansey|0 fnt
|-hitcount|p2a: Chansey|2
|faint|p2a: Chansey
|choice||switch 5
|
|switch|p2a: OHKO|Dodrio|323\/323
|turn|27
|choice|move 4|move 3
|
|move|p2a: OHKO|Hyper Beam|p1a: Spike|[miss]
|-miss|p2a: OHKO
|move|p1a: Spike|Thunderbolt|p2a: OHKO
|-supereffective|p2a: OHKO
|-damage|p2a: OHKO|0 fnt
|faint|p2a: OHKO
|
|win|Afx237 v7
|player|p1
|player|p2
|raw|Afx237 v7's rating: 1212 &rarr; <strong>1245<\/strong><br \/>(+33 for winning)
|raw|NoMoreChanceyDitos's rating: 1322 &rarr; <strong>1296<\/strong><br \/>(-26 for losing)
|l|Afx237 v7