|j|jolerpo
|j|Mandelbrot
|player|p1|jolerpo|170
|player|p2|Mandelbrot|101
|gametype|singles
|gen|1
|tier|[Gen 1] OU
|rated
|seed|29702,41309,58337,40210
|rule|Sleep Clause Mod: Limit one foe put to sleep
|rule|Freeze Clause Mod: Limit one foe frozen
|rule|Species Clause: Limit one of each Pokémon
|rule|OHKO Clause: OHKO moves are banned
|rule|Evasion Moves Clause: Evasion moves are banned
|rule|HP Percentage Mod: HP is shown in percentages
|
|start
|switch|p1a: Charizard|Charizard|359\/359
|switch|p2a: Steve|Exeggutor|393\/393
|turn|1
|choice|move 3|move 1
|
|move|p1a: Charizard|Fire Blast|p2a: Steve
|-crit|p2a: Steve
|-supereffective|p2a: Steve
|-damage|p2a: Steve|0 fnt
|faint|p2a: Steve
|choice||switch 5
|
|switch|p2a: Beverly|Golem|363\/363
|turn|2
|choice|switch 3|move 3
|
|switch|p1a: Machamp|Machamp|383\/383
|move|p2a: Beverly|Rock Slide|p1a: Machamp
|-resisted|p1a: Machamp
|-damage|p1a: Machamp|325\/383
|
|turn|3
|choice|move 3|move 1
|
|move|p1a: Machamp|Low Kick|p2a: Beverly
|-crit|p2a: Beverly
|-supereffective|p2a: Beverly
|-damage|p2a: Beverly|115\/363
|move|p2a: Beverly|Explosion|p1a: Machamp
|-damage|p1a: Machamp|23\/383
|faint|p2a: Beverly
|choice||switch 2
|
|switch|p2a: Karlos|Lapras|463\/463
|turn|4
|choice|switch 2|move 1
|
|switch|p1a: Zapdos|Zapdos|383\/383
|move|p2a: Karlos|Ice Beam|p1a: Zapdos
|-supereffective|p1a: Zapdos
|-damage|p1a: Zapdos|183\/383
|
|turn|5
|choice|move 1|move 1
|
|move|p1a: Zapdos|Thunder|p2a: Karlos
|-crit|p2a: Karlos
|-supereffective|p2a: Karlos
|-damage|p2a: Karlos|0 fnt
|faint|p2a: Karlos
|choice||switch 3
|
|switch|p2a: Erika|Tauros|353\/353
|turn|6
|choice|move 3|move 4
|
|move|p2a: Erika|Blizzard|p1a: Zapdos
|-supereffective|p1a: Zapdos
|-damage|p1a: Zapdos|57\/383
|move|p1a: Zapdos|Thunder Wave|p2a: Erika
|-status|p2a: Erika|par
|
|turn|7
|choice|move 2|move 1
|
|move|p1a: Zapdos|Thunderbolt|p2a: Erika
|-damage|p2a: Erika|196\/353 par
|move|p2a: Erika|Body Slam|p1a: Zapdos
|-damage|p1a: Zapdos|0 fnt
|faint|p1a: Zapdos
|choice|switch 4|
|
|switch|p1a: Alakazam|Alakazam|313\/313
|turn|8
|choice|move 2|move 1
|
|move|p1a: Alakazam|Hyper Beam|p2a: Erika
|-crit|p2a: Erika
|-damage|p2a: Erika|38\/353 par
|cant|p2a: Erika|par
|
|turn|9
|-mustrecharge|p1a: Alakazam
|-mustrecharge|p1a: Alakazam
|choice|move 1|switch 6
|
|switch|p2a: James|Snorlax|523\/523
|cant|p1a: Alakazam|recharge
|
|turn|10
|choice|move 3|move 2
|
|move|p1a: Alakazam|Thunder Wave|p2a: James
|-status|p2a: James|par
|move|p2a: James|Reflect|p2a: James
|-start|p2a: James|Reflect
|
|turn|11
|choice|move 1|move 1
|
|move|p1a: Alakazam|Psychic|p2a: James
|-damage|p2a: James|357\/523 par
|move|p2a: James|Amnesia|p2a: James
|-boost|p2a: James|spd|2
|-boost|p2a: James|spa|2
|
|turn|12
|choice|move 1|move 1
|
|move|p1a: Alakazam|Psychic|p2a: James
|-damage|p2a: James|273\/523 par
|-unboost|p2a: James|spd|1
|-unboost|p2a: James|spa|1
|move|p2a: James|Amnesia|p2a: James
|-boost|p2a: James|spd|2
|-boost|p2a: James|spa|2
|
|turn|13
|choice|switch 5|move 1
|
|switch|p1a: Dragonite|Dragonite|385\/385
|move|p2a: James|Amnesia|p2a: James
|-boost|p2a: James|spd|2
|-boost|p2a: James|spa|2
|
|turn|14
|choice|move 2|move 4
|
|move|p1a: Dragonite|Fire Blast|p2a: James
|-damage|p2a: James|240\/523 par
|move|p2a: James|Ice Beam|p1a: Dragonite
|-supereffective|p1a: Dragonite
|-damage|p1a: Dragonite|0 fnt
|faint|p1a: Dragonite
|choice|switch 3|
|
|switch|p1a: Charizard|Charizard|359\/359
|turn|15
|choice|move 3|move 3
|
|move|p1a: Charizard|Fire Blast|p2a: James
|-damage|p2a: James|191\/523 par
|move|p2a: James|Rest|p2a: James
|-status|p2a: James|slp
|-heal|p2a: James|523\/523 slp|[silent]
|-status|p2a: James|slp|[from] move: Rest
|
|turn|16
|choice|move 1|move 4
|
|move|p1a: Charizard|Double-Edge|p2a: James
|-damage|p2a: James|478\/523 slp
|-damage|p1a: Charizard|348\/359|[from] recoil|[of] p2a: James
|cant|p2a: James|slp
|
|turn|17
|choice|move 1|move 1
|
|move|p1a: Charizard|Double-Edge|p2a: James
|-damage|p2a: James|429\/523 slp
|-damage|p1a: Charizard|336\/359|[from] recoil|[of] p2a: James
|-curestatus|p2a: James|slp
|
|turn|18
|choice|move 1|move 1
|
|move|p1a: Charizard|Double-Edge|p2a: James
|-damage|p2a: James|380\/523
|-damage|p1a: Charizard|324\/359|[from] recoil|[of] p2a: James
|move|p2a: James|Amnesia|p2a: James
|-boost|p2a: James|spd|2
|-boost|p2a: James|spa|2
|
|turn|19
|choice|move 1|move 4
|
|move|p1a: Charizard|Double-Edge|p2a: James
|-damage|p2a: James|330\/523
|-damage|p1a: Charizard|312\/359|[from] recoil|[of] p2a: James
|move|p2a: James|Ice Beam|p1a: Charizard
|-supereffective|p1a: Charizard
|-damage|p1a: Charizard|0 fnt
|faint|p1a: Charizard
|choice|switch 5|
|
|switch|p1a: Alakazam|Alakazam|313\/313
|turn|20
|choice|move 3|move 4
|
|move|p1a: Alakazam|Thunder Wave|p2a: James
|-status|p2a: James|par
|move|p2a: James|Ice Beam|p1a: Alakazam
|-damage|p1a: Alakazam|143\/313
|
|turn|21
|choice|move 4|move 4
|
|move|p1a: Alakazam|Recover|p1a: Alakazam
|-heal|p1a: Alakazam|299\/313
|move|p2a: James|Ice Beam|p1a: Alakazam
|-crit|p1a: Alakazam
|-damage|p1a: Alakazam|203\/313
|-status|p1a: Alakazam|frz
|
|turn|22
|choice|move 4|move 3
|
|cant|p1a: Alakazam|frz
|move|p2a: James|Rest|p2a: James
|-status|p2a: James|slp
|-heal|p2a: James|523\/523 slp|[silent]
|-status|p2a: James|slp|[from] move: Rest
|
|turn|23
|choice|move 4|move 4
|
|cant|p1a: Alakazam|frz
|cant|p2a: James|slp
|
|turn|24
|choice|move 3|move 4
|
|cant|p1a: Alakazam|frz
|-curestatus|p2a: James|slp
|
|turn|25
|choice|move 3|move 4
|
|cant|p1a: Alakazam|frz
|move|p2a: James|Ice Beam|p1a: Alakazam
|-damage|p1a: Alakazam|28\/313 frz
|
|turn|26
|choice|move 3|move 4
|
|cant|p1a: Alakazam|frz
|move|p2a: James|Ice Beam|p1a: Alakazam
|-damage|p1a: Alakazam|0 fnt
|faint|p1a: Alakazam
|choice|switch 6|
|
|switch|p1a: Vileplume|Vileplume|353\/353
|turn|27
|choice|move 1|move 4
|
|move|p1a: Vileplume|Sleep Powder|p2a: James
|-status|p2a: James|slp
|cant|p2a: James|slp
|
|turn|28
|choice|switch 2|move 4
|
|switch|p1a: Machamp|Machamp|23\/383
|cant|p2a: James|slp
|
|turn|29
|choice|move 3|move 4
|
|move|p1a: Machamp|Low Kick|p2a: James
|-supereffective|p2a: James
|-damage|p2a: James|426\/523 slp
|-curestatus|p2a: James|slp
|
|turn|30
|choice|move 3|move 4
|
|move|p1a: Machamp|Low Kick|p2a: James
|-crit|p2a: James
|-supereffective|p2a: James
|-damage|p2a: James|72\/523
|move|p2a: James|Ice Beam|p1a: Machamp
|-damage|p1a: Machamp|0 fnt
|faint|p1a: Machamp
|choice|switch 2|
|
|switch|p1a: Vileplume|Vileplume|353\/353
|turn|31
|choice|move 4|move 3
|
|move|p1a: Vileplume|Double-Edge|p2a: James
|-crit|p2a: James
|-damage|p2a: James|0 fnt
|-damage|p1a: Vileplume|335\/353|[from] recoil|[of] p2a: James
|faint|p2a: James
|choice||switch 6
|
|switch|p2a: Erika|Tauros|38\/353 par
|turn|32
|choice|move 4|move 2
|
|move|p1a: Vileplume|Double-Edge|p2a: Erika
|-damage|p2a: Erika|0 fnt
|-damage|p1a: Vileplume|326\/353|[from] recoil|[of] p2a: Erika
|faint|p2a: Erika
|choice||switch 4
|
|switch|p2a: Jian-Ping|Persian|333\/333
|turn|33
|choice|move 2|move 1
|
|move|p2a: Jian-Ping|Slash|p1a: Vileplume
|-crit|p1a: Vileplume
|-damage|p1a: Vileplume|186\/353
|move|p1a: Vileplume|Stun Spore|p2a: Jian-Ping
|-status|p2a: Jian-Ping|par
|
|turn|34
|choice|move 3|move 1
|
|move|p1a: Vileplume|Hyper Beam|p2a: Jian-Ping
|-crit|p2a: Jian-Ping
|-damage|p2a: Jian-Ping|54\/333 par
|move|p2a: Jian-Ping|Slash|p1a: Vileplume
|-crit|p1a: Vileplume
|-damage|p1a: Vileplume|40\/353
|
|turn|35
|-mustrecharge|p1a: Vileplume
|-mustrecharge|p1a: Vileplume
|choice|move 1|move 1
|
|cant|p1a: Vileplume|recharge
|cant|p2a: Jian-Ping|par
|
|turn|36
|choice|move 3|move 1
|
|move|p1a: Vileplume|Hyper Beam|p2a: Jian-Ping
|-damage|p2a: Jian-Ping|0 fnt
|faint|p2a: Jian-Ping
|
|win|jolerpo
|player|p1
|player|p2
|raw|jolerpo's rating: 1000 &rarr; <strong>1067<\/strong><br \/>(+67 for winning)
|raw|Mandelbrot's rating: 1281 &rarr; <strong>1239<\/strong><br \/>(-42 for losing)
|c|★jolerpo|gg
|c|★Mandelbrot|gg...