|j|howiam
|j|Samdexi
|player|p1|howiam|238
|player|p2|Samdexi|200
|gametype|singles
|gen|1
|tier|[Gen 1] Random Battle
|rated
|seed|13472,39562,12742,45464
|rule|Sleep Clause Mod: Limit one foe put to sleep
|rule|Freeze Clause Mod: Limit one foe frozen
|rule|HP Percentage Mod: HP is shown in percentages
|
|start
|switch|p1a: Charmeleon|Charmeleon, L85|272\/272
|switch|p2a: Abra|Abra, L96|243\/243
|turn|1
|choice|move 2|move 1
|
|move|p2a: Abra|Thunder Wave|p1a: Charmeleon
|-status|p1a: Charmeleon|par
|move|p1a: Charmeleon|Substitute|p1a: Charmeleon
|-start|p1a: Charmeleon|Substitute
|-damage|p1a: Charmeleon|204\/272 par
|
|turn|2
|choice|move 4|switch 6
|
|switch|p2a: Golduck|Golduck, L85|310\/310
|move|p1a: Charmeleon|Slash|p2a: Golduck
|-crit|p2a: Golduck
|-damage|p2a: Golduck|227\/310
|
|turn|3
|choice|switch 5|move 4
|
|switch|p1a: Dewgong|Dewgong, L85|327\/327
|move|p2a: Golduck|Surf|p1a: Dewgong
|-resisted|p1a: Dewgong
|-damage|p1a: Dewgong|282\/327
|
|turn|4
|choice|move 1|switch 4
|
|switch|p2a: Persian|Persian, L79|265\/265
|move|p1a: Dewgong|Body Slam|p2a: Persian
|-crit|p2a: Persian
|-damage|p2a: Persian|141\/265
|
|turn|5
|choice|move 4|move 2
|
|move|p2a: Persian|Thunderbolt|p1a: Dewgong
|-supereffective|p1a: Dewgong
|-damage|p1a: Dewgong|198\/327
|move|p1a: Dewgong|Blizzard|p2a: Persian
|-damage|p2a: Persian|0 fnt
|faint|p2a: Persian
|choice||switch 3
|
|switch|p2a: Arcanine|Arcanine, L85|327\/327
|turn|6
|choice|move 3|move 1
|
|move|p2a: Arcanine|Fire Blast|p1a: Dewgong
|-damage|p1a: Dewgong|93\/327
|move|p1a: Dewgong|Surf|p2a: Arcanine
|-supereffective|p2a: Arcanine
|-damage|p2a: Arcanine|121\/327
|
|turn|7
|choice|switch 5|move 1
|
|switch|p1a: Charmeleon|Charmeleon, L85|204\/272 par
|move|p2a: Arcanine|Fire Blast|p1a: Charmeleon
|-resisted|p1a: Charmeleon
|-damage|p1a: Charmeleon|132\/272 par
|
|turn|8
|choice|move 3|move 4
|
|move|p2a: Arcanine|Body Slam|p1a: Charmeleon
|-damage|p1a: Charmeleon|46\/272 par
|move|p1a: Charmeleon|Seismic Toss|p2a: Arcanine
|-damage|p2a: Arcanine|36\/327
|
|turn|9
|choice|move 3|move 4
|
|move|p2a: Arcanine|Body Slam|p1a: Charmeleon
|-damage|p1a: Charmeleon|0 fnt
|faint|p1a: Charmeleon
|choice|switch 6|
|
|switch|p1a: Jolteon|Jolteon, L79|265\/265
|turn|10
|choice|move 1|switch 2
|
|switch|p2a: Vileplume|Vileplume, L90|318\/318
|move|p1a: Jolteon|Thunderbolt|p2a: Vileplume
|-resisted|p2a: Vileplume
|-damage|p2a: Vileplume|274\/318
|
|turn|11
|choice|move 4|move 4
|
|move|p1a: Jolteon|Body Slam|p2a: Vileplume
|-damage|p2a: Vileplume|236\/318
|move|p2a: Vileplume|Sleep Powder|p1a: Jolteon|[miss]
|-miss|p2a: Vileplume
|
|turn|12
|choice|move 2|move 4
|
|move|p1a: Jolteon|Sand Attack|p2a: Vileplume
|-unboost|p2a: Vileplume|accuracy|1
|move|p2a: Vileplume|Sleep Powder|p1a: Jolteon|[miss]
|-miss|p2a: Vileplume
|
|turn|13
|choice|move 2|switch 6
|
|switch|p2a: Abra|Abra, L96|243\/243
|move|p1a: Jolteon|Sand Attack|p2a: Abra
|-unboost|p2a: Abra|accuracy|1
|
|turn|14
|choice|move 1|move 1
|
|move|p1a: Jolteon|Thunderbolt|p2a: Abra
|-crit|p2a: Abra
|-damage|p2a: Abra|87\/243
|move|p2a: Abra|Thunder Wave|p1a: Jolteon
|-status|p1a: Jolteon|par
|
|turn|15
|choice|switch 3|switch 6
|
|switch|p2a: Vileplume|Vileplume, L90|236\/318
|switch|p1a: Weezing|Weezing, L90|300\/300
|
|turn|16
|choice|move 2|move 1
|
|move|p1a: Weezing|Fire Blast|p2a: Vileplume
|-supereffective|p2a: Vileplume
|-damage|p2a: Vileplume|71\/318
|move|p2a: Vileplume|Swords Dance|p2a: Vileplume
|-boost|p2a: Vileplume|atk|2
|
|turn|17
|choice|move 2|switch 2
|
|switch|p2a: Arcanine|Arcanine, L85|36\/327
|move|p1a: Weezing|Fire Blast|p2a: Arcanine
|-resisted|p2a: Arcanine
|-damage|p2a: Arcanine|0 fnt
|faint|p2a: Arcanine
|choice||switch 4
|
|switch|p2a: Golduck|Golduck, L85|227\/310
|turn|18
|choice|move 3|move 4
|
|move|p2a: Golduck|Surf|p1a: Weezing
|-damage|p1a: Weezing|212\/300
|move|p1a: Weezing|Thunderbolt|p2a: Golduck
|-supereffective|p2a: Golduck
|-damage|p2a: Golduck|89\/310
|
|turn|19
|choice|move 3|move 2
|
|move|p2a: Golduck|Rest|p2a: Golduck
|-status|p2a: Golduck|slp
|-heal|p2a: Golduck|310\/310 slp|[silent]
|-status|p2a: Golduck|slp|[from] move: Rest
|move|p1a: Weezing|Thunderbolt|p2a: Golduck
|-supereffective|p2a: Golduck
|-damage|p2a: Golduck|156\/310 slp
|
|turn|20
|choice|move 3|move 4
|
|cant|p2a: Golduck|slp
|move|p1a: Weezing|Thunderbolt|p2a: Golduck
|-supereffective|p2a: Golduck
|-damage|p2a: Golduck|0 fnt
|faint|p2a: Golduck
|choice||switch 6
|
|switch|p2a: Abra|Abra, L96|87\/243
|turn|21
|choice|switch 3|move 2
|
|switch|p1a: Jolteon|Jolteon, L79|265\/265 par
|move|p2a: Abra|Psychic|p1a: Jolteon
|-crit|p1a: Jolteon
|-damage|p1a: Jolteon|37\/265 par
|
|turn|22
|choice|move 1|move 2
|
|move|p2a: Abra|Psychic|p1a: Jolteon
|-crit|p1a: Jolteon
|-damage|p1a: Jolteon|0 fnt
|faint|p1a: Jolteon
|choice|switch 4|
|
|switch|p1a: Scyther|Scyther, L90|309\/309
|turn|23
|choice|move 1|move 1
|
|move|p1a: Scyther|Slash|p2a: Abra
|-crit|p2a: Abra
|-damage|p2a: Abra|0 fnt
|faint|p2a: Abra
|choice||switch 2
|
|switch|p2a: Vileplume|Vileplume, L90|71\/318
|turn|24
|choice|move 1|move 4
|
|move|p1a: Scyther|Slash|p2a: Vileplume
|-crit|p2a: Vileplume
|-damage|p2a: Vileplume|0 fnt
|faint|p2a: Vileplume
|choice||switch 5
|
|switch|p2a: Butterfree|Butterfree, L90|291\/291
|turn|25
|choice|move 2|move 3
|
|move|p1a: Scyther|Swords Dance|p1a: Scyther
|-boost|p1a: Scyther|atk|2
|move|p2a: Butterfree|Sleep Powder|p1a: Scyther
|-status|p1a: Scyther|slp
|
|turn|26
|choice|move 3|move 4
|
|cant|p1a: Scyther|slp
|move|p2a: Butterfree|Psychic|p1a: Scyther
|-damage|p1a: Scyther|227\/309 slp
|
|turn|27
|choice|move 3|move 4
|
|cant|p1a: Scyther|slp
|move|p2a: Butterfree|Psychic|p1a: Scyther
|-damage|p1a: Scyther|150\/309 slp
|
|turn|28
|choice|move 3|move 4
|
|cant|p1a: Scyther|slp
|move|p2a: Butterfree|Psychic|p1a: Scyther
|-crit|p1a: Scyther
|-damage|p1a: Scyther|0 fnt
|faint|p1a: Scyther
|choice|switch 3|
|
|switch|p1a: Weezing|Weezing, L90|212\/300
|turn|29
|choice|move 1|move 4
|
|move|p2a: Butterfree|Psychic|p1a: Weezing
|-supereffective|p1a: Weezing
|-damage|p1a: Weezing|80\/300
|move|p1a: Weezing|Explosion|p2a: Butterfree
|-damage|p2a: Butterfree|0 fnt
|faint|p2a: Butterfree
|faint|p1a: Weezing
|
|win|howiam
|player|p1
|player|p2
|raw|howiam's rating: 1000 &rarr; <strong>1060<\/strong><br \/>(+60 for winning)
|raw|Samdexi's rating: 1187 &rarr; <strong>1150<\/strong><br \/>(-37 for losing)
|l|Samdexi