|j|Ciaocaro
|j|Kel9901
|player|p1|Ciaocaro|266
|player|p2|Kel9901|169
|gametype|singles
|gen|1
|tier|[Gen 1] OU
|rated
|seed|16578,60188,49112,49022
|rule|Sleep Clause Mod: Limit one foe put to sleep
|rule|Freeze Clause Mod: Limit one foe frozen
|rule|Species Clause: Limit one of each Pokémon
|rule|OHKO Clause: OHKO moves are banned
|rule|Evasion Moves Clause: Evasion moves are banned
|rule|HP Percentage Mod: HP is shown in percentages
|
|start
|switch|p1a: Jolteon|Jolteon|333\/333
|switch|p2a: Jynx|Jynx|333\/333
|turn|1
|c|★Kel9901|gl hf
|choice|move 1|switch 5
|
|switch|p2a: Rhydon|Rhydon|413\/413
|move|p1a: Jolteon|Thunder|p2a: Rhydon
|-immune|p2a: Rhydon|[msg]
|
|turn|2
|choice|switch 6|switch 5
|
|switch|p1a: Starmie|Starmie|323\/323
|switch|p2a: Jynx|Jynx|333\/333
|
|turn|3
|choice|move 3|move 2
|
|move|p1a: Starmie|Hydro Pump|p2a: Jynx
|-crit|p2a: Jynx
|-damage|p2a: Jynx|71\/333
|move|p2a: Jynx|Lovely Kiss|p1a: Starmie
|-status|p1a: Starmie|slp
|
|turn|4
|choice|switch 6|move 3
|
|switch|p1a: Jolteon|Jolteon|333\/333
|move|p2a: Jynx|Psychic|p1a: Jolteon
|-crit|p1a: Jolteon
|-damage|p1a: Jolteon|141\/333
|
|turn|5
|choice|move 3|switch 5
|
|switch|p2a: Rhydon|Rhydon|413\/413
|move|p1a: Jolteon|Pin Missile|p2a: Rhydon
|-damage|p2a: Rhydon|405\/413
|-damage|p2a: Rhydon|397\/413
|-damage|p2a: Rhydon|389\/413
|-hitcount|p2a: Rhydon|3
|
|turn|6
|choice|switch 5|move 4
|
|switch|p1a: Alakazam|Alakazam|313\/313
|move|p2a: Rhydon|Body Slam|p1a: Alakazam
|-damage|p1a: Alakazam|193\/313
|
|turn|7
|choice|move 1|move 1
|
|move|p1a: Alakazam|Psychic|p2a: Rhydon
|-damage|p2a: Rhydon|187\/413
|move|p2a: Rhydon|Earthquake|p1a: Alakazam
|-crit|p1a: Alakazam
|-damage|p1a: Alakazam|0 fnt
|faint|p1a: Alakazam
|choice|switch 2|
|
|switch|p1a: Parasect|Parasect|323\/323
|turn|8
|choice|move 1|switch 5
|
|switch|p2a: Jynx|Jynx|71\/333
|move|p1a: Parasect|Spore|p2a: Jynx
|-status|p2a: Jynx|slp
|
|turn|9
|choice|move 3|switch 3
|
|switch|p2a: Exeggutor|Exeggutor|393\/393
|move|p1a: Parasect|Swords Dance|p1a: Parasect
|-boost|p1a: Parasect|atk|2
|
|turn|10
|choice|move 2|move 1
|
|move|p2a: Exeggutor|Psychic|p1a: Parasect
|-damage|p1a: Parasect|181\/323
|move|p1a: Parasect|Leech Life|p2a: Exeggutor
|-supereffective|p2a: Exeggutor
|-damage|p2a: Exeggutor|188\/393
|-heal|p1a: Parasect|283\/323|[from] drain|[of] p2a: Exeggutor
|
|turn|11
|choice|move 2|move 4
|
|move|p2a: Exeggutor|Explosion|p1a: Parasect
|-damage|p1a: Parasect|6\/323
|faint|p2a: Exeggutor
|choice||switch 4
|
|switch|p2a: Tauros|Tauros|353\/353
|turn|12
|choice|switch 3|move 1
|
|switch|p1a: Snorlax|Snorlax|523\/523
|move|p2a: Tauros|Body Slam|p1a: Snorlax
|-damage|p1a: Snorlax|398\/523
|
|turn|13
|choice|move 4|move 3
|
|move|p2a: Tauros|Blizzard|p1a: Snorlax
|-damage|p1a: Snorlax|307\/523
|move|p1a: Snorlax|Earthquake|p2a: Tauros
|-damage|p2a: Tauros|261\/353
|
|turn|14
|choice|move 1|move 1
|
|move|p2a: Tauros|Body Slam|p1a: Snorlax
|-damage|p1a: Snorlax|172\/523
|move|p1a: Snorlax|Body Slam|p2a: Tauros
|-damage|p2a: Tauros|149\/353
|
|turn|15
|choice|move 2|move 2
|
|move|p2a: Tauros|Hyper Beam|p1a: Snorlax
|-damage|p1a: Snorlax|0 fnt
|faint|p1a: Snorlax
|choice|switch 4|
|
|switch|p1a: Dragonite|Dragonite|385\/385
|turn|16
|choice|move 4|move 3
|
|move|p2a: Tauros|Blizzard|p1a: Dragonite
|-supereffective|p1a: Dragonite
|-damage|p1a: Dragonite|91\/385
|move|p1a: Dragonite|Thunder Wave|p2a: Tauros
|-status|p2a: Tauros|par
|
|turn|17
|choice|move 1|move 1
|
|move|p1a: Dragonite|Hyper Beam|p2a: Tauros
|-crit|p2a: Tauros
|-damage|p2a: Tauros|0 fnt
|faint|p2a: Tauros
|choice||switch 2
|
|switch|p2a: Chansey|Chansey|703\/703
|turn|18
|choice|move 1|move 2
|
|move|p1a: Dragonite|Hyper Beam|p2a: Chansey
|-damage|p2a: Chansey|283\/703
|move|p2a: Chansey|Ice Beam|p1a: Dragonite
|-supereffective|p1a: Dragonite
|-damage|p1a: Dragonite|0 fnt
|faint|p1a: Dragonite
|choice|switch 3|
|
|switch|p1a: Parasect|Parasect|6\/323
|turn|19
|choice|move 4|move 2
|
|move|p2a: Chansey|Ice Beam|p1a: Parasect
|-supereffective|p1a: Parasect
|-damage|p1a: Parasect|0 fnt
|faint|p1a: Parasect
|choice|switch 5|
|
|switch|p1a: Jolteon|Jolteon|141\/333
|turn|20
|choice|move 1|move 4
|
|move|p1a: Jolteon|Thunder|p2a: Chansey
|-damage|p2a: Chansey|131\/703
|move|p2a: Chansey|Thunder Wave|p1a: Jolteon
|-status|p1a: Jolteon|par
|
|turn|21
|choice|move 1|switch 5
|
|switch|p2a: Rhydon|Rhydon|187\/413
|move|p1a: Jolteon|Thunder|p2a: Rhydon
|-immune|p2a: Rhydon|[msg]
|
|turn|22
|choice|switch 6|move 3
|
|switch|p1a: Starmie|Starmie|323\/323 slp
|move|p2a: Rhydon|Substitute|p2a: Rhydon
|-start|p2a: Rhydon|Substitute
|-damage|p2a: Rhydon|84\/413
|
|turn|23
|choice|move 3|move 1
|
|cant|p1a: Starmie|slp
|move|p2a: Rhydon|Earthquake|p1a: Starmie
|-damage|p1a: Starmie|165\/323 slp
|
|turn|24
|choice|move 3|move 4
|
|cant|p1a: Starmie|slp
|move|p2a: Rhydon|Body Slam|p1a: Starmie
|-damage|p1a: Starmie|76\/323 slp
|
|turn|25
|choice|move 3|move 1
|
|cant|p1a: Starmie|slp
|move|p2a: Rhydon|Earthquake|p1a: Starmie
|-damage|p1a: Starmie|0 fnt
|faint|p1a: Starmie
|c|★Kel9901|gg
|c|★Ciaocaro|gg
|-message|Ciaocaro forfeited.
|
|win|Kel9901
|l|Ciaocaro
|player|p1
|raw|Ciaocaro's rating: 1141 &rarr; <strong>1128<\/strong><br \/>(-13 for losing)
|raw|Kel9901's rating: 1333 &rarr; <strong>1343<\/strong><br \/>(+10 for winning)