|j|Zyroq
|j|MajorIdiocy
|player|p1|Zyroq|92
|player|p2|MajorIdiocy|92
|gametype|singles
|gen|1
|tier|[Gen 1] OU
|seed|
|rule|Sleep Clause Mod: Limit one foe put to sleep
|rule|Freeze Clause Mod: Limit one foe frozen
|rule|Species Clause: Limit one of each Pokémon
|rule|OHKO Clause: OHKO moves are banned
|rule|Evasion Moves Clause: Evasion moves are banned
|rule|HP Percentage Mod: HP is shown in percentages
|
|start
|switch|p1a: Exeggutor|Exeggutor, M|100\/100
|switch|p2a: Exeggutor|Exeggutor|100\/100
|turn|1
|c|★MajorIdiocy|ayyyy
|c|★Zyroq|lmao
|choice||
|
|move|p1a: Exeggutor|Mega Drain|p2a: Exeggutor
|-resisted|p2a: Exeggutor
|-damage|p2a: Exeggutor|95\/100
|move|p2a: Exeggutor|Sleep Powder|p1a: Exeggutor
|-status|p1a: Exeggutor|slp
|
|turn|2
|c|★Zyroq|oh hey
|c|★Zyroq|that works in this gen
|c|★Zyroq|lmao
|c|★MajorIdiocy|yeah, looked it up game 1 haha
|choice||
|
|switch|p2a: Tauros|Tauros|100\/100
|cant|p1a: Exeggutor|slp
|
|turn|3
|choice||
|
|switch|p1a: Ghost|Gengar, M|100\/100
|move|p2a: Tauros|Hyper Beam|p1a: Ghost
|-immune|p1a: Ghost|[msg]
|
|turn|4
|c|★MajorIdiocy|oooh damn
|choice||
|
|move|p2a: Tauros|Earthquake|p1a: Ghost
|-supereffective|p1a: Ghost
|-damage|p1a: Ghost|31\/100
|move|p1a: Ghost|Hypnosis|p2a: Tauros
|-status|p2a: Tauros|slp
|
|turn|5
|choice||
|
|switch|p2a: Alakazam|Alakazam|100\/100
|move|p1a: Ghost|Thunderbolt|p2a: Alakazam
|-crit|p2a: Alakazam
|-damage|p2a: Alakazam|54\/100
|
|turn|6
|c|★MajorIdiocy|sleep clause is a thing btw
|choice||
|
|switch|p1a: Chansey|Chansey|100\/100
|move|p2a: Alakazam|Psychic|p1a: Chansey
|-damage|p1a: Chansey|81\/100
|
|turn|7
|choice||
|
|switch|p2a: Rhydon|Rhydon|100\/100
|move|p1a: Chansey|Thunder Wave|p2a: Rhydon
|-immune|p2a: Rhydon|[msg]
|
|turn|8
|choice||
|
|switch|p1a: Exeggutor|Exeggutor, M|100\/100 slp
|move|p2a: Rhydon|Substitute|p2a: Rhydon
|-start|p2a: Rhydon|Substitute
|-damage|p2a: Rhydon|76\/100
|
|turn|9
|choice||
|
|cant|p1a: Exeggutor|slp
|move|p2a: Rhydon|Earthquake|p1a: Exeggutor
|-resisted|p1a: Exeggutor
|-damage|p1a: Exeggutor|82\/100 slp
|
|turn|10
|choice||
|
|cant|p1a: Exeggutor|slp
|move|p2a: Rhydon|Rock Slide|p1a: Exeggutor
|-damage|p1a: Exeggutor|51\/100 slp
|
|turn|11
|choice||
|
|-curestatus|p1a: Exeggutor|slp
|move|p2a: Rhydon|Rock Slide|p1a: Exeggutor
|-damage|p1a: Exeggutor|19\/100
|
|turn|12
|c|★Zyroq|oh wait
|c|★MajorIdiocy|bs right?
|c|★Zyroq|so you don't even get an attack when waking up
|c|★MajorIdiocy|XD
|choice||
|
|switch|p1a: Starmie|Starmie|100\/100
|move|p2a: Rhydon|Rock Slide|p1a: Starmie|[miss]
|-miss|p2a: Rhydon
|
|turn|13
|c|★MajorIdiocy|so if say eggs outspeeds whatever's in, you're fucked haha
|choice||
|
|move|p1a: Starmie|Ice Beam|p2a: Rhydon
|-supereffective|p2a: Rhydon
|-end|p2a: Rhydon|Substitute
|move|p2a: Rhydon|Earthquake|p1a: Starmie
|-damage|p1a: Starmie|50\/100
|
|turn|14
|choice||
|
|switch|p2a: Chansey|Chansey|100\/100
|move|p1a: Starmie|Ice Beam|p2a: Chansey
|-damage|p2a: Chansey|90\/100
|
|turn|15
|choice||
|
|move|p1a: Starmie|Thunder Wave|p2a: Chansey
|-status|p2a: Chansey|par
|move|p2a: Chansey|Thunder Wave|p1a: Starmie
|-status|p1a: Starmie|par
|
|turn|16
|choice||
|
|move|p1a: Starmie|Recover|p1a: Starmie
|-heal|p1a: Starmie|99\/100 par
|move|p2a: Chansey|Counter|p1a: Starmie
|-fail|p2a: Chansey
|
|turn|17
|c|★MajorIdiocy|uuuh
|c|★MajorIdiocy|i totally dont have counter
|c|★Zyroq|????
|c|★MajorIdiocy|you should like, totally attack me :D
|choice||
|
|switch|p1a: Tauros|Tauros|100\/100
|move|p2a: Chansey|Counter|p1a: Tauros
|-fail|p2a: Chansey
|
|turn|18
|choice||
|
|move|p1a: Tauros|Body Slam|p2a: Chansey
|-damage|p2a: Chansey|50\/100 par
|cant|p2a: Chansey|par
|
|turn|19
|c|★Zyroq|ayyyy
|c|★MajorIdiocy|o no
|choice||
|
|move|p1a: Tauros|Substitute|p1a: Tauros
|-start|p1a: Tauros|Substitute
|-damage|p1a: Tauros|76\/100
|move|p2a: Chansey|Counter|p1a: Tauros
|-fail|p2a: Chansey
|
|turn|20
|c|★MajorIdiocy|the plaaaays
|choice||
|
|move|p1a: Tauros|Body Slam|p2a: Chansey
|-damage|p2a: Chansey|9\/100 par
|move|p2a: Chansey|Ice Beam|p1a: Tauros
|-end|p1a: Tauros|Substitute
|
|turn|21
|choice||
|
|move|p1a: Tauros|Body Slam|p2a: Chansey
|-damage|p2a: Chansey|0 fnt
|faint|p2a: Chansey
|choice||
|
|switch|p2a: Alakazam|Alakazam|54\/100
|turn|22
|choice||
|
|switch|p1a: Chansey|Chansey|81\/100
|move|p2a: Alakazam|Psychic|p1a: Chansey
|-damage|p1a: Chansey|63\/100
|
|turn|23
|choice||
|
|switch|p2a: Rhydon|Rhydon|76\/100
|move|p1a: Chansey|Soft-Boiled|p1a: Chansey
|-heal|p1a: Chansey|100\/100
|
|turn|24
|choice||
|
|move|p1a: Chansey|Ice Beam|p2a: Rhydon
|-supereffective|p2a: Rhydon
|-damage|p2a: Rhydon|18\/100
|move|p2a: Rhydon|Earthquake|p1a: Chansey
|-damage|p1a: Chansey|46\/100
|
|turn|25
|choice||
|
|move|p1a: Chansey|Ice Beam|p2a: Rhydon
|-supereffective|p2a: Rhydon
|-damage|p2a: Rhydon|0 fnt
|faint|p2a: Rhydon
|choice||
|
|switch|p2a: Tauros|Tauros|100\/100 slp
|turn|26
|choice||
|
|switch|p1a: Alakazam|Alakazam, M|100\/100
|cant|p2a: Tauros|slp
|
|turn|27
|choice||
|
|switch|p2a: Exeggutor|Exeggutor|95\/100
|move|p1a: Alakazam|Psychic|p2a: Exeggutor
|-resisted|p2a: Exeggutor
|-damage|p2a: Exeggutor|81\/100
|
|turn|28
|choice||
|
|switch|p1a: Chansey|Chansey|46\/100
|move|p2a: Exeggutor|Sleep Powder|p1a: Chansey
|-status|p1a: Chansey|slp
|
|turn|29
|choice||
|
|switch|p1a: Alakazam|Alakazam, M|100\/100
|move|p2a: Exeggutor|Psychic|p1a: Alakazam
|-resisted|p1a: Alakazam
|-damage|p1a: Alakazam|85\/100
|-unboost|p1a: Alakazam|spd|1
|-unboost|p1a: Alakazam|spa|1
|
|turn|30
|choice||
|
|move|p1a: Alakazam|Substitute|p1a: Alakazam
|-start|p1a: Alakazam|Substitute
|-damage|p1a: Alakazam|60\/100
|move|p2a: Exeggutor|Psychic|p1a: Alakazam
|-resisted|p1a: Alakazam
|-activate|p1a: Alakazam|Substitute|[damage]
|
|turn|31
|choice||
|
|move|p1a: Alakazam|Recover|p1a: Alakazam
|-heal|p1a: Alakazam|100\/100
|move|p2a: Exeggutor|Psychic|p1a: Alakazam
|-resisted|p1a: Alakazam
|-end|p1a: Alakazam|Substitute
|
|turn|32
|choice||
|
|switch|p2a: Tauros|Tauros|100\/100 slp
|move|p1a: Alakazam|Substitute|p1a: Alakazam
|-start|p1a: Alakazam|Substitute
|-damage|p1a: Alakazam|76\/100
|
|turn|33
|choice||
|
|move|p1a: Alakazam|Psychic|p2a: Tauros
|-damage|p2a: Tauros|71\/100 slp
|-unboost|p2a: Tauros|spd|1
|-unboost|p2a: Tauros|spa|1
|cant|p2a: Tauros|slp
|
|turn|34
|choice||
|
|move|p1a: Alakazam|Psychic|p2a: Tauros
|-damage|p2a: Tauros|22\/100 slp
|-unboost|p2a: Tauros|spd|1
|-unboost|p2a: Tauros|spa|1
|cant|p2a: Tauros|slp
|
|turn|35
|c|★MajorIdiocy|omfg
|c|★MajorIdiocy|XD
|choice||
|
|move|p1a: Alakazam|Psychic|p2a: Tauros
|-damage|p2a: Tauros|0 fnt
|faint|p2a: Tauros
|choice||
|
|switch|p2a: Exeggutor|Exeggutor|81\/100
|turn|36
|c|★Zyroq|speed correlates to secondary effects lmao
|choice||
|
|move|p1a: Alakazam|Seismic Toss|p2a: Exeggutor
|-damage|p2a: Exeggutor|55\/100
|move|p2a: Exeggutor|Psychic|p1a: Alakazam
|-resisted|p1a: Alakazam
|-end|p1a: Alakazam|Substitute
|
|turn|37
|choice||
|
|move|p1a: Alakazam|Substitute|p1a: Alakazam
|-start|p1a: Alakazam|Substitute
|-damage|p1a: Alakazam|51\/100
|move|p2a: Exeggutor|Sleep Powder|p1a: Alakazam
|-message|Sleep Clause Mod activated.
|
|turn|38
|choice||
|
|move|p1a: Alakazam|Recover|p1a: Alakazam
|-heal|p1a: Alakazam|100\/100
|move|p2a: Exeggutor|Mega Drain|p1a: Alakazam
|-activate|p1a: Alakazam|Substitute|[damage]
|-heal|p2a: Exeggutor|65\/100|[from] drain|[of] p1a: Alakazam
|
|turn|39
|choice||
|
|move|p1a: Alakazam|Seismic Toss|p2a: Exeggutor
|-damage|p2a: Exeggutor|39\/100
|move|p2a: Exeggutor|Mega Drain|p1a: Alakazam
|-end|p1a: Alakazam|Substitute
|
|turn|40
|choice||
|
|move|p1a: Alakazam|Substitute|p1a: Alakazam
|-start|p1a: Alakazam|Substitute
|-damage|p1a: Alakazam|76\/100
|move|p2a: Exeggutor|Mega Drain|p1a: Alakazam
|-activate|p1a: Alakazam|Substitute|[damage]
|-heal|p2a: Exeggutor|47\/100|[from] drain|[of] p1a: Alakazam
|
|turn|41
|choice||
|
|move|p1a: Alakazam|Seismic Toss|p2a: Exeggutor
|-damage|p2a: Exeggutor|22\/100
|move|p2a: Exeggutor|Mega Drain|p1a: Alakazam
|-end|p1a: Alakazam|Substitute
|
|turn|42
|choice||
|
|move|p1a: Alakazam|Substitute|p1a: Alakazam
|-start|p1a: Alakazam|Substitute
|-damage|p1a: Alakazam|51\/100
|move|p2a: Exeggutor|Psychic|p1a: Alakazam
|-resisted|p1a: Alakazam
|-activate|p1a: Alakazam|Substitute|[damage]
|
|turn|43
|c|★MajorIdiocy|???
|c|★Zyroq|what lol
|choice||
|
|move|p1a: Alakazam|Recover|p1a: Alakazam
|-heal|p1a: Alakazam|100\/100
|move|p2a: Exeggutor|Psychic|p1a: Alakazam
|-resisted|p1a: Alakazam
|-end|p1a: Alakazam|Substitute
|
|turn|44
|choice||
|
|move|p1a: Alakazam|Seismic Toss|p2a: Exeggutor
|-damage|p2a: Exeggutor|0 fnt
|faint|p2a: Exeggutor
|c|★MajorIdiocy|nvm i neglected psychic not very effective xD
|choice||
|
|switch|p2a: Golem|Golem|100\/100
|turn|45
|choice||
|
|switch|p1a: Starmie|Starmie|99\/100 par
|move|p2a: Golem|Earthquake|p1a: Starmie
|-damage|p1a: Starmie|58\/100 par
|
|turn|46
|choice||
|
|move|p2a: Golem|Earthquake|p1a: Starmie
|-damage|p1a: Starmie|13\/100 par
|cant|p1a: Starmie|par
|
|turn|47
|choice||
|
|move|p2a: Golem|Earthquake|p1a: Starmie
|-damage|p1a: Starmie|0 fnt
|faint|p1a: Starmie
|c|★Zyroq|no 6-0 for me
|choice||
|
|switch|p1a: Exeggutor|Exeggutor, M|19\/100
|turn|48
|choice||
|
|move|p1a: Exeggutor|Mega Drain|p2a: Golem
|-supereffective|p2a: Golem
|-damage|p2a: Golem|10\/100
|-heal|p1a: Exeggutor|61\/100|[from] drain|[of] p2a: Golem
|move|p2a: Golem|Earthquake|p1a: Exeggutor
|-resisted|p1a: Exeggutor
|-damage|p1a: Exeggutor|44\/100
|
|turn|49
|choice||
|
|move|p1a: Exeggutor|Sleep Powder|p2a: Golem|[miss]
|-miss|p1a: Exeggutor
|move|p2a: Golem|Explosion|p1a: Exeggutor
|-damage|p1a: Exeggutor|0 fnt
|faint|p1a: Exeggutor
|faint|p2a: Golem
|c|★Zyroq|PLS
|choice||
|
|switch|p2a: Alakazam|Alakazam|54\/100
|switch|p1a: Tauros|Tauros|76\/100
|turn|50
|c|★MajorIdiocy|ayyy lmao
|choice||
|
|move|p2a: Alakazam|Psychic|p1a: Tauros
|-damage|p1a: Tauros|31\/100
|-unboost|p1a: Tauros|spd|1
|-unboost|p1a: Tauros|spa|1
|move|p1a: Tauros|Body Slam|p2a: Alakazam
|-damage|p2a: Alakazam|4\/100
|
|turn|51
|choice||
|
|switch|p1a: Chansey|Chansey|46\/100 slp
|move|p2a: Alakazam|Psychic|p1a: Chansey
|-damage|p1a: Chansey|28\/100 slp
|
|turn|52
|choice||
|
|move|p2a: Alakazam|Recover|p2a: Alakazam
|-heal|p2a: Alakazam|54\/100
|cant|p1a: Chansey|slp
|
|turn|53
|choice||
|
|move|p2a: Alakazam|Recover|p2a: Alakazam
|-heal|p2a: Alakazam|100\/100
|cant|p1a: Chansey|slp
|
|turn|54
|choice||
|
|move|p2a: Alakazam|Psychic|p1a: Chansey
|-damage|p1a: Chansey|9\/100 slp
|cant|p1a: Chansey|slp
|
|turn|55
|c|★Zyroq|PLEASE
|choice||
|
|move|p2a: Alakazam|Psychic|p1a: Chansey
|-damage|p1a: Chansey|0 fnt
|faint|p1a: Chansey
|c|★MajorIdiocy|#gen1
|choice||
|
|switch|p1a: Alakazam|Alakazam, M|100\/100
|turn|56
|choice||
|
|move|p1a: Alakazam|Substitute|p1a: Alakazam
|-start|p1a: Alakazam|Substitute
|-damage|p1a: Alakazam|76\/100
|move|p2a: Alakazam|Reflect|p2a: Alakazam
|-start|p2a: Alakazam|Reflect
|
|turn|57
|choice||
|
|move|p1a: Alakazam|Seismic Toss|p2a: Alakazam
|-damage|p2a: Alakazam|69\/100
|move|p2a: Alakazam|Psychic|p1a: Alakazam
|-resisted|p1a: Alakazam
|-activate|p1a: Alakazam|Substitute|[damage]
|
|turn|58
|choice||
|
|move|p2a: Alakazam|Psychic|p1a: Alakazam
|-resisted|p1a: Alakazam
|-end|p1a: Alakazam|Substitute
|move|p1a: Alakazam|Seismic Toss|p2a: Alakazam
|-damage|p2a: Alakazam|37\/100
|
|turn|59
|c|★MajorIdiocy|gg
|choice||
|
|move|p2a: Alakazam|Thunder Wave|p1a: Alakazam
|-status|p1a: Alakazam|par
|move|p1a: Alakazam|Substitute|p1a: Alakazam
|-start|p1a: Alakazam|Substitute
|-damage|p1a: Alakazam|51\/100 par
|
|turn|60
|choice||
|
|move|p2a: Alakazam|Recover|p2a: Alakazam
|-heal|p2a: Alakazam|86\/100
|move|p1a: Alakazam|Seismic Toss|p2a: Alakazam|[miss]
|-miss|p1a: Alakazam
|
|turn|61
|c|★MajorIdiocy|o
|c|★Zyroq|it can miss?
|c|★Zyroq|????
|choice||
|
|move|p2a: Alakazam|Psychic|p1a: Alakazam
|-resisted|p1a: Alakazam
|-activate|p1a: Alakazam|Substitute|[damage]
|move|p1a: Alakazam|Recover|p1a: Alakazam
|-heal|p1a: Alakazam|100\/100 par
|
|turn|62
|c|★MajorIdiocy|i didnt know either
|choice||
|
|move|p2a: Alakazam|Psychic|p1a: Alakazam
|-crit|p1a: Alakazam
|-resisted|p1a: Alakazam
|-end|p1a: Alakazam|Substitute
|move|p1a: Alakazam|Psychic|p2a: Alakazam
|-crit|p2a: Alakazam
|-resisted|p2a: Alakazam
|-damage|p2a: Alakazam|55\/100
|
|turn|63
|choice||
|
|move|p2a: Alakazam|Psychic|p1a: Alakazam
|-resisted|p1a: Alakazam
|-damage|p1a: Alakazam|84\/100 par
|move|p1a: Alakazam|Substitute|p1a: Alakazam
|-start|p1a: Alakazam|Substitute
|-damage|p1a: Alakazam|59\/100 par
|
|turn|64
|choice||
|
|move|p2a: Alakazam|Recover|p2a: Alakazam
|-heal|p2a: Alakazam|100\/100
|move|p1a: Alakazam|Recover|p1a: Alakazam
|-heal|p1a: Alakazam|100\/100 par
|
|turn|65
|c|★Zyroq|I'll get the special defense drops eventually
|choice||
|
|move|p2a: Alakazam|Psychic|p1a: Alakazam
|-crit|p1a: Alakazam
|-resisted|p1a: Alakazam
|-end|p1a: Alakazam|Substitute
|move|p1a: Alakazam|Psychic|p2a: Alakazam
|-crit|p2a: Alakazam
|-resisted|p2a: Alakazam
|-damage|p2a: Alakazam|67\/100
|
|turn|66
|choice||
|
|move|p2a: Alakazam|Psychic|p1a: Alakazam
|-resisted|p1a: Alakazam
|-damage|p1a: Alakazam|83\/100 par
|-unboost|p1a: Alakazam|spd|1
|-unboost|p1a: Alakazam|spa|1
|move|p1a: Alakazam|Substitute|p1a: Alakazam
|-start|p1a: Alakazam|Substitute
|-damage|p1a: Alakazam|58\/100 par
|
|turn|67
|c|★MajorIdiocy|ayy
|choice||
|
|move|p2a: Alakazam|Recover|p2a: Alakazam
|-heal|p2a: Alakazam|100\/100
|cant|p1a: Alakazam|par
|
|turn|68
|c|★MajorIdiocy|almost outta pp haha
|choice||
|
|move|p2a: Alakazam|Psychic|p1a: Alakazam
|-resisted|p1a: Alakazam
|-end|p1a: Alakazam|Substitute
|cant|p1a: Alakazam|par
|
|turn|69
|choice||
|
|switch|p1a: Ghost|Gengar, M|31\/100
|move|p2a: Alakazam|Psychic|p1a: Ghost
|-crit|p1a: Ghost
|-supereffective|p1a: Ghost
|-damage|p1a: Ghost|0 fnt
|faint|p1a: Ghost
|choice||
|
|switch|p1a: Alakazam|Alakazam, M|58\/100 par
|turn|70
|choice||
|
|move|p2a: Alakazam|Psychic|p1a: Alakazam
|-resisted|p1a: Alakazam
|-damage|p1a: Alakazam|41\/100 par
|-unboost|p1a: Alakazam|spd|1
|-unboost|p1a: Alakazam|spa|1
|cant|p1a: Alakazam|par
|
|turn|71
|c|★Zyroq|your rng
|c|★MajorIdiocy|aaand out
|c|★Zyroq|is unholy
|c|★MajorIdiocy|rip
|choice||
|
|move|p2a: Alakazam|Thunder Wave|p1a: Alakazam
|-fail|p1a: Alakazam|par
|move|p1a: Alakazam|Recover|p1a: Alakazam
|-heal|p1a: Alakazam|91\/100 par
|
|turn|72
|choice||
|
|move|p2a: Alakazam|Thunder Wave|p1a: Alakazam
|-fail|p1a: Alakazam|par
|cant|p1a: Alakazam|par
|
|turn|73
|c|★MajorIdiocy|switch again, kill me pls LOL
|choice||
|
|move|p2a: Alakazam|Recover|p2a: Alakazam
|-fail|p2a: Alakazam
|move|p1a: Alakazam|Psychic|p2a: Alakazam
|-resisted|p2a: Alakazam
|-damage|p2a: Alakazam|90\/100
|
|turn|74
|choice||
|
|switch|p1a: Tauros|Tauros|31\/100
|move|p2a: Alakazam|Thunder Wave|p1a: Tauros
|-status|p1a: Tauros|par
|
|turn|75
|c|★Zyroq|pls
|choice||
|
|move|p2a: Alakazam|Thunder Wave|p1a: Tauros
|-fail|p1a: Tauros|par
|move|p1a: Tauros|Body Slam|p2a: Alakazam
|-damage|p2a: Alakazam|64\/100
|
|turn|76
|choice||
|
|move|p2a: Alakazam|Reflect|p2a: Alakazam
|-fail|p2a: Alakazam
|move|p1a: Tauros|Body Slam|p2a: Alakazam
|-damage|p2a: Alakazam|39\/100
|-status|p2a: Alakazam|par
|
|turn|77
|c|★MajorIdiocy|ok when you had kazam out that was the quickest option lmao
|choice||
|
|move|p2a: Alakazam|Reflect|p2a: Alakazam
|-fail|p2a: Alakazam
|cant|p1a: Tauros|par
|
|turn|78
|choice||
|
|move|p2a: Alakazam|Reflect|p2a: Alakazam
|-fail|p2a: Alakazam
|move|p1a: Tauros|Body Slam|p2a: Alakazam|[miss]
|-miss|p1a: Tauros
|
|turn|79
|c|★Zyroq|PLS
|c|★Zyroq|what the fuck affects the accuracy tho
|choice||
|
|cant|p2a: Alakazam|par
|move|p1a: Tauros|Body Slam|p2a: Alakazam
|-damage|p2a: Alakazam|14\/100 par
|
|turn|80
|c|★MajorIdiocy|reverse pp stall XDDD
|choice||
|
|move|p2a: Alakazam|Reflect|p2a: Alakazam
|-fail|p2a: Alakazam
|move|p1a: Tauros|Body Slam|p2a: Alakazam
|-damage|p2a: Alakazam|0 fnt
|faint|p2a: Alakazam
|
|win|Zyroq
|player|p1
|player|p2
|c|★MajorIdiocy|finally ahahaha
|c|★Zyroq|I'm liking how we have the same avatar lmao
|c|★MajorIdiocy|it's pretty beautiful xD