|j|Damspan
|j|Lilypichi
|player|p1|Damspan|102
|player|p2|Lilypichi|217
|gametype|singles
|gen|1
|tier|[Gen 1] Random Battle
|rated
|seed|
|rule|Sleep Clause Mod: Limit one foe put to sleep
|rule|Freeze Clause Mod: Limit one foe frozen
|rule|HP Percentage Mod: HP is shown in percentages
|
|start
|switch|p1a: Magmar|Magmar, L90|100\/100
|switch|p2a: Nidoqueen|Nidoqueen, L85|100\/100
|turn|1
|choice||
|
|move|p1a: Magmar|Confuse Ray|p2a: Nidoqueen
|-start|p2a: Nidoqueen|confusion
|-activate|p2a: Nidoqueen|confusion
|move|p2a: Nidoqueen|Earthquake|p1a: Magmar
|-supereffective|p1a: Magmar
|-damage|p1a: Magmar|21\/100
|
|turn|2
|choice||
|
|move|p1a: Magmar|Fire Blast|p2a: Nidoqueen
|-damage|p2a: Nidoqueen|57\/100
|-activate|p2a: Nidoqueen|confusion
|move|p2a: Nidoqueen|Earthquake|p1a: Magmar
|-crit|p1a: Magmar
|-supereffective|p1a: Magmar
|-damage|p1a: Magmar|0 fnt
|faint|p1a: Magmar
|choice||
|
|switch|p1a: Primeape|Primeape, L90|100\/100
|turn|3
|choice||
|
|switch|p2a: Gyarados|Gyarados, L85|100\/100
|move|p1a: Primeape|Rock Slide|p2a: Gyarados
|-supereffective|p2a: Gyarados
|-damage|p2a: Gyarados|58\/100
|
|turn|4
|choice||
|
|move|p1a: Primeape|Rock Slide|p2a: Gyarados
|-supereffective|p2a: Gyarados
|-damage|p2a: Gyarados|18\/100
|move|p2a: Gyarados|Blizzard|p1a: Primeape
|-crit|p1a: Primeape
|-damage|p1a: Primeape|33\/100
|
|turn|5
|choice||
|
|switch|p2a: Tauros|Tauros, L79|100\/100
|move|p1a: Primeape|Rock Slide|p2a: Tauros|[miss]
|-miss|p1a: Primeape
|
|turn|6
|choice||
|
|move|p1a: Primeape|Submission|p2a: Tauros
|-supereffective|p2a: Tauros
|-damage|p2a: Tauros|30\/100
|-damage|p1a: Primeape|17\/100|[from] recoil|[of] p2a: Tauros
|move|p2a: Tauros|Earthquake|p1a: Primeape
|-damage|p1a: Primeape|0 fnt
|faint|p1a: Primeape
|choice||
|
|switch|p1a: Snorlax|Snorlax, L79|100\/100
|turn|7
|choice||
|
|move|p2a: Tauros|Body Slam|p1a: Snorlax
|-crit|p1a: Snorlax
|-damage|p1a: Snorlax|49\/100
|move|p1a: Snorlax|Amnesia|p1a: Snorlax
|-boost|p1a: Snorlax|spd|2
|-boost|p1a: Snorlax|spa|2
|
|turn|8
|choice||
|
|move|p2a: Tauros|Hyper Beam|p1a: Snorlax
|-damage|p1a: Snorlax|4\/100
|move|p1a: Snorlax|Ice Beam|p2a: Tauros
|-damage|p2a: Tauros|0 fnt
|faint|p2a: Tauros
|choice||
|
|switch|p2a: Primeape|Primeape, L90|100\/100
|turn|9
|choice||
|
|move|p2a: Primeape|Submission|p1a: Snorlax
|-supereffective|p1a: Snorlax
|-damage|p1a: Snorlax|0 fnt
|-damage|p2a: Primeape|99\/100|[from] recoil|[of] p1a: Snorlax
|faint|p1a: Snorlax
|choice||
|
|switch|p1a: Muk|Muk, L90|100\/100
|turn|10
|choice||
|
|move|p2a: Primeape|Submission|p1a: Muk
|-resisted|p1a: Muk
|-damage|p1a: Muk|86\/100
|-damage|p2a: Primeape|95\/100|[from] recoil|[of] p1a: Muk
|move|p1a: Muk|Sludge|p2a: Primeape
|-crit|p2a: Primeape
|-damage|p2a: Primeape|27\/100
|
|turn|11
|choice||
|
|move|p2a: Primeape|Rock Slide|p1a: Muk
|-damage|p1a: Muk|68\/100
|move|p1a: Muk|Sludge|p2a: Primeape
|-damage|p2a: Primeape|0 fnt
|faint|p2a: Primeape
|choice||
|
|switch|p2a: Dragonair|Dragonair, L85|100\/100
|turn|12
|choice||
|
|move|p2a: Dragonair|Ice Beam|p1a: Muk
|-damage|p1a: Muk|51\/100
|move|p1a: Muk|Screech|p2a: Dragonair
|-unboost|p2a: Dragonair|def|2
|
|turn|13
|choice||
|
|move|p2a: Dragonair|Body Slam|p1a: Muk
|-damage|p1a: Muk|35\/100
|-status|p1a: Muk|par
|cant|p1a: Muk|par
|
|turn|14
|choice||
|
|move|p2a: Dragonair|Surf|p1a: Muk
|-damage|p1a: Muk|18\/100 par
|move|p1a: Muk|Explosion|p2a: Dragonair
|-damage|p2a: Dragonair|0 fnt
|faint|p2a: Dragonair
|faint|p1a: Muk
|choice||
|
|switch|p2a: Gyarados|Gyarados, L85|18\/100
|switch|p1a: Dragonair|Dragonair, L85|100\/100
|turn|15
|choice||
|
|switch|p1a: Jolteon|Jolteon, L79|100\/100
|move|p2a: Gyarados|Blizzard|p1a: Jolteon
|-damage|p1a: Jolteon|70\/100
|
|turn|16
|choice||
|
|move|p1a: Jolteon|Double Kick|p2a: Gyarados
|-resisted|p2a: Gyarados
|-damage|p2a: Gyarados|16\/100
|-damage|p2a: Gyarados|14\/100
|-hitcount|p2a: Gyarados|2
|move|p2a: Gyarados|Body Slam|p1a: Jolteon
|-damage|p1a: Jolteon|31\/100
|
|turn|17
|choice||
|
|move|p1a: Jolteon|Double Kick|p2a: Gyarados
|-resisted|p2a: Gyarados
|-damage|p2a: Gyarados|11\/100
|-damage|p2a: Gyarados|9\/100
|-hitcount|p2a: Gyarados|2
|move|p2a: Gyarados|Body Slam|p1a: Jolteon
|-damage|p1a: Jolteon|0 fnt
|faint|p1a: Jolteon
|choice||
|
|switch|p1a: Dragonair|Dragonair, L85|100\/100
|turn|18
|c|★Lilypichi|???
|choice||
|
|move|p2a: Gyarados|Blizzard|p1a: Dragonair
|-supereffective|p1a: Dragonair
|-damage|p1a: Dragonair|24\/100
|move|p1a: Dragonair|Surf|p2a: Gyarados
|-resisted|p2a: Gyarados
|-damage|p2a: Gyarados|1\/100
|
|turn|19
|-message|Damspan forfeited.
|
|win|Lilypichi
|player|p1
|player|p2
|l|Damspan
|raw|Damspan's rating: 1041 &rarr; <strong>1027<\/strong><br \/>(-14 for losing)
|raw|Lilypichi's rating: 1083 &rarr; <strong>1107<\/strong><br \/>(+24 for winning)