|j|SaltyGlaceon
|j|Dervodel2
|player|p1|SaltyGlaceon|101
|player|p2|Dervodel2|102
|gametype|singles
|gen|1
|tier|[Gen 1] Random Battle
|rated
|seed|11951,60064,40343,16750
|rule|Sleep Clause Mod: Limit one foe put to sleep
|rule|Freeze Clause Mod: Limit one foe frozen
|rule|HP Percentage Mod: HP is shown in percentages
|
|start
|switch|p1a: Graveler|Graveler, L85|267\/267
|switch|p2a: Machoke|Machoke, L85|310\/310
|turn|1
|choice|move 3|move 2
|
|move|p2a: Machoke|Body Slam|p1a: Graveler
|-resisted|p1a: Graveler
|-damage|p1a: Graveler|242\/267
|move|p1a: Graveler|Explosion|p2a: Machoke
|-damage|p2a: Machoke|41\/310
|faint|p1a: Graveler
|choice|switch 2|
|
|switch|p1a: Mr. Mime|Mr. Mime, L85|242\/242
|turn|2
|c|★SaltyGlaceon|What
|c|★Dervodel2|?
|c|★SaltyGlaceon|bad connection
|choice|move 3|switch 3
|
|switch|p2a: Chansey|Chansey, L79|557\/557
|move|p1a: Mr. Mime|Psychic|p2a: Chansey
|-damage|p2a: Chansey|463\/557
|
|turn|3
|choice|switch 3|move 4
|
|switch|p1a: Vileplume|Vileplume, L90|318\/318
|move|p2a: Chansey|Thunder Wave|p1a: Vileplume
|-status|p1a: Vileplume|par
|
|turn|4
|choice|move 2|switch 3
|
|switch|p2a: Machoke|Machoke, L85|41\/310
|move|p1a: Vileplume|Sleep Powder|p2a: Machoke|[miss]
|-miss|p1a: Vileplume
|
|turn|5
|choice|move 4|move 2
|
|move|p2a: Machoke|Body Slam|p1a: Vileplume
|-damage|p1a: Vileplume|256\/318 par
|cant|p1a: Vileplume|par
|
|turn|6
|choice|move 4|switch 6
|
|switch|p2a: Mewtwo|Mewtwo, L68|285\/285
|move|p1a: Vileplume|Mega Drain|p2a: Mewtwo
|-crit|p2a: Mewtwo
|-damage|p2a: Mewtwo|202\/285
|-heal|p1a: Vileplume|297\/318 par|[from] drain|[of] p2a: Mewtwo
|
|turn|7
|choice|move 2|move 1
|
|move|p2a: Mewtwo|Psychic|p1a: Vileplume
|-supereffective|p1a: Vileplume
|-damage|p1a: Vileplume|148\/318 par
|move|p1a: Vileplume|Sleep Powder|p2a: Mewtwo
|-status|p2a: Mewtwo|slp
|
|turn|8
|c|★Dervodel2|i give up
|c|★SaltyGlaceon|?
|choice|move 4|switch 2
|
|switch|p2a: Dewgong|Dewgong, L85|327\/327
|move|p1a: Vileplume|Mega Drain|p2a: Dewgong
|-supereffective|p2a: Dewgong
|-damage|p2a: Dewgong|223\/327
|-heal|p1a: Vileplume|200\/318 par|[from] drain|[of] p2a: Dewgong
|
|turn|9
|choice|switch 5|move 2
|
|switch|p1a: Chansey|Chansey, L79|557\/557
|move|p2a: Dewgong|Blizzard|p1a: Chansey
|-damage|p1a: Chansey|437\/557
|
|turn|10
|choice|move 2|move 4
|
|move|p2a: Dewgong|Body Slam|p1a: Chansey
|-damage|p1a: Chansey|294\/557
|move|p1a: Chansey|Thunderbolt|p2a: Dewgong
|-supereffective|p2a: Dewgong
|-damage|p2a: Dewgong|99\/327
|
|turn|11
|choice|move 1|switch 3
|
|switch|p2a: Chansey|Chansey, L79|463\/557
|move|p1a: Chansey|Soft-Boiled|p1a: Chansey
|-heal|p1a: Chansey|557\/557
|
|turn|12
|choice|switch 5|move 4
|
|switch|p1a: Vileplume|Vileplume, L90|200\/318 par
|move|p2a: Chansey|Thunder Wave|p1a: Vileplume
|-fail|p1a: Vileplume|par
|
|turn|13
|choice|move 4|switch 4
|
|switch|p2a: Tauros|Tauros, L79|280\/280
|move|p1a: Vileplume|Mega Drain|p2a: Tauros
|-damage|p2a: Tauros|222\/280
|-heal|p1a: Vileplume|229\/318 par|[from] drain|[of] p2a: Tauros
|
|turn|14
|choice|move 3|move 4
|
|move|p2a: Tauros|Earthquake|p1a: Vileplume
|-crit|p1a: Vileplume
|-damage|p1a: Vileplume|106\/318 par
|move|p1a: Vileplume|Body Slam|p2a: Tauros
|-damage|p2a: Tauros|163\/280
|
|turn|15
|choice|move 3|move 3
|
|move|p2a: Tauros|Body Slam|p1a: Vileplume
|-crit|p1a: Vileplume
|-damage|p1a: Vileplume|0 fnt
|faint|p1a: Vileplume
|choice|switch 4|
|
|switch|p1a: Hitmonlee|Hitmonlee, L90|273\/273
|turn|16
|choice|move 3|switch 2
|
|switch|p2a: Mewtwo|Mewtwo, L68|202\/285 slp
|move|p1a: Hitmonlee|High Jump Kick|p2a: Mewtwo
|-resisted|p2a: Mewtwo
|-damage|p2a: Mewtwo|126\/285 slp
|
|turn|17
|choice|move 4|move 1
|
|cant|p2a: Mewtwo|slp
|move|p1a: Hitmonlee|Seismic Toss|p2a: Mewtwo
|-damage|p2a: Mewtwo|36\/285 slp
|
|turn|18
|choice|move 1|switch 5
|
|switch|p2a: Seaking|Seaking, L90|327\/327
|move|p1a: Hitmonlee|Mimic|p2a: Seaking
|-start|p1a: Hitmonlee|Mimic|Double-Edge
|
|turn|19
|choice|move 3|move 1
|
|move|p1a: Hitmonlee|High Jump Kick|p2a: Seaking
|-damage|p2a: Seaking|197\/327
|move|p2a: Seaking|Blizzard|p1a: Hitmonlee
|-damage|p1a: Hitmonlee|148\/273
|
|turn|20
|choice|move 3|move 4
|
|move|p1a: Hitmonlee|High Jump Kick|p2a: Seaking
|-crit|p2a: Seaking
|-damage|p2a: Seaking|0 fnt
|faint|p2a: Seaking
|choice||switch 2
|
|switch|p2a: Tauros|Tauros, L79|163\/280
|turn|21
|choice|move 3|move 1
|
|move|p2a: Tauros|Hyper Beam|p1a: Hitmonlee
|-damage|p1a: Hitmonlee|0 fnt
|faint|p1a: Hitmonlee
|choice|switch 6|
|
|switch|p1a: Pinsir|Pinsir, L85|284\/284
|turn|22
|choice|move 2|move 3
|
|move|p2a: Tauros|Body Slam|p1a: Pinsir
|-damage|p1a: Pinsir|207\/284
|move|p1a: Pinsir|Submission|p2a: Tauros
|-supereffective|p2a: Tauros
|-damage|p2a: Tauros|16\/280
|-damage|p1a: Pinsir|171\/284|[from] recoil|[of] p2a: Tauros
|
|turn|23
|choice|switch 3|move 1
|
|switch|p1a: Mr. Mime|Mr. Mime, L85|242\/242
|move|p2a: Tauros|Hyper Beam|p1a: Mr. Mime
|-damage|p1a: Mr. Mime|63\/242
|
|turn|24
|-mustrecharge|p2a: Tauros
|-mustrecharge|p2a: Tauros
|choice|move 3|move 1
|
|cant|p2a: Tauros|recharge
|move|p1a: Mr. Mime|Psychic|p2a: Tauros
|-damage|p2a: Tauros|0 fnt
|faint|p2a: Tauros
|choice||switch 4
|
|switch|p2a: Chansey|Chansey, L79|463\/557
|turn|25
|choice|move 4|move 4
|
|move|p1a: Mr. Mime|Thunder Wave|p2a: Chansey
|-status|p2a: Chansey|par
|move|p2a: Chansey|Thunder Wave|p1a: Mr. Mime
|-status|p1a: Mr. Mime|par
|
|turn|26
|choice|move 3|move 3
|
|cant|p1a: Mr. Mime|par
|cant|p2a: Chansey|par
|
|turn|27
|choice|move 1|move 3
|
|move|p1a: Mr. Mime|Seismic Toss|p2a: Chansey
|-damage|p2a: Chansey|378\/557 par
|move|p2a: Chansey|Thunderbolt|p1a: Mr. Mime
|-damage|p1a: Mr. Mime|3\/242 par
|
|turn|28
|choice|move 3|move 3
|
|cant|p1a: Mr. Mime|par
|move|p2a: Chansey|Thunderbolt|p1a: Mr. Mime
|-damage|p1a: Mr. Mime|0 fnt
|faint|p1a: Mr. Mime
|choice|switch 5|
|
|switch|p1a: Chansey|Chansey, L79|557\/557
|turn|29
|choice|move 2|move 4
|
|move|p1a: Chansey|Thunderbolt|p2a: Chansey
|-damage|p2a: Chansey|318\/557 par
|move|p2a: Chansey|Thunder Wave|p1a: Chansey
|-status|p1a: Chansey|par
|
|turn|30
|choice|move 2|move 1
|
|move|p2a: Chansey|Soft-Boiled|p2a: Chansey
|-heal|p2a: Chansey|557\/557 par
|move|p1a: Chansey|Thunderbolt|p2a: Chansey
|-damage|p2a: Chansey|500\/557 par
|
|turn|31
|choice|move 3|switch 5
|
|switch|p2a: Mewtwo|Mewtwo, L68|36\/285 slp
|move|p1a: Chansey|Counter|p2a: Mewtwo
|-fail|p1a: Chansey
|
|turn|32
|choice|move 2|move 2
|
|cant|p2a: Mewtwo|slp
|move|p1a: Chansey|Thunderbolt|p2a: Mewtwo
|-damage|p2a: Mewtwo|0 fnt
|faint|p2a: Mewtwo
|choice||switch 6
|
|switch|p2a: Machoke|Machoke, L85|41\/310
|turn|33
|choice|move 3|move 3
|
|move|p2a: Machoke|Submission|p1a: Chansey
|-supereffective|p1a: Chansey
|-damage|p1a: Chansey|76\/557 par
|-damage|p2a: Machoke|0 fnt|[from] recoil|[of] p1a: Chansey
|faint|p2a: Machoke
|choice||switch 3
|
|switch|p2a: Dewgong|Dewgong, L85|99\/327
|turn|34
|choice|move 2|move 2
|
|move|p2a: Dewgong|Blizzard|p1a: Chansey
|-damage|p1a: Chansey|0 fnt
|faint|p1a: Chansey
|choice|switch 3|
|
|switch|p1a: Pinsir|Pinsir, L85|171\/284
|turn|35
|choice|move 1|move 2
|
|move|p1a: Pinsir|Swords Dance|p1a: Pinsir
|-boost|p1a: Pinsir|atk|2
|move|p2a: Dewgong|Blizzard|p1a: Pinsir
|-damage|p1a: Pinsir|5\/284
|-status|p1a: Pinsir|frz
|
|turn|36
|c|★SaltyGlaceon|Offc
|c|★Dervodel2|B)
|choice|move 4|move 4
|
|cant|p1a: Pinsir|frz
|move|p2a: Dewgong|Body Slam|p1a: Pinsir
|-damage|p1a: Pinsir|0 fnt
|faint|p1a: Pinsir
|
|win|Dervodel2
|raw|SaltyGlaceon's rating: 1000 &rarr; <strong>1000<\/strong><br \/>(+0 for losing)
|raw|Dervodel2's rating: 1074 &rarr; <strong>1097<\/strong><br \/>(+23 for winning)
|c|★SaltyGlaceon|I just calced
|c|★SaltyGlaceon|hyper beam does 98.7% minimum at +2 to chansey
|c|★SaltyGlaceon|sigh
|c|★Dervodel2|?
|c|★Dervodel2|i dont know what ur talking about
|l|SaltyGlaceon
|player|p1
|c|★Dervodel2|i only play for fun