|join|left-lovers
|join|TSV3CTOR
|player|p1|left-lovers|66
|player|p2|TSV3CTOR|266
|gametype|singles
|gen|1
|tier|[Gen 1] Random Battle
|rated
|rule|Sleep Clause Mod: Limit one foe put to sleep
|rule|Freeze Clause Mod: Limit one foe frozen
|rule|HP Percentage Mod: HP is shown in percentages
|
|start
|switch|p1a: Poliwrath|Poliwrath, L86|330\/330
|switch|p2a: Jynx|Jynx, L82|274\/274
|turn|1
|c|★TSV3CTOR|good luck
|
|move|p2a: Jynx|Lovely Kiss|p1a: Poliwrath
|-status|p1a: Poliwrath|slp
|cant|p1a: Poliwrath|slp
|
|turn|2
|
|switch|p1a: Muk|Muk, L86|356\/356
|move|p2a: Jynx|Mimic|p1a: Muk
|-start|p2a: Jynx|Mimic|Screech
|
|turn|3
|
|move|p2a: Jynx|Screech|p1a: Muk
|-unboost|p1a: Muk|def|2
|move|p1a: Muk|Screech|p2a: Jynx
|-unboost|p2a: Jynx|def|2
|
|turn|4
|
|switch|p2a: Rhydon|Rhydon, L82|340\/340
|move|p1a: Muk|Sludge|p2a: Rhydon
|-resisted|p2a: Rhydon
|-damage|p2a: Rhydon|324\/340
|
|turn|5
|
|move|p1a: Muk|Mega Drain|p2a: Rhydon
|-supereffective|p2a: Rhydon
|-damage|p2a: Rhydon|194\/340
|move|p2a: Rhydon|Substitute|p2a: Rhydon
|-start|p2a: Rhydon|Substitute
|-damage|p2a: Rhydon|109\/340
|
|turn|6
|
|move|p1a: Muk|Mega Drain|p2a: Rhydon
|-supereffective|p2a: Rhydon
|-end|p2a: Rhydon|Substitute
|move|p2a: Rhydon|Earthquake|p1a: Muk
|-supereffective|p1a: Muk
|-damage|p1a: Muk|0 fnt
|faint|p1a: Muk
|
|switch|p1a: Poliwrath|Poliwrath, L86|330\/330 slp
|turn|7
|
|switch|p2a: Ivysaur|Ivysaur, L86|279\/279
|cant|p1a: Poliwrath|slp
|
|turn|8
|
|cant|p1a: Poliwrath|slp
|move|p2a: Ivysaur|Swords Dance|p2a: Ivysaur
|-boost|p2a: Ivysaur|atk|2
|
|turn|9
|
|cant|p1a: Poliwrath|slp
|-curestatus|p1a: Poliwrath|slp
|move|p2a: Ivysaur|Razor Leaf|p1a: Poliwrath
|-crit|p1a: Poliwrath
|-supereffective|p1a: Poliwrath
|-damage|p1a: Poliwrath|88\/330
|
|turn|10
|
|move|p1a: Poliwrath|Hypnosis|p2a: Ivysaur
|-status|p2a: Ivysaur|slp
|cant|p2a: Ivysaur|slp
|-curestatus|p2a: Ivysaur|slp
|
|turn|11
|
|move|p1a: Poliwrath|Hypnosis|p2a: Ivysaur|[miss]
|-miss|p1a: Poliwrath
|move|p2a: Ivysaur|Razor Leaf|p1a: Poliwrath
|-crit|p1a: Poliwrath
|-supereffective|p1a: Poliwrath
|-damage|p1a: Poliwrath|0 fnt
|faint|p1a: Poliwrath
|
|switch|p1a: Flareon|Flareon, L86|287\/287
|turn|12
|c|★TSV3CTOR|the animations, are nice.
|
|move|p1a: Flareon|Fire Blast|p2a: Ivysaur
|-supereffective|p2a: Ivysaur
|-damage|p2a: Ivysaur|0 fnt
|faint|p2a: Ivysaur
|
|switch|p2a: Nidorina|Nidorina, L88|303\/303
|turn|13
|
|move|p1a: Flareon|Hyper Beam|p2a: Nidorina
|-damage|p2a: Nidorina|160\/303
|move|p2a: Nidorina|Leer|p1a: Flareon
|-unboost|p1a: Flareon|def|1
|
|turn|14
|
|cant|p1a: Flareon|recharge
|move|p2a: Nidorina|Double-Edge|p1a: Flareon
|-crit|p1a: Flareon
|-damage|p1a: Flareon|152\/287
|-damage|p2a: Nidorina|127\/303|[from] recoil|[of] p1a: Flareon
|
|turn|15
|
|move|p1a: Flareon|Hyper Beam|p2a: Nidorina
|-damage|p2a: Nidorina|0 fnt
|faint|p2a: Nidorina
|
|switch|p2a: Rhydon|Rhydon, L82|109\/340
|turn|16
|
|switch|p1a: Lapras|Lapras, L82|381\/381
|move|p2a: Rhydon|Body Slam|p1a: Lapras
|-damage|p1a: Lapras|309\/381
|
|turn|17
|
|switch|p2a: Jynx|Jynx, L82|274\/274
|move|p1a: Lapras|Ice Beam|p2a: Jynx
|-resisted|p2a: Jynx
|-damage|p2a: Jynx|232\/274
|
|turn|18
|
|move|p2a: Jynx|Lovely Kiss|p1a: Lapras
|-status|p1a: Lapras|slp
|cant|p1a: Lapras|slp
|
|turn|19
|
|switch|p2a: Rhydon|Rhydon, L82|109\/340
|switch|p1a: Flareon|Flareon, L86|152\/287
|
|turn|20
|
|move|p1a: Flareon|Fire Blast|p2a: Rhydon
|-resisted|p2a: Rhydon
|-damage|p2a: Rhydon|0 fnt
|faint|p2a: Rhydon
|
|switch|p2a: Farfetch'd|Farfetch'd, L95|292\/292
|turn|21
|
|switch|p1a: Lapras|Lapras, L82|309\/381 slp
|move|p2a: Farfetch'd|Body Slam|p1a: Lapras
|-damage|p1a: Lapras|203\/381 slp
|
|turn|22
|
|move|p2a: Farfetch'd|Slash|p1a: Lapras
|-crit|p1a: Lapras
|-damage|p1a: Lapras|40\/381 slp
|cant|p1a: Lapras|slp
|
|turn|23
|
|move|p2a: Farfetch'd|Slash|p1a: Lapras
|-crit|p1a: Lapras
|-damage|p1a: Lapras|0 fnt
|faint|p1a: Lapras
|
|switch|p1a: Electrode|Electrode, L86|279\/279
|turn|24
|
|move|p1a: Electrode|Thunderbolt|p2a: Farfetch'd
|-crit|p2a: Farfetch'd
|-supereffective|p2a: Farfetch'd
|-damage|p2a: Farfetch'd|0 fnt
|faint|p2a: Farfetch'd
|
|switch|p2a: Jynx|Jynx, L82|232\/274
|turn|25
|
|move|p1a: Electrode|Screech|p2a: Jynx
|-unboost|p2a: Jynx|def|2
|move|p2a: Jynx|Lovely Kiss|p1a: Electrode
|-status|p1a: Electrode|slp
|
|turn|26
|
|switch|p1a: Flareon|Flareon, L86|152\/287
|move|p2a: Jynx|Psychic|p1a: Flareon
|-damage|p1a: Flareon|71\/287
|-unboost|p1a: Flareon|spd|1
|-unboost|p1a: Flareon|spa|1
|
|turn|27
|
|move|p1a: Flareon|Quick Attack|p2a: Jynx
|-damage|p2a: Jynx|109\/274
|move|p2a: Jynx|Psychic|p1a: Flareon
|-damage|p1a: Flareon|0 fnt
|faint|p1a: Flareon
|c|★TSV3CTOR|good strategy
|
|switch|p1a: Snorlax|Snorlax, L82|430\/430
|turn|28
|
|move|p2a: Jynx|Blizzard|p1a: Snorlax
|-damage|p1a: Snorlax|283\/430
|move|p1a: Snorlax|Earthquake|p2a: Jynx
|-damage|p2a: Jynx|0 fnt
|faint|p2a: Jynx
|
|switch|p2a: Lapras|Lapras, L82|381\/381
|turn|29
|c|★TSV3CTOR|most likely gg
|
|move|p2a: Lapras|Ice Beam|p1a: Snorlax
|-damage|p1a: Snorlax|161\/430
|move|p1a: Snorlax|Self-Destruct|p2a: Lapras
|-damage|p2a: Lapras|87\/381
|faint|p1a: Snorlax
|
|switch|p1a: Electrode|Electrode, L86|279\/279 slp
|turn|30
|
|cant|p1a: Electrode|slp
|move|p2a: Lapras|Ice Beam|p1a: Electrode
|-damage|p1a: Electrode|183\/279 slp
|
|turn|31
|
|cant|p1a: Electrode|slp
|move|p2a: Lapras|Ice Beam|p1a: Electrode
|-damage|p1a: Electrode|87\/279 slp
|
|turn|32
|
|cant|p1a: Electrode|slp
|move|p2a: Lapras|Ice Beam|p1a: Electrode
|-damage|p1a: Electrode|0 fnt
|faint|p1a: Electrode
|
|win|TSV3CTOR
|raw|Ladder updating...
|raw|left-lovers's rating: 1000 &rarr; <strong>1000<\/strong><br \/>(+0 for losing)
|raw|TSV3CTOR's rating: 1097 &rarr; <strong>1116<\/strong><br \/>(+19 for winning)
|c|★TSV3CTOR|very very very close.
|c|★TSV3CTOR|gg
|c|★left-lovers|gg
|leave|left-lovers
|player|p1