|join|ggc
|join|amaniania
|player|p1|ggc|209
|player|p2|amaniania|112
|gametype|singles
|gen|1
|tier|[Gen 1] OU (beta)
|rule|Sleep Clause Mod: Limit one foe put to sleep
|rule|Species Clause: Limit one of each Pokémon
|rule|OHKO Clause: OHKO moves are banned
|rule|Evasion Moves Clause: Evasion moves are banned
|rule|HP Percentage Mod: HP is shown in percentages
|
|start
|switch|p1a: Poliwrath|Poliwrath|383\/383
|switch|p2a: Diverse movepool|Arcanine|383\/383
|turn|1
|c|★amaniania|oh
|c|★amaniania|well then
|
|switch|p2a: Bzzzzap|Electabuzz|333\/333
|move|p1a: Poliwrath|Hypnosis|p2a: Bzzzzap
|-status|p2a: Bzzzzap|slp
|
|turn|2
|
|switch|p2a: Something's sleepi|Tangela|333\/333
|move|p1a: Poliwrath|Amnesia|p1a: Poliwrath
|-boost|p1a: Poliwrath|spd|2
|-boost|p1a: Poliwrath|spa|2
|
|turn|3
|
|move|p1a: Poliwrath|Blizzard|p2a: Something's sleepi
|-supereffective|p2a: Something's sleepi
|-damage|p2a: Something's sleepi|34\/333
|move|p2a: Something's sleepi|Sleep Powder|p1a: Poliwrath|[miss]
|-miss|p2a: Something's sleepi
|
|turn|4
|c|★amaniania|:(
|
|move|p1a: Poliwrath|Psychic|p2a: Something's sleepi
|-damage|p2a: Something's sleepi|0 fnt
|faint|p2a: Something's sleepi
|
|switch|p2a: > golduck|Poliwrath|383\/383
|turn|5
|
|move|p1a: Poliwrath|Psychic|p2a: > golduck
|-supereffective|p2a: > golduck
|-damage|p2a: > golduck|120\/383
|move|p2a: > golduck|Amnesia|p2a: > golduck
|-boost|p2a: > golduck|spd|2
|-boost|p2a: > golduck|spa|2
|
|turn|6
|c|★amaniania|so you do have psychic lol
|c|★amaniania|grr
|
|move|p2a: > golduck|Psychic|p1a: Poliwrath
|-supereffective|p1a: Poliwrath
|-damage|p1a: Poliwrath|236\/383
|-unboost|p1a: Poliwrath|spd|1
|-unboost|p1a: Poliwrath|spa|1
|move|p1a: Poliwrath|Psychic|p2a: > golduck
|-supereffective|p2a: > golduck
|-damage|p2a: > golduck|10\/383
|
|turn|7
|
|move|p1a: Poliwrath|Psychic|p2a: > golduck
|-supereffective|p2a: > golduck
|-damage|p2a: > golduck|0 fnt
|faint|p2a: > golduck
|
|switch|p2a: Bzzzzap|Electabuzz|333\/333 slp
|turn|8
|
|cant|p2a: Bzzzzap|slp
|move|p1a: Poliwrath|Amnesia|p1a: Poliwrath
|-boost|p1a: Poliwrath|spd|2
|-boost|p1a: Poliwrath|spa|2
|
|turn|9
|
|cant|p2a: Bzzzzap|slp
|move|p1a: Poliwrath|Psychic|p2a: Bzzzzap
|-crit|p2a: Bzzzzap
|-damage|p2a: Bzzzzap|212\/333 slp
|-unboost|p2a: Bzzzzap|spd|1
|-unboost|p2a: Bzzzzap|spa|1
|
|turn|10
|
|cant|p2a: Bzzzzap|slp
|-curestatus|p2a: Bzzzzap|slp
|move|p1a: Poliwrath|Blizzard|p2a: Bzzzzap
|-damage|p2a: Bzzzzap|0 fnt
|faint|p2a: Bzzzzap
|
|switch|p2a: Diverse movepool|Arcanine|383\/383
|turn|11
|
|move|p2a: Diverse movepool|Body Slam|p1a: Poliwrath
|-damage|p1a: Poliwrath|163\/383
|move|p1a: Poliwrath|Blizzard|p2a: Diverse movepool
|-damage|p2a: Diverse movepool|171\/383
|
|turn|12
|
|move|p2a: Diverse movepool|Body Slam|p1a: Poliwrath
|-damage|p1a: Poliwrath|94\/383
|-status|p1a: Poliwrath|par
|move|p1a: Poliwrath|Blizzard|p2a: Diverse movepool
|-damage|p2a: Diverse movepool|0 fnt
|faint|p2a: Diverse movepool
|
|switch|p2a: Scratch OP|Sandslash|353\/353
|turn|13
|
|move|p2a: Scratch OP|Earthquake|p1a: Poliwrath
|-damage|p1a: Poliwrath|0 fnt
|faint|p1a: Poliwrath
|
|switch|p1a: Tangela|Tangela|333\/333
|turn|14
|c|★amaniania|got it
|
|move|p2a: Scratch OP|Body Slam|p1a: Tangela
|-damage|p1a: Tangela|275\/333
|-status|p1a: Tangela|par
|move|p1a: Tangela|Sleep Powder|p2a: Scratch OP
|-status|p2a: Scratch OP|slp
|
|turn|15
|
|cant|p2a: Scratch OP|slp
|move|p1a: Tangela|Growth|p1a: Tangela
|-boost|p1a: Tangela|spa|1
|-boost|p1a: Tangela|spd|1
|
|turn|16
|
|cant|p2a: Scratch OP|slp
|cant|p1a: Tangela|par
|
|turn|17
|
|cant|p2a: Scratch OP|slp
|move|p1a: Tangela|Mega Drain|p2a: Scratch OP
|-supereffective|p2a: Scratch OP
|-damage|p2a: Scratch OP|149\/353 slp
|-heal|p1a: Tangela|333\/333 par|[from] drain|[of] p2a: Scratch OP
|
|turn|18
|
|cant|p2a: Scratch OP|slp
|-curestatus|p2a: Scratch OP|slp
|move|p1a: Tangela|Mega Drain|p2a: Scratch OP
|-supereffective|p2a: Scratch OP
|-damage|p2a: Scratch OP|0 fnt
|faint|p2a: Scratch OP
|
|switch|p2a: Only r\/g around :(|Graveler|313\/313
|turn|19
|
|move|p2a: Only r\/g around :(|Rock Slide|p1a: Tangela
|-damage|p1a: Tangela|254\/333 par
|move|p1a: Tangela|Mega Drain|p2a: Only r\/g around :(
|-supereffective|p2a: Only r\/g around :(
|-damage|p2a: Only r\/g around :(|0 fnt
|-heal|p1a: Tangela|333\/333 par|[from] drain|[of] p2a: Only r\/g around :(
|faint|p2a: Only r\/g around :(
|
|win|ggc
|c|★amaniania|this has been an interesting game
|c|★ggc|gg lol
|c|★amaniania|very close