|join|TGMD
|join|qsns
|player|p1|TGMD|265
|player|p2|qsns|170
|gametype|singles
|gen|1
|tier|[Gen 1] OU
|seed|38675,8594,33356,52708
|rule|Sleep Clause Mod: Limit one foe put to sleep
|rule|Freeze Clause Mod: Limit one foe frozen
|rule|Species Clause: Limit one of each Pokémon
|rule|OHKO Clause: OHKO moves are banned
|rule|Evasion Moves Clause: Evasion moves are banned
|rule|HP Percentage Mod: HP is shown in percentages
|
|start
|switch|p1a: Jynx|Jynx|333\/333
|switch|p2a: Jynx|Jynx|333\/333
|turn|1
|c|★qsns|hffff
|c|★TGMD|glhf
|join|Rapture's Finest
|c|★TGMD|nice lead tbh
|choice|move 2|move 2
|
|move|p2a: Jynx|Lovely Kiss|p1a: Jynx
|-status|p1a: Jynx|slp
|cant|p1a: Jynx|slp
|
|turn|2
|c|★TGMD|:(
|c|★qsns|easy.
|choice|switch 3|switch 4
|
|switch|p2a: Snorlax|Snorlax|523\/523
|switch|p1a: Chansey|Chansey|703\/703
|
|turn|3
|choice|move 3|move 1
|
|move|p1a: Chansey|Thunder Wave|p2a: Snorlax
|-status|p2a: Snorlax|par
|cant|p2a: Snorlax|par
|
|turn|4
|c|★qsns|-
|choice|move 1|move 1
|
|move|p1a: Chansey|Ice Beam|p2a: Snorlax
|-crit|p2a: Snorlax
|-damage|p2a: Snorlax|341\/523 par
|move|p2a: Snorlax|Mega Kick|p1a: Chansey
|-damage|p1a: Chansey|312\/703
|
|turn|5
|join|deoxys speed lol
|c|★TGMD|wtf lmao
|c|★qsns|bawp
|c|★qsns|hi deoo
|choice|switch 6|move 1
|
|switch|p1a: Rhydon|Rhydon|413\/413
|cant|p2a: Snorlax|par
|
|turn|6
|c| deoxys speed lol|hi!
|choice|move 4|switch 5
|
|switch|p2a: Exeggutor|Exeggutor|393\/393
|move|p1a: Rhydon|Substitute|p1a: Rhydon
|-start|p1a: Rhydon|Substitute
|-damage|p1a: Rhydon|310\/413
|
|turn|7
|choice|move 1|move 1
|
|move|p2a: Exeggutor|Psychic|p1a: Rhydon
|-end|p1a: Rhydon|Substitute
|move|p1a: Rhydon|Body Slam|p2a: Exeggutor
|-damage|p2a: Exeggutor|308\/393
|
|turn|8
|leave|deoxys speed lol
|join|deoxys speed lol
|choice|switch 2|move 1
|
|switch|p1a: Slowbro|Slowbro|393\/393
|move|p2a: Exeggutor|Psychic|p1a: Slowbro
|-resisted|p1a: Slowbro
|-damage|p1a: Slowbro|317\/393
|
|turn|9
|choice|move 4|switch 2
|
|switch|p2a: Starmie|Starmie|323\/323
|move|p1a: Slowbro|Thunder Wave|p2a: Starmie
|-status|p2a: Starmie|par
|
|turn|10
|choice|move 1|move 2
|
|move|p1a: Slowbro|Amnesia|p1a: Slowbro
|-boost|p1a: Slowbro|spd|2
|-boost|p1a: Slowbro|spa|2
|move|p2a: Starmie|Thunderbolt|p1a: Slowbro
|-supereffective|p1a: Slowbro
|-damage|p1a: Slowbro|230\/393
|
|turn|11
|c|★TGMD|what is a starmie
|join|iplayten_nislol
|c|★qsns|crit
|c|★qsns|crit
|join|TyranitarTerror
|c|★qsns|crit
|c|★TGMD|to a god
|c|★qsns|crit
|c|★qsns|crit
|c|★qsns|crit
|c|%iplayten_nislol|THEGREATMIGHTYDOOM
|choice|move 1|move 2
|
|move|p1a: Slowbro|Amnesia|p1a: Slowbro
|-boost|p1a: Slowbro|spd|2
|-boost|p1a: Slowbro|spa|2
|move|p2a: Starmie|Thunderbolt|p1a: Slowbro
|-supereffective|p1a: Slowbro
|-damage|p1a: Slowbro|171\/393
|
|turn|12
|c|★qsns|are you serious
|c|★qsns|haxed
|choice|move 2|move 2
|
|move|p1a: Slowbro|Rest|p1a: Slowbro
|-status|p1a: Slowbro|slp
|-heal|p1a: Slowbro|393\/393 slp|[silent]
|-status|p1a: Slowbro|slp|[from] move: Rest
|cant|p2a: Starmie|par
|
|turn|13
|c|★qsns|SIGH
|choice|move 3|move 2
|
|cant|p1a: Slowbro|slp
|move|p2a: Starmie|Thunderbolt|p1a: Slowbro
|-supereffective|p1a: Slowbro
|-damage|p1a: Slowbro|330\/393 slp
|
|turn|14
|c|★qsns|crit
|choice|move 3|move 2
|
|-curestatus|p1a: Slowbro|slp
|move|p2a: Starmie|Thunderbolt|p1a: Slowbro
|-supereffective|p1a: Slowbro
|-damage|p1a: Slowbro|268\/393
|
|turn|15
|c|★qsns|go
|c|★qsns|here
|c|★qsns|.....
|c|★TGMD|let's go slowbro
|choice|move 3|move 2
|
|move|p1a: Slowbro|Surf|p2a: Starmie
|-resisted|p2a: Starmie
|-damage|p2a: Starmie|179\/323 par
|cant|p2a: Starmie|par
|
|turn|16
|c|★qsns|...........
|choice|move 3|move 2
|
|move|p1a: Slowbro|Surf|p2a: Starmie
|-resisted|p2a: Starmie
|-damage|p2a: Starmie|29\/323 par
|move|p2a: Starmie|Thunderbolt|p1a: Slowbro
|-supereffective|p1a: Slowbro
|-damage|p1a: Slowbro|211\/393
|
|turn|17
|c|★qsns|was about to switch into jynx for the dry skin
|c|★qsns|im rlly good at mons
|choice|move 3|move 2
|
|move|p1a: Slowbro|Surf|p2a: Starmie
|-resisted|p2a: Starmie
|-damage|p2a: Starmie|0 fnt
|faint|p2a: Starmie
|c|★TGMD|lmao
|choice||switch 2
|
|switch|p2a: Exeggutor|Exeggutor|308\/393
|turn|18
|c|★TGMD|woulda been a good play tbh
|c|★TGMD|:]
|c|★qsns|agreed
|choice|move 2|move 4
|
|move|p2a: Exeggutor|Stun Spore|p1a: Slowbro
|-status|p1a: Slowbro|par
|move|p1a: Slowbro|Rest|p1a: Slowbro
|-status|p1a: Slowbro|slp
|-heal|p1a: Slowbro|393\/393 slp|[silent]
|-status|p1a: Slowbro|slp|[from] move: Rest
|
|turn|19
|choice|move 4|move 3
|
|move|p2a: Exeggutor|Explosion|p1a: Slowbro
|-damage|p1a: Slowbro|143\/393 slp
|faint|p2a: Exeggutor
|choice||switch 3
|
|switch|p2a: Tauros|Tauros|353\/353
|turn|20
|choice|move 3|move 1
|
|move|p2a: Tauros|Body Slam|p1a: Slowbro
|-crit|p1a: Slowbro
|-damage|p1a: Slowbro|0 fnt
|faint|p1a: Slowbro
|c|★TGMD|that doesn't kill for the record
|c|★qsns|2 would
|c|★qsns|3:
|choice|switch 2|
|
|switch|p1a: Rhydon|Rhydon|310\/413
|turn|21
|choice|move 2|move 2
|
|move|p2a: Tauros|Blizzard|p1a: Rhydon
|-crit|p1a: Rhydon
|-supereffective|p1a: Rhydon
|-damage|p1a: Rhydon|0 fnt
|faint|p1a: Rhydon
|c|★qsns|freeze
|c|★qsns|oh SICK
|choice|switch 4|
|
|switch|p1a: Snorlax|Snorlax|523\/523
|turn|22
|leave|iplayten_nislol
|choice|move 1|move 1
|
|move|p2a: Tauros|Body Slam|p1a: Snorlax
|-damage|p1a: Snorlax|394\/523
|move|p1a: Snorlax|Body Slam|p2a: Tauros
|-damage|p2a: Tauros|246\/353
|
|turn|23
|choice|move 1|switch 4
|
|switch|p2a: Jynx|Jynx|333\/333
|move|p1a: Snorlax|Body Slam|p2a: Jynx
|-damage|p2a: Jynx|149\/333
|
|turn|24
|choice|switch 6|move 4
|
|switch|p1a: Chansey|Chansey|312\/703
|move|p2a: Jynx|Blizzard|p1a: Chansey
|-damage|p1a: Chansey|179\/703
|
|turn|25
|c|★qsns|crit or freeze
|c|★qsns|go
|choice|move 2|move 4
|
|move|p2a: Jynx|Blizzard|p1a: Chansey
|-damage|p1a: Chansey|51\/703
|move|p1a: Chansey|Soft-Boiled|p1a: Chansey
|-heal|p1a: Chansey|402\/703
|
|turn|26
|c|★TGMD|for the love of god
|c|★TGMD|no
|c|★TGMD|ty
|c|★qsns|lmao
|choice|move 2|switch 5
|
|switch|p2a: Snorlax|Snorlax|341\/523 par
|move|p1a: Chansey|Soft-Boiled|p1a: Chansey
|-heal|p1a: Chansey|703\/703
|
|turn|27
|c|★TGMD|would be nice if I had like idk an alive rhydon
|c|★qsns|not for me
|c|★qsns|:D
|c|★TGMD|I will burn your soul :D
|c|★qsns|lmao
|choice|move 1|move 1
|
|move|p1a: Chansey|Ice Beam|p2a: Snorlax
|-damage|p2a: Snorlax|235\/523 par
|move|p2a: Snorlax|Mega Kick|p1a: Chansey
|-damage|p1a: Chansey|303\/703
|
|turn|28
|c|★qsns|ily tgmd
|c|★TGMD|ily too
|c|★TGMD|so u booming here or n?
|c|★qsns|was considering
|c|★TGMD|jw tbh
|c|★qsns|in all honesty
|c|★qsns|like i get a kill
|c|★qsns|which is chill
|c|★TGMD|like what if it's a jynx though
|c|★qsns|exactamundo
|choice|move 2|move 4
|
|move|p1a: Chansey|Soft-Boiled|p1a: Chansey
|-heal|p1a: Chansey|654\/703
|move|p2a: Snorlax|Self-Destruct|p1a: Chansey
|-damage|p1a: Chansey|0 fnt
|faint|p1a: Chansey
|faint|p2a: Snorlax
|choice|switch 5|switch 6
|
|switch|p1a: Tauros|Tauros|353\/353
|switch|p2a: Chansey|Chansey|703\/703
|turn|29
|c|★TGMD|what's ur last?
|c|★TGMD|ok thought so just checking
|join|Elegyy
|c|★qsns|kingler
|c|★TGMD|ur a funny guy
|c|★qsns|thx
|choice|switch 3|move 3
|
|switch|p1a: Jynx|Jynx|333\/333 slp
|move|p2a: Chansey|Thunder Wave|p1a: Jynx
|-fail|p1a: Jynx
|
|turn|30
|c|★qsns|k
|c|★TGMD|damn ur a failure :(
|c|★qsns|?
|c|★TGMD|But it failed!
|c|★qsns|oh
|c|★qsns|unfort
|c|★TGMD|u failed
|c|★TGMD|unfort
|c|★qsns|life is sad
|c|★qsns|life is bad
|choice|switch 6|move 3
|
|switch|p1a: Snorlax|Snorlax|394\/523
|move|p2a: Chansey|Thunder Wave|p1a: Snorlax
|-status|p1a: Snorlax|par
|
|turn|31
|c|★qsns|i wanted to paralyze jynx wtf
|choice|move 1|switch 5
|
|switch|p2a: Jynx|Jynx|149\/333
|move|p1a: Snorlax|Body Slam|p2a: Jynx
|-damage|p2a: Jynx|0 fnt
|faint|p2a: Jynx
|c|★TGMD|psst I don't have mega kick
|c|★qsns|ugh
|c| Elegyy|arent you guys excited for the release of rby
|choice||switch 5
|
|switch|p2a: Chansey|Chansey|703\/703
|turn|32
|c|★TGMD|eat my poop
|c|★qsns|time for
|c|★qsns|the
|c|★qsns|magic
|c|★qsns|of
|c|★qsns|twave
|choice|move 3|move 4
|
|move|p1a: Snorlax|Self-Destruct|p2a: Chansey
|-damage|p2a: Chansey|0 fnt
|faint|p2a: Chansey
|faint|p1a: Snorlax
|c|★TGMD|gg
|c|★qsns|how is this gg
|c|★qsns|imma crit ur ass
|c|★qsns|so hard
|c|★TGMD|well yeah crit + tie or miss on my part
|choice|switch 3|switch 4
|
|switch|p1a: Tauros|Tauros|353\/353
|switch|p2a: Tauros|Tauros|246\/353
|turn|33
|c|★qsns|the offensive gg never works in rby
|choice|move 2|move 1
|
|move|p2a: Tauros|Body Slam|p1a: Tauros
|-damage|p1a: Tauros|254\/353
|move|p1a: Tauros|Body Slam|p2a: Tauros
|-damage|p2a: Tauros|149\/353
|
|turn|34
|c|★qsns|ok
|c|★qsns|tie
|c|★qsns|win
|c|★qsns|crit
|c|★qsns|hbeam
|c|★qsns|go
|choice|move 4|move 4
|
|move|p1a: Tauros|Hyper Beam|p2a: Tauros
|-damage|p2a: Tauros|0 fnt
|faint|p2a: Tauros
|
|win|TGMD
|c|★TGMD|me missing beam is slightly more likely so u should slam
|c|★qsns|SIGH
|c|★qsns|SIGH
|c|★qsns|SIGH
|c|★qsns|SIGH
|c|★qsns|SIGH
|leave|qsns
|player|p2
|leave|Elegyy
|c|★TGMD|gg n_n