|j|Snap5
|j|Joelmachi
|player|p1|Snap5|153
|player|p2|Joelmachi|169
|gametype|singles
|gen|1
|tier|[Gen 1] Random Battle
|rated
|seed|6127,57499,60207,9724
|rule|Sleep Clause Mod: Limit one foe put to sleep
|rule|Freeze Clause Mod: Limit one foe frozen
|rule|HP Percentage Mod: HP is shown in percentages
|
|start
|switch|p1a: Weezing|Weezing, L90|300\/300
|switch|p2a: Omastar|Omastar, L90|309\/309
|turn|1
|choice|move 3|move 1
|
|move|p1a: Weezing|Sludge|p2a: Omastar
|-resisted|p2a: Omastar
|-damage|p2a: Omastar|281\/309
|-status|p2a: Omastar|psn
|move|p2a: Omastar|Blizzard|p1a: Weezing
|-damage|p1a: Weezing|205\/300
|-damage|p2a: Omastar|262\/309 psn|[from] psn|[of] p1a: Weezing
|
|turn|2
|choice|move 4|switch 6
|
|switch|p2a: Graveler|Graveler, L85|267\/267
|move|p1a: Weezing|Thunder|p2a: Graveler
|-immune|p2a: Graveler|[msg]
|
|turn|3
|choice|switch 6|move 2
|
|switch|p1a: Pinsir|Pinsir, L85|284\/284
|move|p2a: Graveler|Rock Slide|p1a: Pinsir
|-supereffective|p1a: Pinsir
|-damage|p1a: Pinsir|141\/284
|
|turn|4
|choice|move 1|move 2
|
|move|p1a: Pinsir|Submission|p2a: Graveler
|-supereffective|p2a: Graveler
|-damage|p2a: Graveler|150\/267
|-damage|p1a: Pinsir|112\/284|[from] recoil|[of] p2a: Graveler
|move|p2a: Graveler|Rock Slide|p1a: Pinsir
|-supereffective|p1a: Pinsir
|-damage|p1a: Pinsir|0 fnt
|faint|p1a: Pinsir
|choice|switch 2|
|
|switch|p1a: Dugtrio|Dugtrio, L85|233\/233
|turn|5
|choice|move 1|move 1
|
|move|p1a: Dugtrio|Earthquake|p2a: Graveler
|-supereffective|p2a: Graveler
|-damage|p2a: Graveler|0 fnt
|faint|p2a: Graveler
|choice||switch 5
|
|switch|p2a: Scyther|Scyther, L90|309\/309
|turn|6
|choice|switch 6|move 3
|
|switch|p1a: Weezing|Weezing, L90|205\/300
|move|p2a: Scyther|Slash|p1a: Weezing
|-crit|p1a: Weezing
|-damage|p1a: Weezing|110\/300
|
|turn|7
|choice|move 2|move 1
|
|move|p2a: Scyther|Hyper Beam|p1a: Weezing
|-damage|p1a: Weezing|6\/300
|move|p1a: Weezing|Fire Blast|p2a: Scyther
|-supereffective|p2a: Scyther
|-damage|p2a: Scyther|99\/309
|-status|p2a: Scyther|brn
|
|turn|8
|-mustrecharge|p2a: Scyther
|-mustrecharge|p2a: Scyther
|choice|move 2|move 1
|
|cant|p2a: Scyther|recharge
|-damage|p2a: Scyther|80\/309 brn|[from] brn|[of] p1a: Weezing
|move|p1a: Weezing|Fire Blast|p2a: Scyther
|-supereffective|p2a: Scyther
|-damage|p2a: Scyther|0 fnt
|faint|p2a: Scyther
|choice||switch 6
|
|switch|p2a: Omastar|Omastar, L90|262\/309 psn
|turn|9
|choice|move 1|move 2
|
|move|p1a: Weezing|Explosion|p2a: Omastar
|-resisted|p2a: Omastar
|-damage|p2a: Omastar|175\/309 psn
|faint|p1a: Weezing
|choice|switch 5|
|
|switch|p1a: Mr. Mime|Mr. Mime, L85|242\/242
|turn|10
|choice|move 1|move 3
|
|move|p1a: Mr. Mime|Thunderbolt|p2a: Omastar
|-crit|p2a: Omastar
|-supereffective|p2a: Omastar
|-damage|p2a: Omastar|0 fnt
|faint|p2a: Omastar
|choice||switch 3
|
|switch|p2a: Ninetales|Ninetales, L85|298\/298
|turn|11
|choice|move 3|move 4
|
|move|p2a: Ninetales|Toxic|p1a: Mr. Mime
|-status|p1a: Mr. Mime|tox
|move|p1a: Mr. Mime|Thunder Wave|p2a: Ninetales
|-status|p2a: Ninetales|par
|-damage|p1a: Mr. Mime|227\/242 tox|[from] tox|[of] p2a: Ninetales
|
|turn|12
|choice|switch 6|move 1
|
|switch|p1a: Dugtrio|Dugtrio, L85|233\/233
|move|p2a: Ninetales|Fire Blast|p1a: Dugtrio
|-damage|p1a: Dugtrio|81\/233
|
|turn|13
|choice|move 1|move 3
|
|move|p1a: Dugtrio|Earthquake|p2a: Ninetales
|-crit|p2a: Ninetales
|-supereffective|p2a: Ninetales
|-damage|p2a: Ninetales|0 fnt
|faint|p2a: Ninetales
|choice||switch 2
|
|switch|p2a: Abra|Abra, L96|243\/243
|turn|14
|choice|switch 6|move 4
|
|switch|p1a: Mr. Mime|Mr. Mime, L85|227\/242 tox
|-status|p1a: Mr. Mime|psn
|-damage|p1a: Mr. Mime|212\/242 psn|[from] psn
|move|p2a: Abra|Psychic|p1a: Mr. Mime
|-resisted|p1a: Mr. Mime
|-damage|p1a: Mr. Mime|158\/242 psn
|-unboost|p1a: Mr. Mime|spd|1
|-unboost|p1a: Mr. Mime|spa|1
|
|turn|15
|choice|move 3|move 3
|
|move|p2a: Abra|Seismic Toss|p1a: Mr. Mime
|-damage|p1a: Mr. Mime|62\/242 psn
|move|p1a: Mr. Mime|Thunder Wave|p2a: Abra
|-status|p2a: Abra|par
|-damage|p1a: Mr. Mime|47\/242 psn|[from] psn|[of] p2a: Abra
|
|turn|16
|choice|move 4|move 4
|
|move|p1a: Mr. Mime|Seismic Toss|p2a: Abra
|-damage|p2a: Abra|158\/243 par
|-damage|p1a: Mr. Mime|32\/242 psn|[from] psn|[of] p2a: Abra
|move|p2a: Abra|Psychic|p1a: Mr. Mime
|-resisted|p1a: Mr. Mime
|-damage|p1a: Mr. Mime|0 fnt
|faint|p1a: Mr. Mime
|choice|switch 3|
|
|switch|p1a: Electabuzz|Electabuzz, L85|284\/284
|turn|17
|choice|move 4|move 4
|
|move|p1a: Electabuzz|Seismic Toss|p2a: Abra
|-damage|p2a: Abra|73\/243 par
|move|p2a: Abra|Psychic|p1a: Electabuzz
|-damage|p1a: Electabuzz|162\/284
|-unboost|p1a: Electabuzz|spd|1
|-unboost|p1a: Electabuzz|spa|1
|
|turn|18
|choice|move 4|move 4
|
|move|p1a: Electabuzz|Seismic Toss|p2a: Abra
|-damage|p2a: Abra|0 fnt
|faint|p2a: Abra
|choice||switch 4
|
|switch|p2a: Wigglytuff|Wigglytuff, L90|435\/435
|turn|19
|choice|move 1|move 4
|
|move|p1a: Electabuzz|Thunder Wave|p2a: Wigglytuff
|-status|p2a: Wigglytuff|par
|move|p2a: Wigglytuff|Double-Edge|p1a: Electabuzz
|-damage|p1a: Electabuzz|29\/284
|-damage|p2a: Wigglytuff|402\/435 par|[from] recoil|[of] p1a: Electabuzz
|
|turn|20
|choice|move 3|move 3
|
|move|p1a: Electabuzz|Psychic|p2a: Wigglytuff
|-damage|p2a: Wigglytuff|349\/435 par
|move|p2a: Wigglytuff|Blizzard|p1a: Electabuzz
|-damage|p1a: Electabuzz|0 fnt
|faint|p1a: Electabuzz
|choice|switch 6|
|
|switch|p1a: Dugtrio|Dugtrio, L85|81\/233
|turn|21
|choice|move 1|move 3
|
|move|p1a: Dugtrio|Earthquake|p2a: Wigglytuff
|-damage|p2a: Wigglytuff|214\/435 par
|move|p2a: Wigglytuff|Blizzard|p1a: Dugtrio
|-supereffective|p1a: Dugtrio
|-damage|p1a: Dugtrio|0 fnt
|faint|p1a: Dugtrio
|choice|switch 4|
|
|switch|p1a: Starmie|Starmie, L79|257\/257
|turn|22
|choice|move 3|move 2
|
|move|p1a: Starmie|Surf|p2a: Wigglytuff
|-damage|p2a: Wigglytuff|98\/435 par
|move|p2a: Wigglytuff|Sing|p1a: Starmie
|-status|p1a: Starmie|slp
|
|turn|23
|choice|move 3|move 4
|
|cant|p1a: Starmie|slp
|move|p2a: Wigglytuff|Double-Edge|p1a: Starmie
|-crit|p1a: Starmie
|-damage|p1a: Starmie|64\/257 slp
|-damage|p2a: Wigglytuff|50\/435 par|[from] recoil|[of] p1a: Starmie
|
|turn|24
|choice|move 3|move 4
|
|cant|p1a: Starmie|slp
|move|p2a: Wigglytuff|Double-Edge|p1a: Starmie
|-damage|p1a: Starmie|0 fnt
|-damage|p2a: Wigglytuff|34\/435 par|[from] recoil|[of] p1a: Starmie
|faint|p1a: Starmie
|
|win|Joelmachi
|raw|Snap5's rating: 1210 &rarr; <strong>1175<\/strong><br \/>(-35 for losing)
|raw|Joelmachi's rating: 1051 &rarr; <strong>1097<\/strong><br \/>(+46 for winning)
|l|Snap5
|player|p1