|join|Zekaran
|join|Agarest
|player|p1|Zekaran|1
|player|p2|Agarest|161
|gametype|singles
|gen|1
|tier|[Gen 1] Random Battle
|seed|41467,31324,59416,27641
|rule|Sleep Clause Mod: Limit one foe put to sleep
|rule|Freeze Clause Mod: Limit one foe frozen
|rule|HP Percentage Mod: HP is shown in percentages
|
|start
|switch|p1a: Alakazam|Alakazam, L79|249\/249
|switch|p2a: Mewtwo|Mewtwo, L70|293\/293
|turn|1
|choice|move 2|switch 2
|
|switch|p2a: Arcanine|Arcanine, L85|327\/327
|move|p1a: Alakazam|Thunder Wave|p2a: Arcanine
|-status|p2a: Arcanine|par
|
|turn|2
|choice|switch 6|move 2
|
|switch|p1a: Pidgeot|Pidgeot, L90|333\/333
|cant|p2a: Arcanine|par
|
|turn|3
|choice|move 1|move 1
|
|move|p1a: Pidgeot|Double-Edge|p2a: Arcanine
|-damage|p2a: Arcanine|213\/327 par
|-damage|p1a: Pidgeot|305\/333|[from] recoil|[of] p2a: Arcanine
|move|p2a: Arcanine|Reflect|p2a: Arcanine
|-start|p2a: Arcanine|Reflect
|
|turn|4
|choice|move 1|move 3
|
|move|p1a: Pidgeot|Double-Edge|p2a: Arcanine
|-damage|p2a: Arcanine|157\/327 par
|-damage|p1a: Pidgeot|291\/333|[from] recoil|[of] p2a: Arcanine
|move|p2a: Arcanine|Fire Blast|p1a: Pidgeot
|-damage|p1a: Pidgeot|164\/333
|-status|p1a: Pidgeot|brn
|
|turn|5
|choice|move 2|move 3
|
|move|p1a: Pidgeot|Rest|p1a: Pidgeot
|-status|p1a: Pidgeot|slp
|-heal|p1a: Pidgeot|333\/333 slp|[silent]
|-status|p1a: Pidgeot|slp|[from] move: Rest
|move|p2a: Arcanine|Fire Blast|p1a: Pidgeot
|-damage|p1a: Pidgeot|209\/333 slp
|
|turn|6
|choice|move 1|move 3
|
|cant|p1a: Pidgeot|slp
|move|p2a: Arcanine|Fire Blast|p1a: Pidgeot
|-damage|p1a: Pidgeot|88\/333 slp
|
|turn|7
|choice|move 1|move 3
|
|-curestatus|p1a: Pidgeot|slp
|move|p2a: Arcanine|Fire Blast|p1a: Pidgeot
|-damage|p1a: Pidgeot|0 fnt
|faint|p1a: Pidgeot
|choice|switch 3|
|
|switch|p1a: Jolteon|Jolteon, L79|265\/265
|turn|8
|choice|move 1|move 2
|
|move|p1a: Jolteon|Thunderbolt|p2a: Arcanine
|-damage|p2a: Arcanine|63\/327 par
|move|p2a: Arcanine|Body Slam|p1a: Jolteon
|-damage|p1a: Jolteon|180\/265
|
|turn|9
|choice|move 1|move 2
|
|move|p1a: Jolteon|Thunderbolt|p2a: Arcanine
|-damage|p2a: Arcanine|0 fnt
|faint|p2a: Arcanine
|choice||switch 5
|
|switch|p2a: Venusaur|Venusaur, L85|310\/310
|turn|10
|choice|switch 5|move 4
|
|switch|p1a: Flareon|Flareon, L90|300\/300
|move|p2a: Venusaur|Sleep Powder|p1a: Flareon|[miss]
|-miss|p2a: Venusaur
|
|turn|11
|choice|move 2|move 4
|
|move|p2a: Venusaur|Sleep Powder|p1a: Flareon|[miss]
|-miss|p2a: Venusaur
|move|p1a: Flareon|Fire Blast|p2a: Venusaur|[miss]
|-miss|p1a: Flareon
|
|turn|12
|choice|move 2|move 4
|
|move|p2a: Venusaur|Sleep Powder|p1a: Flareon
|-status|p1a: Flareon|slp
|cant|p1a: Flareon|slp
|
|turn|13
|choice|move 2|switch 4
|
|switch|p2a: Seaking|Seaking, L90|327\/327
|-curestatus|p1a: Flareon|slp
|
|turn|14
|choice|switch 4|move 4
|
|switch|p1a: Primeape|Primeape, L90|300\/300
|move|p2a: Seaking|Surf|p1a: Primeape
|-damage|p1a: Primeape|186\/300
|
|turn|15
|choice|move 1|move 4
|
|move|p1a: Primeape|Rock Slide|p2a: Seaking
|-damage|p2a: Seaking|253\/327
|move|p2a: Seaking|Surf|p1a: Primeape
|-damage|p1a: Primeape|59\/300
|
|turn|16
|choice|move 4|switch 6
|
|switch|p2a: Kakuna|Kakuna, L99|290\/290
|move|p1a: Primeape|Hyper Beam|p2a: Kakuna
|-damage|p2a: Kakuna|142\/290
|
|turn|17
|-mustrecharge|p1a: Primeape
|-mustrecharge|p1a: Primeape
|choice|move 1|move 3
|
|cant|p1a: Primeape|recharge
|move|p2a: Kakuna|String Shot|p1a: Primeape
|-unboost|p1a: Primeape|spe|1
|
|turn|18
|choice|move 4|move 1
|
|move|p1a: Primeape|Hyper Beam|p2a: Kakuna
|-damage|p2a: Kakuna|0 fnt
|faint|p2a: Kakuna
|choice||switch 2
|
|switch|p2a: Mewtwo|Mewtwo, L70|293\/293
|turn|19
|choice|switch 6|move 2
|
|switch|p1a: Alakazam|Alakazam, L79|249\/249
|move|p2a: Mewtwo|Thunderbolt|p1a: Alakazam
|-damage|p1a: Alakazam|197\/249
|
|turn|20
|choice|move 2|move 1
|
|move|p1a: Alakazam|Thunder Wave|p2a: Mewtwo
|-status|p2a: Mewtwo|par
|cant|p2a: Mewtwo|par
|
|turn|21
|choice|move 4|move 1
|
|move|p1a: Alakazam|Seismic Toss|p2a: Mewtwo
|-damage|p2a: Mewtwo|214\/293 par
|cant|p2a: Mewtwo|par
|
|turn|22
|choice|move 4|move 1
|
|move|p1a: Alakazam|Seismic Toss|p2a: Mewtwo
|-damage|p2a: Mewtwo|135\/293 par
|cant|p2a: Mewtwo|par
|
|turn|23
|choice|move 4|move 4
|
|move|p1a: Alakazam|Seismic Toss|p2a: Mewtwo
|-damage|p2a: Mewtwo|56\/293 par
|move|p2a: Mewtwo|Rest|p2a: Mewtwo
|-status|p2a: Mewtwo|slp
|-heal|p2a: Mewtwo|293\/293 slp|[silent]
|-status|p2a: Mewtwo|slp|[from] move: Rest
|
|turn|24
|choice|move 4|move 1
|
|move|p1a: Alakazam|Seismic Toss|p2a: Mewtwo
|-damage|p2a: Mewtwo|214\/293 slp
|cant|p2a: Mewtwo|slp
|
|turn|25
|choice|move 4|move 1
|
|move|p1a: Alakazam|Seismic Toss|p2a: Mewtwo
|-damage|p2a: Mewtwo|135\/293 slp
|-curestatus|p2a: Mewtwo|slp
|
|turn|26
|choice|move 4|move 4
|
|move|p1a: Alakazam|Seismic Toss|p2a: Mewtwo
|-damage|p2a: Mewtwo|56\/293
|move|p2a: Mewtwo|Rest|p2a: Mewtwo
|-status|p2a: Mewtwo|slp
|-heal|p2a: Mewtwo|293\/293 slp|[silent]
|-status|p2a: Mewtwo|slp|[from] move: Rest
|
|turn|27
|choice|move 4|move 1
|
|move|p1a: Alakazam|Seismic Toss|p2a: Mewtwo
|-damage|p2a: Mewtwo|214\/293 slp
|cant|p2a: Mewtwo|slp
|
|turn|28
|choice|move 4|move 3
|
|move|p1a: Alakazam|Seismic Toss|p2a: Mewtwo
|-damage|p2a: Mewtwo|135\/293 slp
|-curestatus|p2a: Mewtwo|slp
|
|turn|29
|choice|move 4|move 4
|
|move|p1a: Alakazam|Seismic Toss|p2a: Mewtwo
|-damage|p2a: Mewtwo|56\/293
|move|p2a: Mewtwo|Rest|p2a: Mewtwo
|-status|p2a: Mewtwo|slp
|-heal|p2a: Mewtwo|293\/293 slp|[silent]
|-status|p2a: Mewtwo|slp|[from] move: Rest
|
|turn|30
|choice|move 4|move 1
|
|move|p1a: Alakazam|Seismic Toss|p2a: Mewtwo
|-damage|p2a: Mewtwo|214\/293 slp
|cant|p2a: Mewtwo|slp
|
|turn|31
|choice|move 4|move 1
|
|move|p1a: Alakazam|Seismic Toss|p2a: Mewtwo
|-damage|p2a: Mewtwo|135\/293 slp
|-curestatus|p2a: Mewtwo|slp
|
|turn|32
|choice|move 4|move 4
|
|move|p1a: Alakazam|Seismic Toss|p2a: Mewtwo
|-damage|p2a: Mewtwo|56\/293
|move|p2a: Mewtwo|Rest|p2a: Mewtwo
|-status|p2a: Mewtwo|slp
|-heal|p2a: Mewtwo|293\/293 slp|[silent]
|-status|p2a: Mewtwo|slp|[from] move: Rest
|
|turn|33
|choice|move 4|move 4
|
|move|p1a: Alakazam|Seismic Toss|p2a: Mewtwo
|-damage|p2a: Mewtwo|214\/293 slp
|cant|p2a: Mewtwo|slp
|
|turn|34
|choice|move 4|move 4
|
|move|p1a: Alakazam|Seismic Toss|p2a: Mewtwo
|-damage|p2a: Mewtwo|135\/293 slp
|-curestatus|p2a: Mewtwo|slp
|
|turn|35
|choice|move 4|move 4
|
|move|p1a: Alakazam|Seismic Toss|p2a: Mewtwo
|-damage|p2a: Mewtwo|56\/293
|move|p2a: Mewtwo|Rest|p2a: Mewtwo
|-status|p2a: Mewtwo|slp
|-heal|p2a: Mewtwo|293\/293 slp|[silent]
|-status|p2a: Mewtwo|slp|[from] move: Rest
|
|turn|36
|choice|move 4|move 2
|
|move|p1a: Alakazam|Seismic Toss|p2a: Mewtwo
|-damage|p2a: Mewtwo|214\/293 slp
|cant|p2a: Mewtwo|slp
|
|turn|37
|choice|move 4|move 4
|
|move|p1a: Alakazam|Seismic Toss|p2a: Mewtwo
|-damage|p2a: Mewtwo|135\/293 slp
|-curestatus|p2a: Mewtwo|slp
|
|turn|38
|join|Rage.Spam.Quit.
|choice|move 4|move 4
|
|move|p1a: Alakazam|Seismic Toss|p2a: Mewtwo
|-damage|p2a: Mewtwo|56\/293
|move|p2a: Mewtwo|Rest|p2a: Mewtwo
|-status|p2a: Mewtwo|slp
|-heal|p2a: Mewtwo|293\/293 slp|[silent]
|-status|p2a: Mewtwo|slp|[from] move: Rest
|
|turn|39
|choice|move 4|move 4
|
|move|p1a: Alakazam|Seismic Toss|p2a: Mewtwo
|-damage|p2a: Mewtwo|214\/293 slp
|cant|p2a: Mewtwo|slp
|
|turn|40
|choice|move 4|move 4
|
|move|p1a: Alakazam|Seismic Toss|p2a: Mewtwo
|-damage|p2a: Mewtwo|135\/293 slp
|-curestatus|p2a: Mewtwo|slp
|
|turn|41
|choice|move 4|move 4
|
|move|p1a: Alakazam|Seismic Toss|p2a: Mewtwo
|-damage|p2a: Mewtwo|56\/293
|move|p2a: Mewtwo|Rest|p2a: Mewtwo
|-status|p2a: Mewtwo|slp
|-heal|p2a: Mewtwo|293\/293 slp|[silent]
|-status|p2a: Mewtwo|slp|[from] move: Rest
|
|turn|42
|choice|move 4|move 4
|
|move|p1a: Alakazam|Seismic Toss|p2a: Mewtwo
|-damage|p2a: Mewtwo|214\/293 slp
|cant|p2a: Mewtwo|slp
|
|turn|43
|choice|move 1|move 1
|
|move|p1a: Alakazam|Psychic|p2a: Mewtwo
|-resisted|p2a: Mewtwo
|-damage|p2a: Mewtwo|172\/293 slp
|-curestatus|p2a: Mewtwo|slp
|
|turn|44
|choice|move 4|move 1
|
|move|p1a: Alakazam|Seismic Toss|p2a: Mewtwo
|-damage|p2a: Mewtwo|93\/293
|move|p2a: Mewtwo|Psychic|p1a: Alakazam
|-resisted|p1a: Alakazam
|-damage|p1a: Alakazam|161\/249
|
|turn|45
|choice|move 4|move 4
|
|move|p1a: Alakazam|Seismic Toss|p2a: Mewtwo
|-damage|p2a: Mewtwo|14\/293
|move|p2a: Mewtwo|Rest|p2a: Mewtwo
|-status|p2a: Mewtwo|slp
|-heal|p2a: Mewtwo|293\/293 slp|[silent]
|-status|p2a: Mewtwo|slp|[from] move: Rest
|
|turn|46
|choice|move 4|move 4
|
|move|p1a: Alakazam|Seismic Toss|p2a: Mewtwo
|-damage|p2a: Mewtwo|214\/293 slp
|cant|p2a: Mewtwo|slp
|
|turn|47
|choice|move 4|move 1
|
|move|p1a: Alakazam|Seismic Toss|p2a: Mewtwo
|-damage|p2a: Mewtwo|135\/293 slp
|-curestatus|p2a: Mewtwo|slp
|
|turn|48
|choice|move 4|move 4
|
|move|p1a: Alakazam|Seismic Toss|p2a: Mewtwo
|-damage|p2a: Mewtwo|56\/293
|move|p2a: Mewtwo|Rest|p2a: Mewtwo
|-status|p2a: Mewtwo|slp
|-heal|p2a: Mewtwo|293\/293 slp|[silent]
|-status|p2a: Mewtwo|slp|[from] move: Rest
|
|turn|49
|c| Rage.Spam.Quit.|isnt this called forcing endless battles or something
|c|★Zekaran|Yup.
|c| Rage.Spam.Quit.|or forcing a pp down
|c|★Zekaran|Both.
|c|★Zekaran|Brings back good memories of Yellow. :P
|c| Rage.Spam.Quit.|im waiting to vs the winner lol
|choice|move 4|move 4
|
|move|p1a: Alakazam|Seismic Toss|p2a: Mewtwo
|-damage|p2a: Mewtwo|214\/293 slp
|cant|p2a: Mewtwo|slp
|
|turn|50
|c|★Zekaran|Lol.
|c|★Zekaran|Says someone sleeping on the job.
|c| Rage.Spam.Quit.|i was like "it is 10 minutes why isnt my challenger coming??"
|c|★Zekaran|So much for waiting, lol.
|c| Rage.Spam.Quit.|i see look at matchup and see this
|c|★Zekaran|Lol.
|choice|move 4|move 1
|
|move|p1a: Alakazam|Seismic Toss|p2a: Mewtwo
|-damage|p2a: Mewtwo|135\/293 slp
|-curestatus|p2a: Mewtwo|slp
|
|turn|51
|c|★Zekaran|I remember doing this in the cave to capture Mewtwo, tbh.
|choice|move 4|move 4
|
|move|p1a: Alakazam|Seismic Toss|p2a: Mewtwo
|-damage|p2a: Mewtwo|56\/293
|move|p2a: Mewtwo|Rest|p2a: Mewtwo
|-status|p2a: Mewtwo|slp
|-heal|p2a: Mewtwo|293\/293 slp|[silent]
|-status|p2a: Mewtwo|slp|[from] move: Rest
|
|turn|52
|choice|move 4|move 4
|
|move|p1a: Alakazam|Seismic Toss|p2a: Mewtwo
|-damage|p2a: Mewtwo|214\/293 slp
|cant|p2a: Mewtwo|slp
|
|turn|53
|choice|move 4|move 4
|
|move|p1a: Alakazam|Seismic Toss|p2a: Mewtwo
|-damage|p2a: Mewtwo|135\/293 slp
|-curestatus|p2a: Mewtwo|slp
|
|turn|54
|c| Rage.Spam.Quit.|lol
|choice|move 2|move 1
|
|move|p1a: Alakazam|Thunder Wave|p2a: Mewtwo
|-status|p2a: Mewtwo|par
|move|p2a: Mewtwo|Psychic|p1a: Alakazam
|-resisted|p1a: Alakazam
|-damage|p1a: Alakazam|121\/249
|
|turn|55
|c| Rage.Spam.Quit.|when did it finally use struggle
|choice|switch 5|move 4
|
|switch|p1a: Jolteon|Jolteon, L79|180\/265
|move|p2a: Mewtwo|Rest|p2a: Mewtwo
|-status|p2a: Mewtwo|slp
|-heal|p2a: Mewtwo|293\/293 slp|[silent]
|-status|p2a: Mewtwo|slp|[from] move: Rest
|
|turn|56
|c| Rage.Spam.Quit.|if a timer balls were released when u did this
|c| Rage.Spam.Quit.|timer balls*
|c|★Zekaran|After I kept healing Charizard endlessly and had Chansey for backup.
|c| Rage.Spam.Quit.|spectators arent supposed to give advice right
|c|★Zekaran|All I remember was using Pokeballs, Greatballs and a Masterball.
|c|★Zekaran|I see nothing against it.
|choice|move 1|move 1
|
|move|p1a: Jolteon|Thunderbolt|p2a: Mewtwo
|-damage|p2a: Mewtwo|211\/293 slp
|cant|p2a: Mewtwo|slp
|
|turn|57
|choice|move 1|switch 4
|
|switch|p2a: Venusaur|Venusaur, L85|310\/310
|move|p1a: Jolteon|Thunderbolt|p2a: Venusaur
|-resisted|p2a: Venusaur
|-damage|p2a: Venusaur|270\/310
|-status|p2a: Venusaur|par
|
|turn|58
|choice|switch 4|move 1
|
|switch|p1a: Flareon|Flareon, L90|300\/300
|move|p2a: Venusaur|Body Slam|p1a: Flareon
|-damage|p1a: Flareon|235\/300
|
|turn|59
|join|Austin
|c|★Zekaran|Making an Espeon or Umbreon was harder back then. The original games had no time.
|choice|move 2|switch 6
|
|switch|p2a: Seaking|Seaking, L90|253\/327
|move|p1a: Flareon|Fire Blast|p2a: Seaking
|-resisted|p2a: Seaking
|-damage|p2a: Seaking|176\/327
|-status|p2a: Seaking|brn
|
|turn|60
|c|★Zekaran|Lol.
|choice|switch 4|move 4
|
|switch|p1a: Jolteon|Jolteon, L79|180\/265
|move|p2a: Seaking|Surf|p1a: Jolteon
|-damage|p1a: Jolteon|88\/265
|-damage|p2a: Seaking|156\/327 brn|[from] brn|[of] p1a: Jolteon
|
|turn|61
|choice|move 1|switch 6
|
|switch|p2a: Venusaur|Venusaur, L85|270\/310 par
|move|p1a: Jolteon|Thunderbolt|p2a: Venusaur
|-crit|p2a: Venusaur
|-resisted|p2a: Venusaur
|-damage|p2a: Venusaur|182\/310 par
|
|turn|62
|c| Rage.Spam.Quit.|hi
|choice|switch 4|move 1
|
|switch|p1a: Flareon|Flareon, L90|235\/300
|move|p2a: Venusaur|Body Slam|p1a: Flareon
|-damage|p1a: Flareon|172\/300
|
|turn|63
|choice|move 2|switch 6
|
|switch|p2a: Seaking|Seaking, L90|156\/327 brn
|-damage|p2a: Seaking|136\/327 brn|[from] brn
|move|p1a: Flareon|Fire Blast|p2a: Seaking
|-resisted|p2a: Seaking
|-damage|p2a: Seaking|64\/327 brn
|
|turn|64
|choice|switch 5|move 4
|
|switch|p1a: Alakazam|Alakazam, L79|121\/249
|move|p2a: Seaking|Surf|p1a: Alakazam
|-damage|p1a: Alakazam|42\/249
|-damage|p2a: Seaking|44\/327 brn|[from] brn|[of] p1a: Alakazam
|
|turn|65
|c|★Zekaran|I find this funny.
|choice|switch 2|switch 4
|
|switch|p1a: Kakuna|Kakuna, L99|290\/290
|switch|p2a: Mewtwo|Mewtwo, L70|211\/293 slp
|
|turn|66
|choice|move 2|move 1
|
|-curestatus|p2a: Mewtwo|slp
|move|p1a: Kakuna|String Shot|p2a: Mewtwo
|-unboost|p2a: Mewtwo|spe|1
|
|turn|67
|c| Rage.Spam.Quit.|austin did u look at the battle log
|choice|switch 2|move 1
|
|switch|p1a: Alakazam|Alakazam, L79|42\/249
|move|p2a: Mewtwo|Psychic|p1a: Alakazam
|-resisted|p1a: Alakazam
|-damage|p1a: Alakazam|6\/249
|-unboost|p1a: Alakazam|spd|1
|-unboost|p1a: Alakazam|spa|1
|
|turn|68
|choice|move 3|move 1
|
|move|p1a: Alakazam|Recover|p1a: Alakazam
|-heal|p1a: Alakazam|130\/249
|move|p2a: Mewtwo|Psychic|p1a: Alakazam
|-resisted|p1a: Alakazam
|-damage|p1a: Alakazam|77\/249
|
|turn|69
|join|Angoswag
|c|★Zekaran|Hahaha.
|choice|move 3|move 1
|
|move|p1a: Alakazam|Recover|p1a: Alakazam
|-heal|p1a: Alakazam|201\/249
|move|p2a: Mewtwo|Psychic|p1a: Alakazam
|-resisted|p1a: Alakazam
|-damage|p1a: Alakazam|147\/249
|
|turn|70
|choice|move 3|move 3
|
|move|p1a: Alakazam|Recover|p1a: Alakazam
|-heal|p1a: Alakazam|249\/249
|move|p2a: Mewtwo|Hyper Beam|p1a: Alakazam|[miss]
|-miss|p2a: Mewtwo
|
|turn|71
|join|Views From the 6x
|c| Rage.Spam.Quit.|ah rlly
|choice|move 2|move 1
|
|move|p1a: Alakazam|Thunder Wave|p2a: Mewtwo
|-status|p2a: Mewtwo|par
|cant|p2a: Mewtwo|par
|
|turn|72
|leave|Angoswag
|c|★Zekaran|Yup.
|c|★Zekaran|I know how to mess up Mewtwo thanks to Pokemon Yellow.
|choice|move 1|move 1
|
|move|p1a: Alakazam|Psychic|p2a: Mewtwo
|-resisted|p2a: Mewtwo
|-damage|p2a: Mewtwo|184\/293 par
|-unboost|p2a: Mewtwo|spd|1
|-unboost|p2a: Mewtwo|spa|1
|move|p2a: Mewtwo|Psychic|p1a: Alakazam
|-resisted|p1a: Alakazam
|-damage|p1a: Alakazam|210\/249
|
|turn|73
|choice|move 1|move 1
|
|move|p1a: Alakazam|Psychic|p2a: Mewtwo
|-resisted|p2a: Mewtwo
|-damage|p2a: Mewtwo|143\/293 par
|cant|p2a: Mewtwo|par
|
|turn|74
|choice|move 1|move 4
|
|move|p1a: Alakazam|Psychic|p2a: Mewtwo
|-crit|p2a: Mewtwo
|-resisted|p2a: Mewtwo
|-damage|p2a: Mewtwo|62\/293 par
|move|p2a: Mewtwo|Rest|p2a: Mewtwo
|-status|p2a: Mewtwo|slp
|-heal|p2a: Mewtwo|293\/293 slp|[silent]
|-status|p2a: Mewtwo|slp|[from] move: Rest
|
|turn|75
|c| Rage.Spam.Quit.|i can just imagine the guy at finals wondering who the heck is clogging the pathway
|c|★Zekaran|Ikr, some people wonder how these tours last for an hour or more.
|choice|move 1|move 1
|
|move|p1a: Alakazam|Psychic|p2a: Mewtwo
|-resisted|p2a: Mewtwo
|-damage|p2a: Mewtwo|251\/293 slp
|cant|p2a: Mewtwo|slp
|
|turn|76
|choice|move 1|move 1
|
|move|p1a: Alakazam|Psychic|p2a: Mewtwo
|-resisted|p2a: Mewtwo
|-damage|p2a: Mewtwo|210\/293 slp
|-unboost|p2a: Mewtwo|spd|1
|-unboost|p2a: Mewtwo|spa|1
|-curestatus|p2a: Mewtwo|slp
|
|turn|77
|choice|move 2|switch 4
|
|switch|p2a: Seaking|Seaking, L90|44\/327 brn
|-damage|p2a: Seaking|24\/327 brn|[from] brn
|move|p1a: Alakazam|Thunder Wave|p2a: Seaking
|-fail|p2a: Seaking
|
|turn|78
|choice|move 1|move 4
|
|move|p1a: Alakazam|Psychic|p2a: Seaking
|-crit|p2a: Seaking
|-damage|p2a: Seaking|0 fnt
|faint|p2a: Seaking
|choice||switch 3
|
|switch|p2a: Spearow|Spearow, L96|272\/272
|turn|79
|c| Rage.Spam.Quit.|literally the other side is battling for final position right now
|c| Rage.Spam.Quit.|Turn 78 i gotta report this, battles been going on too long
|c|★Zekaran|Lmao.
|c|★Zekaran|But you have to admit, it is funny and intense.
|join|woopbang
|choice|move 1|move 4
|
|move|p1a: Alakazam|Psychic|p2a: Spearow
|-crit|p2a: Spearow
|-damage|p2a: Spearow|0 fnt
|faint|p2a: Spearow
|join|MLG Hobo
|leave|woopbang
|choice||switch 4
|
|switch|p2a: Mewtwo|Mewtwo, L70|210\/293
|turn|80
|c| Rage.Spam.Quit.|more annoying than intense
|join|woopbang
|join|pkmnryan
|c| MLG Hobo|Jeez, no wonder people are still waiting to fight
|c| Rage.Spam.Quit.|the stupid mewtwo
|c| Rage.Spam.Quit.|it spams rest
|leave|woopbang
|c| Rage.Spam.Quit.|thank goodness it only has 4 pp left
|join|woopbang
|c|★Zekaran|Lol.
|choice|move 2|move 1
|
|move|p1a: Alakazam|Thunder Wave|p2a: Mewtwo
|-status|p2a: Mewtwo|par
|move|p2a: Mewtwo|Psychic|p1a: Alakazam
|-resisted|p1a: Alakazam
|-damage|p1a: Alakazam|155\/249
|-unboost|p1a: Alakazam|spd|1
|-unboost|p1a: Alakazam|spa|1
|
|turn|81
|choice|move 3|move 2
|
|move|p1a: Alakazam|Recover|p1a: Alakazam
|-heal|p1a: Alakazam|249\/249
|move|p2a: Mewtwo|Thunderbolt|p1a: Alakazam
|-damage|p1a: Alakazam|143\/249
|
|turn|82
|c|★Zekaran|You happen to fight someone that knows how to play Gen 1.
|choice|move 3|move 2
|
|move|p1a: Alakazam|Recover|p1a: Alakazam
|-heal|p1a: Alakazam|249\/249
|move|p2a: Mewtwo|Thunderbolt|p1a: Alakazam
|-crit|p1a: Alakazam
|-damage|p1a: Alakazam|148\/249
|
|turn|83
|choice|move 3|move 2
|
|move|p1a: Alakazam|Recover|p1a: Alakazam
|-heal|p1a: Alakazam|249\/249
|move|p2a: Mewtwo|Thunderbolt|p1a: Alakazam
|-damage|p1a: Alakazam|149\/249
|
|turn|84
|choice|move 3|move 2
|
|move|p1a: Alakazam|Recover|p1a: Alakazam
|-heal|p1a: Alakazam|249\/249
|move|p2a: Mewtwo|Thunderbolt|p1a: Alakazam
|-damage|p1a: Alakazam|152\/249
|
|turn|85
|c| Rage.Spam.Quit.|god pls dont force the endless again
|choice|move 3|move 2
|
|move|p1a: Alakazam|Recover|p1a: Alakazam
|-heal|p1a: Alakazam|249\/249
|move|p2a: Mewtwo|Thunderbolt|p1a: Alakazam
|-crit|p1a: Alakazam
|-damage|p1a: Alakazam|149\/249
|
|turn|86
|choice|move 3|move 2
|
|move|p1a: Alakazam|Recover|p1a: Alakazam
|-heal|p1a: Alakazam|249\/249
|cant|p2a: Mewtwo|par
|
|turn|87
|choice|move 1|move 2
|
|move|p1a: Alakazam|Psychic|p2a: Mewtwo
|-resisted|p2a: Mewtwo
|-damage|p2a: Mewtwo|190\/293 par
|cant|p2a: Mewtwo|par
|
|turn|88
|choice|move 1|move 2
|
|move|p1a: Alakazam|Psychic|p2a: Mewtwo
|-resisted|p2a: Mewtwo
|-damage|p2a: Mewtwo|170\/293 par
|move|p2a: Mewtwo|Thunderbolt|p1a: Alakazam
|-damage|p1a: Alakazam|152\/249
|
|turn|89
|choice|move 3|move 2
|
|move|p1a: Alakazam|Recover|p1a: Alakazam
|-heal|p1a: Alakazam|249\/249
|cant|p2a: Mewtwo|par
|
|turn|90
|choice|move 1|move 2
|
|move|p1a: Alakazam|Psychic|p2a: Mewtwo
|-resisted|p2a: Mewtwo
|-damage|p2a: Mewtwo|147\/293 par
|move|p2a: Mewtwo|Thunderbolt|p1a: Alakazam
|-damage|p1a: Alakazam|137\/249
|
|turn|91
|choice|move 3|move 2
|
|move|p1a: Alakazam|Recover|p1a: Alakazam
|-heal|p1a: Alakazam|249\/249
|cant|p2a: Mewtwo|par
|
|turn|92
|choice|move 1|move 4
|
|move|p1a: Alakazam|Psychic|p2a: Mewtwo
|-resisted|p2a: Mewtwo
|-damage|p2a: Mewtwo|126\/293 par
|cant|p2a: Mewtwo|par
|
|turn|93
|choice|move 1|move 4
|
|move|p1a: Alakazam|Psychic|p2a: Mewtwo
|-crit|p2a: Mewtwo
|-resisted|p2a: Mewtwo
|-damage|p2a: Mewtwo|43\/293 par
|move|p2a: Mewtwo|Rest|p2a: Mewtwo
|-status|p2a: Mewtwo|slp
|-heal|p2a: Mewtwo|293\/293 slp|[silent]
|-status|p2a: Mewtwo|slp|[from] move: Rest
|
|turn|94
|choice|switch 6|move 1
|
|switch|p1a: Primeape|Primeape, L90|59\/300
|cant|p2a: Mewtwo|slp
|
|turn|95
|choice|move 3|move 1
|
|move|p1a: Primeape|Mega Kick|p2a: Mewtwo|[miss]
|-miss|p1a: Primeape
|-curestatus|p2a: Mewtwo|slp
|
|turn|96
|choice|move 4|move 1
|
|move|p1a: Primeape|Hyper Beam|p2a: Mewtwo
|-damage|p2a: Mewtwo|145\/293
|move|p2a: Mewtwo|Psychic|p1a: Primeape
|-supereffective|p1a: Primeape
|-damage|p1a: Primeape|0 fnt
|faint|p1a: Primeape
|choice|switch 6|
|
|switch|p1a: Alakazam|Alakazam, L79|249\/249
|turn|97
|choice|move 2|move 2
|
|move|p1a: Alakazam|Thunder Wave|p2a: Mewtwo
|-status|p2a: Mewtwo|par
|move|p2a: Mewtwo|Thunderbolt|p1a: Alakazam
|-damage|p1a: Alakazam|199\/249
|
|turn|98
|choice|move 1|move 4
|
|move|p1a: Alakazam|Psychic|p2a: Mewtwo
|-resisted|p2a: Mewtwo
|-damage|p2a: Mewtwo|103\/293 par
|move|p2a: Mewtwo|Rest|p2a: Mewtwo
|-status|p2a: Mewtwo|slp
|-heal|p2a: Mewtwo|293\/293 slp|[silent]
|-status|p2a: Mewtwo|slp|[from] move: Rest
|
|turn|99
|choice|move 1|move 1
|
|move|p1a: Alakazam|Psychic|p2a: Mewtwo
|-resisted|p2a: Mewtwo
|-damage|p2a: Mewtwo|253\/293 slp
|cant|p2a: Mewtwo|slp
|
|turn|100
|choice|move 1|move 1
|
|move|p1a: Alakazam|Psychic|p2a: Mewtwo
|-resisted|p2a: Mewtwo
|-damage|p2a: Mewtwo|210\/293 slp
|-unboost|p2a: Mewtwo|spd|1
|-unboost|p2a: Mewtwo|spa|1
|-curestatus|p2a: Mewtwo|slp
|
|turn|101
|choice|move 3|switch 6
|
|switch|p2a: Venusaur|Venusaur, L85|182\/310 par
|move|p1a: Alakazam|Recover|p1a: Alakazam
|-heal|p1a: Alakazam|249\/249
|
|turn|102
|choice|switch 5|move 4
|
|switch|p1a: Flareon|Flareon, L90|172\/300
|move|p2a: Venusaur|Sleep Powder|p1a: Flareon
|-status|p1a: Flareon|slp
|
|turn|103
|join|undeadtodd
|choice|switch 2|move 2
|
|switch|p1a: Kakuna|Kakuna, L99|290\/290
|move|p2a: Venusaur|Leech Seed|p1a: Kakuna
|-start|p1a: Kakuna|move: Leech Seed
|
|turn|104
|c| MLG Hobo|guys wtf
|choice|move 2|move 1
|
|move|p1a: Kakuna|String Shot|p2a: Venusaur
|-unboost|p2a: Venusaur|spe|1
|-damage|p1a: Kakuna|272\/290|[from] Leech Seed|[of] p2a: Venusaur
|-heal|p2a: Venusaur|200\/310 par|[silent]
|move|p2a: Venusaur|Body Slam|p1a: Kakuna
|-crit|p1a: Kakuna
|-damage|p1a: Kakuna|153\/290
|-status|p1a: Kakuna|par
|
|turn|105
|c| Rage.Spam.Quit.|tell agarest to stop spamming rest on mewtwo
|choice|move 1|move 1
|
|move|p1a: Kakuna|Poison Sting|p2a: Venusaur
|-damage|p2a: Venusaur|188\/310 par
|-damage|p1a: Kakuna|135\/290 par|[from] Leech Seed|[of] p2a: Venusaur
|-heal|p2a: Venusaur|206\/310 par|[silent]
|move|p2a: Venusaur|Body Slam|p1a: Kakuna
|-damage|p1a: Kakuna|70\/290 par
|
|turn|106
|c| Rage.Spam.Quit.|he did it so many times theres only 4 pp left
|join|r0730
|choice|move 1|move 1
|
|move|p1a: Kakuna|Poison Sting|p2a: Venusaur
|-damage|p2a: Venusaur|194\/310 par
|-damage|p1a: Kakuna|52\/290 par|[from] Leech Seed|[of] p2a: Venusaur
|-heal|p2a: Venusaur|212\/310 par|[silent]
|cant|p2a: Venusaur|par
|
|turn|107
|choice|move 1|move 1
|
|move|p1a: Kakuna|Poison Sting|p2a: Venusaur
|-damage|p2a: Venusaur|200\/310 par
|-damage|p1a: Kakuna|34\/290 par|[from] Leech Seed|[of] p2a: Venusaur
|-heal|p2a: Venusaur|218\/310 par|[silent]
|move|p2a: Venusaur|Body Slam|p1a: Kakuna
|-damage|p1a: Kakuna|0 fnt
|faint|p1a: Kakuna
|c| woopbang|it has been 43 turns since we had to eat rages arm.
|c| r0730|what happened? mew2 vs alakazam heal?
|c| woopbang|food has run out again and are prepping the butcher knife
|c|★Zekaran|I heal when necessary.
|c|★Zekaran|Alakazam ran out of attacks because of Mewtwo rest spam.
|c| woopbang|we have forgotten what a finished battle has looked like
|c| Rage.Spam.Quit.|exactly
|c| woopbang|these are the dark times
|c| Rage.Spam.Quit.|wheres the mods and tourney organizers when ya need em
|choice|switch 4|
|
|switch|p1a: Jolteon|Jolteon, L79|88\/265
|turn|108
|c| Rage.Spam.Quit.|should i alert the tournament chat
|c| pkmnryan|pin missle
|c| undeadtodd|Please do
|choice|move 4|move 1
|
|move|p1a: Jolteon|Sand Attack|p2a: Venusaur
|-unboost|p2a: Venusaur|accuracy|1
|move|p2a: Venusaur|Body Slam|p1a: Jolteon
|-damage|p1a: Jolteon|15\/265
|-status|p1a: Jolteon|par
|
|turn|109
|join|e-LEMON-ators
|c| pkmnryan|or not
|join|MegaMonsta
|choice|move 4|move 1
|
|move|p1a: Jolteon|Sand Attack|p2a: Venusaur
|-unboost|p2a: Venusaur|accuracy|1
|cant|p2a: Venusaur|par
|
|turn|110
|c| r0730|so he wasted ur pp, thats good tactic not cheating?
|join|natalie portman
|join|Abe Lincoln 111
|join|ShadowHunter3002
|choice|move 3|move 1
|
|cant|p1a: Jolteon|par
|move|p2a: Venusaur|Body Slam|p1a: Jolteon|[miss]
|-miss|p2a: Venusaur
|
|turn|111
|leave|MegaMonsta
|choice|move 3|move 1
|
|move|p1a: Jolteon|Double Kick|p2a: Venusaur
|-resisted|p2a: Venusaur
|-damage|p2a: Venusaur|211\/310 par
|-damage|p2a: Venusaur|204\/310 par
|-hitcount|p2a: Venusaur|2
|move|p2a: Venusaur|Body Slam|p1a: Jolteon
|-crit|p1a: Jolteon
|-damage|p1a: Jolteon|0 fnt
|faint|p1a: Jolteon
|join|broly2323
|c| Rage.Spam.Quit.|look at the log above
|c| pkmnryan|pin missle is quad effective
|join|lackytazz
|join|Hey i'm pikachu
|c| Rage.Spam.Quit.|and all we see
|leave|Abe Lincoln 111
|join|idk bff jill
|join|Quinn Banks
|choice|switch 2|
|
|switch|p1a: Flareon|Flareon, L90|172\/300 slp
|turn|112
|c| Rage.Spam.Quit.|and all we see
|join|Sophi is better
|choice|move 2|switch 6
|
|switch|p2a: Mewtwo|Mewtwo, L70|210\/293
|cant|p1a: Flareon|slp
|
|turn|113
|c| Rage.Spam.Quit.|"rest" "rest"
|c| Rage.Spam.Quit.|guys watch
|join|Nidho0gg
|choice|switch 5|move 1
|
|switch|p1a: Alakazam|Alakazam, L79|249\/249
|move|p2a: Mewtwo|Psychic|p1a: Alakazam
|-resisted|p1a: Alakazam
|-damage|p1a: Alakazam|210\/249
|
|turn|114
|c| Rage.Spam.Quit.|2 pp rest
|c| r0730|dude he's wasting ur pp
|choice|move 2|switch 6
|
|switch|p2a: Venusaur|Venusaur, L85|204\/310 par
|move|p1a: Alakazam|Thunder Wave|p2a: Venusaur
|-fail|p2a: Venusaur|par
|
|turn|115
|c| r0730|now u will lose
|leave|Quinn Banks
|c|★Zekaran|He was.
|join|WaryPizzaMan002
|c| lackytazz|all i do is lose lose no matter what, got omly alt+F4 on my mind
|c| undeadtodd|Please, just quit
|c| r0730|how is wasting pp cheating?
|c| WaryPizzaMan002|i had a 348 turn battle once
|choice|move 2|move 1
|
|move|p1a: Alakazam|Thunder Wave|p2a: Venusaur
|-fail|p2a: Venusaur|par
|cant|p2a: Venusaur|par
|
|turn|116
|c| Rage.Spam.Quit.|guys pls alert the mods or something
|c| e-LEMON-ators|You can do this
|choice|move 2|move 1
|
|move|p1a: Alakazam|Thunder Wave|p2a: Venusaur
|-fail|p2a: Venusaur|par
|move|p2a: Venusaur|Body Slam|p1a: Alakazam
|-damage|p1a: Alakazam|130\/249
|-status|p1a: Alakazam|par
|
|turn|117
|c| WaryPizzaMan002|i had a team full of lickitungs
|c| r0730|it's allowed...
|choice|move 3|move 1
|
|cant|p1a: Alakazam|par
|move|p2a: Venusaur|Body Slam|p1a: Alakazam
|-damage|p1a: Alakazam|38\/249 par
|
|turn|118
|leave|WaryPizzaMan002
|c| Rage.Spam.Quit.|its allowed?
|c| Nidho0gg|i once went up to 547 in monotype
|c| undeadtodd|Wasting pp isn't the problem, it's forcing endless battles.
|choice|move 3|move 1
|
|move|p1a: Alakazam|Recover|p1a: Alakazam
|-heal|p1a: Alakazam|162\/249 par
|move|p2a: Venusaur|Body Slam|p1a: Alakazam
|-damage|p1a: Alakazam|75\/249 par
|
|turn|119
|c| r0730|if u cant kill ur oppo means u lose
|choice|move 3|move 1
|
|move|p1a: Alakazam|Recover|p1a: Alakazam
|-heal|p1a: Alakazam|199\/249 par
|move|p2a: Venusaur|Body Slam|p1a: Alakazam
|-damage|p1a: Alakazam|114\/249 par
|
|turn|120
|c| Rage.Spam.Quit.|cuz ive been waiting an hour for my opponent cuz of this
|choice|move 3|move 2
|
|move|p1a: Alakazam|Recover|p1a: Alakazam
|-heal|p1a: Alakazam|238\/249 par
|move|p2a: Venusaur|Leech Seed|p1a: Alakazam
|-start|p1a: Alakazam|move: Leech Seed
|
|turn|121
|choice|move 2|move 1
|
|move|p1a: Alakazam|Thunder Wave|p2a: Venusaur
|-fail|p2a: Venusaur|par
|-damage|p1a: Alakazam|223\/249 par|[from] Leech Seed|[of] p2a: Venusaur
|-heal|p2a: Venusaur|219\/310 par|[silent]
|cant|p2a: Venusaur|par
|
|turn|122
|c| Nidho0gg|what Rage.Spam.Quit.
|choice|move 2|move 1
|
|cant|p1a: Alakazam|par
|-damage|p1a: Alakazam|208\/249 par|[from] Leech Seed|[of] p2a: Venusaur
|-heal|p2a: Venusaur|234\/310 par|[silent]
|cant|p2a: Venusaur|par
|
|turn|123
|c| broly2323|it's ok cause theres no clause on it
|c| natalie portman|i dunno this is[pretty fuckin entertaining
|choice|move 2|move 1
|
|cant|p1a: Alakazam|par
|-damage|p1a: Alakazam|193\/249 par|[from] Leech Seed|[of] p2a: Venusaur
|-heal|p2a: Venusaur|249\/310 par|[silent]
|cant|p2a: Venusaur|par
|
|turn|124
|c| Hey i'm pikachu|Pokemon battles are meant to take 3 hours long
|c| r0730|battle only started for like 10min
|c| Moneyminty|this s boring
|choice|move 2|move 1
|
|move|p1a: Alakazam|Thunder Wave|p2a: Venusaur
|-fail|p2a: Venusaur|par
|-damage|p1a: Alakazam|178\/249 par|[from] Leech Seed|[of] p2a: Venusaur
|-heal|p2a: Venusaur|264\/310 par|[silent]
|move|p2a: Venusaur|Body Slam|p1a: Alakazam
|-damage|p1a: Alakazam|95\/249 par
|
|turn|125
|c| Moneyminty|but yet i cant look away
|c| Rage.Spam.Quit.|exaggeration , not an hour but roughly around 30-45 minutes
|c| Nidho0gg|turn 123, nothing happened
|leave|Austin
|choice|move 3|move 1
|
|move|p1a: Alakazam|Recover|p1a: Alakazam
|-heal|p1a: Alakazam|219\/249 par
|-damage|p1a: Alakazam|204\/249 par|[from] Leech Seed|[of] p2a: Venusaur
|-heal|p2a: Venusaur|279\/310 par|[silent]
|cant|p2a: Venusaur|par
|
|turn|126
|join|Ba$ed Wobbuffet
|choice|move 2|move 1
|
|move|p1a: Alakazam|Thunder Wave|p2a: Venusaur
|-fail|p2a: Venusaur|par
|-damage|p1a: Alakazam|189\/249 par|[from] Leech Seed|[of] p2a: Venusaur
|-heal|p2a: Venusaur|294\/310 par|[silent]
|move|p2a: Venusaur|Body Slam|p1a: Alakazam
|-damage|p1a: Alakazam|106\/249 par
|
|turn|127
|c| pkmnryan|itd be even slower via link cable
|c| natalie portman|ayeee
|choice|move 3|move 1
|
|cant|p1a: Alakazam|par
|-damage|p1a: Alakazam|91\/249 par|[from] Leech Seed|[of] p2a: Venusaur
|-heal|p2a: Venusaur|309\/310 par|[silent]
|move|p2a: Venusaur|Body Slam|p1a: Alakazam
|-crit|p1a: Alakazam
|-damage|p1a: Alakazam|0 fnt
|faint|p1a: Alakazam
|c| natalie portman|wobby grab some pop corn
|choice|switch 5|
|
|switch|p1a: Flareon|Flareon, L90|172\/300 slp
|turn|128
|c| Moneyminty|link cable battles were lit
|c| Nidho0gg|rip
|c| r0730|its over
|join|Doomangel
|choice|move 2|switch 6
|
|switch|p2a: Mewtwo|Mewtwo, L70|210\/293
|cant|p1a: Flareon|slp
|
|turn|129
|c| pkmnryan|imagine this on 2 actual gameboys
|c| Rage.Spam.Quit.|ild hate that
|c| r0730|2 more turns
|c| pkmnryan|via link cable
|c| Doomangel|omfg finish it
|choice|move 2|move 1
|
|move|p2a: Mewtwo|Psychic|p1a: Flareon
|-crit|p1a: Flareon
|-damage|p1a: Flareon|28\/300 slp
|-unboost|p1a: Flareon|spd|1
|-unboost|p1a: Flareon|spa|1
|-curestatus|p1a: Flareon|slp
|
|turn|130
|c| e-LEMON-ators|It would suck if Flareon could learn a dark move
|c| Moneyminty|Id turn my gameboy off after turn 40
|c| Doomangel|when u have 2 kakuna ....
|choice|move 3|move 1
|
|move|p1a: Flareon|Quick Attack|p2a: Mewtwo
|-damage|p2a: Mewtwo|164\/293
|move|p2a: Mewtwo|Psychic|p1a: Flareon
|-damage|p1a: Flareon|0 fnt
|faint|p1a: Flareon
|
|win|Agarest
|c| Doomangel|harden 4 days
|c| Rage.Spam.Quit.|FINALLY
|c| r0730|wtf is an actual gameboy? u visit the antique shop often?
|leave|Doomangel
|c| undeadtodd|Finally
|leave|lackytazz
|leave|Agarest
|c| Rage.Spam.Quit.|FOR FFS
|leave|ShadowHunter3002
|player|p2
|leave|e-LEMON-ators
|c| Hey i'm pikachu|Mewtwo 0 damage
|leave|broly2323
|c| MLG Hobo|i'd say gg but was actually bg
|leave|Rage.Spam.Quit.
|c|★Zekaran|This is a new record.
|c| Moneyminty|kids
|leave|undeadtodd
|leave|natalie portman
|leave|MLG Hobo
|c| pkmnryan|one that came out in 93
|leave|Moneyminty
|leave|Hey i'm pikachu
|leave|Ba$ed Wobbuffet
|leave|Nidho0gg
|c| pkmnryan|or 90
|leave|pkmnryan
|leave|Sophi is better