|j|Whoremaster
|j|Kel9901
|player|p1|Whoremaster|43
|player|p2|Kel9901|1
|gametype|singles
|gen|1
|tier|[Gen 1] OU
|rated
|seed|13296,63885,55007,37497
|rule|Sleep Clause Mod: Limit one foe put to sleep
|rule|Freeze Clause Mod: Limit one foe frozen
|rule|Species Clause: Limit one of each Pokémon
|rule|OHKO Clause: OHKO moves are banned
|rule|Evasion Moves Clause: Evasion moves are banned
|rule|HP Percentage Mod: HP is shown in percentages
|
|start
|switch|p1a: Alakazam|Alakazam|313\/313
|switch|p2a: Starmie|Starmie|323\/323
|turn|1
|c|★Kel9901|gl hf
|c|★Whoremaster|u2 bae
|choice|switch 4|switch 3
|
|switch|p1a: Chansey|Chansey|703\/703
|switch|p2a: Exeggutor|Exeggutor|393\/393
|
|turn|2
|choice|switch 4|move 2
|
|switch|p1a: Alakazam|Alakazam|313\/313
|move|p2a: Exeggutor|Sleep Powder|p1a: Alakazam
|-status|p1a: Alakazam|slp
|
|turn|3
|choice|switch 4|move 1
|
|switch|p1a: Chansey|Chansey|703\/703
|move|p2a: Exeggutor|Psychic|p1a: Chansey
|-damage|p1a: Chansey|586\/703
|
|turn|4
|choice|move 1|move 1
|
|move|p2a: Exeggutor|Psychic|p1a: Chansey
|-damage|p1a: Chansey|461\/703
|move|p1a: Chansey|Ice Beam|p2a: Exeggutor
|-supereffective|p2a: Exeggutor
|-damage|p2a: Exeggutor|249\/393
|
|turn|5
|choice|move 1|switch 2
|
|switch|p2a: Chansey|Chansey|703\/703
|move|p1a: Chansey|Ice Beam|p2a: Chansey
|-damage|p2a: Chansey|624\/703
|
|turn|6
|choice|move 4|move 2
|
|move|p1a: Chansey|Soft-Boiled|p1a: Chansey
|-heal|p1a: Chansey|703\/703
|move|p2a: Chansey|Ice Beam|p1a: Chansey
|-damage|p1a: Chansey|630\/703
|
|turn|7
|choice|move 1|move 2
|
|move|p1a: Chansey|Ice Beam|p2a: Chansey
|-damage|p2a: Chansey|555\/703
|move|p2a: Chansey|Ice Beam|p1a: Chansey
|-crit|p1a: Chansey
|-damage|p1a: Chansey|488\/703
|
|turn|8
|choice|move 1|move 2
|
|move|p1a: Chansey|Ice Beam|p2a: Chansey
|-damage|p2a: Chansey|477\/703
|move|p2a: Chansey|Ice Beam|p1a: Chansey|[miss]
|-miss|p2a: Chansey
|
|turn|9
|choice|move 1|move 2
|
|move|p1a: Chansey|Ice Beam|p2a: Chansey
|-damage|p2a: Chansey|404\/703
|move|p2a: Chansey|Ice Beam|p1a: Chansey
|-damage|p1a: Chansey|410\/703
|
|turn|10
|choice|move 1|move 2
|
|move|p1a: Chansey|Ice Beam|p2a: Chansey
|-damage|p2a: Chansey|333\/703
|move|p2a: Chansey|Ice Beam|p1a: Chansey
|-damage|p1a: Chansey|334\/703
|
|turn|11
|choice|move 4|move 1
|
|move|p1a: Chansey|Soft-Boiled|p1a: Chansey
|-heal|p1a: Chansey|685\/703
|move|p2a: Chansey|Soft-Boiled|p2a: Chansey
|-heal|p2a: Chansey|684\/703
|
|turn|12
|choice|move 1|move 2
|
|move|p1a: Chansey|Ice Beam|p2a: Chansey
|-damage|p2a: Chansey|604\/703
|-status|p2a: Chansey|frz
|cant|p2a: Chansey|frz
|
|turn|13
|choice|move 2|move 2
|
|move|p1a: Chansey|Thunderbolt|p2a: Chansey
|-damage|p2a: Chansey|532\/703 frz
|cant|p2a: Chansey|frz
|
|turn|14
|choice|move 2|move 2
|
|cant|p2a: Chansey|frz
|move|p1a: Chansey|Thunderbolt|p2a: Chansey
|-damage|p2a: Chansey|453\/703 frz
|
|turn|15
|choice|move 2|move 2
|
|move|p1a: Chansey|Thunderbolt|p2a: Chansey
|-damage|p2a: Chansey|382\/703 frz
|cant|p2a: Chansey|frz
|
|turn|16
|choice|move 2|move 2
|
|cant|p2a: Chansey|frz
|move|p1a: Chansey|Thunderbolt|p2a: Chansey
|-crit|p2a: Chansey
|-damage|p2a: Chansey|232\/703 frz
|
|turn|17
|choice|move 2|move 2
|
|move|p1a: Chansey|Thunderbolt|p2a: Chansey
|-damage|p2a: Chansey|158\/703 frz
|cant|p2a: Chansey|frz
|
|turn|18
|choice|move 2|move 2
|
|move|p1a: Chansey|Thunderbolt|p2a: Chansey
|-damage|p2a: Chansey|87\/703 frz
|cant|p2a: Chansey|frz
|
|turn|19
|choice|move 1|move 2
|
|move|p1a: Chansey|Ice Beam|p2a: Chansey
|-damage|p2a: Chansey|10\/703 frz
|cant|p2a: Chansey|frz
|
|turn|20
|choice|move 2|move 2
|
|move|p1a: Chansey|Thunderbolt|p2a: Chansey
|-damage|p2a: Chansey|0 fnt
|faint|p2a: Chansey
|choice||switch 2
|
|switch|p2a: Exeggutor|Exeggutor|249\/393
|turn|21
|choice|move 1|move 3
|
|move|p2a: Exeggutor|Stun Spore|p1a: Chansey
|-status|p1a: Chansey|par
|move|p1a: Chansey|Ice Beam|p2a: Exeggutor
|-supereffective|p2a: Exeggutor
|-damage|p2a: Exeggutor|112\/393
|
|turn|22
|choice|switch 3|move 4
|
|switch|p1a: Cloyster|Cloyster|303\/303
|move|p2a: Exeggutor|Explosion|p1a: Cloyster
|-damage|p1a: Cloyster|141\/303
|faint|p2a: Exeggutor
|choice||switch 3
|
|switch|p2a: Starmie|Starmie|323\/323
|turn|23
|choice|switch 3|move 1
|
|switch|p1a: Chansey|Chansey|685\/703 par
|move|p2a: Starmie|Psychic|p1a: Chansey
|-damage|p1a: Chansey|584\/703 par
|-unboost|p1a: Chansey|spd|1
|-unboost|p1a: Chansey|spa|1
|
|turn|24
|choice|move 2|switch 5
|
|switch|p2a: Rhydon|Rhydon|413\/413
|move|p1a: Chansey|Thunderbolt|p2a: Rhydon
|-immune|p2a: Rhydon|[msg]
|
|turn|25
|choice|switch 2|move 2
|
|switch|p1a: Exeggutor|Exeggutor|393\/393
|move|p2a: Rhydon|Rock Slide|p1a: Exeggutor
|-damage|p1a: Exeggutor|274\/393
|
|turn|26
|choice|move 1|switch 5
|
|switch|p2a: Starmie|Starmie|323\/323
|move|p1a: Exeggutor|Sleep Powder|p2a: Starmie
|-status|p2a: Starmie|slp
|
|turn|27
|choice|move 3|move 1
|
|cant|p2a: Starmie|slp
|move|p1a: Exeggutor|Double-Edge|p2a: Starmie
|-damage|p2a: Starmie|243\/323 slp
|-damage|p1a: Exeggutor|254\/393|[from] recoil|[of] p2a: Starmie
|
|turn|28
|choice|move 3|move 1
|
|cant|p2a: Starmie|slp
|move|p1a: Exeggutor|Double-Edge|p2a: Starmie
|-damage|p2a: Starmie|159\/323 slp
|-damage|p1a: Exeggutor|233\/393|[from] recoil|[of] p2a: Starmie
|
|turn|29
|choice|move 3|move 1
|
|cant|p2a: Starmie|slp
|move|p1a: Exeggutor|Double-Edge|p2a: Starmie
|-damage|p2a: Starmie|72\/323 slp
|-damage|p1a: Exeggutor|212\/393|[from] recoil|[of] p2a: Starmie
|
|turn|30
|choice|move 3|move 1
|
|cant|p2a: Starmie|slp
|move|p1a: Exeggutor|Double-Edge|p2a: Starmie
|-damage|p2a: Starmie|0 fnt
|-damage|p1a: Exeggutor|194\/393|[from] recoil|[of] p2a: Starmie
|faint|p2a: Starmie
|choice||switch 4
|
|switch|p2a: Tauros|Tauros|353\/353
|turn|31
|choice|move 4|move 2
|
|move|p2a: Tauros|Hyper Beam|p1a: Exeggutor
|-crit|p1a: Exeggutor
|-damage|p1a: Exeggutor|0 fnt
|faint|p1a: Exeggutor
|choice|switch 3|
|
|switch|p1a: Cloyster|Cloyster|141\/303
|turn|32
|choice|move 2|move 1
|
|move|p2a: Tauros|Body Slam|p1a: Cloyster
|-damage|p1a: Cloyster|76\/303
|move|p1a: Cloyster|Blizzard|p2a: Tauros
|-damage|p2a: Tauros|199\/353
|
|turn|33
|choice|switch 5|move 2
|
|switch|p1a: Golem|Golem|363\/363
|move|p2a: Tauros|Hyper Beam|p1a: Golem|[miss]
|-miss|p2a: Tauros
|
|turn|34
|choice|move 2|move 3
|
|move|p2a: Tauros|Blizzard|p1a: Golem|[miss]
|-miss|p2a: Tauros
|move|p1a: Golem|Earthquake|p2a: Tauros
|-damage|p2a: Tauros|77\/353
|
|turn|35
|choice|switch 5|move 3
|
|switch|p1a: Cloyster|Cloyster|76\/303
|move|p2a: Tauros|Blizzard|p1a: Cloyster
|-resisted|p1a: Cloyster
|-damage|p1a: Cloyster|55\/303
|
|turn|36
|choice|move 2|move 1
|
|move|p2a: Tauros|Body Slam|p1a: Cloyster
|-crit|p1a: Cloyster
|-damage|p1a: Cloyster|0 fnt
|faint|p1a: Cloyster
|choice|switch 5|
|
|switch|p1a: Golem|Golem|363\/363
|turn|37
|choice|move 2|move 3
|
|move|p2a: Tauros|Blizzard|p1a: Golem
|-supereffective|p1a: Golem
|-damage|p1a: Golem|147\/363
|move|p1a: Golem|Earthquake|p2a: Tauros
|-damage|p2a: Tauros|0 fnt
|faint|p2a: Tauros
|choice||switch 5
|
|switch|p2a: Rhydon|Rhydon|413\/413
|turn|38
|choice|move 2|move 1
|
|move|p1a: Golem|Earthquake|p2a: Rhydon
|-supereffective|p2a: Rhydon
|-damage|p2a: Rhydon|178\/413
|move|p2a: Rhydon|Earthquake|p1a: Golem
|-crit|p1a: Golem
|-supereffective|p1a: Golem
|-damage|p1a: Golem|0 fnt
|faint|p1a: Golem
|choice|switch 2|
|
|switch|p1a: Chansey|Chansey|584\/703 par
|turn|39
|choice|move 1|move 1
|
|move|p2a: Rhydon|Earthquake|p1a: Chansey
|-damage|p1a: Chansey|182\/703 par
|move|p1a: Chansey|Ice Beam|p2a: Rhydon
|-supereffective|p2a: Rhydon
|-damage|p2a: Rhydon|0 fnt
|faint|p2a: Rhydon
|choice||switch 6
|
|switch|p2a: Snorlax|Snorlax|523\/523
|turn|40
|choice|move 4|move 1
|
|move|p2a: Snorlax|Body Slam|p1a: Chansey
|-damage|p1a: Chansey|0 fnt
|faint|p1a: Chansey
|choice|switch 6|
|
|switch|p1a: Tauros|Tauros|353\/353
|turn|41
|choice|move 1|move 1
|
|move|p1a: Tauros|Body Slam|p2a: Snorlax
|-crit|p2a: Snorlax
|-damage|p2a: Snorlax|254\/523
|move|p2a: Snorlax|Body Slam|p1a: Tauros
|-damage|p1a: Tauros|248\/353
|
|turn|42
|choice|move 1|move 2
|
|move|p1a: Tauros|Body Slam|p2a: Snorlax
|-damage|p2a: Snorlax|133\/523
|move|p2a: Snorlax|Hyper Beam|p1a: Tauros
|-damage|p1a: Tauros|41\/353
|
|turn|43
|-mustrecharge|p2a: Snorlax
|c|★Kel9901|gg
|-mustrecharge|p2a: Snorlax
|choice|move 4|move 1
|
|move|p1a: Tauros|Hyper Beam|p2a: Snorlax
|-crit|p2a: Snorlax
|-damage|p2a: Snorlax|0 fnt
|faint|p2a: Snorlax
|
|win|Whoremaster
|l|Kel9901
|player|p2
|c|★Whoremaster|gg was fun
|raw|Whoremaster's rating: 1348 &rarr; <strong>1377<\/strong><br \/>(+29 for winning)
|raw|Kel9901's rating: 1502 &rarr; <strong>1474<\/strong><br \/>(-28 for losing)