|join|iwinuluz
|join|Abstrix
|player|p1|iwinuluz|22
|player|p2|Abstrix|8
|gametype|singles
|gen|1
|tier|[Gen 1] Random Battle
|rated
|rule|Sleep Clause Mod: Limit one foe put to sleep
|rule|Freeze Clause Mod: Limit one foe frozen
|rule|HP Percentage Mod: HP is shown in percentages
|
|start
|switch|p1a: Charmander|Charmander, L96|270\/270
|switch|p2a: Seadra|Seadra, L90|282\/282
|turn|1
|
|switch|p1a: Alakazam|Alakazam, L79|249\/249
|move|p2a: Seadra|Surf|p1a: Alakazam
|-damage|p1a: Alakazam|157\/249
|
|turn|2
|
|move|p1a: Alakazam|Thunder Wave|p2a: Seadra
|-status|p2a: Seadra|par
|move|p2a: Seadra|Blizzard|p1a: Alakazam
|-crit|p1a: Alakazam
|-damage|p1a: Alakazam|18\/249
|
|turn|3
|
|switch|p2a: Ditto|Ditto, L99|296\/296
|move|p1a: Alakazam|Recover|p1a: Alakazam
|-heal|p1a: Alakazam|142\/249
|
|turn|4
|
|switch|p1a: Pidgeotto|Pidgeotto, L90|297\/297
|move|p2a: Ditto|Transform|p1a: Pidgeotto
|-transform|p2a: Ditto|p1a: Pidgeotto
|
|turn|5
|
|switch|p1a: Jolteon|Jolteon, L79|265\/265
|move|p2a: Ditto|Double-Edge|p1a: Jolteon
|-damage|p1a: Jolteon|136\/265
|-damage|p2a: Ditto|264\/296|[from] recoil|[of] p1a: Jolteon
|
|turn|6
|
|switch|p2a: Venusaur|Venusaur, L85|310\/310
|move|p1a: Jolteon|Thunderbolt|p2a: Venusaur
|-resisted|p2a: Venusaur
|-damage|p2a: Venusaur|266\/310
|
|turn|7
|
|switch|p2a: Ditto|Ditto, L99|264\/296
|move|p1a: Jolteon|Thunder Wave|p2a: Ditto
|-status|p2a: Ditto|par
|
|turn|8
|
|switch|p1a: Charmander|Charmander, L96|270\/270
|move|p2a: Ditto|Transform|p1a: Charmander
|-transform|p2a: Ditto|p1a: Charmander
|
|turn|9
|
|switch|p1a: Charizard|Charizard, L85|306\/306
|move|p2a: Ditto|Body Slam|p1a: Charizard
|-damage|p1a: Charizard|250\/306
|
|turn|10
|
|move|p1a: Charizard|Earthquake|p2a: Ditto
|-supereffective|p2a: Ditto
|-damage|p2a: Ditto|101\/296 par
|move|p2a: Ditto|Body Slam|p1a: Charizard
|-damage|p1a: Charizard|194\/306
|
|turn|11
|
|move|p1a: Charizard|Earthquake|p2a: Ditto
|-supereffective|p2a: Ditto
|-damage|p2a: Ditto|0 fnt
|faint|p2a: Ditto
|
|switch|p2a: Machamp|Machamp, L90|345\/345
|turn|12
|
|switch|p1a: Primeape|Primeape, L90|300\/300
|move|p2a: Machamp|Rock Slide|p1a: Primeape
|-resisted|p1a: Primeape
|-damage|p1a: Primeape|254\/300
|
|turn|13
|
|move|p1a: Primeape|Body Slam|p2a: Machamp
|-crit|p2a: Machamp
|-damage|p2a: Machamp|205\/345
|-status|p2a: Machamp|par
|move|p2a: Machamp|Earthquake|p1a: Primeape
|-damage|p1a: Primeape|141\/300
|
|turn|14
|
|move|p1a: Primeape|Body Slam|p2a: Machamp
|-crit|p2a: Machamp
|-damage|p2a: Machamp|72\/345 par
|move|p2a: Machamp|Hyper Beam|p1a: Primeape
|-damage|p1a: Primeape|0 fnt
|faint|p1a: Primeape
|
|switch|p1a: Charmander|Charmander, L96|270\/270
|turn|15
|
|move|p1a: Charmander|Body Slam|p2a: Machamp
|-damage|p2a: Machamp|15\/345 par
|move|p2a: Machamp|Earthquake|p1a: Charmander
|-supereffective|p1a: Charmander
|-damage|p1a: Charmander|17\/270
|
|turn|16
|
|move|p1a: Charmander|Body Slam|p2a: Machamp
|-damage|p2a: Machamp|0 fnt
|faint|p2a: Machamp
|
|switch|p2a: Mew|Mew, L74|300\/300
|turn|17
|
|move|p2a: Mew|Swift|p1a: Charmander
|-damage|p1a: Charmander|0 fnt
|faint|p1a: Charmander
|
|switch|p1a: Alakazam|Alakazam, L79|142\/249
|turn|18
|
|move|p1a: Alakazam|Thunder Wave|p2a: Mew
|-status|p2a: Mew|par
|cant|p2a: Mew|par
|
|turn|19
|
|move|p1a: Alakazam|Recover|p1a: Alakazam
|-heal|p1a: Alakazam|249\/249
|cant|p2a: Mew|par
|
|turn|20
|
|move|p1a: Alakazam|Psychic|p2a: Mew
|-resisted|p2a: Mew
|-damage|p2a: Mew|242\/300 par
|move|p2a: Mew|Explosion|p1a: Alakazam
|-damage|p1a: Alakazam|0 fnt
|faint|p1a: Alakazam
|faint|p2a: Mew
|
|switch|p1a: Jolteon|Jolteon, L79|136\/265
|switch|p2a: Seadra|Seadra, L90|282\/282 par
|turn|21
|
|move|p1a: Jolteon|Thunderbolt|p2a: Seadra
|-crit|p2a: Seadra
|-supereffective|p2a: Seadra
|-damage|p2a: Seadra|0 fnt
|faint|p2a: Seadra
|
|switch|p2a: Venusaur|Venusaur, L85|266\/310
|turn|22
|
|move|p1a: Jolteon|Thunder Wave|p2a: Venusaur
|-status|p2a: Venusaur|par
|move|p2a: Venusaur|Sleep Powder|p1a: Jolteon
|-status|p1a: Jolteon|slp
|
|turn|23
|
|cant|p1a: Jolteon|slp
|move|p2a: Venusaur|Body Slam|p1a: Jolteon
|-damage|p1a: Jolteon|63\/265 slp
|
|turn|24
|
|cant|p1a: Jolteon|slp
|move|p2a: Venusaur|Body Slam|p1a: Jolteon
|-crit|p1a: Jolteon
|-damage|p1a: Jolteon|0 fnt
|faint|p1a: Jolteon
|
|switch|p1a: Charizard|Charizard, L85|194\/306
|turn|25
|
|move|p1a: Charizard|Earthquake|p2a: Venusaur
|-damage|p2a: Venusaur|195\/310 par
|move|p2a: Venusaur|Sleep Powder|p1a: Charizard|[miss]
|-miss|p2a: Venusaur
|
|turn|26
|
|move|p1a: Charizard|Swords Dance|p1a: Charizard
|-boost|p1a: Charizard|atk|2
|move|p2a: Venusaur|Sleep Powder|p1a: Charizard
|-status|p1a: Charizard|slp
|
|turn|27
|
|switch|p2a: Golduck|Golduck, L85|310\/310
|cant|p1a: Charizard|slp
|
|turn|28
|
|switch|p1a: Pidgeotto|Pidgeotto, L90|297\/297
|move|p2a: Golduck|Amnesia|p2a: Golduck
|-boost|p2a: Golduck|spd|2
|-boost|p2a: Golduck|spa|2
|
|turn|29
|
|move|p2a: Golduck|Blizzard|p1a: Pidgeotto
|-supereffective|p1a: Pidgeotto
|-damage|p1a: Pidgeotto|0 fnt
|faint|p1a: Pidgeotto
|
|switch|p1a: Charizard|Charizard, L85|194\/306 slp
|turn|30
|
|cant|p1a: Charizard|slp
|move|p2a: Golduck|Blizzard|p1a: Charizard
|-supereffective|p1a: Charizard
|-damage|p1a: Charizard|0 fnt
|faint|p1a: Charizard
|
|win|Abstrix
|raw|iwinuluz's rating: 1318 &rarr; <strong>1287<\/strong><br \/>(-31 for losing)
|raw|Abstrix's rating: 1103 &rarr; <strong>1142<\/strong><br \/>(+39 for winning)
|leave|iwinuluz
|player|p1