|j|Beargoat!
|j|IaraRomeroFrozen
|player|p1|Beargoat!|43
|player|p2|IaraRomeroFrozen|285
|gametype|singles
|gen|1
|tier|[Gen 1] Random Battle
|rated
|seed|20766,12457,13551,9749
|rule|Sleep Clause Mod: Limit one foe put to sleep
|rule|Freeze Clause Mod: Limit one foe frozen
|rule|HP Percentage Mod: HP is shown in percentages
|
|start
|switch|p1a: Diglett|Diglett, L96|214\/214
|switch|p2a: Poliwhirl|Poliwhirl, L85|284\/284
|turn|1
|choice|switch 4|move 2
|
|switch|p1a: Mewtwo|Mewtwo, L68|285\/285
|move|p2a: Poliwhirl|Surf|p1a: Mewtwo
|-damage|p1a: Mewtwo|224\/285
|
|turn|2
|choice|move 4|switch 2
|
|switch|p2a: Machop|Machop, L96|329\/329
|move|p1a: Mewtwo|Amnesia|p1a: Mewtwo
|-boost|p1a: Mewtwo|spd|2
|-boost|p1a: Mewtwo|spa|2
|
|turn|3
|choice|move 1|move 1
|
|move|p1a: Mewtwo|Psychic|p2a: Machop
|-supereffective|p2a: Machop
|-damage|p2a: Machop|0 fnt
|faint|p2a: Machop
|choice||switch 3
|
|switch|p2a: Cloyster|Cloyster, L83|253\/253
|turn|4
|choice|move 3|move 4
|
|move|p1a: Mewtwo|Thunderbolt|p2a: Cloyster
|-supereffective|p2a: Cloyster
|-damage|p2a: Cloyster|0 fnt
|faint|p2a: Cloyster
|choice||switch 4
|
|switch|p2a: Dragonite|Dragonite, L85|328\/328
|turn|5
|choice|move 1|move 3
|
|move|p1a: Mewtwo|Psychic|p2a: Dragonite
|-damage|p2a: Dragonite|170\/328
|-unboost|p2a: Dragonite|spd|1
|-unboost|p2a: Dragonite|spa|1
|move|p2a: Dragonite|Thunder|p1a: Mewtwo|[miss]
|-miss|p2a: Dragonite
|
|turn|6
|choice|move 1|switch 5
|
|switch|p2a: Gloom|Gloom, L90|291\/291
|move|p1a: Mewtwo|Psychic|p2a: Gloom
|-supereffective|p2a: Gloom
|-damage|p2a: Gloom|0 fnt
|faint|p2a: Gloom
|choice||switch 6
|
|switch|p2a: Alakazam|Alakazam, L79|249\/249
|turn|7
|choice|move 3|move 1
|
|move|p2a: Alakazam|Psychic|p1a: Mewtwo
|-resisted|p1a: Mewtwo
|-damage|p1a: Mewtwo|201\/285
|move|p1a: Mewtwo|Thunderbolt|p2a: Alakazam
|-damage|p2a: Alakazam|155\/249
|
|turn|8
|choice|move 3|move 3
|
|move|p2a: Alakazam|Recover|p2a: Alakazam
|-heal|p2a: Alakazam|249\/249
|move|p1a: Mewtwo|Thunderbolt|p2a: Alakazam
|-damage|p2a: Alakazam|147\/249
|
|turn|9
|choice|move 2|switch 5
|
|switch|p2a: Dragonite|Dragonite, L85|170\/328
|move|p1a: Mewtwo|Thunder Wave|p2a: Dragonite
|-status|p2a: Dragonite|par
|
|turn|10
|choice|move 1|move 2
|
|move|p1a: Mewtwo|Psychic|p2a: Dragonite
|-damage|p2a: Dragonite|3\/328 par
|cant|p2a: Dragonite|par
|
|turn|11
|choice|move 3|move 3
|
|move|p1a: Mewtwo|Thunderbolt|p2a: Dragonite
|-crit|p2a: Dragonite
|-damage|p2a: Dragonite|0 fnt
|faint|p2a: Dragonite
|l|IaraRomeroFrozen
|player|p2
|j|IaraRomeroFrozen
|player|p2|IaraRomeroFrozen|285
|l|IaraRomeroFrozen
|player|p2
|j|IaraRomeroFrozen
|player|p2|IaraRomeroFrozen|285
|choice||switch 5
|
|switch|p2a: Alakazam|Alakazam, L79|147\/249
|turn|12
|choice|move 2|move 1
|
|move|p2a: Alakazam|Psychic|p1a: Mewtwo
|-resisted|p1a: Mewtwo
|-damage|p1a: Mewtwo|179\/285
|-unboost|p1a: Mewtwo|spd|1
|-unboost|p1a: Mewtwo|spa|1
|move|p1a: Mewtwo|Thunder Wave|p2a: Alakazam
|-status|p2a: Alakazam|par
|
|turn|13
|choice|move 4|move 4
|
|move|p1a: Mewtwo|Amnesia|p1a: Mewtwo
|-boost|p1a: Mewtwo|spd|2
|-boost|p1a: Mewtwo|spa|2
|move|p2a: Alakazam|Thunder Wave|p1a: Mewtwo
|-status|p1a: Mewtwo|par
|
|turn|14
|choice|move 3|move 3
|
|move|p1a: Mewtwo|Thunderbolt|p2a: Alakazam
|-damage|p2a: Alakazam|23\/249 par
|move|p2a: Alakazam|Recover|p2a: Alakazam
|-heal|p2a: Alakazam|147\/249 par
|
|turn|15
|choice|move 3|move 3
|
|cant|p1a: Mewtwo|par
|cant|p2a: Alakazam|par
|
|turn|16
|choice|move 3|move 3
|
|move|p1a: Mewtwo|Thunderbolt|p2a: Alakazam
|-damage|p2a: Alakazam|31\/249 par
|move|p2a: Alakazam|Recover|p2a: Alakazam
|-heal|p2a: Alakazam|155\/249 par
|
|turn|17
|choice|move 4|move 3
|
|cant|p1a: Mewtwo|par
|move|p2a: Alakazam|Recover|p2a: Alakazam
|-heal|p2a: Alakazam|249\/249 par
|
|turn|18
|choice|move 4|move 4
|
|cant|p1a: Mewtwo|par
|move|p2a: Alakazam|Thunder Wave|p1a: Mewtwo
|-fail|p1a: Mewtwo|par
|
|turn|19
|choice|move 4|move 3
|
|move|p1a: Mewtwo|Amnesia|p1a: Mewtwo
|-boost|p1a: Mewtwo|spd|2
|-boost|p1a: Mewtwo|spa|2
|cant|p2a: Alakazam|par
|
|turn|20
|choice|move 3|move 2
|
|move|p1a: Mewtwo|Thunderbolt|p2a: Alakazam
|-damage|p2a: Alakazam|65\/249 par
|cant|p2a: Alakazam|par
|
|turn|21
|choice|move 3|move 3
|
|move|p1a: Mewtwo|Thunderbolt|p2a: Alakazam
|-damage|p2a: Alakazam|0 fnt
|faint|p2a: Alakazam
|l|IaraRomeroFrozen
|player|p2
|j|IaraRomeroFrozen
|player|p2|IaraRomeroFrozen|285
|choice||switch 2
|
|switch|p2a: Poliwhirl|Poliwhirl, L85|284\/284
|turn|22
|choice|move 3|move 3
|
|move|p2a: Poliwhirl|Blizzard|p1a: Mewtwo
|-damage|p1a: Mewtwo|164\/285 par
|cant|p1a: Mewtwo|par
|
|turn|23
|choice|move 3|move 2
|
|move|p2a: Poliwhirl|Surf|p1a: Mewtwo
|-damage|p1a: Mewtwo|146\/285 par
|move|p1a: Mewtwo|Thunderbolt|p2a: Poliwhirl
|-supereffective|p2a: Poliwhirl
|-damage|p2a: Poliwhirl|0 fnt
|faint|p2a: Poliwhirl
|
|win|Beargoat!
|raw|Beargoat!'s rating: 1314 &rarr; <strong>1322<\/strong><br \/>(+8 for winning)
|raw|IaraRomeroFrozen's rating: 1065 &rarr; <strong>1057<\/strong><br \/>(-8 for losing)
|l|IaraRomeroFrozen
|player|p2
|j|IaraRomeroFrozen
|player|p2|IaraRomeroFrozen|285
|l|Beargoat!
|player|p1