|j|Dervodel1
|j|darthlegit
|player|p1|Dervodel1|101
|player|p2|darthlegit|20
|gametype|singles
|gen|1
|tier|[Gen 1] Random Battle
|rated
|seed|53010,7861,59582,65046
|rule|Sleep Clause Mod: Limit one foe put to sleep
|rule|Freeze Clause Mod: Limit one foe frozen
|rule|HP Percentage Mod: HP is shown in percentages
|
|start
|switch|p1a: Pinsir|Pinsir, L85|284\/284
|switch|p2a: Spearow|Spearow, L96|272\/272
|turn|1
|choice|switch 5|move 3
|
|switch|p1a: Nidorino|Nidorino, L90|293\/293
|move|p2a: Spearow|Drill Peck|p1a: Nidorino
|-damage|p1a: Nidorino|200\/293
|
|turn|2
|choice|move 3|move 3
|
|move|p2a: Spearow|Drill Peck|p1a: Nidorino
|-damage|p1a: Nidorino|98\/293
|move|p1a: Nidorino|Blizzard|p2a: Spearow
|-supereffective|p2a: Spearow
|-damage|p2a: Spearow|52\/272
|
|turn|3
|choice|move 1|move 3
|
|move|p2a: Spearow|Drill Peck|p1a: Nidorino
|-damage|p1a: Nidorino|0 fnt
|faint|p1a: Nidorino
|choice|switch 3|
|
|switch|p1a: Kangaskhan|Kangaskhan, L85|352\/352
|turn|4
|choice|move 3|switch 2
|
|switch|p2a: Starmie|Starmie, L79|257\/257
|move|p1a: Kangaskhan|Body Slam|p2a: Starmie
|-damage|p2a: Starmie|155\/257
|-status|p2a: Starmie|par
|
|turn|5
|choice|move 4|move 2
|
|move|p1a: Kangaskhan|Hyper Beam|p2a: Starmie
|-damage|p2a: Starmie|0 fnt
|faint|p2a: Starmie
|c|★Dervodel1|uf
|c|★Dervodel1|nice
|choice||switch 6
|
|switch|p2a: Sandslash|Sandslash, L85|301\/301
|turn|6
|choice|move 2|move 3
|
|move|p2a: Sandslash|Swords Dance|p2a: Sandslash
|-boost|p2a: Sandslash|atk|2
|move|p1a: Kangaskhan|Counter|p2a: Sandslash
|-fail|p1a: Kangaskhan
|
|turn|7
|choice|move 3|move 1
|
|move|p1a: Kangaskhan|Body Slam|p2a: Sandslash
|-damage|p2a: Sandslash|225\/301
|move|p2a: Sandslash|Earthquake|p1a: Kangaskhan
|-damage|p1a: Kangaskhan|125\/352
|
|turn|8
|choice|move 4|move 1
|
|move|p1a: Kangaskhan|Hyper Beam|p2a: Sandslash
|-damage|p2a: Sandslash|91\/301
|move|p2a: Sandslash|Earthquake|p1a: Kangaskhan
|-damage|p1a: Kangaskhan|0 fnt
|faint|p1a: Kangaskhan
|choice|switch 6|
|
|switch|p1a: Jynx|Jynx, L79|265\/265
|turn|9
|choice|move 2|move 4
|
|move|p1a: Jynx|Blizzard|p2a: Sandslash|[miss]
|-miss|p1a: Jynx
|move|p2a: Sandslash|Hyper Beam|p1a: Jynx
|-crit|p1a: Jynx
|-damage|p1a: Jynx|0 fnt
|faint|p1a: Jynx
|c|★darthlegit|damnnn
|choice|switch 5|
|
|switch|p1a: Pinsir|Pinsir, L85|284\/284
|turn|10
|c|★Dervodel1|:D
|c|★Dervodel1|why?
|c|★Dervodel1|all them luck xD
|choice|move 3|move 4
|
|move|p1a: Pinsir|Hyper Beam|p2a: Sandslash
|-damage|p2a: Sandslash|0 fnt
|faint|p2a: Sandslash
|choice||switch 5
|
|switch|p2a: Magmar|Magmar, L90|300\/300
|turn|11
|choice|move 4|move 4
|
|move|p2a: Magmar|Body Slam|p1a: Pinsir
|-crit|p1a: Pinsir
|-damage|p1a: Pinsir|165\/284
|move|p1a: Pinsir|Body Slam|p2a: Magmar
|-damage|p2a: Magmar|204\/300
|
|turn|12
|choice|switch 2|move 4
|
|switch|p1a: Wartortle|Wartortle, L85|274\/274
|move|p2a: Magmar|Body Slam|p1a: Wartortle
|-damage|p1a: Wartortle|205\/274
|-status|p1a: Wartortle|par
|
|turn|13
|choice|move 3|move 2
|
|move|p2a: Magmar|Confuse Ray|p1a: Wartortle
|-start|p1a: Wartortle|confusion
|-activate|p1a: Wartortle|confusion
|-damage|p1a: Wartortle|178\/274 par|[from] confusion
|
|turn|14
|choice|move 3|switch 2
|
|switch|p2a: Spearow|Spearow, L96|52\/272
|-activate|p1a: Wartortle|confusion
|-damage|p1a: Wartortle|151\/274 par|[from] confusion
|
|turn|15
|choice|switch 4|move 3
|
|switch|p1a: Electabuzz|Electabuzz, L85|284\/284
|move|p2a: Spearow|Drill Peck|p1a: Electabuzz
|-resisted|p1a: Electabuzz
|-damage|p1a: Electabuzz|231\/284
|
|turn|16
|choice|move 2|switch 4
|
|switch|p2a: Kangaskhan|Kangaskhan, L85|352\/352
|move|p1a: Electabuzz|Psychic|p2a: Kangaskhan
|-damage|p2a: Kangaskhan|267\/352
|
|turn|17
|choice|move 3|move 2
|
|move|p1a: Electabuzz|Thunderbolt|p2a: Kangaskhan
|-damage|p2a: Kangaskhan|124\/352
|move|p2a: Kangaskhan|Earthquake|p1a: Electabuzz
|-supereffective|p1a: Electabuzz
|-damage|p1a: Electabuzz|60\/284
|
|turn|18
|choice|move 3|move 2
|
|move|p1a: Electabuzz|Thunderbolt|p2a: Kangaskhan
|-damage|p2a: Kangaskhan|0 fnt
|faint|p2a: Kangaskhan
|choice||switch 3
|
|switch|p2a: Ekans|Ekans, L96|262\/262
|turn|19
|c|★Dervodel1|you must be the luck\/hax king xD
|choice|move 2|move 2
|
|move|p1a: Electabuzz|Psychic|p2a: Ekans
|-supereffective|p2a: Ekans
|-damage|p2a: Ekans|100\/262
|move|p2a: Ekans|Earthquake|p1a: Electabuzz
|-supereffective|p1a: Electabuzz
|-damage|p1a: Electabuzz|0 fnt
|faint|p1a: Electabuzz
|choice|switch 2|
|
|switch|p1a: Pinsir|Pinsir, L85|165\/284
|turn|20
|choice|move 3|move 3
|
|move|p1a: Pinsir|Hyper Beam|p2a: Ekans
|-damage|p2a: Ekans|0 fnt
|faint|p2a: Ekans
|choice||switch 4
|
|switch|p2a: Spearow|Spearow, L96|52\/272
|turn|21
|choice|move 4|move 3
|
|move|p1a: Pinsir|Body Slam|p2a: Spearow
|-damage|p2a: Spearow|0 fnt
|faint|p2a: Spearow
|choice||switch 2
|
|switch|p2a: Magmar|Magmar, L90|204\/300
|turn|22
|choice|move 3|move 1
|
|move|p2a: Magmar|Hyper Beam|p1a: Pinsir
|-damage|p1a: Pinsir|58\/284
|move|p1a: Pinsir|Hyper Beam|p2a: Magmar
|-damage|p2a: Magmar|49\/300
|
|turn|23
|-mustrecharge|p1a: Pinsir
|-mustrecharge|p2a: Magmar
|-mustrecharge|p2a: Magmar
|-mustrecharge|p1a: Pinsir
|choice|move 1|move 1
|
|cant|p2a: Magmar|recharge
|cant|p1a: Pinsir|recharge
|
|turn|24
|choice|move 4|move 1
|
|move|p2a: Magmar|Hyper Beam|p1a: Pinsir
|-crit|p1a: Pinsir
|-damage|p1a: Pinsir|0 fnt
|faint|p1a: Pinsir
|choice|switch 4|
|
|switch|p1a: Wartortle|Wartortle, L85|151\/274 par
|turn|25
|choice|move 3|move 1
|
|move|p2a: Magmar|Hyper Beam|p1a: Wartortle
|-damage|p1a: Wartortle|26\/274 par
|move|p1a: Wartortle|Surf|p2a: Magmar
|-supereffective|p2a: Magmar
|-damage|p2a: Magmar|0 fnt
|faint|p2a: Magmar
|
|win|Dervodel1
|raw|Dervodel1's rating: 1416 &rarr; <strong>1430<\/strong><br \/>(+14 for winning)
|raw|darthlegit's rating: 1301 &rarr; <strong>1287<\/strong><br \/>(-14 for losing)