|join|weerple
|join|Velosexiraptor
|player|p1|weerple|127
|player|p2|Velosexiraptor|253
|gametype|singles
|gen|1
|tier|[Gen 1] OU
|rated
|seed|53933,64422,48969,27801
|rule|Sleep Clause Mod: Limit one foe put to sleep
|rule|Freeze Clause Mod: Limit one foe frozen
|rule|Species Clause: Limit one of each Pokémon
|rule|OHKO Clause: OHKO moves are banned
|rule|Evasion Moves Clause: Evasion moves are banned
|rule|HP Percentage Mod: HP is shown in percentages
|
|start
|switch|p1a: Gengar|Gengar|323\/323
|switch|p2a: Urine|Hypno|373\/373
|turn|1
|choice|move 3|move 2
|
|move|p1a: Gengar|Explosion|p2a: Urine
|-damage|p2a: Urine|120\/373
|faint|p1a: Gengar
|choice|switch 4|
|
|switch|p1a: Zapdos|Zapdos|383\/383
|turn|2
|choice|move 4|switch 2
|
|switch|p2a: Fleshlight|Clefable|393\/393
|move|p1a: Zapdos|Drill Peck|p2a: Fleshlight
|-crit|p2a: Fleshlight
|-damage|p2a: Fleshlight|179\/393
|
|turn|3
|choice|move 4|move 2
|
|move|p1a: Zapdos|Drill Peck|p2a: Fleshlight
|-crit|p2a: Fleshlight
|-damage|p2a: Fleshlight|0 fnt
|faint|p2a: Fleshlight
|choice||switch 6
|
|switch|p2a: idgaf|Starmie|323\/323
|turn|4
|choice|move 2|move 1
|
|move|p2a: idgaf|Ice Beam|p1a: Zapdos
|-supereffective|p1a: Zapdos
|-damage|p1a: Zapdos|248\/383
|-status|p1a: Zapdos|frz
|cant|p1a: Zapdos|frz
|
|turn|5
|choice|switch 3|switch 2
|
|switch|p2a: Urine|Hypno|120\/373
|switch|p1a: Chansey|Chansey|703\/703
|
|turn|6
|choice|move 1|move 2
|
|move|p2a: Urine|Hypnosis|p1a: Chansey
|-status|p1a: Chansey|slp
|cant|p1a: Chansey|slp
|
|turn|7
|choice|switch 5|move 3
|
|switch|p1a: Tauros|Tauros|353\/353
|move|p2a: Urine|Body Slam|p1a: Tauros
|-damage|p1a: Tauros|293\/353
|
|turn|8
|choice|move 1|move 1
|
|move|p1a: Tauros|Body Slam|p2a: Urine
|-damage|p2a: Urine|0 fnt
|faint|p2a: Urine
|choice||switch 2
|
|switch|p2a: idgaf|Starmie|323\/323
|turn|9
|choice|move 1|switch 5
|
|switch|p2a: Sirloin|Tauros|353\/353
|move|p1a: Tauros|Body Slam|p2a: Sirloin
|-damage|p2a: Sirloin|253\/353
|
|turn|10
|choice|move 3|move 1
|
|move|p2a: Sirloin|Body Slam|p1a: Tauros
|-crit|p1a: Tauros
|-damage|p1a: Tauros|92\/353
|move|p1a: Tauros|Hyper Beam|p2a: Sirloin
|-damage|p2a: Sirloin|69\/353
|
|turn|11
|-mustrecharge|p1a: Tauros
|-mustrecharge|p1a: Tauros
|choice|move 1|move 1
|
|move|p2a: Sirloin|Body Slam|p1a: Tauros
|-damage|p1a: Tauros|0 fnt
|faint|p1a: Tauros
|choice|switch 2|
|
|switch|p1a: Exeggutor|Exeggutor|393\/393
|turn|12
|choice|move 4|move 3
|
|move|p2a: Sirloin|Hyper Beam|p1a: Exeggutor
|-damage|p1a: Exeggutor|189\/393
|move|p1a: Exeggutor|Psychic|p2a: Sirloin
|-damage|p2a: Sirloin|0 fnt
|faint|p2a: Sirloin
|choice||switch 4
|
|switch|p2a: Dragonite|Dragonite|385\/385
|turn|13
|choice|move 1|move 1
|
|move|p2a: Dragonite|Wrap|p1a: Exeggutor
|-damage|p1a: Exeggutor|170\/393
|-activate|p1a: Exeggutor|move: Wrap|[of] p2a: Dragonite
|cant|p1a: Exeggutor|partiallytrapped
|
|turn|14
|choice|switch 5|move 1
|
|switch|p1a: Chansey|Chansey|703\/703 slp
|move|p2a: Dragonite|Wrap|p1a: Chansey|[miss]
|-miss|p2a: Dragonite
|
|turn|15
|choice|move 1|move 2
|
|move|p2a: Dragonite|Hyper Beam|p1a: Chansey
|-crit|p1a: Chansey
|-damage|p1a: Chansey|0 fnt
|faint|p1a: Chansey
|choice|switch 5|
|
|switch|p1a: Exeggutor|Exeggutor|170\/393
|turn|16
|choice|move 1|move 1
|
|move|p2a: Dragonite|Wrap|p1a: Exeggutor|[miss]
|-miss|p2a: Dragonite
|move|p1a: Exeggutor|Stun Spore|p2a: Dragonite
|-status|p2a: Dragonite|par
|
|turn|17
|choice|move 3|move 3
|
|move|p1a: Exeggutor|Rest|p1a: Exeggutor
|-status|p1a: Exeggutor|slp
|-heal|p1a: Exeggutor|393\/393 slp|[silent]
|-status|p1a: Exeggutor|slp|[from] move: Rest
|move|p2a: Dragonite|Ice Beam|p1a: Exeggutor
|-crit|p1a: Exeggutor
|-supereffective|p1a: Exeggutor
|-damage|p1a: Exeggutor|150\/393 slp
|
|turn|18
|choice|switch 6|move 2
|
|switch|p1a: Snorlax|Snorlax|523\/523
|cant|p2a: Dragonite|par
|
|turn|19
|choice|move 2|move 2
|
|move|p1a: Snorlax|Amnesia|p1a: Snorlax
|-boost|p1a: Snorlax|spd|2
|-boost|p1a: Snorlax|spa|2
|move|p2a: Dragonite|Hyper Beam|p1a: Snorlax
|-damage|p1a: Snorlax|324\/523
|
|turn|20
|-mustrecharge|p2a: Dragonite
|-mustrecharge|p2a: Dragonite
|choice|move 1|move 1
|
|move|p1a: Snorlax|Reflect|p1a: Snorlax
|-start|p1a: Snorlax|Reflect
|cant|p2a: Dragonite|recharge
|
|turn|21
|choice|move 4|move 2
|
|move|p1a: Snorlax|Blizzard|p2a: Dragonite
|-supereffective|p2a: Dragonite
|-damage|p2a: Dragonite|0 fnt
|faint|p2a: Dragonite
|choice||switch 5
|
|switch|p2a: idgaf|Starmie|323\/323
|turn|22
|choice|move 3|move 4
|
|move|p2a: idgaf|Thunder Wave|p1a: Snorlax
|-status|p1a: Snorlax|par
|move|p1a: Snorlax|Body Slam|p2a: idgaf
|-damage|p2a: idgaf|203\/323
|
|turn|23
|choice|move 3|move 2
|
|move|p2a: idgaf|Psychic|p1a: Snorlax
|-damage|p1a: Snorlax|252\/523 par
|move|p1a: Snorlax|Body Slam|p2a: idgaf
|-damage|p2a: idgaf|74\/323
|
|turn|24
|choice|move 3|move 2
|
|move|p2a: idgaf|Psychic|p1a: Snorlax
|-damage|p1a: Snorlax|183\/523 par
|move|p1a: Snorlax|Body Slam|p2a: idgaf
|-damage|p2a: idgaf|0 fnt
|faint|p2a: idgaf
|choice||switch 3
|
|switch|p2a: Dickgrabber|Raichu|323\/323
|turn|25
|choice|move 3|move 3
|
|move|p2a: Dickgrabber|Hyper Beam|p1a: Snorlax
|-damage|p1a: Snorlax|111\/523 par
|move|p1a: Snorlax|Body Slam|p2a: Dickgrabber
|-damage|p2a: Dickgrabber|182\/323
|
|turn|26
|-mustrecharge|p2a: Dickgrabber
|-mustrecharge|p2a: Dickgrabber
|choice|move 3|move 1
|
|cant|p2a: Dickgrabber|recharge
|cant|p1a: Snorlax|par
|
|turn|27
|choice|move 3|move 3
|
|move|p2a: Dickgrabber|Hyper Beam|p1a: Snorlax
|-damage|p1a: Snorlax|41\/523 par
|cant|p1a: Snorlax|par
|
|turn|28
|-mustrecharge|p2a: Dickgrabber
|-mustrecharge|p2a: Dickgrabber
|choice|move 3|move 1
|
|cant|p2a: Dickgrabber|recharge
|cant|p1a: Snorlax|par
|
|turn|29
|choice|switch 3|move 4
|
|switch|p1a: Zapdos|Zapdos|248\/383 frz
|move|p2a: Dickgrabber|Thunderbolt|p1a: Zapdos|[miss]
|-miss|p2a: Dickgrabber
|
|turn|30
|choice|move 1|move 4
|
|cant|p1a: Zapdos|frz
|move|p2a: Dickgrabber|Thunderbolt|p1a: Zapdos
|-damage|p1a: Zapdos|159\/383 frz
|
|turn|31
|choice|move 1|move 4
|
|cant|p1a: Zapdos|frz
|move|p2a: Dickgrabber|Thunderbolt|p1a: Zapdos
|-crit|p1a: Zapdos
|-damage|p1a: Zapdos|0 fnt
|faint|p1a: Zapdos
|choice|switch 6|
|
|switch|p1a: Exeggutor|Exeggutor|150\/393 slp
|turn|32
|choice|move 1|move 4
|
|move|p2a: Dickgrabber|Thunderbolt|p1a: Exeggutor
|-resisted|p1a: Exeggutor
|-damage|p1a: Exeggutor|107\/393 slp
|cant|p1a: Exeggutor|slp
|
|turn|33
|choice|move 1|move 4
|
|move|p2a: Dickgrabber|Thunderbolt|p1a: Exeggutor
|-resisted|p1a: Exeggutor
|-damage|p1a: Exeggutor|62\/393 slp
|-curestatus|p1a: Exeggutor|slp
|
|turn|34
|choice|move 3|move 3
|
|move|p2a: Dickgrabber|Hyper Beam|p1a: Exeggutor
|-damage|p1a: Exeggutor|0 fnt
|faint|p1a: Exeggutor
|choice|switch 3|
|
|switch|p1a: Snorlax|Snorlax|41\/523 par
|turn|35
|choice|move 3|move 2
|
|move|p2a: Dickgrabber|Surf|p1a: Snorlax
|-damage|p1a: Snorlax|0 fnt
|faint|p1a: Snorlax
|
|win|Velosexiraptor
|c|★weerple|gg
|raw|weerple's rating: 1186 &rarr; <strong>1156<\/strong><br \/>(-30 for losing)
|raw|Velosexiraptor's rating: 1114 &rarr; <strong>1144<\/strong><br \/>(+30 for winning)
|c|★Velosexiraptor|gg
|leave|weerple
|player|p1