|j|B1ackjack94
|j|Anfael
|player|p1|B1ackjack94|204
|player|p2|Anfael|290
|gametype|singles
|gen|1
|tier|[Gen 1] Random Battle
|rated
|seed|8072,59647,54545,59235
|rule|Sleep Clause Mod: Limit one foe put to sleep
|rule|Freeze Clause Mod: Limit one foe frozen
|rule|HP Percentage Mod: HP is shown in percentages
|
|start
|switch|p1a: Paras|Paras, L96|262\/262
|switch|p2a: Snorlax|Snorlax, L79|415\/415
|turn|1
|choice|move 1|move 1
|
|move|p1a: Paras|Body Slam|p2a: Snorlax
|-damage|p2a: Snorlax|338\/415
|move|p2a: Snorlax|Amnesia|p2a: Snorlax
|-boost|p2a: Snorlax|spd|2
|-boost|p2a: Snorlax|spa|2
|
|turn|2
|choice|move 1|move 3
|
|move|p1a: Paras|Body Slam|p2a: Snorlax
|-damage|p2a: Snorlax|252\/415
|move|p2a: Snorlax|Hyper Beam|p1a: Paras|[miss]
|-miss|p2a: Snorlax
|
|turn|3
|choice|move 1|move 3
|
|move|p1a: Paras|Body Slam|p2a: Snorlax
|-damage|p2a: Snorlax|173\/415
|move|p2a: Snorlax|Hyper Beam|p1a: Paras
|-damage|p1a: Paras|84\/262
|
|turn|4
|-mustrecharge|p2a: Snorlax
|-mustrecharge|p2a: Snorlax
|choice|move 1|move 1
|
|move|p1a: Paras|Body Slam|p2a: Snorlax
|-damage|p2a: Snorlax|94\/415
|cant|p2a: Snorlax|recharge
|
|turn|5
|choice|move 4|move 3
|
|move|p1a: Paras|Slash|p2a: Snorlax
|-damage|p2a: Snorlax|29\/415
|move|p2a: Snorlax|Hyper Beam|p1a: Paras
|-damage|p1a: Paras|0 fnt
|faint|p1a: Paras
|choice|switch 2|
|
|switch|p1a: Dugtrio|Dugtrio, L85|233\/233
|turn|6
|choice|move 4|move 4
|
|move|p1a: Dugtrio|Slash|p2a: Snorlax
|-crit|p2a: Snorlax
|-damage|p2a: Snorlax|0 fnt
|faint|p2a: Snorlax
|choice||switch 4
|
|switch|p2a: Butterfree|Butterfree, L90|291\/291
|turn|7
|choice|move 2|move 3
|
|move|p1a: Dugtrio|Mimic|p2a: Butterfree
|-start|p1a: Dugtrio|Mimic|Mega Drain
|move|p2a: Butterfree|Stun Spore|p1a: Dugtrio
|-status|p1a: Dugtrio|par
|
|turn|8
|choice|move 4|move 1
|
|move|p2a: Butterfree|Mega Drain|p1a: Dugtrio
|-supereffective|p1a: Dugtrio
|-damage|p1a: Dugtrio|172\/233 par
|move|p1a: Dugtrio|Slash|p2a: Butterfree
|-crit|p2a: Butterfree
|-damage|p2a: Butterfree|184\/291
|
|turn|9
|choice|move 4|move 1
|
|move|p2a: Butterfree|Mega Drain|p1a: Dugtrio
|-crit|p1a: Dugtrio
|-supereffective|p1a: Dugtrio
|-damage|p1a: Dugtrio|36\/233 par
|-heal|p2a: Butterfree|252\/291|[from] drain|[of] p1a: Dugtrio
|cant|p1a: Dugtrio|par
|
|turn|10
|choice|move 4|move 1
|
|move|p2a: Butterfree|Mega Drain|p1a: Dugtrio
|-supereffective|p1a: Dugtrio
|-damage|p1a: Dugtrio|0 fnt
|-heal|p2a: Butterfree|270\/291|[from] drain|[of] p1a: Dugtrio
|faint|p1a: Dugtrio
|choice|switch 3|
|
|switch|p1a: Arbok|Arbok, L90|291\/291
|turn|11
|choice|move 3|move 4
|
|move|p1a: Arbok|Rock Slide|p2a: Butterfree
|-supereffective|p2a: Butterfree
|-damage|p2a: Butterfree|0 fnt
|faint|p2a: Butterfree
|choice||switch 6
|
|switch|p2a: Sandslash|Sandslash, L85|301\/301
|turn|12
|choice|move 1|move 1
|
|move|p1a: Arbok|Glare|p2a: Sandslash|[miss]
|-miss|p1a: Arbok
|move|p2a: Sandslash|Earthquake|p1a: Arbok
|-supereffective|p1a: Arbok
|-damage|p1a: Arbok|56\/291
|
|turn|13
|choice|move 1|move 1
|
|move|p1a: Arbok|Glare|p2a: Sandslash
|-status|p2a: Sandslash|par
|move|p2a: Sandslash|Earthquake|p1a: Arbok
|-supereffective|p1a: Arbok
|-damage|p1a: Arbok|0 fnt
|faint|p1a: Arbok
|choice|switch 4|
|
|switch|p1a: Seadra|Seadra, L90|282\/282
|turn|14
|choice|move 3|switch 5
|
|switch|p2a: Chansey|Chansey, L79|557\/557
|move|p1a: Seadra|Surf|p2a: Chansey
|-damage|p2a: Chansey|450\/557
|
|turn|15
|choice|move 2|move 4
|
|move|p1a: Seadra|Mimic|p2a: Chansey
|-start|p1a: Seadra|Mimic|Thunder Wave
|move|p2a: Chansey|Thunder Wave|p1a: Seadra
|-status|p1a: Seadra|par
|
|turn|16
|choice|move 2|move 2
|
|move|p2a: Chansey|Reflect|p2a: Chansey
|-start|p2a: Chansey|Reflect
|move|p1a: Seadra|Thunder Wave|p2a: Chansey
|-status|p2a: Chansey|par
|
|turn|17
|choice|switch 6|switch 3
|
|switch|p1a: Mew|Mew, L74|300\/300
|switch|p2a: Mankey|Mankey, L96|272\/272
|
|turn|18
|choice|move 3|switch 3
|
|switch|p2a: Chansey|Chansey, L79|450\/557 par
|move|p1a: Mew|Swords Dance|p1a: Mew
|-boost|p1a: Mew|atk|2
|
|turn|19
|choice|move 4|move 4
|
|move|p1a: Mew|Hyper Beam|p2a: Chansey
|-damage|p2a: Chansey|32\/557 par
|move|p2a: Chansey|Thunder Wave|p1a: Mew
|-status|p1a: Mew|par
|
|turn|20
|-mustrecharge|p1a: Mew
|-mustrecharge|p1a: Mew
|choice|move 1|move 1
|
|cant|p1a: Mew|recharge
|move|p2a: Chansey|Soft-Boiled|p2a: Chansey
|-heal|p2a: Chansey|310\/557 par
|
|turn|21
|choice|move 3|move 2
|
|move|p1a: Mew|Swords Dance|p1a: Mew
|-boost|p1a: Mew|atk|2
|move|p2a: Chansey|Reflect|p2a: Chansey
|-start|p2a: Chansey|Reflect
|
|turn|22
|choice|move 4|move 3
|
|move|p1a: Mew|Hyper Beam|p2a: Chansey|[miss]
|-miss|p1a: Mew
|move|p2a: Chansey|Ice Beam|p1a: Mew
|-damage|p1a: Mew|231\/300 par
|
|turn|23
|choice|move 4|move 1
|
|move|p1a: Mew|Hyper Beam|p2a: Chansey
|-damage|p2a: Chansey|0 fnt
|faint|p2a: Chansey
|choice||switch 2
|
|switch|p2a: Omanyte|Omanyte, L96|262\/262
|turn|24
|choice|move 1|move 2
|
|move|p2a: Omanyte|Surf|p1a: Mew
|-damage|p1a: Mew|108\/300 par
|cant|p1a: Mew|par
|
|turn|25
|choice|move 2|move 2
|
|move|p2a: Omanyte|Surf|p1a: Mew
|-damage|p1a: Mew|0 fnt
|faint|p1a: Mew
|choice|switch 5|
|
|switch|p1a: Snorlax|Snorlax, L79|415\/415
|turn|26
|choice|move 1|move 4
|
|move|p2a: Omanyte|Mimic|p1a: Snorlax
|-start|p2a: Omanyte|Mimic|Rest
|move|p1a: Snorlax|Amnesia|p1a: Snorlax
|-boost|p1a: Snorlax|spd|2
|-boost|p1a: Snorlax|spa|2
|
|turn|27
|choice|move 2|move 3
|
|move|p2a: Omanyte|Seismic Toss|p1a: Snorlax
|-damage|p1a: Snorlax|319\/415
|move|p1a: Snorlax|Surf|p2a: Omanyte
|-damage|p2a: Omanyte|188\/262
|
|turn|28
|choice|move 1|move 2
|
|move|p2a: Omanyte|Surf|p1a: Snorlax
|-damage|p1a: Snorlax|246\/415
|move|p1a: Snorlax|Amnesia|p1a: Snorlax
|-boost|p1a: Snorlax|spd|2
|-boost|p1a: Snorlax|spa|2
|
|turn|29
|choice|move 2|move 3
|
|move|p2a: Omanyte|Seismic Toss|p1a: Snorlax
|-damage|p1a: Snorlax|150\/415
|move|p1a: Snorlax|Surf|p2a: Omanyte
|-crit|p2a: Omanyte
|-damage|p2a: Omanyte|108\/262
|
|turn|30
|choice|move 2|move 3
|
|move|p2a: Omanyte|Seismic Toss|p1a: Snorlax
|-damage|p1a: Snorlax|54\/415
|move|p1a: Snorlax|Surf|p2a: Omanyte
|-damage|p2a: Omanyte|0 fnt
|faint|p2a: Omanyte
|choice||switch 3
|
|switch|p2a: Mankey|Mankey, L96|272\/272
|turn|31
|choice|move 2|move 3
|
|move|p2a: Mankey|Body Slam|p1a: Snorlax
|-damage|p1a: Snorlax|0 fnt
|faint|p1a: Snorlax
|choice|switch 6|
|
|switch|p1a: Seadra|Seadra, L90|282\/282 par
|turn|32
|choice|move 3|move 1
|
|move|p2a: Mankey|Submission|p1a: Seadra
|-damage|p1a: Seadra|196\/282 par
|-damage|p2a: Mankey|251\/272|[from] recoil|[of] p1a: Seadra
|move|p1a: Seadra|Surf|p2a: Mankey
|-damage|p2a: Mankey|84\/272
|
|turn|33
|choice|move 3|move 3
|
|move|p2a: Mankey|Body Slam|p1a: Seadra
|-crit|p1a: Seadra
|-damage|p1a: Seadra|77\/282 par
|cant|p1a: Seadra|par
|
|turn|34
|choice|move 3|move 3
|
|move|p2a: Mankey|Body Slam|p1a: Seadra
|-damage|p1a: Seadra|17\/282 par
|move|p1a: Seadra|Surf|p2a: Mankey
|-damage|p2a: Mankey|0 fnt
|faint|p2a: Mankey
|choice||switch 5
|
|switch|p2a: Sandslash|Sandslash, L85|301\/301 par
|turn|35
|choice|move 3|move 1
|
|move|p1a: Seadra|Surf|p2a: Sandslash
|-crit|p2a: Sandslash
|-supereffective|p2a: Sandslash
|-damage|p2a: Sandslash|0 fnt
|faint|p2a: Sandslash
|
|win|B1ackjack94
|player|p1
|player|p2
|raw|B1ackjack94's rating: 1254 &rarr; <strong>1275<\/strong><br \/>(+21 for winning)
|raw|Anfael's rating: 1196 &rarr; <strong>1175<\/strong><br \/>(-21 for losing)
|l|Anfael
|c|★B1ackjack94|Fuck yeah