|j|The_Chaser
|j|Golden Gyarados
|player|p1|The_Chaser|101
|player|p2|Golden Gyarados|265
|gametype|singles
|gen|1
|tier|[Gen 1] OU
|seed|24031,27249,48225,38134
|rule|Sleep Clause Mod: Limit one foe put to sleep
|rule|Freeze Clause Mod: Limit one foe frozen
|rule|Species Clause: Limit one of each Pokémon
|rule|OHKO Clause: OHKO moves are banned
|rule|Evasion Moves Clause: Evasion moves are banned
|rule|HP Percentage Mod: HP is shown in percentages
|
|start
|switch|p1a: Alakazam|Alakazam|313\/313
|switch|p2a: Jynx|Jynx|333\/333
|turn|1
|j|Conflict
|j|CasedVictory
|c| CasedVictory|rly
|j|once adreamed
|j|qsns
|c| CasedVictory|why not smogtours
|c|★The_Chaser|idk
|c|★The_Chaser|GG wanted here
|c| Conflict|stage fright
|c| CasedVictory|but it lags
|c|★The_Chaser|oh
|c|★Golden Gyarados|i dont use PS, so i guess i didn't know?
|c|★Golden Gyarados|it's bo3 so we can do it the other way next battle if you want, idrc
|c|★The_Chaser|itll be fine
|choice|move 2|move 2
|
|move|p1a: Alakazam|Seismic Toss|p2a: Jynx
|-damage|p2a: Jynx|233\/333
|move|p2a: Jynx|Lovely Kiss|p1a: Alakazam|[miss]
|-miss|p2a: Jynx
|
|turn|2
|j|Asuya
|choice|move 2|move 2
|
|move|p1a: Alakazam|Seismic Toss|p2a: Jynx
|-damage|p2a: Jynx|133\/333
|move|p2a: Jynx|Lovely Kiss|p1a: Alakazam
|-status|p1a: Alakazam|slp
|
|turn|3
|choice|switch 4|move 1
|
|switch|p1a: Chansey|Chansey|703\/703
|move|p2a: Jynx|Blizzard|p1a: Chansey
|-crit|p1a: Chansey
|-damage|p1a: Chansey|455\/703
|
|turn|4
|choice|move 4|move 1
|
|move|p2a: Jynx|Blizzard|p1a: Chansey
|-damage|p1a: Chansey|324\/703
|move|p1a: Chansey|Soft-Boiled|p1a: Chansey
|-heal|p1a: Chansey|675\/703
|
|turn|5
|choice|move 1|switch 4
|
|switch|p2a: Chansey|Chansey|703\/703
|move|p1a: Chansey|Thunderbolt|p2a: Chansey
|-damage|p2a: Chansey|629\/703
|-status|p2a: Chansey|par
|
|turn|6
|c|★The_Chaser|well that sucks
|j|Updated Kanto
|j|Sapientia
|j|bouff
|j|KratosMana
|c| KratosMana|hey chaser
|j|little gk
|j|Leftiez
|j|I'm Rick Astley
|j|fuckthisgame222
|choice|switch 6|move 4
|
|switch|p1a: Slowbro|Slowbro|393\/393
|move|p2a: Chansey|Thunderbolt|p1a: Slowbro
|-supereffective|p1a: Slowbro
|-damage|p1a: Slowbro|226\/393
|
|turn|7
|c|%Leftiez|chaser is shark
|c|%Leftiez|right ?
|choice|move 2|move 3
|
|move|p1a: Slowbro|Amnesia|p1a: Slowbro
|-boost|p1a: Slowbro|spd|2
|-boost|p1a: Slowbro|spa|2
|cant|p2a: Chansey|par
|
|turn|8
|j|flygon35
|j|RainPB
|j|Nldvkie
|c| Sapientia|y
|choice|move 2|move 3
|
|move|p1a: Slowbro|Amnesia|p1a: Slowbro
|-boost|p1a: Slowbro|spd|2
|-boost|p1a: Slowbro|spa|2
|move|p2a: Chansey|Thunder Wave|p1a: Slowbro
|-status|p1a: Slowbro|par
|
|turn|9
|c| CasedVictory|yes he is ;D
|c| KratosMana|chaser u dont try this turn 8
|c| KratosMana|-.-
|c| CasedVictory|u do when ur a shark
|choice|move 2|switch 3
|
|switch|p2a: Exeggutor|Exeggutor|393\/393
|cant|p1a: Slowbro|par
|
|turn|10
|j|Meru
|choice|move 1|move 1
|
|move|p2a: Exeggutor|Psychic|p1a: Slowbro
|-resisted|p1a: Slowbro
|-damage|p1a: Slowbro|202\/393 par
|move|p1a: Slowbro|Thunder Wave|p2a: Exeggutor
|-status|p2a: Exeggutor|par
|
|turn|11
|l|Nldvkie
|l|fuckthisgame222
|j|Aurora
|j|blarajan
|l|Updated Kanto
|choice|move 3|move 4
|
|move|p2a: Exeggutor|Explosion|p1a: Slowbro
|-damage|p1a: Slowbro|0 fnt
|faint|p1a: Slowbro
|faint|p2a: Exeggutor
|l|I'm Rick Astley
|choice|switch 5|switch 3
|
|switch|p1a: Tauros|Tauros|353\/353
|switch|p2a: Chansey|Chansey|629\/703 par
|turn|12
|choice|switch 6|move 1
|
|switch|p1a: Chansey|Chansey|675\/703
|move|p2a: Chansey|Ice Beam|p1a: Chansey
|-damage|p1a: Chansey|599\/703
|
|turn|13
|choice|switch 4|move 1
|
|switch|p1a: Alakazam|Alakazam|313\/313 slp
|move|p2a: Chansey|Ice Beam|p1a: Alakazam
|-crit|p1a: Alakazam
|-damage|p1a: Alakazam|193\/313 slp
|
|turn|14
|j|Druides
|choice|switch 6|move 4
|
|switch|p1a: Tauros|Tauros|353\/353
|cant|p2a: Chansey|par
|
|turn|15
|j|raseri
|choice|switch 4|move 3
|
|switch|p1a: Chansey|Chansey|599\/703
|cant|p2a: Chansey|par
|
|turn|16
|j|giara
|j|Soulgazer
|j|Yokko
|j|Sir_MystiK
|j|H-C
|j|Fort et Beau
|j|Zenadark
|l|Zenadark
|l|Yokko
|j|flagadosspam
|j|Malekith
|j|Colchonero
|j|Konahamaru
|j|OuraganGastrique
|j|EG Poek
|j|Skyrio
|choice|switch 6|move 1
|
|switch|p1a: Alakazam|Alakazam|193\/313 slp
|cant|p2a: Chansey|par
|
|turn|17
|choice|move 1|move 4
|
|-curestatus|p1a: Alakazam|slp
|move|p2a: Chansey|Thunderbolt|p1a: Alakazam
|-damage|p1a: Alakazam|128\/313
|-status|p1a: Alakazam|par
|
|turn|18
|choice|move 4|move 4
|
|cant|p1a: Alakazam|par
|cant|p2a: Chansey|par
|
|turn|19
|l|Konahamaru
|choice|move 4|move 4
|
|move|p1a: Alakazam|Recover|p1a: Alakazam
|-heal|p1a: Alakazam|284\/313 par
|move|p2a: Chansey|Thunderbolt|p1a: Alakazam
|-damage|p1a: Alakazam|223\/313 par
|
|turn|20
|choice|move 1|move 4
|
|move|p1a: Alakazam|Psychic|p2a: Chansey
|-damage|p2a: Chansey|509\/703 par
|move|p2a: Chansey|Thunderbolt|p1a: Alakazam
|-damage|p1a: Alakazam|158\/313 par
|
|turn|21
|choice|move 4|move 4
|
|move|p1a: Alakazam|Recover|p1a: Alakazam
|-heal|p1a: Alakazam|313\/313 par
|move|p2a: Chansey|Thunderbolt|p1a: Alakazam
|-damage|p1a: Alakazam|246\/313 par
|
|turn|22
|choice|move 1|move 2
|
|move|p1a: Alakazam|Psychic|p2a: Chansey
|-crit|p2a: Chansey
|-damage|p2a: Chansey|260\/703 par
|-unboost|p2a: Chansey|spd|1
|-unboost|p2a: Chansey|spa|1
|cant|p2a: Chansey|par
|
|turn|23
|choice|move 1|move 2
|
|cant|p1a: Alakazam|par
|move|p2a: Chansey|Soft-Boiled|p2a: Chansey
|-heal|p2a: Chansey|611\/703 par
|
|turn|24
|j|the steinbeck
|choice|move 1|switch 4
|
|switch|p2a: Jynx|Jynx|133\/333
|move|p1a: Alakazam|Psychic|p2a: Jynx
|-resisted|p2a: Jynx
|-damage|p2a: Jynx|69\/333
|
|turn|25
|choice|move 2|move 1
|
|move|p2a: Jynx|Blizzard|p1a: Alakazam
|-damage|p1a: Alakazam|144\/313 par
|cant|p1a: Alakazam|par
|
|turn|26
|j|Shogarth
|choice|move 4|move 1
|
|move|p2a: Jynx|Blizzard|p1a: Alakazam
|-damage|p1a: Alakazam|39\/313 par
|move|p1a: Alakazam|Recover|p1a: Alakazam
|-heal|p1a: Alakazam|195\/313 par
|
|turn|27
|choice|move 4|move 1
|
|move|p2a: Jynx|Blizzard|p1a: Alakazam
|-damage|p1a: Alakazam|78\/313 par
|move|p1a: Alakazam|Recover|p1a: Alakazam
|-heal|p1a: Alakazam|234\/313 par
|
|turn|28
|choice|move 4|move 1
|
|move|p2a: Jynx|Blizzard|p1a: Alakazam
|-damage|p1a: Alakazam|125\/313 par
|move|p1a: Alakazam|Recover|p1a: Alakazam
|-heal|p1a: Alakazam|281\/313 par
|
|turn|29
|choice|move 2|switch 4
|
|switch|p2a: Chansey|Chansey|611\/703 par
|move|p1a: Alakazam|Seismic Toss|p2a: Chansey
|-damage|p2a: Chansey|511\/703 par
|
|turn|30
|l|raseri
|choice|move 1|move 4
|
|move|p1a: Alakazam|Psychic|p2a: Chansey
|-damage|p2a: Chansey|392\/703 par
|move|p2a: Chansey|Thunderbolt|p1a: Alakazam
|-damage|p1a: Alakazam|222\/313 par
|
|turn|31
|choice|move 1|move 2
|
|move|p1a: Alakazam|Psychic|p2a: Chansey
|-crit|p2a: Chansey
|-damage|p2a: Chansey|136\/703 par
|move|p2a: Chansey|Soft-Boiled|p2a: Chansey
|-heal|p2a: Chansey|487\/703 par
|
|turn|32
|choice|move 1|move 2
|
|cant|p1a: Alakazam|par
|move|p2a: Chansey|Soft-Boiled|p2a: Chansey
|-heal|p2a: Chansey|703\/703 par
|
|turn|33
|choice|move 4|move 4
|
|move|p1a: Alakazam|Recover|p1a: Alakazam
|-heal|p1a: Alakazam|313\/313 par
|move|p2a: Chansey|Thunderbolt|p1a: Alakazam
|-crit|p1a: Alakazam
|-damage|p1a: Alakazam|193\/313 par
|
|turn|34
|choice|move 4|move 4
|
|cant|p1a: Alakazam|par
|move|p2a: Chansey|Thunderbolt|p1a: Alakazam
|-damage|p1a: Alakazam|126\/313 par
|
|turn|35
|j|ZNain
|choice|move 4|switch 5
|
|switch|p2a: Golem|Golem|363\/363
|cant|p1a: Alakazam|par
|
|turn|36
|l|Skyrio
|choice|switch 2|move 4
|
|switch|p1a: Exeggutor|Exeggutor|393\/393
|move|p2a: Golem|Rock Slide|p1a: Exeggutor
|-damage|p1a: Exeggutor|283\/393
|
|turn|37
|l|ZNain
|choice|move 3|switch 5
|
|switch|p2a: Chansey|Chansey|703\/703 par
|move|p1a: Exeggutor|Psychic|p2a: Chansey
|-damage|p2a: Chansey|575\/703 par
|
|turn|38
|l|the steinbeck
|choice|switch 2|move 1
|
|switch|p1a: Alakazam|Alakazam|126\/313 par
|move|p2a: Chansey|Ice Beam|p1a: Alakazam
|-damage|p1a: Alakazam|64\/313 par
|
|turn|39
|choice|move 4|move 4
|
|move|p1a: Alakazam|Recover|p1a: Alakazam
|-heal|p1a: Alakazam|220\/313 par
|move|p2a: Chansey|Thunderbolt|p1a: Alakazam
|-damage|p1a: Alakazam|157\/313 par
|
|turn|40
|choice|move 4|move 4
|
|move|p1a: Alakazam|Recover|p1a: Alakazam
|-heal|p1a: Alakazam|313\/313 par
|move|p2a: Chansey|Thunderbolt|p1a: Alakazam
|-damage|p1a: Alakazam|249\/313 par
|
|turn|41
|choice|move 1|move 4
|
|move|p1a: Alakazam|Psychic|p2a: Chansey
|-damage|p2a: Chansey|437\/703 par
|cant|p2a: Chansey|par
|
|turn|42
|choice|move 1|move 2
|
|move|p1a: Alakazam|Psychic|p2a: Chansey
|-damage|p2a: Chansey|315\/703 par
|move|p2a: Chansey|Soft-Boiled|p2a: Chansey
|-heal|p2a: Chansey|666\/703 par
|
|turn|43
|choice|move 1|move 4
|
|move|p1a: Alakazam|Psychic|p2a: Chansey
|-damage|p2a: Chansey|535\/703 par
|move|p2a: Chansey|Thunderbolt|p1a: Alakazam
|-damage|p1a: Alakazam|191\/313 par
|
|turn|44
|j|Yokko
|choice|move 4|move 2
|
|move|p1a: Alakazam|Recover|p1a: Alakazam
|-heal|p1a: Alakazam|313\/313 par
|move|p2a: Chansey|Soft-Boiled|p2a: Chansey
|-heal|p2a: Chansey|703\/703 par
|
|turn|45
|j|Oxymore
|choice|move 1|move 3
|
|cant|p1a: Alakazam|par
|move|p2a: Chansey|Thunder Wave|p1a: Alakazam
|-fail|p1a: Alakazam|par
|
|turn|46
|j|strOKing
|choice|move 2|move 1
|
|move|p1a: Alakazam|Seismic Toss|p2a: Chansey
|-damage|p2a: Chansey|603\/703 par
|move|p2a: Chansey|Ice Beam|p1a: Alakazam
|-damage|p1a: Alakazam|252\/313 par
|
|turn|47
|choice|move 2|move 3
|
|move|p1a: Alakazam|Seismic Toss|p2a: Chansey
|-damage|p2a: Chansey|503\/703 par
|cant|p2a: Chansey|par
|
|turn|48
|choice|move 2|move 2
|
|move|p1a: Alakazam|Seismic Toss|p2a: Chansey
|-damage|p2a: Chansey|403\/703 par
|move|p2a: Chansey|Soft-Boiled|p2a: Chansey
|-heal|p2a: Chansey|703\/703 par
|
|turn|49
|j|he has lost it
|choice|move 2|move 4
|
|move|p1a: Alakazam|Seismic Toss|p2a: Chansey
|-damage|p2a: Chansey|603\/703 par
|move|p2a: Chansey|Thunderbolt|p1a: Alakazam
|-damage|p1a: Alakazam|194\/313 par
|
|turn|50
|choice|move 4|move 4
|
|move|p1a: Alakazam|Recover|p1a: Alakazam
|-heal|p1a: Alakazam|313\/313 par
|cant|p2a: Chansey|par
|
|turn|51
|choice|move 2|move 1
|
|cant|p1a: Alakazam|par
|move|p2a: Chansey|Ice Beam|p1a: Alakazam
|-damage|p1a: Alakazam|251\/313 par
|
|turn|52
|choice|move 2|move 3
|
|move|p1a: Alakazam|Seismic Toss|p2a: Chansey
|-damage|p2a: Chansey|503\/703 par
|cant|p2a: Chansey|par
|
|turn|53
|choice|move 2|move 2
|
|move|p1a: Alakazam|Seismic Toss|p2a: Chansey
|-damage|p2a: Chansey|403\/703 par
|move|p2a: Chansey|Soft-Boiled|p2a: Chansey
|-heal|p2a: Chansey|703\/703 par
|
|turn|54
|l|Yokko
|choice|move 2|move 3
|
|move|p1a: Alakazam|Seismic Toss|p2a: Chansey
|-damage|p2a: Chansey|603\/703 par
|cant|p2a: Chansey|par
|
|turn|55
|l|little gk
|choice|move 2|move 3
|
|cant|p1a: Alakazam|par
|move|p2a: Chansey|Thunder Wave|p1a: Alakazam
|-fail|p1a: Alakazam|par
|
|turn|56
|choice|move 2|move 3
|
|move|p1a: Alakazam|Seismic Toss|p2a: Chansey
|-damage|p2a: Chansey|503\/703 par
|move|p2a: Chansey|Thunder Wave|p1a: Alakazam
|-fail|p1a: Alakazam|par
|
|turn|57
|choice|move 2|move 2
|
|move|p1a: Alakazam|Seismic Toss|p2a: Chansey
|-damage|p2a: Chansey|403\/703 par
|move|p2a: Chansey|Soft-Boiled|p2a: Chansey
|-heal|p2a: Chansey|703\/703 par
|
|turn|58
|j|Jirachee
|j|danilo
|j|dodrio
|c| danilo|cheaser
|j|tamahome
|j|Hikari
|choice|move 2|move 4
|
|cant|p1a: Alakazam|par
|move|p2a: Chansey|Thunderbolt|p1a: Alakazam
|-damage|p1a: Alakazam|184\/313 par
|
|turn|59
|j|Based Scythe
|j|bro fist
|j|trc
|j|Tobes
|l|danilo
|j|Nails
|j|dekzeh
|j|MoxieInfinite
|choice|move 4|switch 5
|
|switch|p2a: Golem|Golem|363\/363
|move|p1a: Alakazam|Recover|p1a: Alakazam
|-heal|p1a: Alakazam|313\/313 par
|
|turn|60
|j|Mr.378
|j|King Tsunami
|choice|switch 2|switch 5
|
|switch|p2a: Chansey|Chansey|703\/703 par
|switch|p1a: Exeggutor|Exeggutor|283\/393
|
|turn|61
|j|Chilled Elephant
|j|McMeghan
|j|Imanalt
|choice|switch 2|switch 5
|
|switch|p1a: Alakazam|Alakazam|313\/313 par
|switch|p2a: Golem|Golem|363\/363
|
|turn|62
|j|Antaevs
|c| KratosMana|shoutouts hugo
|j|daftmau5
|l|Soulgazer
|choice|switch 2|move 2
|
|switch|p1a: Exeggutor|Exeggutor|283\/393
|move|p2a: Golem|Earthquake|p1a: Exeggutor
|-resisted|p1a: Exeggutor
|-damage|p1a: Exeggutor|214\/393
|
|turn|63
|c|%Leftiez|-
|j|thecrystalonix
|j|Esteemed User
|c|%Nails|-
|l|trc
|j|Praj.pran
|j|STRFCKT EGLHWK
|j|mccauley
|j|Prankster
|c|+Imanalt|-
|j|Clueless
|j|uboa17
|j|qpie
|j|CrashinBoomBang
|j|MetalGro$$
|j|TDK
|j|gizmO
|j|Speks
|c|+Imanalt|leftiez has % huh
|j|FLCL
|j|epicNecro
|j|Finchinator
|c|%Leftiez|im taking over smogon
|j|Omfuga
|l|qpie
|j|Dark Tegress
|c| Finchinator|lol
|c|%Nails|who Doesn't have %
|c|+bouff|can someone ban imanalt
|j|reyscarface
|j|Funkasaurus
|j|rozes
|c|+bouff|thanks
|j|WECAMEASROMANS
|j|Sugar K Leonard
Imanalt was muted by Leftiez for 7 minutes.
|unlink|imanalt
|j|detroit blissey
|choice|move 3|switch 5
|
|switch|p2a: Chansey|Chansey|703\/703 par
|move|p1a: Exeggutor|Psychic|p2a: Chansey
|-damage|p2a: Chansey|588\/703 par
|-unboost|p2a: Chansey|spd|1
|-unboost|p2a: Chansey|spa|1
|
|turn|64
|c|%Leftiez|i can still mute him
|j|Senshi Uranus
|c|%Leftiez|it's fine
|j|user zf
|j|LuckSkill
|l|epicNecro
|c|+bouff|good enough
|j|Vinc2612
|j|sugarhigh
|c| Omfuga|hows an RBY game at this turn with 2 mons dead
|c| Omfuga|wtf
Imanalt was unmuted by Leftiez.
|j|Dear Ophelia
|l|user zf
|j|xtraShine
|c| dodrio|plz dont talk in battle
|c| CasedVictory|^
|c| xtraShine|CHESTER
|c|%Leftiez|everyone has voice
|l|Speks
|c|&Hikari|chansey is unkillable
|c|%Leftiez|anyway
|c|%Nails|.modchat +
|j|n10sit
|c|%Leftiez|so you can put modchat
|c|%Nails|whats the command
|c|+rozes|Hikari turn on modchat @
|j|Fleeting Rain
|c| WECAMEASROMANS|why not on smog tours :O
|raw|<div class="broadcast-red"><b>Moderated chat was set to +!<\/b><br \/>Only users of rank + and higher can talk.<\/div>
|j|wylit
|c|&Hikari|I don't know how to modchat D:
|j|skup
|j|DaPunkyToy
|choice|switch 2|move 3
|
|switch|p1a: Alakazam|Alakazam|313\/313 par
|cant|p2a: Chansey|par
|
|turn|65
|c|%Leftiez|lol
|c|@Aurora|but I do
|j|Dread Arceus
|c|%Vinc2612|\/\/modchat @
|j|Sweep
|c|%Nails|theyre doing the rest of the set on smogtours
|j|Mizuhime
|choice|move 1|move 3
|
|move|p1a: Alakazam|Psychic|p2a: Chansey
|-damage|p2a: Chansey|409\/703 par
|-unboost|p2a: Chansey|spd|1
|-unboost|p2a: Chansey|spa|1
|move|p2a: Chansey|Thunder Wave|p1a: Alakazam
|-fail|p1a: Alakazam|par
|
|turn|66
|c|%Leftiez|no
|c|%Leftiez|modchat %
|j|Flame Road
|j|Teddeh
|c|%Leftiez|cmon vinc
|raw|<div class="broadcast-red"><b>Moderated chat was set to @!<\/b><br \/>Only users of rank @ and higher can talk.<\/div>
|j|Hugendugen
|j|Roxer
|choice|move 2|move 2
|
|move|p1a: Alakazam|Seismic Toss|p2a: Chansey
|-damage|p2a: Chansey|309\/703 par
|move|p2a: Chansey|Soft-Boiled|p2a: Chansey
|-heal|p2a: Chansey|660\/703 par
|
|turn|67
|j|craing _
|j|Disenchanted
|j|babidi1998
|j|user zf
|choice|move 2|move 4
|
|move|p1a: Alakazam|Seismic Toss|p2a: Chansey
|-damage|p2a: Chansey|560\/703 par
|cant|p2a: Chansey|par
|
|turn|68
|choice|move 2|move 2
|
|cant|p1a: Alakazam|par
|move|p2a: Chansey|Soft-Boiled|p2a: Chansey
|-heal|p2a: Chansey|703\/703 par
|
|turn|69
|choice|move 2|move 4
|
|cant|p1a: Alakazam|par
|move|p2a: Chansey|Thunderbolt|p1a: Alakazam
|-damage|p1a: Alakazam|282\/313 par
|
|turn|70
|choice|move 2|move 4
|
|move|p1a: Alakazam|Seismic Toss|p2a: Chansey
|-damage|p2a: Chansey|603\/703 par
|move|p2a: Chansey|Thunderbolt|p1a: Alakazam
|-damage|p1a: Alakazam|250\/313 par
|
|turn|71
|j|Gulio Jomes
|j|ABR
|choice|move 2|move 4
|
|move|p1a: Alakazam|Seismic Toss|p2a: Chansey
|-damage|p2a: Chansey|503\/703 par
|cant|p2a: Chansey|par
|
|turn|72
|l|ABR
|choice|move 1|move 4
|
|cant|p1a: Alakazam|par
|move|p2a: Chansey|Thunderbolt|p1a: Alakazam
|-damage|p1a: Alakazam|221\/313 par
|
|turn|73
|j|BlueSkiddoWeCanToo
|choice|move 1|switch 5
|
|switch|p2a: Golem|Golem|363\/363
|move|p1a: Alakazam|Psychic|p2a: Golem
|-crit|p2a: Golem
|-damage|p2a: Golem|0 fnt
|faint|p2a: Golem
|l|Gulio Jomes
|c|★Golden Gyarados|well shit
|c|★The_Chaser|sorry
|j|Aurious
|l|babidi1998
|choice||switch 4
|
|switch|p2a: Jynx|Jynx|69\/333
|turn|74
|l|Clueless
|j|3581O
|l|lol no you're not
|j|Stathakis
|j|lol no you're not
|l|3581O
|j|liberty32
|j|SpaceBass
|choice|move 4|move 1
|
|move|p2a: Jynx|Blizzard|p1a: Alakazam
|-damage|p1a: Alakazam|114\/313 par
|move|p1a: Alakazam|Recover|p1a: Alakazam
|-heal|p1a: Alakazam|270\/313 par
|
|turn|75
|choice|move 2|move 1
|
|move|p2a: Jynx|Blizzard|p1a: Alakazam
|-damage|p1a: Alakazam|168\/313 par
|cant|p1a: Alakazam|par
|
|turn|76
|choice|move 4|move 4
|
|move|p2a: Jynx|Psychic|p1a: Alakazam
|-resisted|p1a: Alakazam
|-damage|p1a: Alakazam|128\/313 par
|move|p1a: Alakazam|Recover|p1a: Alakazam
|-heal|p1a: Alakazam|284\/313 par
|
|turn|77
|j|u what m9
|choice|move 2|move 4
|
|move|p2a: Jynx|Psychic|p1a: Alakazam
|-resisted|p1a: Alakazam
|-damage|p1a: Alakazam|246\/313 par
|move|p1a: Alakazam|Seismic Toss|p2a: Jynx
|-damage|p2a: Jynx|0 fnt
|faint|p2a: Jynx
|choice||switch 6
|
|switch|p2a: Tauros|Tauros|353\/353
|turn|78
|l|Druides
|j|Skarmx2
|j|Silvergreen
|j|giagantic
|j|Camilas
|l|Silvergreen
|j|Social
|l|Omfuga
|j|laduhr foe reks
|choice|move 3|move 1
|
|move|p2a: Tauros|Body Slam|p1a: Alakazam
|-crit|p1a: Alakazam
|-damage|p1a: Alakazam|0 fnt
|faint|p1a: Alakazam
|j|rodfaestet
|l|uboa17
|j|JayokuHoutenjin
|j|m00ns
|j|facts is jumpman
|l|m00ns
|j|MakeYourChoice
|j|Kurry King
|j|Tiba
|l|Sir_MystiK
|l|Skarmx2
|j|Blim
|l|JayokuHoutenjin
|j|tez cadey
|j|Dominatio
|l|Camilas
|l|Kurry King
|j|Frexa
|l|Dominatio
|j|QuagGod
|l|QuagGod
|l|Prankster
|j|QuagGod
|j|weret2
|choice|switch 2|
|
|switch|p1a: Exeggutor|Exeggutor|214\/393
|turn|79
|j|Nuxl
|choice|move 1|switch 5
|
|switch|p2a: Chansey|Chansey|503\/703 par
|move|p1a: Exeggutor|Sleep Powder|p2a: Chansey
|-fail|p2a: Chansey
|
|turn|80
|l|Mizuhime
|choice|move 4|move 1
|
|move|p1a: Exeggutor|Explosion|p2a: Chansey
|-crit|p2a: Chansey
|-damage|p2a: Chansey|0 fnt
|faint|p2a: Chansey
|faint|p1a: Exeggutor
|choice|switch 6|switch 2
|
|switch|p2a: Zapdos|Zapdos|383\/383
|switch|p1a: Chansey|Chansey|599\/703
|turn|81
|choice|switch 3|move 3
|
|switch|p1a: Golem|Golem|363\/363
|move|p2a: Zapdos|Thunder Wave|p1a: Golem
|-immune|p1a: Golem|[msg]
|
|turn|82
|j|Capteon
|j|mattybrollic-
|choice|move 1|switch 5
|
|switch|p2a: Tauros|Tauros|353\/353
|move|p1a: Golem|Earthquake|p2a: Tauros
|-damage|p2a: Tauros|229\/353
|
|turn|83
|j|Lagerbawz
|l|Colchonero
|l|weret2
|j|Mentagrill
|l|Aurious
|j|Feliburn
|j|Bad Ass
|l|Hugendugen
|j|Miles Tails
|j|alex amor
|j|Tahu
|j|Cristal
|choice|switch 4|move 2
|
|switch|p1a: Tauros|Tauros|353\/353
|move|p2a: Tauros|Blizzard|p1a: Tauros
|-damage|p1a: Tauros|262\/353
|
|turn|84
|j|Gogoplata
|choice|move 1|move 1
|
|move|p2a: Tauros|Body Slam|p1a: Tauros
|-damage|p1a: Tauros|158\/353
|move|p1a: Tauros|Body Slam|p2a: Tauros
|-damage|p2a: Tauros|124\/353
|
|turn|85
|l|alex amor
|choice|move 2|move 1
|
|move|p1a: Tauros|Hyper Beam|p2a: Tauros
|-damage|p2a: Tauros|0 fnt
|faint|p2a: Tauros
|choice||switch 5
|
|switch|p2a: Zapdos|Zapdos|383\/383
|turn|86
|choice|move 1|move 4
|
|move|p1a: Tauros|Body Slam|p2a: Zapdos
|-damage|p2a: Zapdos|278\/383
|move|p2a: Zapdos|Mimic|p1a: Tauros
|-start|p2a: Zapdos|Mimic|Earthquake
|
|turn|87
|j|bluannazucch
|l|Gogoplata
|choice|move 1|move 3
|
|move|p1a: Tauros|Body Slam|p2a: Zapdos
|-damage|p2a: Zapdos|173\/383
|-status|p2a: Zapdos|par
|cant|p2a: Zapdos|par
|
|turn|88
|c|★Golden Gyarados|gg
|choice|move 2|move 3
|
|move|p1a: Tauros|Hyper Beam|p2a: Zapdos
|-damage|p2a: Zapdos|0 fnt
|faint|p2a: Zapdos
|
|win|The_Chaser
|l|craing
|l|WECAMEASROMANS
|c|★The_Chaser|gg
|l|Malekith
|l|n10sit
|l|Antaevs
|l|Based Scythe
|l|rodfaestet
|l|Feliburn
|l|Golden Gyarados
|player|p2
|l|H-C
|l|xtraShine
|l|Vinc2612
|l|Miles Tails
|l|OuraganGastrique
|j|SingleThunder
|l|Hikari
|l|QuagGod
|l|giara
|l|thecrystalonix
|l|dekzeh
|l|Tahu
|l|Disenchanted
|l|Roxer
|l|skup
|l|Social
|l|bluannazucch
|l|Sapientia
|l|Dear Ophelia
|l|Bad Ass
|l|Aurora
|l|Dread Arceus
|l|mccauley
|l|Fleeting Rain
|l|strOKing
|l|DaPunkyToy
|l|FLCL
|l|Frexa
|l|BlueSkiddoWeCanToo
|l|Sweep
|l|Asuya
|l|laduhr foe reks
|j|craing
|l|Capteon
|l|craing
|j|OP
|l|Jirachee
|l|Praj.pran
|l|blarajan
|l|OP
|l|Teddeh
|l|reyscarface
|l|CasedVictory
|l|Lagerbawz
|l|KratosMana
|l|rozes
|l|mattybrollic-
|l|MoxieInfinite
|j|mattybrollic-
|l|Finchinator
|l|Mr.378
|l|Conflict
|l|Meru
|l|Imanalt
|l|qsns
|l|LuckSkill
|j|Bad Ass
|l|Chilled Elephant
|l|SpaceBass
|l|Esteemed User
|l|MakeYourChoice
|l|giagantic
|l|he has lost it
|l|Mentagrill
|l|bro fist
|j|Dear Ophelia
|l|Leftiez
|l|Dear Ophelia
|l|STRFCKT EGLHWK
|j|Hikari
|l|shogarth
|l|u what m9
|l|bouff
|j|Vinc2612
|j|Sweep
|j|Teddeh
|l|Sweep
|l|Dark Tegress
|l|Teddeh
|l|McMeghan
|l|tez cadey
|l|Sugar K Leonard
|l|CrashinBoomBang
|l|flagadosspam
|j|flagadosspam
|l|MetalGro$$
|l|flagadosspam
|j|blarajan
|l|blarajan
|l|user zf
|j|gnimbus-kun
|l|Stathakis
|l|gnimbus-kun
|l|Vinc2612
|l|TDK
|l|dodrio
|l|King Tsunami
|l|Bad Ass
|j|m00ns
|l|Nails
|l|m00ns
|l|detroit blissey
|l|RainPB
|l|facts is jumpman
|l|Senshi Uranus
|l|nuxl
|l|SingleThunder
|l|wylit
|l|Hikari
|l|Blim
|l|Cristal
|l|Oxymore
|l|Tobes
|l|EG Poek
|l|flygon35
|l|gizmO
|j|Clueless
|j|Nails
|l|Clueless
|j|DoctorDraX
|j|rozes
|l|DoctorDraX
|l|rozes
|j|Finchinator