|join|MALESANI
|join|vkdaros
|player|p1|MALESANI|238
|player|p2|vkdaros|92
|gametype|singles
|gen|1
|tier|[Gen 1] Random Battle
|rated
|seed|1898,20495,33404,3918
|rule|Sleep Clause Mod: Limit one foe put to sleep
|rule|Freeze Clause Mod: Limit one foe frozen
|rule|HP Percentage Mod: HP is shown in percentages
|
|start
|switch|p1a: Mewtwo|Mewtwo, L70|293\/293
|switch|p2a: Arcanine|Arcanine, L85|327\/327
|turn|1
|choice|switch 4|move 1
|
|switch|p1a: Blastoise|Blastoise, L85|308\/308
|move|p2a: Arcanine|Fire Blast|p1a: Blastoise
|-resisted|p1a: Blastoise
|-damage|p1a: Blastoise|252\/308
|
|turn|2
|choice|move 4|switch 5
|
|switch|p2a: Fearow|Fearow, L90|300\/300
|move|p1a: Blastoise|Body Slam|p2a: Fearow
|-damage|p2a: Fearow|234\/300
|
|turn|3
|choice|move 1|move 3
|
|move|p2a: Fearow|Drill Peck|p1a: Blastoise
|-damage|p1a: Blastoise|170\/308
|move|p1a: Blastoise|Blizzard|p2a: Fearow
|-supereffective|p2a: Fearow
|-damage|p2a: Fearow|36\/300
|
|turn|4
|choice|move 4|move 2
|
|move|p2a: Fearow|Hyper Beam|p1a: Blastoise
|-damage|p1a: Blastoise|15\/308
|move|p1a: Blastoise|Body Slam|p2a: Fearow
|-damage|p2a: Fearow|0 fnt
|faint|p2a: Fearow
|choice||switch 3
|
|switch|p2a: Alakazam|Alakazam, L79|249\/249
|turn|5
|choice|move 4|move 1
|
|move|p2a: Alakazam|Psychic|p1a: Blastoise
|-damage|p1a: Blastoise|0 fnt
|faint|p1a: Blastoise
|choice|switch 4|
|
|switch|p1a: Mewtwo|Mewtwo, L70|293\/293
|turn|6
|choice|move 2|move 4
|
|move|p2a: Alakazam|Reflect|p2a: Alakazam
|-start|p2a: Alakazam|Reflect
|move|p1a: Mewtwo|Body Slam|p2a: Alakazam
|-crit|p2a: Alakazam
|-damage|p2a: Alakazam|111\/249
|
|turn|7
|choice|move 2|move 2
|
|move|p2a: Alakazam|Seismic Toss|p1a: Mewtwo
|-damage|p1a: Mewtwo|214\/293
|move|p1a: Mewtwo|Body Slam|p2a: Alakazam
|-damage|p2a: Alakazam|72\/249
|
|turn|8
|choice|move 1|move 3
|
|move|p2a: Alakazam|Thunder Wave|p1a: Mewtwo
|-status|p1a: Mewtwo|par
|move|p1a: Mewtwo|Psychic|p2a: Alakazam
|-resisted|p2a: Alakazam
|-damage|p2a: Alakazam|32\/249
|-unboost|p2a: Alakazam|spd|1
|-unboost|p2a: Alakazam|spa|1
|
|turn|9
|choice|move 2|switch 2
|
|switch|p2a: Marowak|Marowak, L90|291\/291
|move|p1a: Mewtwo|Body Slam|p2a: Marowak
|-crit|p2a: Marowak
|-damage|p2a: Marowak|223\/291
|
|turn|10
|choice|move 3|move 4
|
|move|p2a: Marowak|Earthquake|p1a: Mewtwo
|-damage|p1a: Mewtwo|90\/293 par
|move|p1a: Mewtwo|Ice Beam|p2a: Marowak
|-supereffective|p2a: Marowak
|-damage|p2a: Marowak|46\/291
|
|turn|11
|choice|move 2|move 4
|
|move|p2a: Marowak|Earthquake|p1a: Mewtwo
|-damage|p1a: Mewtwo|0 fnt
|faint|p1a: Mewtwo
|choice|switch 5|
|
|switch|p1a: Alakazam|Alakazam, L79|249\/249
|turn|12
|choice|move 1|move 4
|
|move|p1a: Alakazam|Psychic|p2a: Marowak
|-damage|p2a: Marowak|0 fnt
|faint|p2a: Marowak
|choice||switch 4
|
|switch|p2a: Wartortle|Wartortle, L85|274\/274
|turn|13
|choice|move 2|move 4
|
|move|p1a: Alakazam|Thunder Wave|p2a: Wartortle
|-status|p2a: Wartortle|par
|move|p2a: Wartortle|Body Slam|p1a: Alakazam
|-crit|p1a: Alakazam
|-damage|p1a: Alakazam|96\/249
|-status|p1a: Alakazam|par
|
|turn|14
|choice|move 3|move 4
|
|move|p1a: Alakazam|Recover|p1a: Alakazam
|-heal|p1a: Alakazam|220\/249 par
|move|p2a: Wartortle|Body Slam|p1a: Alakazam
|-damage|p1a: Alakazam|146\/249 par
|
|turn|15
|choice|move 1|move 3
|
|cant|p1a: Alakazam|par
|cant|p2a: Wartortle|par
|
|turn|16
|choice|move 1|move 4
|
|cant|p1a: Alakazam|par
|move|p2a: Wartortle|Body Slam|p1a: Alakazam
|-damage|p1a: Alakazam|77\/249 par
|
|turn|17
|choice|move 3|move 4
|
|move|p1a: Alakazam|Recover|p1a: Alakazam
|-heal|p1a: Alakazam|201\/249 par
|move|p2a: Wartortle|Body Slam|p1a: Alakazam
|-damage|p1a: Alakazam|127\/249 par
|
|turn|18
|choice|move 3|move 3
|
|move|p1a: Alakazam|Recover|p1a: Alakazam
|-heal|p1a: Alakazam|249\/249 par
|move|p2a: Wartortle|Mimic|p1a: Alakazam
|-start|p2a: Wartortle|Mimic|Psychic
|
|turn|19
|choice|move 1|move 4
|
|move|p1a: Alakazam|Psychic|p2a: Wartortle
|-damage|p2a: Wartortle|147\/274 par
|move|p2a: Wartortle|Body Slam|p1a: Alakazam
|-damage|p1a: Alakazam|172\/249 par
|
|turn|20
|choice|move 1|move 4
|
|move|p1a: Alakazam|Psychic|p2a: Wartortle
|-crit|p2a: Wartortle
|-damage|p2a: Wartortle|0 fnt
|faint|p2a: Wartortle
|choice||switch 5
|
|switch|p2a: Arcanine|Arcanine, L85|327\/327
|turn|21
|choice|move 2|move 4
|
|move|p2a: Arcanine|Hyper Beam|p1a: Alakazam
|-damage|p1a: Alakazam|0 fnt
|faint|p1a: Alakazam
|choice|switch 6|
|
|switch|p1a: Magmar|Magmar, L90|300\/300
|turn|22
|choice|move 2|move 4
|
|move|p1a: Magmar|Confuse Ray|p2a: Arcanine
|-start|p2a: Arcanine|confusion
|-activate|p2a: Arcanine|confusion
|-damage|p2a: Arcanine|290\/327|[from] confusion
|
|turn|23
|choice|move 3|move 4
|
|move|p1a: Magmar|Body Slam|p2a: Arcanine
|-damage|p2a: Arcanine|220\/327
|-activate|p2a: Arcanine|confusion
|-damage|p2a: Arcanine|183\/327|[from] confusion
|
|turn|24
|choice|move 3|move 4
|
|move|p1a: Magmar|Body Slam|p2a: Arcanine
|-damage|p2a: Arcanine|107\/327
|-status|p2a: Arcanine|par
|cant|p2a: Arcanine|par
|
|turn|25
|choice|move 1|move 4
|
|move|p1a: Magmar|Hyper Beam|p2a: Arcanine|[miss]
|-miss|p1a: Magmar
|-activate|p2a: Arcanine|confusion
|move|p2a: Arcanine|Hyper Beam|p1a: Magmar
|-damage|p1a: Magmar|167\/300
|
|turn|26
|-mustrecharge|p2a: Arcanine
|-mustrecharge|p2a: Arcanine
|choice|move 3|move 1
|
|move|p1a: Magmar|Body Slam|p2a: Arcanine
|-damage|p2a: Arcanine|38\/327 par
|cant|p2a: Arcanine|recharge
|
|turn|27
|choice|move 3|move 4
|
|move|p1a: Magmar|Body Slam|p2a: Arcanine
|-damage|p2a: Arcanine|0 fnt
|faint|p2a: Arcanine
|choice||switch 2
|
|switch|p2a: Alakazam|Alakazam, L79|32\/249
|turn|28
|choice|move 3|move 1
|
|move|p2a: Alakazam|Psychic|p1a: Magmar
|-damage|p1a: Magmar|59\/300
|-unboost|p1a: Magmar|spd|1
|-unboost|p1a: Magmar|spa|1
|move|p1a: Magmar|Body Slam|p2a: Alakazam
|-damage|p2a: Alakazam|0 fnt
|faint|p2a: Alakazam
|choice||switch 6
|
|switch|p2a: Hitmonlee|Hitmonlee, L90|273\/273
|turn|29
|choice|move 4|move 1
|
|move|p1a: Magmar|Fire Blast|p2a: Hitmonlee
|-damage|p2a: Hitmonlee|144\/273
|move|p2a: Hitmonlee|Body Slam|p1a: Magmar
|-damage|p1a: Magmar|0 fnt
|faint|p1a: Magmar
|choice|switch 2|
|
|switch|p1a: Porygon|Porygon, L85|284\/284
|turn|30
|choice|move 4|move 3
|
|move|p2a: Hitmonlee|Seismic Toss|p1a: Porygon
|-damage|p1a: Porygon|194\/284
|move|p1a: Porygon|Ice Beam|p2a: Hitmonlee
|-damage|p2a: Hitmonlee|59\/273
|
|turn|31
|choice|move 4|move 1
|
|move|p2a: Hitmonlee|Body Slam|p1a: Porygon
|-crit|p1a: Porygon
|-damage|p1a: Porygon|17\/284
|move|p1a: Porygon|Ice Beam|p2a: Hitmonlee
|-damage|p2a: Hitmonlee|0 fnt
|faint|p2a: Hitmonlee
|
|win|MALESANI
|raw|MALESANI's rating: 1337 &rarr; <strong>1343<\/strong><br \/>(+6 for winning)
|raw|vkdaros's rating: 1041 &rarr; <strong>1036<\/strong><br \/>(-5 for losing)