|j|2equals3
|j|WhatIzYourName
|player|p1|2equals3|101
|player|p2|WhatIzYourName|163
|gametype|singles
|gen|1
|tier|[Gen 1] OU
|rated
|seed|33504,32592,47201,58036
|rule|Sleep Clause Mod: Limit one foe put to sleep
|rule|Freeze Clause Mod: Limit one foe frozen
|rule|Species Clause: Limit one of each Pokémon
|rule|OHKO Clause: OHKO moves are banned
|rule|Evasion Moves Clause: Evasion moves are banned
|rule|HP Percentage Mod: HP is shown in percentages
|
|start
|switch|p1a: Gengar|Gengar|323\/323
|switch|p2a: Jolteon|Jolteon, M|333\/333
|turn|1
|choice|switch 4|move 2
|
|switch|p1a: Golem|Golem|363\/363
|move|p2a: Jolteon|Thunder Wave|p1a: Golem
|-immune|p1a: Golem|[msg]
|
|turn|2
|choice|move 4|switch 4
|
|switch|p2a: Lapras|Lapras, F|463\/463
|move|p1a: Golem|Rock Slide|p2a: Lapras
|-supereffective|p2a: Lapras
|-damage|p2a: Lapras|236\/463
|
|turn|3
|choice|switch 5|move 1
|
|switch|p1a: Chansey|Chansey|703\/703
|move|p2a: Lapras|Hydro Pump|p1a: Chansey
|-damage|p1a: Chansey|567\/703
|
|turn|4
|choice|move 4|move 4
|
|move|p2a: Lapras|Confuse Ray|p1a: Chansey
|-start|p1a: Chansey|confusion
|-activate|p1a: Chansey|confusion
|-damage|p1a: Chansey|532\/703|[from] confusion
|
|turn|5
|choice|move 4|switch 5
|
|switch|p2a: Snorlax|Snorlax, M|523\/523
|-activate|p1a: Chansey|confusion
|-damage|p1a: Chansey|497\/703|[from] confusion
|
|turn|6
|choice|switch 5|move 1
|
|switch|p1a: Golem|Golem|363\/363
|move|p2a: Snorlax|Amnesia|p2a: Snorlax
|-boost|p2a: Snorlax|spd|2
|-boost|p2a: Snorlax|spa|2
|
|turn|7
|choice|move 1|move 2
|
|move|p1a: Golem|Earthquake|p2a: Snorlax
|-damage|p2a: Snorlax|365\/523
|move|p2a: Snorlax|Blizzard|p1a: Golem
|-supereffective|p1a: Golem
|-damage|p1a: Golem|0 fnt
|faint|p1a: Golem
|choice|switch 5|
|
|switch|p1a: Chansey|Chansey|497\/703
|turn|8
|choice|move 2|move 3
|
|move|p1a: Chansey|Soft-Boiled|p1a: Chansey
|-heal|p1a: Chansey|703\/703
|move|p2a: Snorlax|Body Slam|p1a: Chansey
|-damage|p1a: Chansey|417\/703
|
|turn|9
|choice|move 3|move 3
|
|move|p2a: Snorlax|Body Slam|p1a: Chansey
|-damage|p1a: Chansey|144\/703
|move|p1a: Chansey|Counter|p2a: Snorlax
|-damage|p2a: Snorlax|0 fnt
|faint|p2a: Snorlax
|choice||switch 2
|
|switch|p2a: Charizard|Charizard, M|359\/359
|turn|10
|choice|switch 3|move 2
|
|switch|p1a: Starmie|Starmie|323\/323
|move|p2a: Charizard|Earthquake|p1a: Starmie
|-crit|p1a: Starmie
|-damage|p1a: Starmie|160\/323
|
|turn|11
|choice|move 2|switch 5
|
|switch|p2a: Lapras|Lapras, F|236\/463
|move|p1a: Starmie|Surf|p2a: Lapras
|-crit|p2a: Lapras
|-resisted|p2a: Lapras
|-damage|p2a: Lapras|130\/463
|
|turn|12
|choice|move 3|move 3
|
|move|p1a: Starmie|Thunderbolt|p2a: Lapras
|-supereffective|p2a: Lapras
|-damage|p2a: Lapras|0 fnt
|faint|p2a: Lapras
|choice||switch 4
|
|switch|p2a: Jolteon|Jolteon, M|333\/333
|turn|13
|choice|switch 3|move 1
|
|switch|p1a: Chansey|Chansey|144\/703
|move|p2a: Jolteon|Thunderbolt|p1a: Chansey
|-crit|p1a: Chansey
|-damage|p1a: Chansey|0 fnt
|faint|p1a: Chansey
|choice|switch 4|
|
|switch|p1a: Gengar|Gengar|323\/323
|turn|14
|choice|move 1|move 2
|
|move|p2a: Jolteon|Thunder Wave|p1a: Gengar
|-status|p1a: Gengar|par
|move|p1a: Gengar|Hypnosis|p2a: Jolteon
|-status|p2a: Jolteon|slp
|
|turn|15
|choice|move 3|move 1
|
|cant|p2a: Jolteon|slp
|cant|p1a: Gengar|par
|
|turn|16
|choice|move 3|move 1
|
|cant|p2a: Jolteon|slp
|move|p1a: Gengar|Dream Eater|p2a: Jolteon
|-damage|p2a: Jolteon|238\/333 slp
|
|turn|17
|choice|move 4|move 1
|
|cant|p2a: Jolteon|slp
|cant|p1a: Gengar|par
|
|turn|18
|choice|move 4|move 1
|
|cant|p2a: Jolteon|slp
|move|p1a: Gengar|Night Shade|p2a: Jolteon
|-damage|p2a: Jolteon|138\/333 slp
|
|turn|19
|choice|move 4|move 1
|
|cant|p2a: Jolteon|slp
|move|p1a: Gengar|Night Shade|p2a: Jolteon
|-damage|p2a: Jolteon|38\/333 slp
|
|turn|20
|choice|move 4|move 1
|
|-curestatus|p2a: Jolteon|slp
|move|p1a: Gengar|Night Shade|p2a: Jolteon
|-damage|p2a: Jolteon|0 fnt
|faint|p2a: Jolteon
|choice||switch 5
|
|switch|p2a: Charizard|Charizard, M|359\/359
|turn|21
|choice|move 1|move 3
|
|move|p2a: Charizard|Swords Dance|p2a: Charizard
|-boost|p2a: Charizard|atk|2
|move|p1a: Gengar|Hypnosis|p2a: Charizard
|-status|p2a: Charizard|slp
|
|turn|22
|choice|move 4|move 2
|
|cant|p2a: Charizard|slp
|move|p1a: Gengar|Night Shade|p2a: Charizard
|-damage|p2a: Charizard|259\/359 slp
|
|turn|23
|c|★WhatIzYourName|this game
|choice|move 4|move 2
|
|cant|p2a: Charizard|slp
|move|p1a: Gengar|Night Shade|p2a: Charizard
|-damage|p2a: Charizard|159\/359 slp
|
|turn|24
|choice|move 3|move 2
|
|cant|p2a: Charizard|slp
|move|p1a: Gengar|Dream Eater|p2a: Charizard
|-damage|p2a: Charizard|51\/359 slp
|
|turn|25
|choice|move 4|move 2
|
|cant|p2a: Charizard|slp
|move|p1a: Gengar|Night Shade|p2a: Charizard
|-damage|p2a: Charizard|0 fnt
|faint|p2a: Charizard
|choice||switch 3
|
|switch|p2a: Victreebel|Victreebel, F|363\/363
|turn|26
|choice|move 1|move 2
|
|move|p2a: Victreebel|Razor Leaf|p1a: Gengar
|-crit|p1a: Gengar
|-resisted|p1a: Gengar
|-damage|p1a: Gengar|271\/323 par
|move|p1a: Gengar|Hypnosis|p2a: Victreebel
|-status|p2a: Victreebel|slp
|
|turn|27
|choice|move 3|move 2
|
|cant|p2a: Victreebel|slp
|move|p1a: Gengar|Dream Eater|p2a: Victreebel
|-supereffective|p2a: Victreebel
|-damage|p2a: Victreebel|167\/363 slp
|-heal|p1a: Gengar|323\/323 par|[from] drain|[of] p2a: Victreebel
|
|turn|28
|choice|move 3|move 2
|
|cant|p2a: Victreebel|slp
|move|p1a: Gengar|Dream Eater|p2a: Victreebel
|-supereffective|p2a: Victreebel
|-damage|p2a: Victreebel|0 fnt
|faint|p2a: Victreebel
|
|win|2equals3
|player|p1
|player|p2
|raw|2equals3's rating: 1084 &rarr; <strong>1107<\/strong><br \/>(+23 for winning)
|raw|WhatIzYourName's rating: 1023 &rarr; <strong>1012<\/strong><br \/>(-11 for losing)