|j|just a tad
|j|Shayminlover123
|player|p1|just a tad|201
|player|p2|Shayminlover123|213
|gametype|singles
|gen|1
|tier|[Gen 1] OU
|rated
|seed|
|rule|Sleep Clause Mod: Limit one foe put to sleep
|rule|Freeze Clause Mod: Limit one foe frozen
|rule|Species Clause: Limit one of each Pokémon
|rule|OHKO Clause: OHKO moves are banned
|rule|Evasion Moves Clause: Evasion moves are banned
|rule|HP Percentage Mod: HP is shown in percentages
|
|start
|switch|p1a: Tauros|Tauros|100\/100
|switch|p2a: Chansey|Chansey|100\/100
|turn|1
|choice||
|
|move|p1a: Tauros|Body Slam|p2a: Chansey
|-crit|p2a: Chansey
|-damage|p2a: Chansey|31\/100
|move|p2a: Chansey|Counter|p1a: Tauros
|-damage|p1a: Tauros|0 fnt
|faint|p1a: Tauros
|choice||
|
|switch|p1a: Cloyster|Cloyster|100\/100
|turn|2
|choice||
|
|move|p1a: Cloyster|Clamp|p2a: Chansey|[miss]
|-miss|p1a: Cloyster
|move|p2a: Chansey|Thunder Wave|p1a: Cloyster
|-status|p1a: Cloyster|par
|
|turn|3
|choice||
|
|move|p2a: Chansey|Soft-Boiled|p2a: Chansey
|-heal|p2a: Chansey|80\/100
|move|p1a: Cloyster|Clamp|p2a: Chansey
|-damage|p2a: Chansey|75\/100
|
|turn|4
|choice||
|
|switch|p2a: Exeggutor|Exeggutor|100\/100
|cant|p1a: Cloyster|par
|
|turn|5
|choice||
|
|move|p2a: Exeggutor|Stun Spore|p1a: Cloyster|[miss]
|-miss|p2a: Exeggutor
|move|p1a: Cloyster|Explosion|p2a: Exeggutor
|-damage|p2a: Exeggutor|29\/100
|faint|p1a: Cloyster
|choice||
|
|switch|p1a: Zapdos|Zapdos|100\/100
|turn|6
|choice||
|
|move|p1a: Zapdos|Drill Peck|p2a: Exeggutor
|-crit|p2a: Exeggutor
|-supereffective|p2a: Exeggutor
|-damage|p2a: Exeggutor|0 fnt
|faint|p2a: Exeggutor
|choice||
|
|switch|p2a: Chansey|Chansey|75\/100
|turn|7
|choice||
|
|move|p1a: Zapdos|Light Screen|p1a: Zapdos
|-start|p1a: Zapdos|Light Screen
|move|p2a: Chansey|Thunder Wave|p1a: Zapdos
|-status|p1a: Zapdos|par
|
|turn|8
|j|MajorIdiocy
|choice||
|
|move|p2a: Chansey|Soft-Boiled|p2a: Chansey
|-heal|p2a: Chansey|100\/100
|cant|p1a: Zapdos|par
|
|turn|9
|choice||
|
|move|p1a: Zapdos|Thunder Wave|p2a: Chansey
|-status|p2a: Chansey|par
|move|p2a: Chansey|Counter|p1a: Zapdos
|-fail|p2a: Chansey
|
|turn|10
|choice||
|
|cant|p1a: Zapdos|par
|move|p2a: Chansey|Ice Beam|p1a: Zapdos
|-supereffective|p1a: Zapdos
|-damage|p1a: Zapdos|82\/100 par
|
|turn|11
|choice||
|
|cant|p1a: Zapdos|par
|move|p2a: Chansey|Ice Beam|p1a: Zapdos
|-supereffective|p1a: Zapdos
|-damage|p1a: Zapdos|65\/100 par
|
|turn|12
|choice||
|
|move|p1a: Zapdos|Drill Peck|p2a: Chansey
|-damage|p2a: Chansey|67\/100 par
|cant|p2a: Chansey|par
|
|turn|13
|choice||
|
|cant|p1a: Zapdos|par
|move|p2a: Chansey|Counter|p1a: Zapdos
|-fail|p2a: Chansey
|
|turn|14
|choice||
|
|move|p1a: Zapdos|Thunder|p2a: Chansey
|-damage|p2a: Chansey|45\/100 par
|cant|p2a: Chansey|par
|
|turn|15
|choice||
|
|move|p1a: Zapdos|Thunder|p2a: Chansey
|-damage|p2a: Chansey|22\/100 par
|move|p2a: Chansey|Soft-Boiled|p2a: Chansey
|-heal|p2a: Chansey|72\/100 par
|
|turn|16
|choice||
|
|switch|p1a: Dugtrio|Dugtrio|100\/100
|move|p2a: Chansey|Soft-Boiled|p2a: Chansey
|-heal|p2a: Chansey|100\/100 par
|
|turn|17
|choice||
|
|move|p1a: Dugtrio|Substitute|p1a: Dugtrio
|-start|p1a: Dugtrio|Substitute
|-damage|p1a: Dugtrio|76\/100
|move|p2a: Chansey|Ice Beam|p1a: Dugtrio
|-supereffective|p1a: Dugtrio
|-end|p1a: Dugtrio|Substitute
|
|turn|18
|choice||
|
|move|p1a: Dugtrio|Earthquake|p2a: Chansey
|-damage|p2a: Chansey|60\/100 par
|move|p2a: Chansey|Ice Beam|p1a: Dugtrio
|-supereffective|p1a: Dugtrio
|-damage|p1a: Dugtrio|10\/100
|
|turn|19
|choice||
|
|switch|p2a: Slowbro|Slowbro|100\/100
|move|p1a: Dugtrio|Earthquake|p2a: Slowbro
|-crit|p2a: Slowbro
|-damage|p2a: Slowbro|52\/100
|
|turn|20
|choice||
|
|move|p1a: Dugtrio|Body Slam|p2a: Slowbro
|-damage|p2a: Slowbro|39\/100
|move|p2a: Slowbro|Surf|p1a: Dugtrio
|-supereffective|p1a: Dugtrio
|-damage|p1a: Dugtrio|0 fnt
|faint|p1a: Dugtrio
|choice||
|
|switch|p1a: Exeggutor|Exeggutor|100\/100
|turn|21
|choice||
|
|switch|p2a: Chansey|Chansey|60\/100 par
|move|p1a: Exeggutor|Sleep Powder|p2a: Chansey
|-fail|p2a: Chansey
|
|turn|22
|choice||
|
|move|p1a: Exeggutor|Leech Seed|p2a: Chansey
|-start|p2a: Chansey|move: Leech Seed
|cant|p2a: Chansey|par
|-damage|p2a: Chansey|54\/100 par|[from] Leech Seed|[of] p1a: Exeggutor
|
|turn|23
|choice||
|
|move|p1a: Exeggutor|Psychic|p2a: Chansey
|-damage|p2a: Chansey|38\/100 par
|move|p2a: Chansey|Soft-Boiled|p2a: Chansey
|-heal|p2a: Chansey|88\/100 par
|-damage|p2a: Chansey|81\/100 par|[from] Leech Seed|[of] p1a: Exeggutor
|
|turn|24
|choice||
|
|switch|p2a: Tauros|Tauros|100\/100
|move|p1a: Exeggutor|Psychic|p2a: Tauros
|-damage|p2a: Tauros|58\/100
|-unboost|p2a: Tauros|spd|1
|-unboost|p2a: Tauros|spa|1
|
|turn|25
|choice||
|
|move|p2a: Tauros|Body Slam|p1a: Exeggutor
|-damage|p1a: Exeggutor|74\/100
|move|p1a: Exeggutor|Psychic|p2a: Tauros
|-damage|p2a: Tauros|0 fnt
|faint|p2a: Tauros
|choice||
|
|switch|p2a: Chansey|Chansey|81\/100 par
|turn|26
|choice||
|
|move|p1a: Exeggutor|Leech Seed|p2a: Chansey
|-start|p2a: Chansey|move: Leech Seed
|move|p2a: Chansey|Thunder Wave|p1a: Exeggutor
|-status|p1a: Exeggutor|par
|-damage|p2a: Chansey|75\/100 par|[from] Leech Seed|[of] p1a: Exeggutor
|-heal|p1a: Exeggutor|84\/100 par|[silent]
|
|turn|27
|choice||
|
|switch|p2a: Slowbro|Slowbro|39\/100
|move|p1a: Exeggutor|Psychic|p2a: Slowbro
|-resisted|p2a: Slowbro
|-damage|p2a: Slowbro|20\/100
|
|turn|28
|choice||
|
|move|p2a: Slowbro|Rest|p2a: Slowbro
|-status|p2a: Slowbro|slp
|-heal|p2a: Slowbro|100\/100 slp|[silent]
|-status|p2a: Slowbro|slp|[from] move: Rest
|move|p1a: Exeggutor|Sleep Powder|p2a: Slowbro
|-fail|p2a: Slowbro|slp
|
|turn|29
|choice||
|
|switch|p1a: Zapdos|Zapdos|65\/100 par
|cant|p2a: Slowbro|slp
|
|turn|30
|choice||
|
|switch|p2a: Chansey|Chansey|75\/100 par
|move|p1a: Zapdos|Light Screen|p1a: Zapdos
|-start|p1a: Zapdos|Light Screen
|
|turn|31
|choice||
|
|move|p1a: Zapdos|Drill Peck|p2a: Chansey
|-damage|p2a: Chansey|39\/100 par
|move|p2a: Chansey|Ice Beam|p1a: Zapdos
|-supereffective|p1a: Zapdos
|-damage|p1a: Zapdos|48\/100 par
|
|turn|32
|choice||
|
|move|p1a: Zapdos|Drill Peck|p2a: Chansey
|-damage|p2a: Chansey|6\/100 par
|cant|p2a: Chansey|par
|
|turn|33
|choice||
|
|cant|p1a: Zapdos|par
|move|p2a: Chansey|Soft-Boiled|p2a: Chansey
|-heal|p2a: Chansey|56\/100 par
|
|turn|34
|choice||
|
|move|p1a: Zapdos|Drill Peck|p2a: Chansey
|-damage|p2a: Chansey|22\/100 par
|move|p2a: Chansey|Soft-Boiled|p2a: Chansey
|-heal|p2a: Chansey|72\/100 par
|
|turn|35
|choice||
|
|cant|p1a: Zapdos|par
|move|p2a: Chansey|Counter|p1a: Zapdos
|-fail|p2a: Chansey
|
|turn|36
|choice||
|
|move|p1a: Zapdos|Thunder|p2a: Chansey
|-damage|p2a: Chansey|49\/100 par
|move|p2a: Chansey|Soft-Boiled|p2a: Chansey
|-heal|p2a: Chansey|99\/100 par
|
|turn|37
|choice||
|
|cant|p1a: Zapdos|par
|move|p2a: Chansey|Counter|p1a: Zapdos
|-fail|p2a: Chansey
|
|turn|38
|choice||
|
|move|p1a: Zapdos|Thunder|p2a: Chansey
|-crit|p2a: Chansey
|-damage|p2a: Chansey|53\/100 par
|move|p2a: Chansey|Ice Beam|p1a: Zapdos
|-supereffective|p1a: Zapdos
|-damage|p1a: Zapdos|29\/100 par
|
|turn|39
|choice||
|
|cant|p1a: Zapdos|par
|cant|p2a: Chansey|par
|
|turn|40
|choice||
|
|move|p1a: Zapdos|Drill Peck|p2a: Chansey
|-damage|p2a: Chansey|21\/100 par
|move|p2a: Chansey|Soft-Boiled|p2a: Chansey
|-heal|p2a: Chansey|71\/100 par
|
|turn|41
|choice||
|
|cant|p1a: Zapdos|par
|move|p2a: Chansey|Ice Beam|p1a: Zapdos
|-supereffective|p1a: Zapdos
|-damage|p1a: Zapdos|12\/100 par
|
|turn|42
|choice||
|
|move|p1a: Zapdos|Drill Peck|p2a: Chansey
|-damage|p2a: Chansey|38\/100 par
|move|p2a: Chansey|Ice Beam|p1a: Zapdos
|-supereffective|p1a: Zapdos
|-damage|p1a: Zapdos|0 fnt
|faint|p1a: Zapdos
|choice||
|
|switch|p1a: Alakazam|Alakazam|100\/100
|turn|43
|choice||
|
|move|p1a: Alakazam|Psychic|p2a: Chansey
|-crit|p2a: Chansey
|-damage|p2a: Chansey|0 fnt
|faint|p2a: Chansey
|choice||
|
|switch|p2a: Dragonite|Dragonite|100\/100
|turn|44
|choice||
|
|move|p1a: Alakazam|Thunder Wave|p2a: Dragonite
|-status|p2a: Dragonite|par
|move|p2a: Dragonite|Agility|p2a: Dragonite
|-boost|p2a: Dragonite|spe|2
|
|turn|45
|choice||
|
|cant|p2a: Dragonite|par
|move|p1a: Alakazam|Psychic|p2a: Dragonite
|-damage|p2a: Dragonite|69\/100 par
|
|turn|46
|choice||
|
|move|p2a: Dragonite|Wrap|p1a: Alakazam
|-damage|p1a: Alakazam|93\/100
|cant|p1a: Alakazam|partiallytrapped
|
|turn|47
|choice||
|
|move|p2a: Dragonite|Wrap|p1a: Alakazam|[from]Wrap
|-damage|p1a: Alakazam|86\/100
|cant|p1a: Alakazam|partiallytrapped
|
|turn|48
|choice||
|
|move|p2a: Dragonite|Wrap|p1a: Alakazam|[from]Wrap
|-damage|p1a: Alakazam|78\/100
|cant|p1a: Alakazam|partiallytrapped
|
|turn|49
|choice||
|
|move|p2a: Dragonite|Wrap|p1a: Alakazam
|-damage|p1a: Alakazam|70\/100
|cant|p1a: Alakazam|partiallytrapped
|
|turn|50
|choice||
|
|move|p2a: Dragonite|Wrap|p1a: Alakazam|[from]Wrap
|-damage|p1a: Alakazam|62\/100
|cant|p1a: Alakazam|partiallytrapped
|
|turn|51
|choice||
|
|move|p2a: Dragonite|Wrap|p1a: Alakazam
|-damage|p1a: Alakazam|54\/100
|cant|p1a: Alakazam|partiallytrapped
|
|turn|52
|choice||
|
|cant|p2a: Dragonite|par
|cant|p1a: Alakazam|partiallytrapped
|
|turn|53
|choice||
|
|move|p2a: Dragonite|Hyper Beam|p1a: Alakazam
|-crit|p1a: Alakazam
|-damage|p1a: Alakazam|0 fnt
|faint|p1a: Alakazam
|choice||
|
|switch|p1a: Exeggutor|Exeggutor|84\/100 par
|turn|54
|choice||
|
|move|p2a: Dragonite|Blizzard|p1a: Exeggutor
|-crit|p1a: Exeggutor
|-supereffective|p1a: Exeggutor
|-damage|p1a: Exeggutor|8\/100 par
|move|p1a: Exeggutor|Leech Seed|p2a: Dragonite
|-start|p2a: Dragonite|move: Leech Seed
|
|turn|55
|choice||
|
|move|p2a: Dragonite|Hyper Beam|p1a: Exeggutor
|-damage|p1a: Exeggutor|0 fnt
|faint|p1a: Exeggutor
|
|win|Shayminlover123
|player|p1
|player|p2
|raw|just a tad's rating: 1114 &rarr; <strong>1099<\/strong><br \/>(-15 for losing)
|raw|Shayminlover123's rating: 1257 &rarr; <strong>1272<\/strong><br \/>(+15 for winning)
|l|just a tad