|join|DerDerMitchHeist
|join|kwikwik
|player|p1|DerDerMitchHeist|70
|player|p2|kwikwik|102
|gametype|singles
|gen|1
|tier|[Gen 1] Random Battle
|rated
|seed|8316,58076,43895,30091
|rule|Sleep Clause Mod: Limit one foe put to sleep
|rule|Freeze Clause Mod: Limit one foe frozen
|rule|HP Percentage Mod: HP is shown in percentages
|
|start
|switch|p1a: Golduck|Golduck, L85|310\/310
|switch|p2a: Ekans|Ekans, L96|262\/262
|turn|1
|choice|move 3|move 3
|
|move|p1a: Golduck|Body Slam|p2a: Ekans
|-damage|p2a: Ekans|196\/262
|-status|p2a: Ekans|par
|move|p2a: Ekans|Glare|p1a: Golduck
|-status|p1a: Golduck|par
|
|turn|2
|choice|move 2|move 4
|
|move|p1a: Golduck|Surf|p2a: Ekans
|-damage|p2a: Ekans|80\/262 par
|move|p2a: Ekans|Earthquake|p1a: Golduck
|-crit|p1a: Golduck
|-damage|p1a: Golduck|175\/310 par
|
|turn|3
|choice|move 2|move 4
|
|move|p1a: Golduck|Surf|p2a: Ekans
|-crit|p2a: Ekans
|-damage|p2a: Ekans|0 fnt
|faint|p2a: Ekans
|choice||switch 3
|
|switch|p2a: Psyduck|Psyduck, L96|291\/291
|turn|4
|choice|move 3|move 1
|
|move|p2a: Psyduck|Amnesia|p2a: Psyduck
|-boost|p2a: Psyduck|spd|2
|-boost|p2a: Psyduck|spa|2
|cant|p1a: Golduck|par
|
|turn|5
|choice|move 3|move 1
|
|move|p2a: Psyduck|Amnesia|p2a: Psyduck
|-boost|p2a: Psyduck|spd|2
|-boost|p2a: Psyduck|spa|2
|move|p1a: Golduck|Body Slam|p2a: Psyduck
|-damage|p2a: Psyduck|221\/291
|
|turn|6
|choice|move 3|move 1
|
|move|p2a: Psyduck|Amnesia|p2a: Psyduck
|-boost|p2a: Psyduck|spd|2
|-boost|p2a: Psyduck|spa|2
|move|p1a: Golduck|Body Slam|p2a: Psyduck
|-crit|p2a: Psyduck
|-damage|p2a: Psyduck|78\/291
|
|turn|7
|choice|move 3|move 4
|
|move|p2a: Psyduck|Surf|p1a: Golduck
|-resisted|p1a: Golduck
|-damage|p1a: Golduck|4\/310 par
|move|p1a: Golduck|Body Slam|p2a: Psyduck
|-damage|p2a: Psyduck|14\/291
|-status|p2a: Psyduck|par
|
|turn|8
|choice|move 3|move 2
|
|move|p2a: Psyduck|Rest|p2a: Psyduck
|-status|p2a: Psyduck|slp
|-heal|p2a: Psyduck|291\/291 slp|[silent]
|-status|p2a: Psyduck|slp|[from] move: Rest
|move|p1a: Golduck|Body Slam|p2a: Psyduck
|-damage|p2a: Psyduck|228\/291 slp
|
|turn|9
|choice|move 3|move 4
|
|cant|p2a: Psyduck|slp
|move|p1a: Golduck|Body Slam|p2a: Psyduck
|-damage|p2a: Psyduck|158\/291 slp
|
|turn|10
|choice|move 3|move 4
|
|-curestatus|p2a: Psyduck|slp
|cant|p1a: Golduck|par
|
|turn|11
|choice|move 3|move 3
|
|move|p2a: Psyduck|Body Slam|p1a: Golduck
|-damage|p1a: Golduck|0 fnt
|faint|p1a: Golduck
|choice|switch 3|
|
|switch|p1a: Raichu|Raichu, L85|276\/276
|turn|12
|choice|move 3|move 4
|
|move|p1a: Raichu|Thunderbolt|p2a: Psyduck
|-supereffective|p2a: Psyduck
|-damage|p2a: Psyduck|97\/291
|move|p2a: Psyduck|Surf|p1a: Raichu
|-damage|p1a: Raichu|0 fnt
|faint|p1a: Raichu
|choice|switch 4|
|
|switch|p1a: Wigglytuff|Wigglytuff, L90|435\/435
|turn|13
|choice|move 2|move 4
|
|move|p1a: Wigglytuff|Sing|p2a: Psyduck
|-status|p2a: Psyduck|slp
|-curestatus|p2a: Psyduck|slp
|
|turn|14
|choice|move 2|move 4
|
|move|p1a: Wigglytuff|Sing|p2a: Psyduck|[miss]
|-miss|p1a: Wigglytuff
|move|p2a: Psyduck|Surf|p1a: Wigglytuff
|-damage|p1a: Wigglytuff|3\/435
|
|turn|15
|choice|move 2|move 3
|
|move|p1a: Wigglytuff|Sing|p2a: Psyduck
|-status|p2a: Psyduck|slp
|cant|p2a: Psyduck|slp
|
|turn|16
|choice|move 1|move 3
|
|move|p1a: Wigglytuff|Body Slam|p2a: Psyduck
|-damage|p2a: Psyduck|0 fnt
|faint|p2a: Psyduck
|choice||switch 6
|
|switch|p2a: Alakazam|Alakazam, L79|249\/249
|turn|17
|choice|move 2|move 1
|
|move|p2a: Alakazam|Psychic|p1a: Wigglytuff
|-crit|p1a: Wigglytuff
|-damage|p1a: Wigglytuff|0 fnt
|faint|p1a: Wigglytuff
|choice|switch 6|
|
|switch|p1a: Golem|Golem, L79|288\/288
|turn|18
|choice|move 3|move 1
|
|move|p2a: Alakazam|Psychic|p1a: Golem
|-damage|p1a: Golem|130\/288
|move|p1a: Golem|Earthquake|p2a: Alakazam
|-damage|p2a: Alakazam|88\/249
|
|turn|19
|choice|move 3|move 1
|
|move|p2a: Alakazam|Psychic|p1a: Golem
|-damage|p1a: Golem|0 fnt
|faint|p1a: Golem
|choice|switch 2|
|
|switch|p1a: Ponyta|Ponyta, L96|291\/291
|turn|20
|choice|move 4|move 4
|
|move|p2a: Alakazam|Recover|p2a: Alakazam
|-heal|p2a: Alakazam|212\/249
|move|p1a: Ponyta|Body Slam|p2a: Alakazam
|-damage|p2a: Alakazam|100\/249
|
|turn|21
|choice|move 4|move 4
|
|move|p2a: Alakazam|Recover|p2a: Alakazam
|-heal|p2a: Alakazam|224\/249
|move|p1a: Ponyta|Body Slam|p2a: Alakazam
|-damage|p2a: Alakazam|111\/249
|
|turn|22
|choice|move 4|switch 5
|
|switch|p2a: Chansey|Chansey, L79|557\/557
|move|p1a: Ponyta|Body Slam|p2a: Chansey
|-damage|p2a: Chansey|367\/557
|
|turn|23
|choice|move 2|move 2
|
|move|p1a: Ponyta|Toxic|p2a: Chansey|[miss]
|-miss|p1a: Ponyta
|move|p2a: Chansey|Thunder Wave|p1a: Ponyta
|-status|p1a: Ponyta|par
|
|turn|24
|choice|move 2|move 1
|
|move|p2a: Chansey|Soft-Boiled|p2a: Chansey
|-heal|p2a: Chansey|557\/557
|move|p1a: Ponyta|Toxic|p2a: Chansey
|-status|p2a: Chansey|tox
|
|turn|25
|choice|move 4|switch 5
|
|switch|p2a: Alakazam|Alakazam, L79|111\/249
|move|p1a: Ponyta|Body Slam|p2a: Alakazam
|-damage|p2a: Alakazam|0 fnt
|faint|p2a: Alakazam
|choice||switch 2
|
|switch|p2a: Articuno|Articuno, L79|304\/304
|turn|26
|choice|move 4|move 1
|
|move|p2a: Articuno|Reflect|p2a: Articuno
|-start|p2a: Articuno|Reflect
|move|p1a: Ponyta|Body Slam|p2a: Articuno
|-damage|p2a: Articuno|269\/304
|
|turn|27
|choice|move 2|move 2
|
|move|p2a: Articuno|Mimic|p1a: Ponyta
|-start|p2a: Articuno|Mimic|Growl
|move|p1a: Ponyta|Toxic|p2a: Articuno
|-status|p2a: Articuno|tox
|
|turn|28
|choice|move 4|move 4
|
|move|p2a: Articuno|Blizzard|p1a: Ponyta
|-damage|p1a: Ponyta|151\/291 par
|-damage|p2a: Articuno|250\/304 tox|[from] tox|[of] p1a: Ponyta
|move|p1a: Ponyta|Body Slam|p2a: Articuno
|-damage|p2a: Articuno|216\/304 tox
|
|turn|29
|choice|move 4|move 4
|
|move|p2a: Articuno|Blizzard|p1a: Ponyta
|-crit|p1a: Ponyta
|-damage|p1a: Ponyta|0 fnt
|faint|p1a: Ponyta
|choice|switch 5|
|
|switch|p1a: Vaporeon|Vaporeon, L85|395\/395
|turn|30
|choice|move 4|move 4
|
|move|p2a: Articuno|Blizzard|p1a: Vaporeon
|-crit|p1a: Vaporeon
|-resisted|p1a: Vaporeon
|-damage|p1a: Vaporeon|291\/395
|-damage|p2a: Articuno|178\/304 tox|[from] tox|[of] p1a: Vaporeon
|move|p1a: Vaporeon|Blizzard|p2a: Articuno
|-damage|p2a: Articuno|91\/304 tox
|
|turn|31
|choice|move 2|move 3
|
|move|p2a: Articuno|Rest|p2a: Articuno
|-status|p2a: Articuno|slp
|-heal|p2a: Articuno|304\/304 slp|[silent]
|-status|p2a: Articuno|slp|[from] move: Rest
|move|p1a: Vaporeon|Rest|p1a: Vaporeon
|-status|p1a: Vaporeon|slp
|-heal|p1a: Vaporeon|395\/395 slp|[silent]
|-status|p1a: Vaporeon|slp|[from] move: Rest
|
|turn|32
|choice|move 4|switch 4
|
|switch|p2a: Gloom|Gloom, L90|291\/291
|cant|p1a: Vaporeon|slp
|
|turn|33
|choice|move 4|move 3
|
|-curestatus|p1a: Vaporeon|slp
|move|p2a: Gloom|Swords Dance|p2a: Gloom
|-boost|p2a: Gloom|atk|2
|
|turn|34
|choice|move 4|move 1
|
|move|p1a: Vaporeon|Blizzard|p2a: Gloom
|-supereffective|p2a: Gloom
|-damage|p2a: Gloom|106\/291
|move|p2a: Gloom|Mega Drain|p1a: Vaporeon
|-supereffective|p1a: Vaporeon
|-damage|p1a: Vaporeon|319\/395
|-heal|p2a: Gloom|144\/291|[from] drain|[of] p1a: Vaporeon
|
|turn|35
|choice|move 4|switch 5
|
|switch|p2a: Chansey|Chansey, L79|557\/557 tox
|-status|p2a: Chansey|psn
|-damage|p2a: Chansey|523\/557 psn|[from] psn
|move|p1a: Vaporeon|Blizzard|p2a: Chansey
|-damage|p2a: Chansey|431\/557 psn
|
|turn|36
|choice|move 1|move 2
|
|move|p1a: Vaporeon|Hydro Pump|p2a: Chansey
|-crit|p2a: Chansey
|-damage|p2a: Chansey|163\/557 psn
|move|p2a: Chansey|Thunder Wave|p1a: Vaporeon
|-status|p1a: Vaporeon|par
|-damage|p2a: Chansey|129\/557 psn|[from] psn|[of] p1a: Vaporeon
|
|turn|37
|choice|move 3|move 1
|
|move|p2a: Chansey|Soft-Boiled|p2a: Chansey
|-heal|p2a: Chansey|407\/557 psn
|-damage|p2a: Chansey|373\/557 psn|[from] psn
|move|p1a: Vaporeon|Surf|p2a: Chansey
|-damage|p2a: Chansey|260\/557 psn
|
|turn|38
|choice|move 3|move 1
|
|move|p2a: Chansey|Soft-Boiled|p2a: Chansey
|-heal|p2a: Chansey|538\/557 psn
|-damage|p2a: Chansey|504\/557 psn|[from] psn
|move|p1a: Vaporeon|Surf|p2a: Chansey
|-damage|p2a: Chansey|395\/557 psn
|
|turn|39
|choice|move 1|switch 5
|
|switch|p2a: Gloom|Gloom, L90|144\/291
|move|p1a: Vaporeon|Hydro Pump|p2a: Gloom|[miss]
|-miss|p1a: Vaporeon
|
|turn|40
|choice|move 4|move 1
|
|move|p2a: Gloom|Mega Drain|p1a: Vaporeon
|-supereffective|p1a: Vaporeon
|-damage|p1a: Vaporeon|236\/395 par
|-heal|p2a: Gloom|185\/291|[from] drain|[of] p1a: Vaporeon
|move|p1a: Vaporeon|Blizzard|p2a: Gloom
|-supereffective|p2a: Gloom
|-damage|p2a: Gloom|4\/291
|
|turn|41
|choice|move 4|move 4
|
|move|p2a: Gloom|Double-Edge|p1a: Vaporeon
|-damage|p1a: Vaporeon|159\/395 par
|-damage|p2a: Gloom|0 fnt|[from] recoil|[of] p1a: Vaporeon
|faint|p2a: Gloom
|choice||switch 4
|
|switch|p2a: Articuno|Articuno, L79|304\/304 slp
|turn|42
|choice|move 2|move 2
|
|cant|p2a: Articuno|slp
|move|p1a: Vaporeon|Rest|p1a: Vaporeon
|-status|p1a: Vaporeon|slp
|-heal|p1a: Vaporeon|395\/395 slp|[silent]
|-status|p1a: Vaporeon|slp|[from] move: Rest
|
|turn|43
|choice|move 4|move 2
|
|-curestatus|p2a: Articuno|slp
|cant|p1a: Vaporeon|slp
|
|turn|44
|choice|move 4|move 1
|
|move|p2a: Articuno|Reflect|p2a: Articuno
|-start|p2a: Articuno|Reflect
|-curestatus|p1a: Vaporeon|slp
|
|turn|45
|choice|move 4|move 4
|
|move|p2a: Articuno|Blizzard|p1a: Vaporeon
|-resisted|p1a: Vaporeon
|-damage|p1a: Vaporeon|343\/395
|move|p1a: Vaporeon|Blizzard|p2a: Articuno|[miss]
|-miss|p1a: Vaporeon
|
|turn|46
|choice|move 4|move 4
|
|move|p2a: Articuno|Blizzard|p1a: Vaporeon
|-resisted|p1a: Vaporeon
|-damage|p1a: Vaporeon|286\/395
|move|p1a: Vaporeon|Blizzard|p2a: Articuno
|-crit|p2a: Articuno
|-damage|p2a: Articuno|145\/304
|
|turn|47
|choice|move 4|move 4
|
|move|p2a: Articuno|Blizzard|p1a: Vaporeon
|-resisted|p1a: Vaporeon
|-damage|p1a: Vaporeon|227\/395
|move|p1a: Vaporeon|Blizzard|p2a: Articuno
|-damage|p2a: Articuno|63\/304
|
|turn|48
|choice|move 4|move 3
|
|move|p2a: Articuno|Rest|p2a: Articuno
|-status|p2a: Articuno|slp
|-heal|p2a: Articuno|304\/304 slp|[silent]
|-status|p2a: Articuno|slp|[from] move: Rest
|move|p1a: Vaporeon|Blizzard|p2a: Articuno
|-damage|p2a: Articuno|221\/304 slp
|
|turn|49
|choice|move 1|switch 5
|
|switch|p2a: Chansey|Chansey, L79|395\/557 psn
|-damage|p2a: Chansey|361\/557 psn|[from] psn
|move|p1a: Vaporeon|Hydro Pump|p2a: Chansey|[miss]
|-miss|p1a: Vaporeon
|
|turn|50
|choice|move 1|move 2
|
|move|p2a: Chansey|Thunder Wave|p1a: Vaporeon
|-status|p1a: Vaporeon|par
|-damage|p2a: Chansey|327\/557 psn|[from] psn|[of] p1a: Vaporeon
|cant|p1a: Vaporeon|par
|
|turn|51
|choice|move 1|move 1
|
|move|p2a: Chansey|Soft-Boiled|p2a: Chansey
|-heal|p2a: Chansey|557\/557 psn
|-damage|p2a: Chansey|523\/557 psn|[from] psn
|move|p1a: Vaporeon|Hydro Pump|p2a: Chansey
|-damage|p2a: Chansey|383\/557 psn
|
|turn|52
|choice|move 1|move 1
|
|move|p2a: Chansey|Soft-Boiled|p2a: Chansey
|-heal|p2a: Chansey|557\/557 psn
|-damage|p2a: Chansey|523\/557 psn|[from] psn
|move|p1a: Vaporeon|Hydro Pump|p2a: Chansey
|-damage|p2a: Chansey|386\/557 psn
|
|turn|53
|choice|move 1|switch 5
|
|switch|p2a: Articuno|Articuno, L79|221\/304 slp
|move|p1a: Vaporeon|Hydro Pump|p2a: Articuno
|-crit|p2a: Articuno
|-damage|p2a: Articuno|8\/304 slp
|
|turn|54
|choice|move 3|move 3
|
|cant|p2a: Articuno|slp
|cant|p1a: Vaporeon|par
|
|turn|55
|choice|move 3|move 3
|
|-curestatus|p2a: Articuno|slp
|cant|p1a: Vaporeon|par
|
|turn|56
|choice|move 3|move 3
|
|move|p2a: Articuno|Rest|p2a: Articuno
|-status|p2a: Articuno|slp
|-heal|p2a: Articuno|304\/304 slp|[silent]
|-status|p2a: Articuno|slp|[from] move: Rest
|move|p1a: Vaporeon|Surf|p2a: Articuno
|-damage|p2a: Articuno|204\/304 slp
|
|turn|57
|choice|move 1|move 3
|
|cant|p2a: Articuno|slp
|cant|p1a: Vaporeon|par
|
|turn|58
|choice|move 1|move 3
|
|-curestatus|p2a: Articuno|slp
|move|p1a: Vaporeon|Hydro Pump|p2a: Articuno
|-crit|p2a: Articuno
|-damage|p2a: Articuno|0 fnt
|faint|p2a: Articuno
|choice||switch 5
|
|switch|p2a: Chansey|Chansey, L79|386\/557 psn
|turn|59
|choice|move 2|move 1
|
|move|p2a: Chansey|Soft-Boiled|p2a: Chansey
|-heal|p2a: Chansey|557\/557 psn
|-damage|p2a: Chansey|523\/557 psn|[from] psn
|move|p1a: Vaporeon|Rest|p1a: Vaporeon
|-status|p1a: Vaporeon|slp
|-heal|p1a: Vaporeon|395\/395 slp|[silent]
|-status|p1a: Vaporeon|slp|[from] move: Rest
|
|turn|60
|choice|move 1|move 4
|
|move|p2a: Chansey|Reflect|p2a: Chansey
|-start|p2a: Chansey|Reflect
|-damage|p2a: Chansey|489\/557 psn|[from] psn
|cant|p1a: Vaporeon|slp
|
|turn|61
|choice|move 1|move 3
|
|-curestatus|p1a: Vaporeon|slp
|move|p2a: Chansey|Counter|p1a: Vaporeon
|-fail|p2a: Chansey
|-damage|p2a: Chansey|455\/557 psn|[from] psn|[of] p1a: Vaporeon
|
|turn|62
|choice|move 1|move 2
|
|move|p2a: Chansey|Thunder Wave|p1a: Vaporeon
|-status|p1a: Vaporeon|par
|-damage|p2a: Chansey|421\/557 psn|[from] psn|[of] p1a: Vaporeon
|move|p1a: Vaporeon|Hydro Pump|p2a: Chansey
|-damage|p2a: Chansey|290\/557 psn
|
|turn|63
|choice|move 3|move 1
|
|move|p2a: Chansey|Soft-Boiled|p2a: Chansey
|-heal|p2a: Chansey|557\/557 psn
|-damage|p2a: Chansey|523\/557 psn|[from] psn
|cant|p1a: Vaporeon|par
|
|turn|64
|choice|move 3|move 3
|
|cant|p1a: Vaporeon|par
|move|p2a: Chansey|Counter|p1a: Vaporeon
|-fail|p2a: Chansey
|-damage|p2a: Chansey|489\/557 psn|[from] psn|[of] p1a: Vaporeon
|
|turn|65
|choice|move 3|move 3
|
|cant|p1a: Vaporeon|par
|move|p2a: Chansey|Counter|p1a: Vaporeon
|-fail|p2a: Chansey
|-damage|p2a: Chansey|455\/557 psn|[from] psn|[of] p1a: Vaporeon
|
|turn|66
|choice|move 3|move 3
|
|move|p1a: Vaporeon|Surf|p2a: Chansey
|-damage|p2a: Chansey|357\/557 psn
|move|p2a: Chansey|Counter|p1a: Vaporeon
|-fail|p2a: Chansey
|-damage|p2a: Chansey|323\/557 psn|[from] psn|[of] p1a: Vaporeon
|
|turn|67
|choice|move 3|move 1
|
|move|p2a: Chansey|Soft-Boiled|p2a: Chansey
|-heal|p2a: Chansey|557\/557 psn
|-damage|p2a: Chansey|523\/557 psn|[from] psn
|move|p1a: Vaporeon|Surf|p2a: Chansey
|-damage|p2a: Chansey|416\/557 psn
|
|turn|68
|choice|move 2|move 3
|
|move|p1a: Vaporeon|Rest|p1a: Vaporeon
|-fail|p1a: Vaporeon
|move|p2a: Chansey|Counter|p1a: Vaporeon
|-fail|p2a: Chansey
|-damage|p2a: Chansey|382\/557 psn|[from] psn|[of] p1a: Vaporeon
|
|turn|69
|choice|move 2|move 3
|
|move|p1a: Vaporeon|Rest|p1a: Vaporeon
|-fail|p1a: Vaporeon
|move|p2a: Chansey|Counter|p1a: Vaporeon
|-fail|p2a: Chansey
|-damage|p2a: Chansey|348\/557 psn|[from] psn|[of] p1a: Vaporeon
|
|turn|70
|choice|move 2|move 3
|
|move|p1a: Vaporeon|Rest|p1a: Vaporeon
|-fail|p1a: Vaporeon
|move|p2a: Chansey|Counter|p1a: Vaporeon
|-fail|p2a: Chansey
|-damage|p2a: Chansey|314\/557 psn|[from] psn|[of] p1a: Vaporeon
|
|turn|71
|choice|move 2|move 1
|
|move|p2a: Chansey|Soft-Boiled|p2a: Chansey
|-heal|p2a: Chansey|557\/557 psn
|-damage|p2a: Chansey|523\/557 psn|[from] psn
|move|p1a: Vaporeon|Rest|p1a: Vaporeon
|-fail|p1a: Vaporeon
|
|turn|72
|choice|move 2|move 3
|
|move|p1a: Vaporeon|Rest|p1a: Vaporeon
|-fail|p1a: Vaporeon
|move|p2a: Chansey|Counter|p1a: Vaporeon
|-fail|p2a: Chansey
|-damage|p2a: Chansey|489\/557 psn|[from] psn|[of] p1a: Vaporeon
|
|turn|73
|choice|move 2|move 3
|
|move|p1a: Vaporeon|Rest|p1a: Vaporeon
|-fail|p1a: Vaporeon
|move|p2a: Chansey|Counter|p1a: Vaporeon
|-fail|p2a: Chansey
|-damage|p2a: Chansey|455\/557 psn|[from] psn|[of] p1a: Vaporeon
|
|turn|74
|choice|move 2|move 3
|
|cant|p1a: Vaporeon|par
|move|p2a: Chansey|Counter|p1a: Vaporeon
|-fail|p2a: Chansey
|-damage|p2a: Chansey|421\/557 psn|[from] psn|[of] p1a: Vaporeon
|
|turn|75
|choice|move 2|move 3
|
|cant|p1a: Vaporeon|par
|move|p2a: Chansey|Counter|p1a: Vaporeon
|-fail|p2a: Chansey
|-damage|p2a: Chansey|387\/557 psn|[from] psn|[of] p1a: Vaporeon
|
|turn|76
|choice|move 2|move 3
|
|move|p1a: Vaporeon|Rest|p1a: Vaporeon
|-fail|p1a: Vaporeon
|move|p2a: Chansey|Counter|p1a: Vaporeon
|-fail|p2a: Chansey
|-damage|p2a: Chansey|353\/557 psn|[from] psn|[of] p1a: Vaporeon
|
|turn|77
|choice|move 3|move 3
|
|move|p1a: Vaporeon|Surf|p2a: Chansey
|-damage|p2a: Chansey|248\/557 psn
|move|p2a: Chansey|Counter|p1a: Vaporeon
|-fail|p2a: Chansey
|-damage|p2a: Chansey|214\/557 psn|[from] psn|[of] p1a: Vaporeon
|
|turn|78
|choice|move 3|move 1
|
|move|p2a: Chansey|Soft-Boiled|p2a: Chansey
|-heal|p2a: Chansey|492\/557 psn
|-damage|p2a: Chansey|458\/557 psn|[from] psn
|cant|p1a: Vaporeon|par
|
|turn|79
|choice|move 3|move 3
|
|move|p1a: Vaporeon|Surf|p2a: Chansey
|-damage|p2a: Chansey|351\/557 psn
|move|p2a: Chansey|Counter|p1a: Vaporeon
|-fail|p2a: Chansey
|-damage|p2a: Chansey|317\/557 psn|[from] psn|[of] p1a: Vaporeon
|
|turn|80
|choice|move 3|move 3
|
|move|p1a: Vaporeon|Surf|p2a: Chansey
|-damage|p2a: Chansey|215\/557 psn
|move|p2a: Chansey|Counter|p1a: Vaporeon
|-fail|p2a: Chansey
|-damage|p2a: Chansey|181\/557 psn|[from] psn|[of] p1a: Vaporeon
|
|turn|81
|choice|move 3|move 1
|
|move|p2a: Chansey|Soft-Boiled|p2a: Chansey
|-heal|p2a: Chansey|459\/557 psn
|-damage|p2a: Chansey|425\/557 psn|[from] psn
|move|p1a: Vaporeon|Surf|p2a: Chansey
|-damage|p2a: Chansey|316\/557 psn
|
|turn|82
|choice|move 3|move 3
|
|move|p1a: Vaporeon|Surf|p2a: Chansey
|-damage|p2a: Chansey|203\/557 psn
|move|p2a: Chansey|Counter|p1a: Vaporeon
|-fail|p2a: Chansey
|-damage|p2a: Chansey|169\/557 psn|[from] psn|[of] p1a: Vaporeon
|
|turn|83
|choice|move 3|move 1
|
|move|p2a: Chansey|Soft-Boiled|p2a: Chansey
|-heal|p2a: Chansey|447\/557 psn
|-damage|p2a: Chansey|413\/557 psn|[from] psn
|move|p1a: Vaporeon|Surf|p2a: Chansey
|-crit|p2a: Chansey
|-damage|p2a: Chansey|211\/557 psn
|
|turn|84
|choice|move 3|move 1
|
|move|p2a: Chansey|Soft-Boiled|p2a: Chansey
|-heal|p2a: Chansey|489\/557 psn
|-damage|p2a: Chansey|455\/557 psn|[from] psn
|move|p1a: Vaporeon|Surf|p2a: Chansey
|-damage|p2a: Chansey|353\/557 psn
|
|turn|85
|choice|move 2|move 2
|
|move|p2a: Chansey|Thunder Wave|p1a: Vaporeon
|-fail|p1a: Vaporeon|par
|-damage|p2a: Chansey|319\/557 psn|[from] psn|[of] p1a: Vaporeon
|move|p1a: Vaporeon|Rest|p1a: Vaporeon
|-fail|p1a: Vaporeon
|
|turn|86
|choice|move 2|move 4
|
|move|p2a: Chansey|Reflect|p2a: Chansey
|-fail|p2a: Chansey
|-damage|p2a: Chansey|285\/557 psn|[from] psn
|move|p1a: Vaporeon|Rest|p1a: Vaporeon
|-fail|p1a: Vaporeon
|
|turn|87
|choice|move 3|move 2
|
|move|p2a: Chansey|Thunder Wave|p1a: Vaporeon
|-fail|p1a: Vaporeon|par
|-damage|p2a: Chansey|251\/557 psn|[from] psn|[of] p1a: Vaporeon
|cant|p1a: Vaporeon|par
|
|turn|88
|choice|move 3|move 1
|
|move|p2a: Chansey|Soft-Boiled|p2a: Chansey
|-heal|p2a: Chansey|529\/557 psn
|-damage|p2a: Chansey|495\/557 psn|[from] psn
|move|p1a: Vaporeon|Surf|p2a: Chansey
|-crit|p2a: Chansey
|-damage|p2a: Chansey|289\/557 psn
|
|turn|89
|choice|move 3|move 4
|
|move|p2a: Chansey|Reflect|p2a: Chansey
|-fail|p2a: Chansey
|-damage|p2a: Chansey|255\/557 psn|[from] psn
|move|p1a: Vaporeon|Surf|p2a: Chansey
|-damage|p2a: Chansey|149\/557 psn
|
|turn|90
|choice|move 3|move 1
|
|move|p2a: Chansey|Soft-Boiled|p2a: Chansey
|-heal|p2a: Chansey|427\/557 psn
|-damage|p2a: Chansey|393\/557 psn|[from] psn
|cant|p1a: Vaporeon|par
|
|turn|91
|choice|move 2|move 2
|
|move|p2a: Chansey|Thunder Wave|p1a: Vaporeon
|-fail|p1a: Vaporeon|par
|-damage|p2a: Chansey|359\/557 psn|[from] psn|[of] p1a: Vaporeon
|cant|p1a: Vaporeon|par
|
|turn|92
|choice|move 3|move 2
|
|move|p2a: Chansey|Thunder Wave|p1a: Vaporeon
|-fail|p1a: Vaporeon|par
|-damage|p2a: Chansey|325\/557 psn|[from] psn|[of] p1a: Vaporeon
|cant|p1a: Vaporeon|par
|
|turn|93
|choice|move 3|move 4
|
|move|p2a: Chansey|Reflect|p2a: Chansey
|-fail|p2a: Chansey
|-damage|p2a: Chansey|291\/557 psn|[from] psn
|move|p1a: Vaporeon|Surf|p2a: Chansey
|-damage|p2a: Chansey|178\/557 psn
|
|turn|94
|choice|move 3|move 1
|
|move|p2a: Chansey|Soft-Boiled|p2a: Chansey
|-heal|p2a: Chansey|456\/557 psn
|-damage|p2a: Chansey|422\/557 psn|[from] psn
|cant|p1a: Vaporeon|par
|
|turn|95
|choice|move 3|move 4
|
|move|p2a: Chansey|Reflect|p2a: Chansey
|-fail|p2a: Chansey
|-damage|p2a: Chansey|388\/557 psn|[from] psn
|cant|p1a: Vaporeon|par
|
|turn|96
|choice|move 3|move 4
|
|move|p2a: Chansey|Reflect|p2a: Chansey
|-fail|p2a: Chansey
|-damage|p2a: Chansey|354\/557 psn|[from] psn
|move|p1a: Vaporeon|Surf|p2a: Chansey
|-damage|p2a: Chansey|249\/557 psn
|
|turn|97
|choice|move 3|move 4
|
|move|p2a: Chansey|Reflect|p2a: Chansey
|-fail|p2a: Chansey
|-damage|p2a: Chansey|215\/557 psn|[from] psn
|cant|p1a: Vaporeon|par
|
|turn|98
|choice|move 3|move 4
|
|move|p2a: Chansey|Reflect|p2a: Chansey
|-fail|p2a: Chansey
|-damage|p2a: Chansey|181\/557 psn|[from] psn
|move|p1a: Vaporeon|Surf|p2a: Chansey
|-damage|p2a: Chansey|78\/557 psn
|
|turn|99
|choice|move 2|move 4
|
|move|p2a: Chansey|Reflect|p2a: Chansey
|-fail|p2a: Chansey
|-damage|p2a: Chansey|44\/557 psn|[from] psn
|move|p1a: Vaporeon|Rest|p1a: Vaporeon
|-fail|p1a: Vaporeon
|
|turn|100
|choice|move 3|move 4
|
|move|p2a: Chansey|Reflect|p2a: Chansey
|-fail|p2a: Chansey
|-damage|p2a: Chansey|10\/557 psn|[from] psn
|move|p1a: Vaporeon|Surf|p2a: Chansey
|-crit|p2a: Chansey
|-damage|p2a: Chansey|0 fnt
|faint|p2a: Chansey
|
|win|DerDerMitchHeist
|leave|kwikwik
|player|p2
|raw|DerDerMitchHeist's rating: 1084 &rarr; <strong>1129<\/strong><br \/>(+45 for winning)
|raw|kwikwik's rating: 1355 &rarr; <strong>1322<\/strong><br \/>(-33 for losing)