|join|jynx2000
|join|Minduim
|player|p1|jynx2000|2
|player|p2|Minduim|151
|gametype|singles
|gen|1
|tier|[Gen 1] Random Battle
|rated
|seed|26520,22415,54770,12818
|rule|Sleep Clause Mod: Limit one foe put to sleep
|rule|Freeze Clause Mod: Limit one foe frozen
|rule|HP Percentage Mod: HP is shown in percentages
|
|start
|switch|p1a: Spearow|Spearow, L96|272\/272
|switch|p2a: Hitmonchan|Hitmonchan, L90|273\/273
|turn|1
|choice|move 4|move 2
|
|move|p1a: Spearow|Drill Peck|p2a: Hitmonchan
|-supereffective|p2a: Hitmonchan
|-damage|p2a: Hitmonchan|118\/273
|move|p2a: Hitmonchan|Counter|p1a: Spearow
|-fail|p2a: Hitmonchan
|
|turn|2
|choice|move 4|switch 6
|
|switch|p2a: Zapdos|Zapdos, L79|304\/304
|move|p1a: Spearow|Drill Peck|p2a: Zapdos
|-resisted|p2a: Zapdos
|-damage|p2a: Zapdos|259\/304
|
|turn|3
|choice|switch 4|move 1
|
|switch|p1a: Golem|Golem, L79|288\/288
|move|p2a: Zapdos|Agility|p2a: Zapdos
|-boost|p2a: Zapdos|spe|2
|
|turn|4
|choice|move 1|switch 2
|
|switch|p2a: Dugtrio|Dugtrio, L85|233\/233
|move|p1a: Golem|Earthquake|p2a: Dugtrio
|-damage|p2a: Dugtrio|88\/233
|
|turn|5
|choice|switch 4|move 4
|
|switch|p1a: Spearow|Spearow, L96|272\/272
|move|p2a: Dugtrio|Substitute|p2a: Dugtrio
|-start|p2a: Dugtrio|Substitute
|-damage|p2a: Dugtrio|30\/233
|
|turn|6
|choice|move 4|move 2
|
|move|p2a: Dugtrio|Slash|p1a: Spearow
|-crit|p1a: Spearow
|-damage|p1a: Spearow|138\/272
|move|p1a: Spearow|Drill Peck|p2a: Dugtrio
|-end|p2a: Dugtrio|Substitute
|
|turn|7
|choice|move 4|move 2
|
|move|p2a: Dugtrio|Slash|p1a: Spearow
|-crit|p1a: Spearow
|-damage|p1a: Spearow|0 fnt
|faint|p1a: Spearow
|choice|switch 3|
|
|switch|p1a: Moltres|Moltres, L85|327\/327
|turn|8
|choice|move 1|move 2
|
|move|p2a: Dugtrio|Slash|p1a: Moltres
|-crit|p1a: Moltres
|-damage|p1a: Moltres|242\/327
|move|p1a: Moltres|Fire Blast|p2a: Dugtrio
|-damage|p2a: Dugtrio|0 fnt
|faint|p2a: Dugtrio
|choice||switch 3
|
|switch|p2a: Slowbro|Slowbro, L79|312\/312
|turn|9
|choice|switch 2|move 1
|
|switch|p1a: Mewtwo|Mewtwo, L68|285\/285
|move|p2a: Slowbro|Amnesia|p2a: Slowbro
|-boost|p2a: Slowbro|spd|2
|-boost|p2a: Slowbro|spa|2
|
|turn|10
|choice|move 2|move 2
|
|move|p1a: Mewtwo|Amnesia|p1a: Mewtwo
|-boost|p1a: Mewtwo|spd|2
|-boost|p1a: Mewtwo|spa|2
|move|p2a: Slowbro|Thunder Wave|p1a: Mewtwo
|-status|p1a: Mewtwo|par
|
|turn|11
|choice|move 2|move 4
|
|move|p2a: Slowbro|Surf|p1a: Mewtwo
|-damage|p1a: Mewtwo|222\/285 par
|move|p1a: Mewtwo|Amnesia|p1a: Mewtwo
|-boost|p1a: Mewtwo|spd|2
|-boost|p1a: Mewtwo|spa|2
|
|turn|12
|choice|move 3|switch 2
|
|switch|p2a: Zapdos|Zapdos, L79|259\/304
|move|p1a: Mewtwo|Body Slam|p2a: Zapdos
|-damage|p2a: Zapdos|210\/304
|-status|p2a: Zapdos|par
|
|turn|13
|choice|move 1|move 3
|
|move|p1a: Mewtwo|Psychic|p2a: Zapdos
|-crit|p2a: Zapdos
|-damage|p2a: Zapdos|64\/304 par
|move|p2a: Zapdos|Drill Peck|p1a: Mewtwo
|-damage|p1a: Mewtwo|141\/285 par
|
|turn|14
|choice|move 1|move 3
|
|cant|p1a: Mewtwo|par
|move|p2a: Zapdos|Drill Peck|p1a: Mewtwo
|-crit|p1a: Mewtwo
|-damage|p1a: Mewtwo|0 fnt
|faint|p1a: Mewtwo
|choice|switch 5|
|
|switch|p1a: Arbok|Arbok, L90|291\/291
|turn|15
|choice|move 3|move 2
|
|move|p1a: Arbok|Rock Slide|p2a: Zapdos
|-supereffective|p2a: Zapdos
|-damage|p2a: Zapdos|0 fnt
|faint|p2a: Zapdos
|choice||switch 6
|
|switch|p2a: Hitmonchan|Hitmonchan, L90|118\/273
|turn|16
|choice|move 4|move 2
|
|move|p1a: Arbok|Hyper Beam|p2a: Hitmonchan
|-damage|p2a: Hitmonchan|14\/273
|move|p2a: Hitmonchan|Counter|p1a: Arbok
|-damage|p1a: Arbok|83\/291
|
|turn|17
|-mustrecharge|p1a: Arbok
|-mustrecharge|p1a: Arbok
|choice|move 1|move 1
|
|cant|p1a: Arbok|recharge
|move|p2a: Hitmonchan|Seismic Toss|p1a: Arbok
|-damage|p1a: Arbok|0 fnt
|faint|p1a: Arbok
|choice|switch 2|
|
|switch|p1a: Moltres|Moltres, L85|242\/327
|turn|18
|choice|move 1|move 3
|
|move|p1a: Moltres|Fire Blast|p2a: Hitmonchan
|-damage|p2a: Hitmonchan|0 fnt
|faint|p2a: Hitmonchan
|choice||switch 2
|
|switch|p2a: Slowbro|Slowbro, L79|312\/312
|turn|19
|choice|move 1|move 1
|
|move|p1a: Moltres|Fire Blast|p2a: Slowbro
|-resisted|p2a: Slowbro
|-damage|p2a: Slowbro|220\/312
|move|p2a: Slowbro|Amnesia|p2a: Slowbro
|-boost|p2a: Slowbro|spd|2
|-boost|p2a: Slowbro|spa|2
|
|turn|20
|choice|move 2|move 4
|
|move|p1a: Moltres|Substitute|p1a: Moltres
|-start|p1a: Moltres|Substitute
|-damage|p1a: Moltres|161\/327
|move|p2a: Slowbro|Surf|p1a: Moltres
|-supereffective|p1a: Moltres
|-end|p1a: Moltres|Substitute
|
|turn|21
|choice|move 4|move 4
|
|move|p1a: Moltres|Hyper Beam|p2a: Slowbro
|-damage|p2a: Slowbro|117\/312
|move|p2a: Slowbro|Surf|p1a: Moltres
|-supereffective|p1a: Moltres
|-damage|p1a: Moltres|0 fnt
|faint|p1a: Moltres
|choice|switch 4|
|
|switch|p1a: Golem|Golem, L79|288\/288
|turn|22
|choice|move 1|move 4
|
|move|p1a: Golem|Earthquake|p2a: Slowbro
|-damage|p2a: Slowbro|23\/312
|move|p2a: Slowbro|Surf|p1a: Golem
|-supereffective|p1a: Golem
|-damage|p1a: Golem|0 fnt
|faint|p1a: Golem
|choice|switch 6|
|
|switch|p1a: Nidorino|Nidorino, L90|293\/293
|turn|23
|choice|move 3|move 3
|
|move|p1a: Nidorino|Thunderbolt|p2a: Slowbro
|-supereffective|p2a: Slowbro
|-damage|p2a: Slowbro|0 fnt
|faint|p2a: Slowbro
|choice||switch 4
|
|switch|p2a: Muk|Muk, L90|372\/372
|turn|24
|-message|jynx2000 forfeited.
|
|win|Minduim
|leave|jynx2000
|player|p1