|join|kid gf lol
|join|Zuubraz
|player|p1|kid gf lol|167
|player|p2|Zuubraz|284
|gametype|singles
|gen|1
|tier|[Gen 1] OU (beta)
|rated
|rule|Sleep Clause Mod: Limit one foe put to sleep
|rule|Species Clause: Limit one of each Pokemon
|rule|OHKO Clause: OHKO moves are banned
|rule|Moody Clause: Moody is banned
|rule|Evasion Moves Clause: Evasion moves are banned
|rule|Endless Battle Clause: Forcing endless battles is banned.
|rule|HP Percentage Mod: HP is reported as percentages
|
|start
|switch|p1a: Zam Lead|Alakazam|313\/313
|switch|p2a: Starmie|Starmie|323\/323
|turn|1
|
|switch|p1a: Wall Gal|Chansey|703\/703
|move|p2a: Starmie|Thunder Wave|p1a: Wall Gal
|-status|p1a: Wall Gal|par
|
|turn|2
|
|switch|p2a: Golem|Golem|363\/363
|cant|p1a: Wall Gal|par
|
|turn|3
|
|switch|p1a: Multi Purpose Guy|Exeggutor|393\/393
|move|p2a: Golem|Earthquake|p1a: Multi Purpose Guy
|-resisted|p1a: Multi Purpose Guy
|-damage|p1a: Multi Purpose Guy|321\/393
|
|turn|4
|
|move|p1a: Multi Purpose Guy|Sleep Powder|p2a: Golem
|-status|p2a: Golem|slp
|cant|p2a: Golem|slp
|
|turn|5
|
|switch|p2a: Chansey|Chansey|703\/703
|move|p1a: Multi Purpose Guy|Mega Drain|p2a: Chansey
|-damage|p2a: Chansey|650\/703
|-heal|p1a: Multi Purpose Guy|348\/393|[from] drain|[of] p2a: Chansey
|
|turn|6
|
|switch|p1a: Wall Gal|Chansey|703\/703 par
|move|p2a: Chansey|Thunder Wave|p1a: Wall Gal
|-fail|p1a: Wall Gal|par
|
|turn|7
|
|switch|p2a: Tauros|Tauros|353\/353
|move|p1a: Wall Gal|Ice Beam|p2a: Tauros
|-damage|p2a: Tauros|250\/353
|
|turn|8
|
|move|p2a: Tauros|Body Slam|p1a: Wall Gal
|-damage|p1a: Wall Gal|444\/703 par
|cant|p1a: Wall Gal|par
|
|turn|9
|
|switch|p1a: Patrick|Cloyster|303\/303
|move|p2a: Tauros|Body Slam|p1a: Patrick
|-damage|p1a: Patrick|233\/303
|-status|p1a: Patrick|par
|
|turn|10
|
|switch|p2a: Starmie|Starmie|323\/323
|move|p1a: Patrick|Blizzard|p2a: Starmie
|-resisted|p2a: Starmie
|-damage|p2a: Starmie|260\/323
|
|turn|11
|
|switch|p1a: Wall Gal|Chansey|444\/703 par
|move|p2a: Starmie|Ice Beam|p1a: Wall Gal
|-damage|p1a: Wall Gal|377\/703 par
|
|turn|12
|
|switch|p2a: Golem|Golem|363\/363 slp
|cant|p1a: Wall Gal|par
|
|turn|13
|
|switch|p2a: Starmie|Starmie|260\/323
|cant|p1a: Wall Gal|par
|
|turn|14
|
|switch|p2a: Tauros|Tauros|250\/353
|move|p1a: Wall Gal|Thunderbolt|p2a: Tauros
|-damage|p2a: Tauros|148\/353
|
|turn|15
|
|switch|p1a: Patrick|Cloyster|233\/303 par
|move|p2a: Tauros|Earthquake|p1a: Patrick
|-damage|p1a: Patrick|180\/303 par
|
|turn|16
|
|move|p2a: Tauros|Body Slam|p1a: Patrick
|-damage|p1a: Patrick|118\/303 par
|move|p1a: Patrick|Blizzard|p2a: Tauros
|-damage|p2a: Tauros|0 fnt
|faint|p2a: Tauros
|
|
|switch|p2a: Alakazam|Alakazam|313\/313
|turn|17
|
|move|p2a: Alakazam|Psychic|p1a: Patrick
|-crit|p1a: Patrick
|-damage|p1a: Patrick|0 fnt
|faint|p1a: Patrick
|
|
|switch|p1a: Zam Lead|Alakazam|313\/313
|turn|18
|
|move|p1a: Zam Lead|Seismic Toss|p2a: Alakazam
|-damage|p2a: Alakazam|213\/313
|move|p2a: Alakazam|Thunder Wave|p1a: Zam Lead
|-status|p1a: Zam Lead|par
|
|turn|19
|
|move|p2a: Alakazam|Seismic Toss|p1a: Zam Lead
|-damage|p1a: Zam Lead|213\/313 par
|move|p1a: Zam Lead|Seismic Toss|p2a: Alakazam
|-damage|p2a: Alakazam|113\/313
|
|turn|20
|
|move|p2a: Alakazam|Seismic Toss|p1a: Zam Lead
|-damage|p1a: Zam Lead|113\/313 par
|move|p1a: Zam Lead|Thunder Wave|p2a: Alakazam
|-status|p2a: Alakazam|par
|
|turn|21
|
|move|p1a: Zam Lead|Recover|p1a: Zam Lead
|-heal|p1a: Zam Lead|269\/313 par
|move|p2a: Alakazam|Seismic Toss|p1a: Zam Lead
|-damage|p1a: Zam Lead|169\/313 par
|
|turn|22
|
|move|p2a: Alakazam|Seismic Toss|p1a: Zam Lead
|-damage|p1a: Zam Lead|69\/313 par
|cant|p1a: Zam Lead|par
|
|turn|23
|
|move|p1a: Zam Lead|Recover|p1a: Zam Lead
|-heal|p1a: Zam Lead|225\/313 par
|move|p2a: Alakazam|Seismic Toss|p1a: Zam Lead
|-damage|p1a: Zam Lead|125\/313 par
|
|turn|24
|
|move|p2a: Alakazam|Seismic Toss|p1a: Zam Lead
|-damage|p1a: Zam Lead|25\/313 par
|move|p1a: Zam Lead|Seismic Toss|p2a: Alakazam
|-damage|p2a: Alakazam|13\/313 par
|
|turn|25
|
|switch|p1a: Strong Guy|Tauros|353\/353
|move|p2a: Alakazam|Seismic Toss|p1a: Strong Guy
|-damage|p1a: Strong Guy|253\/353
|
|turn|26
|
|move|p1a: Strong Guy|Body Slam|p2a: Alakazam
|-damage|p2a: Alakazam|0 fnt
|faint|p2a: Alakazam
|
|
|switch|p2a: Starmie|Starmie|260\/323
|turn|27
|
|switch|p1a: Wall Gal|Chansey|377\/703 par
|move|p2a: Starmie|Thunder Wave|p1a: Wall Gal
|-fail|p1a: Wall Gal|par
|
|turn|28
|
|switch|p2a: Gengar|Gengar|323\/323
|move|p1a: Wall Gal|Thunder Wave|p2a: Gengar|[miss]
|-miss|p1a: Wall Gal
|
|turn|29
|
|switch|p1a: Multi Purpose Guy|Exeggutor|348\/393
|move|p2a: Gengar|Confuse Ray|p1a: Multi Purpose Guy
|-start|p1a: Multi Purpose Guy|confusion
|
|turn|30
|
|switch|p2a: Chansey|Chansey|650\/703
|-activate|p1a: Multi Purpose Guy|confusion
|move|p1a: Multi Purpose Guy|Psychic|p2a: Chansey
|-crit|p2a: Chansey
|-damage|p2a: Chansey|397\/703
|
|turn|31
|
|-activate|p1a: Multi Purpose Guy|confusion
|-damage|p1a: Multi Purpose Guy|314\/393|[from] confusion
|move|p2a: Chansey|Ice Beam|p1a: Multi Purpose Guy
|-supereffective|p1a: Multi Purpose Guy
|-damage|p1a: Multi Purpose Guy|191\/393
|
|turn|32
|
|-activate|p1a: Multi Purpose Guy|confusion
|-damage|p1a: Multi Purpose Guy|156\/393|[from] confusion
|move|p2a: Chansey|Thunder Wave|p1a: Multi Purpose Guy
|-status|p1a: Multi Purpose Guy|par
|
|turn|33
|
|switch|p1a: Wall Gal|Chansey|377\/703 par
|move|p2a: Chansey|Ice Beam|p1a: Wall Gal
|-damage|p1a: Wall Gal|309\/703 par
|
|turn|34
|
|switch|p2a: Gengar|Gengar|323\/323
|move|p1a: Wall Gal|Soft-Boiled|p1a: Wall Gal
|-heal|p1a: Wall Gal|660\/703 par
|
|turn|35
|
|switch|p1a: Multi Purpose Guy|Exeggutor|156\/393 par
|move|p2a: Gengar|Confuse Ray|p1a: Multi Purpose Guy
|-start|p1a: Multi Purpose Guy|confusion
|
|turn|36
|
|switch|p2a: Starmie|Starmie|260\/323
|-activate|p1a: Multi Purpose Guy|confusion
|move|p1a: Multi Purpose Guy|Psychic|p2a: Starmie
|-resisted|p2a: Starmie
|-damage|p2a: Starmie|201\/323
|-unboost|p2a: Starmie|spd|1
|-unboost|p2a: Starmie|spa|1
|
|turn|37
|
|switch|p1a: Wall Gal|Chansey|660\/703 par
|move|p2a: Starmie|Ice Beam|p1a: Wall Gal
|-crit|p1a: Wall Gal
|-damage|p1a: Wall Gal|520\/703 par
|
|turn|38
|
|switch|p2a: Gengar|Gengar|323\/323
|move|p1a: Wall Gal|Ice Beam|p2a: Gengar
|-damage|p2a: Gengar|258\/323
|
|turn|39
|
|move|p2a: Gengar|Confuse Ray|p1a: Wall Gal
|-start|p1a: Wall Gal|confusion
|-activate|p1a: Wall Gal|confusion
|-damage|p1a: Wall Gal|491\/703 par|[from] confusion
|
|turn|40
|
|move|p2a: Gengar|Mega Drain|p1a: Wall Gal
|-damage|p1a: Wall Gal|451\/703 par
|-heal|p2a: Gengar|278\/323|[from] drain|[of] p1a: Wall Gal
|-activate|p1a: Wall Gal|confusion
|-damage|p1a: Wall Gal|420\/703 par|[from] confusion
|
|turn|41
|
|switch|p1a: Multi Purpose Guy|Exeggutor|156\/393 par
|move|p2a: Gengar|Explosion|p1a: Multi Purpose Guy
|-damage|p1a: Multi Purpose Guy|0 fnt
|faint|p1a: Multi Purpose Guy
|faint|p2a: Gengar
|
|switch|p2a: Starmie|Starmie|201\/323
|switch|p1a: Wall Gal|Chansey|420\/703 par
|turn|42
|
|move|p2a: Starmie|Surf|p1a: Wall Gal
|-damage|p1a: Wall Gal|313\/703 par
|move|p1a: Wall Gal|Ice Beam|p2a: Starmie
|-resisted|p2a: Starmie
|-damage|p2a: Starmie|164\/323
|
|turn|43
|
|move|p2a: Starmie|Surf|p1a: Wall Gal
|-crit|p1a: Wall Gal
|-damage|p1a: Wall Gal|100\/703 par
|move|p1a: Wall Gal|Thunderbolt|p2a: Starmie
|-supereffective|p2a: Starmie
|-damage|p2a: Starmie|10\/323
|
|turn|44
|
|switch|p1a: Zam Lead|Alakazam|25\/313 par
|move|p2a: Starmie|Surf|p1a: Zam Lead
|-damage|p1a: Zam Lead|0 fnt
|faint|p1a: Zam Lead
|
|
|switch|p1a: Strong Guy|Tauros|253\/353
|turn|45
|
|move|p2a: Starmie|Thunder Wave|p1a: Strong Guy
|-status|p1a: Strong Guy|par
|move|p1a: Strong Guy|Body Slam|p2a: Starmie
|-damage|p2a: Starmie|0 fnt
|faint|p2a: Starmie
|
|
|switch|p2a: Golem|Golem|363\/363 slp
|turn|46
|
|cant|p2a: Golem|slp
|move|p1a: Strong Guy|Blizzard|p2a: Golem
|-crit|p2a: Golem
|-supereffective|p2a: Golem
|-damage|p2a: Golem|0 fnt
|faint|p2a: Golem
|
|
|switch|p2a: Chansey|Chansey|397\/703
|turn|47
|
|move|p2a: Chansey|Ice Beam|p1a: Strong Guy
|-damage|p1a: Strong Guy|156\/353 par
|move|p1a: Strong Guy|Body Slam|p2a: Chansey
|-damage|p2a: Chansey|132\/703
|
|turn|48
|
|move|p2a: Chansey|Soft-Boiled|p2a: Chansey
|-heal|p2a: Chansey|483\/703
|cant|p1a: Strong Guy|par
|
|turn|49
|
|move|p2a: Chansey|Ice Beam|p1a: Strong Guy
|-damage|p1a: Strong Guy|63\/353 par
|move|p1a: Strong Guy|Body Slam|p2a: Chansey
|-damage|p2a: Chansey|218\/703
|
|turn|50
|
|move|p2a: Chansey|Soft-Boiled|p2a: Chansey
|-heal|p2a: Chansey|569\/703
|move|p1a: Strong Guy|Hyper Beam|p2a: Chansey
|-damage|p2a: Chansey|78\/703
|
|turn|51
|
|move|p2a: Chansey|Soft-Boiled|p2a: Chansey
|-heal|p2a: Chansey|429\/703
|cant|p1a: Strong Guy|recharge
|
|turn|52
|
|move|p2a: Chansey|Ice Beam|p1a: Strong Guy
|-damage|p1a: Strong Guy|0 fnt
|faint|p1a: Strong Guy
|
|
|switch|p1a: TNT|Golem|363\/363
|turn|53
|
|move|p2a: Chansey|Ice Beam|p1a: TNT
|-crit|p1a: TNT
|-supereffective|p1a: TNT
|-damage|p1a: TNT|0 fnt
|faint|p1a: TNT
|
|chat|kid gf lol|bs
|
|switch|p1a: Wall Gal|Chansey|100\/703 par
|turn|54
|
|move|p2a: Chansey|Ice Beam|p1a: Wall Gal
|-damage|p1a: Wall Gal|27\/703 par
|move|p1a: Wall Gal|Soft-Boiled|p1a: Wall Gal
|-heal|p1a: Wall Gal|378\/703 par
|
|turn|55
|
|move|p2a: Chansey|Ice Beam|p1a: Wall Gal
|-damage|p1a: Wall Gal|303\/703 par
|move|p1a: Wall Gal|Soft-Boiled|p1a: Wall Gal
|-heal|p1a: Wall Gal|654\/703 par
|
|turn|56
|
|move|p2a: Chansey|Soft-Boiled|p2a: Chansey
|-heal|p2a: Chansey|703\/703
|move|p1a: Wall Gal|Ice Beam|p2a: Chansey
|-damage|p2a: Chansey|627\/703
|
|turn|57
|
|move|p2a: Chansey|Ice Beam|p1a: Wall Gal
|-damage|p1a: Wall Gal|581\/703 par
|move|p1a: Wall Gal|Ice Beam|p2a: Chansey
|-crit|p2a: Chansey
|-damage|p2a: Chansey|487\/703
|
|turn|58
|
|move|p2a: Chansey|Thunderbolt|p1a: Wall Gal
|-crit|p1a: Wall Gal
|-damage|p1a: Wall Gal|424\/703 par
|move|p1a: Wall Gal|Ice Beam|p2a: Chansey
|-damage|p2a: Chansey|411\/703
|
|turn|59
|
|move|p2a: Chansey|Thunderbolt|p1a: Wall Gal
|-damage|p1a: Wall Gal|349\/703 par
|cant|p1a: Wall Gal|par
|
|turn|60
|
|move|p2a: Chansey|Thunderbolt|p1a: Wall Gal
|-damage|p1a: Wall Gal|279\/703 par
|move|p1a: Wall Gal|Soft-Boiled|p1a: Wall Gal
|-heal|p1a: Wall Gal|630\/703 par
|
|turn|61
|
|move|p2a: Chansey|Thunderbolt|p1a: Wall Gal
|-damage|p1a: Wall Gal|558\/703 par
|move|p1a: Wall Gal|Ice Beam|p2a: Chansey
|-crit|p2a: Chansey
|-damage|p2a: Chansey|254\/703
|
|turn|62
|
|move|p2a: Chansey|Soft-Boiled|p2a: Chansey
|-heal|p2a: Chansey|605\/703
|move|p1a: Wall Gal|Ice Beam|p2a: Chansey
|-damage|p2a: Chansey|535\/703
|
|turn|63
|
|move|p2a: Chansey|Thunderbolt|p1a: Wall Gal
|-crit|p1a: Wall Gal
|-damage|p1a: Wall Gal|418\/703 par
|move|p1a: Wall Gal|Ice Beam|p2a: Chansey
|-damage|p2a: Chansey|464\/703
|
|turn|64
|
|move|p2a: Chansey|Thunderbolt|p1a: Wall Gal
|-damage|p1a: Wall Gal|349\/703 par
|cant|p1a: Wall Gal|par
|
|turn|65
|
|move|p2a: Chansey|Thunderbolt|p1a: Wall Gal
|-damage|p1a: Wall Gal|277\/703 par
|move|p1a: Wall Gal|Soft-Boiled|p1a: Wall Gal
|-heal|p1a: Wall Gal|628\/703 par
|
|turn|66
|
|move|p2a: Chansey|Thunderbolt|p1a: Wall Gal
|-damage|p1a: Wall Gal|553\/703 par
|move|p1a: Wall Gal|Ice Beam|p2a: Chansey
|-damage|p2a: Chansey|387\/703
|
|turn|67
|
|move|p2a: Chansey|Thunderbolt|p1a: Wall Gal
|-damage|p1a: Wall Gal|478\/703 par
|cant|p1a: Wall Gal|par
|
|turn|68
|
|move|p2a: Chansey|Thunderbolt|p1a: Wall Gal
|-damage|p1a: Wall Gal|406\/703 par
|move|p1a: Wall Gal|Ice Beam|p2a: Chansey
|-damage|p2a: Chansey|316\/703
|-status|p2a: Chansey|frz
|
|turn|69
|
|cant|p2a: Chansey|frz
|cant|p1a: Wall Gal|par
|
|turn|70
|chat|kid gf lol|yep gg
|chat|Zuubraz|Yeah, I knew it was only a matter of time
|
|cant|p2a: Chansey|frz
|move|p1a: Wall Gal|Thunderbolt|p2a: Chansey
|-crit|p2a: Chansey
|-damage|p2a: Chansey|174\/703 frz
|
|turn|71
|chat|Zuubraz|Might as well lose with dignity
|
|cant|p2a: Chansey|frz
|move|p1a: Wall Gal|Thunderbolt|p2a: Chansey
|-damage|p2a: Chansey|95\/703 frz
|
|turn|72
|chat|kid gf lol|lol
|
|cant|p2a: Chansey|frz
|move|p1a: Wall Gal|Thunderbolt|p2a: Chansey
|-damage|p2a: Chansey|25\/703 frz
|
|turn|73
|
|cant|p2a: Chansey|frz
|cant|p1a: Wall Gal|par
|
|turn|74
|join|AncientxD
|
|cant|p2a: Chansey|frz
|move|p1a: Wall Gal|Thunderbolt|p2a: Chansey
|-damage|p2a: Chansey|0 fnt
|faint|p2a: Chansey
|
|win|kid gf lol
|raw|Ladder updating...
|raw|kid gf lol's rating: 1358 &rarr; <strong>1365<\/strong><br \/>(+7 for winning)
|raw|Zuubraz's rating: 1059 &rarr; <strong>1053<\/strong><br \/>(-6 for losing)
|leave|AncientxD
|chat|kid gf lol|gg
|chat|Zuubraz|Well played
|chat|kid gf lol|i didnt expect crit on golem
|chat|kid gf lol|just wanted to blow up
|chat|kid gf lol|u2 well played gg
|leave|kid gf lol
|player|p1