|join|Ugly Casanova
|join|jb champ
|player|p1|Ugly Casanova|162
|player|p2|jb champ|150
|gametype|singles
|gen|1
|tier|[Gen 1] OU
|rated
|rule|Sleep Clause Mod: Limit one foe put to sleep
|rule|Freeze Clause Mod: Limit one foe frozen
|rule|Species Clause: Limit one of each Pokémon
|rule|OHKO Clause: OHKO moves are banned
|rule|Evasion Moves Clause: Evasion moves are banned
|rule|HP Percentage Mod: HP is shown in percentages
|
|start
|switch|p1a: Jynx|Jynx|333\/333
|switch|p2a: Jynx|Jynx|333\/333
|turn|1
|
|move|p1a: Jynx|Lovely Kiss|p2a: Jynx
|-status|p2a: Jynx|slp
|cant|p2a: Jynx|slp
|
|turn|2
|
|switch|p1a: Slowbro|Slowbro|393\/393
|cant|p2a: Jynx|slp
|
|turn|3
|
|switch|p2a: Chansey|Chansey|703\/703
|move|p1a: Slowbro|Amnesia|p1a: Slowbro
|-boost|p1a: Slowbro|spd|2
|-boost|p1a: Slowbro|spa|2
|
|turn|4
|
|move|p2a: Chansey|Thunder Wave|p1a: Slowbro
|-status|p1a: Slowbro|par
|move|p1a: Slowbro|Amnesia|p1a: Slowbro
|-boost|p1a: Slowbro|spd|2
|-boost|p1a: Slowbro|spa|2
|
|turn|5
|
|move|p2a: Chansey|Thunderbolt|p1a: Slowbro
|-supereffective|p1a: Slowbro
|-damage|p1a: Slowbro|336\/393 par
|cant|p1a: Slowbro|par
|
|turn|6
|
|move|p2a: Chansey|Thunderbolt|p1a: Slowbro
|-supereffective|p1a: Slowbro
|-damage|p1a: Slowbro|276\/393 par
|move|p1a: Slowbro|Amnesia|p1a: Slowbro
|-boost|p1a: Slowbro|spd|2
|-boost|p1a: Slowbro|spa|2
|
|turn|7
|
|move|p2a: Chansey|Thunderbolt|p1a: Slowbro
|-supereffective|p1a: Slowbro
|-damage|p1a: Slowbro|225\/393 par
|cant|p1a: Slowbro|par
|
|turn|8
|
|move|p2a: Chansey|Thunderbolt|p1a: Slowbro|[miss]
|-miss|p2a: Chansey
|move|p1a: Slowbro|Thunder Wave|p2a: Chansey
|-status|p2a: Chansey|par
|
|turn|9
|
|move|p2a: Chansey|Thunderbolt|p1a: Slowbro
|-supereffective|p1a: Slowbro
|-damage|p1a: Slowbro|176\/393 par
|move|p1a: Slowbro|Surf|p2a: Chansey
|-damage|p2a: Chansey|352\/703 par
|
|turn|10
|
|move|p2a: Chansey|Thunderbolt|p1a: Slowbro
|-supereffective|p1a: Slowbro
|-damage|p1a: Slowbro|126\/393 par
|move|p1a: Slowbro|Surf|p2a: Chansey
|-damage|p2a: Chansey|1\/703 par
|
|turn|11
|
|switch|p1a: Tauros|Tauros|353\/353
|move|p2a: Chansey|Thunderbolt|p1a: Tauros
|-crit|p1a: Tauros
|-damage|p1a: Tauros|175\/353
|
|turn|12
|
|move|p1a: Tauros|Body Slam|p2a: Chansey
|-damage|p2a: Chansey|0 fnt
|faint|p2a: Chansey
|
|switch|p2a: Blastoise|Blastoise|361\/361
|turn|13
|
|switch|p1a: Slowbro|Slowbro|126\/393 par
|move|p2a: Blastoise|Earthquake|p1a: Slowbro
|-damage|p1a: Slowbro|60\/393 par
|
|turn|14
|
|move|p2a: Blastoise|Earthquake|p1a: Slowbro
|-damage|p1a: Slowbro|0 fnt
|faint|p1a: Slowbro
|
|switch|p1a: Zapdos|Zapdos|383\/383
|turn|15
|
|switch|p2a: Rhydon|Rhydon|413\/413
|move|p1a: Zapdos|Thunderbolt|p2a: Rhydon
|-immune|p2a: Rhydon|[msg]
|
|turn|16
|
|switch|p1a: Lapras|Lapras|463\/463
|move|p2a: Rhydon|Rock Slide|p1a: Lapras
|-supereffective|p1a: Lapras
|-damage|p1a: Lapras|211\/463
|
|turn|17
|
|switch|p2a: Jolteon|Jolteon|333\/333
|move|p1a: Lapras|Blizzard|p2a: Jolteon
|-damage|p2a: Jolteon|213\/333
|
|turn|18
|
|move|p2a: Jolteon|Thunder Wave|p1a: Lapras
|-status|p1a: Lapras|par
|move|p1a: Lapras|Blizzard|p2a: Jolteon
|-damage|p2a: Jolteon|86\/333
|
|turn|19
|
|move|p2a: Jolteon|Thunderbolt|p1a: Lapras
|-supereffective|p1a: Lapras
|-damage|p1a: Lapras|0 fnt
|faint|p1a: Lapras
|
|switch|p1a: Chansey|Chansey|703\/703
|turn|20
|
|move|p2a: Jolteon|Thunder Wave|p1a: Chansey
|-status|p1a: Chansey|par
|move|p1a: Chansey|Ice Beam|p2a: Jolteon
|-damage|p2a: Jolteon|11\/333
|
|turn|21
|
|move|p2a: Jolteon|Double Kick|p1a: Chansey
|-supereffective|p1a: Chansey
|-damage|p1a: Chansey|608\/703 par
|-damage|p1a: Chansey|513\/703 par
|-hitcount|p1a: Chansey|2
|move|p1a: Chansey|Ice Beam|p2a: Jolteon
|-damage|p2a: Jolteon|0 fnt
|faint|p2a: Jolteon
|
|switch|p2a: Rhydon|Rhydon|413\/413
|turn|22
|
|switch|p1a: Tauros|Tauros|175\/353
|move|p2a: Rhydon|Earthquake|p1a: Tauros
|-damage|p1a: Tauros|39\/353
|
|turn|23
|
|switch|p2a: Blastoise|Blastoise|361\/361
|move|p1a: Tauros|Blizzard|p2a: Blastoise
|-resisted|p2a: Blastoise
|-damage|p2a: Blastoise|318\/361
|
|turn|24
|
|switch|p1a: Chansey|Chansey|513\/703 par
|move|p2a: Blastoise|Body Slam|p1a: Chansey
|-damage|p1a: Chansey|340\/703 par
|
|turn|25
|
|move|p2a: Blastoise|Earthquake|p1a: Chansey
|-damage|p1a: Chansey|137\/703 par
|move|p1a: Chansey|Thunderbolt|p2a: Blastoise
|-supereffective|p2a: Blastoise
|-damage|p2a: Blastoise|155\/361
|
|turn|26
|
|switch|p1a: Zapdos|Zapdos|383\/383
|move|p2a: Blastoise|Body Slam|p1a: Zapdos
|-damage|p1a: Zapdos|312\/383
|
|turn|27
|
|switch|p1a: Jynx|Jynx|333\/333
|move|p2a: Blastoise|Body Slam|p1a: Jynx
|-damage|p1a: Jynx|224\/333
|
|turn|28
|
|move|p1a: Jynx|Psychic|p2a: Blastoise
|-damage|p2a: Blastoise|45\/361
|move|p2a: Blastoise|Body Slam|p1a: Jynx
|-crit|p1a: Jynx
|-damage|p1a: Jynx|4\/333
|
|turn|29
|
|move|p1a: Jynx|Psychic|p2a: Blastoise
|-crit|p2a: Blastoise
|-damage|p2a: Blastoise|0 fnt
|faint|p2a: Blastoise
|
|switch|p2a: Tauros|Tauros|353\/353
|turn|30
|
|switch|p1a: Chansey|Chansey|137\/703 par
|move|p2a: Tauros|Body Slam|p1a: Chansey
|-damage|p1a: Chansey|0 fnt
|faint|p1a: Chansey
|
|switch|p1a: Zapdos|Zapdos|312\/383
|turn|31
|
|switch|p2a: Rhydon|Rhydon|413\/413
|move|p1a: Zapdos|Thunder Wave|p2a: Rhydon
|-immune|p2a: Rhydon|[msg]
|
|turn|32
|
|switch|p1a: Tauros|Tauros|39\/353
|move|p2a: Rhydon|Body Slam|p1a: Tauros
|-damage|p1a: Tauros|0 fnt
|faint|p1a: Tauros
|
|switch|p1a: Jynx|Jynx|4\/333
|turn|33
|
|switch|p2a: Jynx|Jynx|333\/333 slp
|move|p1a: Jynx|Blizzard|p2a: Jynx
|-resisted|p2a: Jynx
|-damage|p2a: Jynx|260\/333 slp
|
|turn|34
|
|cant|p2a: Jynx|slp
|move|p1a: Jynx|Psychic|p2a: Jynx
|-crit|p2a: Jynx
|-resisted|p2a: Jynx
|-damage|p2a: Jynx|159\/333 slp
|
|turn|35
|
|cant|p2a: Jynx|slp
|-curestatus|p2a: Jynx|slp
|move|p1a: Jynx|Blizzard|p2a: Jynx
|-crit|p2a: Jynx
|-resisted|p2a: Jynx
|-damage|p2a: Jynx|25\/333
|
|turn|36
|
|move|p1a: Jynx|Psychic|p2a: Jynx
|-resisted|p2a: Jynx
|-damage|p2a: Jynx|0 fnt
|faint|p2a: Jynx
|
|switch|p2a: Tauros|Tauros|353\/353
|turn|37
|
|switch|p1a: Zapdos|Zapdos|312\/383
|move|p2a: Tauros|Body Slam|p1a: Zapdos
|-crit|p1a: Zapdos
|-damage|p1a: Zapdos|86\/383
|-status|p1a: Zapdos|par
|
|turn|38
|
|move|p2a: Tauros|Body Slam|p1a: Zapdos
|-damage|p1a: Zapdos|0 fnt
|faint|p1a: Zapdos
|c|★jb champ|gg
|
|switch|p1a: Jynx|Jynx|4\/333
|turn|39
|
|move|p2a: Tauros|Body Slam|p1a: Jynx
|-damage|p1a: Jynx|0 fnt
|faint|p1a: Jynx
|
|win|jb champ
|raw|Ladder updating...
|raw|Ugly Casanova's rating: 1215 &rarr; <strong>1199<\/strong><br \/>(-16 for losing)
|raw|jb champ's rating: 1344 &rarr; <strong>1356<\/strong><br \/>(+12 for winning)
|leave|Ugly Casanova
|player|p1