|j|substan
|j|xJoelituh
|player|p1|substan|121
|player|p2|xJoelituh|134
|gametype|singles
|gen|1
|tier|[Gen 1] OU
|seed|3381,18237,19928,38505
|rule|Sleep Clause Mod: Limit one foe put to sleep
|rule|Freeze Clause Mod: Limit one foe frozen
|rule|Species Clause: Limit one of each Pokémon
|rule|OHKO Clause: OHKO moves are banned
|rule|Evasion Moves Clause: Evasion moves are banned
|rule|HP Percentage Mod: HP is shown in percentages
|
|start
|switch|p1a: Alakazam|Alakazam|313\/313
|switch|p2a: Alakazam|Alakazam|313\/313
|turn|1
|c|★xJoelituh|hf!
|c|★substan|you too
|choice|switch 3|move 3
|
|switch|p1a: Chansey|Chansey|703\/703
|move|p2a: Alakazam|Thunder Wave|p1a: Chansey
|-status|p1a: Chansey|par
|
|turn|2
|choice|move 1|switch 4
|
|switch|p2a: Exeggutor|Exeggutor|393\/393
|move|p1a: Chansey|Thunder Wave|p2a: Exeggutor
|-status|p2a: Exeggutor|par
|
|turn|3
|choice|move 2|move 2
|
|move|p2a: Exeggutor|Psychic|p1a: Chansey
|-damage|p1a: Chansey|588\/703 par
|move|p1a: Chansey|Reflect|p1a: Chansey
|-start|p1a: Chansey|Reflect
|
|turn|4
|j|Sken
|choice|move 3|switch 6
|
|switch|p2a: Jolteon|Jolteon|333\/333
|cant|p1a: Chansey|par
|
|turn|5
|choice|move 3|move 4
|
|move|p2a: Jolteon|Double Kick|p1a: Chansey
|-crit|p1a: Chansey
|-supereffective|p1a: Chansey
|-damage|p1a: Chansey|388\/703 par
|-damage|p1a: Chansey|188\/703 par
|-hitcount|p1a: Chansey|2
|move|p1a: Chansey|Seismic Toss|p2a: Jolteon
|-damage|p2a: Jolteon|233\/333
|
|turn|6
|c| Sken|joeeel :)
|choice|move 4|move 4
|
|move|p2a: Jolteon|Double Kick|p1a: Chansey
|-supereffective|p1a: Chansey
|-damage|p1a: Chansey|134\/703 par
|-damage|p1a: Chansey|80\/703 par
|-hitcount|p1a: Chansey|2
|cant|p1a: Chansey|par
|
|turn|7
|c|★substan|lol
|choice|move 4|move 4
|
|move|p2a: Jolteon|Double Kick|p1a: Chansey
|-supereffective|p1a: Chansey
|-damage|p1a: Chansey|32\/703 par
|-damage|p1a: Chansey|0 fnt
|-hitcount|p1a: Chansey|2
|faint|p1a: Chansey
|c|★xJoelituh|sorry bro
|choice|switch 2|
|
|switch|p1a: Exeggutor|Exeggutor|393\/393
|turn|8
|choice|move 2|switch 6
|
|switch|p2a: Exeggutor|Exeggutor|393\/393 par
|move|p1a: Exeggutor|Double-Edge|p2a: Exeggutor
|-damage|p2a: Exeggutor|314\/393 par
|-damage|p1a: Exeggutor|374\/393|[from] recoil|[of] p2a: Exeggutor
|
|turn|9
|choice|move 2|move 1
|
|move|p1a: Exeggutor|Double-Edge|p2a: Exeggutor
|-damage|p2a: Exeggutor|232\/393 par
|-damage|p1a: Exeggutor|354\/393|[from] recoil|[of] p2a: Exeggutor
|move|p2a: Exeggutor|Sleep Powder|p1a: Exeggutor|[miss]
|-miss|p2a: Exeggutor
|
|turn|10
|choice|move 2|move 1
|
|move|p1a: Exeggutor|Double-Edge|p2a: Exeggutor
|-damage|p2a: Exeggutor|142\/393 par
|-damage|p1a: Exeggutor|332\/393|[from] recoil|[of] p2a: Exeggutor
|cant|p2a: Exeggutor|par
|
|turn|11
|choice|move 2|move 3
|
|move|p1a: Exeggutor|Double-Edge|p2a: Exeggutor
|-damage|p2a: Exeggutor|56\/393 par
|-damage|p1a: Exeggutor|311\/393|[from] recoil|[of] p2a: Exeggutor
|move|p2a: Exeggutor|Explosion|p1a: Exeggutor
|-damage|p1a: Exeggutor|3\/393
|faint|p2a: Exeggutor
|choice||switch 6
|
|switch|p2a: Jolteon|Jolteon|233\/333
|turn|12
|choice|switch 6|move 1
|
|switch|p1a: Snorlax|Snorlax|523\/523
|move|p2a: Jolteon|Thunderbolt|p1a: Snorlax
|-damage|p1a: Snorlax|358\/523
|
|turn|13
|choice|move 1|switch 3
|
|switch|p2a: Chansey|Chansey|703\/703
|move|p1a: Snorlax|Body Slam|p2a: Chansey
|-damage|p2a: Chansey|435\/703
|
|turn|14
|choice|move 3|move 4
|
|move|p1a: Snorlax|Self-Destruct|p2a: Chansey
|-damage|p2a: Chansey|0 fnt
|faint|p2a: Chansey
|faint|p1a: Snorlax
|choice|switch 3|switch 5
|
|switch|p1a: Alakazam|Alakazam|313\/313
|switch|p2a: Snorlax|Snorlax|523\/523
|turn|15
|choice|move 2|move 2
|
|move|p1a: Alakazam|Psychic|p2a: Snorlax
|-damage|p2a: Snorlax|337\/523
|-unboost|p2a: Snorlax|spd|1
|-unboost|p2a: Snorlax|spa|1
|move|p2a: Snorlax|Amnesia|p2a: Snorlax
|-boost|p2a: Snorlax|spd|2
|-boost|p2a: Snorlax|spa|2
|
|turn|16
|choice|switch 6|move 1
|
|switch|p1a: Exeggutor|Exeggutor|3\/393
|move|p2a: Snorlax|Reflect|p2a: Snorlax
|-start|p2a: Snorlax|Reflect
|
|turn|17
|choice|move 1|move 3
|
|move|p1a: Exeggutor|Sleep Powder|p2a: Snorlax|[miss]
|-miss|p1a: Exeggutor
|move|p2a: Snorlax|Rest|p2a: Snorlax
|-status|p2a: Snorlax|slp
|-heal|p2a: Snorlax|523\/523 slp|[silent]
|-status|p2a: Snorlax|slp|[from] move: Rest
|
|turn|18
|choice|move 3|move 2
|
|move|p1a: Exeggutor|Psychic|p2a: Snorlax
|-damage|p2a: Snorlax|422\/523 slp
|cant|p2a: Snorlax|slp
|
|turn|19
|choice|move 3|move 4
|
|move|p1a: Exeggutor|Psychic|p2a: Snorlax
|-damage|p2a: Snorlax|304\/523 slp
|-curestatus|p2a: Snorlax|slp
|
|turn|20
|choice|move 1|move 4
|
|move|p1a: Exeggutor|Sleep Powder|p2a: Snorlax
|-status|p2a: Snorlax|slp
|cant|p2a: Snorlax|slp
|
|turn|21
|choice|move 3|switch 3
|
|switch|p2a: Jolteon|Jolteon|233\/333
|move|p1a: Exeggutor|Psychic|p2a: Jolteon
|-damage|p2a: Jolteon|110\/333
|
|turn|22
|j|Aquonamela
|choice|move 3|move 1
|
|move|p2a: Jolteon|Thunderbolt|p1a: Exeggutor
|-resisted|p1a: Exeggutor
|-damage|p1a: Exeggutor|0 fnt
|faint|p1a: Exeggutor
|choice|switch 4|
|
|switch|p1a: Zapdos|Zapdos|383\/383
|turn|23
|c| Aquonamela|Joel Ramirez uhh
|j|Regnite
|choice|move 4|move 2
|
|move|p2a: Jolteon|Thunder Wave|p1a: Zapdos
|-status|p1a: Zapdos|par
|cant|p1a: Zapdos|par
|
|turn|24
|choice|move 4|switch 4
|
|switch|p2a: Alakazam|Alakazam|313\/313
|move|p1a: Zapdos|Agility|p1a: Zapdos
|-boost|p1a: Zapdos|spe|2
|
|turn|25
|choice|move 2|move 1
|
|move|p1a: Zapdos|Drill Peck|p2a: Alakazam
|-damage|p2a: Alakazam|168\/313
|move|p2a: Alakazam|Psychic|p1a: Zapdos
|-damage|p1a: Zapdos|274\/383 par
|-unboost|p1a: Zapdos|spd|1
|-unboost|p1a: Zapdos|spa|1
|
|turn|26
|choice|move 2|move 2
|
|move|p2a: Alakazam|Recover|p2a: Alakazam
|-heal|p2a: Alakazam|313\/313
|cant|p1a: Zapdos|par
|
|turn|27
|c|★substan|man
|c|★xJoelituh|i feel sorry
|choice|switch 6|move 1
|
|switch|p1a: Alakazam|Alakazam|313\/313
|move|p2a: Alakazam|Psychic|p1a: Alakazam
|-crit|p1a: Alakazam
|-resisted|p1a: Alakazam
|-damage|p1a: Alakazam|206\/313
|
|turn|28
|c|★xJoelituh|for real
|c| Aquonamela|man, mi poke no tiene roost
|c| Sken|it's rby lol
|c|★xJoelituh|es que aunque se rby sken
|choice|move 1|move 1
|
|move|p1a: Alakazam|Thunder Wave|p2a: Alakazam
|-status|p2a: Alakazam|par
|move|p2a: Alakazam|Psychic|p1a: Alakazam
|-crit|p1a: Alakazam
|-resisted|p1a: Alakazam
|-damage|p1a: Alakazam|104\/313
|
|turn|29
|c|★xJoelituh|ves?
|choice|move 4|move 3
|
|move|p1a: Alakazam|Recover|p1a: Alakazam
|-heal|p1a: Alakazam|260\/313
|move|p2a: Alakazam|Thunder Wave|p1a: Alakazam
|-status|p1a: Alakazam|par
|
|turn|30
|choice|move 3|move 1
|
|move|p1a: Alakazam|Seismic Toss|p2a: Alakazam
|-damage|p2a: Alakazam|213\/313 par
|move|p2a: Alakazam|Psychic|p1a: Alakazam
|-resisted|p1a: Alakazam
|-damage|p1a: Alakazam|210\/313 par
|
|turn|31
|c| Sken|bro
|c| Sken|how do you win
|c| Sken|a zam vs zam
|c| Sken|with no hax
|c| Sken|eg
|c|★substan|you dont
|choice|move 3|switch 2
|
|switch|p2a: Tauros|Tauros|353\/353
|move|p1a: Alakazam|Seismic Toss|p2a: Tauros
|-damage|p2a: Tauros|253\/353
|
|turn|32
|c| Aquonamela|va a ganar el zapdos de Joelituh Ramirez
|choice|switch 5|move 1
|
|switch|p1a: Tauros|Tauros|353\/353
|move|p2a: Tauros|Body Slam|p1a: Tauros
|-damage|p1a: Tauros|257\/353
|
|turn|33
|c| Sken|aquonamela no eres gracioso
|choice|move 1|move 1
|
|move|p2a: Tauros|Body Slam|p1a: Tauros
|-damage|p1a: Tauros|156\/353
|move|p1a: Tauros|Body Slam|p2a: Tauros
|-crit|p2a: Tauros
|-damage|p2a: Tauros|54\/353
|
|turn|34
|choice|move 1|move 2
|
|move|p2a: Tauros|Hyper Beam|p1a: Tauros
|-damage|p1a: Tauros|0 fnt
|faint|p1a: Tauros
|c|★xJoelituh|sigh
|choice|switch 6|
|
|switch|p1a: Zapdos|Zapdos|274\/383 par
|turn|35
|choice|move 4|move 2
|
|move|p2a: Tauros|Hyper Beam|p1a: Zapdos
|-damage|p1a: Zapdos|68\/383 par
|move|p1a: Zapdos|Agility|p1a: Zapdos
|-boost|p1a: Zapdos|spe|2
|
|turn|36
|-mustrecharge|p2a: Tauros
|-mustrecharge|p2a: Tauros
|choice|move 1|move 1
|
|move|p1a: Zapdos|Thunderbolt|p2a: Tauros
|-damage|p2a: Tauros|0 fnt
|faint|p2a: Tauros
|c| Aquonamela|soy el mejor patiatraseros
|choice||switch 4
|
|switch|p2a: Jolteon|Jolteon|110\/333
|turn|37
|choice|move 1|move 1
|
|move|p1a: Zapdos|Thunderbolt|p2a: Jolteon
|-resisted|p2a: Jolteon
|-damage|p2a: Jolteon|54\/333
|move|p2a: Jolteon|Thunderbolt|p1a: Zapdos
|-crit|p1a: Zapdos
|-damage|p1a: Zapdos|0 fnt
|faint|p1a: Zapdos
|c| Aquonamela|zapdos wins
|choice|switch 5|
|
|switch|p1a: Alakazam|Alakazam|210\/313 par
|turn|38
|c| Aquonamela|okno xD
|choice|move 3|move 3
|
|move|p2a: Jolteon|Pin Missile|p1a: Alakazam
|-supereffective|p1a: Alakazam
|-damage|p1a: Alakazam|181\/313 par
|-damage|p1a: Alakazam|152\/313 par
|-damage|p1a: Alakazam|123\/313 par
|-damage|p1a: Alakazam|94\/313 par
|-damage|p1a: Alakazam|65\/313 par
|-hitcount|p1a: Alakazam|5
|move|p1a: Alakazam|Seismic Toss|p2a: Jolteon
|-damage|p2a: Jolteon|0 fnt
|faint|p2a: Jolteon
|choice||switch 2
|
|switch|p2a: Alakazam|Alakazam|213\/313 par
|turn|39
|choice|move 4|move 4
|
|move|p2a: Alakazam|Seismic Toss|p1a: Alakazam
|-damage|p1a: Alakazam|0 fnt
|faint|p1a: Alakazam
|
|win|xJoelituh
|c|★xJoelituh|"gg"
|l|Sken