|join|optic gold
|join|Squadra di golbat
|player|p1|optic gold|266
|player|p2|Squadra di golbat|2
|gametype|singles
|gen|1
|tier|[Gen 1] Random Battle
|rated
|rule|Sleep Clause Mod: Limit one foe put to sleep
|rule|Freeze Clause Mod: Limit one foe frozen
|rule|HP Percentage Mod: HP is shown in percentages
|
|start
|switch|p1a: Weepinbell|Weepinbell, L85|284\/284
|switch|p2a: Goldeen|Goldeen, L96|281\/281
|turn|1
|
|move|p2a: Goldeen|Blizzard|p1a: Weepinbell
|-crit|p1a: Weepinbell
|-supereffective|p1a: Weepinbell
|-damage|p1a: Weepinbell|6\/284
|move|p1a: Weepinbell|Sleep Powder|p2a: Goldeen
|-status|p2a: Goldeen|slp
|
|turn|2
|
|switch|p2a: Ditto|Ditto, L99|296\/296
|move|p1a: Weepinbell|Razor Leaf|p2a: Ditto
|-crit|p2a: Ditto
|-damage|p2a: Ditto|176\/296
|
|turn|3
|
|move|p2a: Ditto|Transform|p1a: Weepinbell
|-transform|p2a: Ditto|p1a: Weepinbell
|move|p1a: Weepinbell|Body Slam|p2a: Ditto
|-crit|p2a: Ditto
|-damage|p2a: Ditto|32\/296
|
|turn|4
|
|move|p2a: Ditto|Body Slam|p1a: Weepinbell
|-damage|p1a: Weepinbell|0 fnt
|faint|p1a: Weepinbell
|
|switch|p1a: Kangaskhan|Kangaskhan, L85|352\/352
|turn|5
|
|move|p1a: Kangaskhan|Body Slam|p2a: Ditto
|-damage|p2a: Ditto|0 fnt
|faint|p2a: Ditto
|
|switch|p2a: Seaking|Seaking, L90|327\/327
|turn|6
|
|move|p1a: Kangaskhan|Body Slam|p2a: Seaking
|-crit|p2a: Seaking
|-damage|p2a: Seaking|123\/327
|-status|p2a: Seaking|par
|move|p2a: Seaking|Surf|p1a: Kangaskhan
|-damage|p1a: Kangaskhan|187\/352
|
|turn|7
|
|move|p1a: Kangaskhan|Hyper Beam|p2a: Seaking
|-damage|p2a: Seaking|0 fnt
|faint|p2a: Seaking
|
|switch|p2a: Goldeen|Goldeen, L96|281\/281 slp
|turn|8
|
|move|p1a: Kangaskhan|Body Slam|p2a: Goldeen
|-damage|p2a: Goldeen|184\/281 slp
|cant|p2a: Goldeen|slp
|
|turn|9
|
|move|p1a: Kangaskhan|Body Slam|p2a: Goldeen
|-damage|p2a: Goldeen|82\/281 slp
|cant|p2a: Goldeen|slp
|
|turn|10
|
|move|p1a: Kangaskhan|Body Slam|p2a: Goldeen
|-damage|p2a: Goldeen|0 fnt
|faint|p2a: Goldeen
|
|switch|p2a: Exeggcute|Exeggcute, L96|310\/310
|turn|11
|
|move|p1a: Kangaskhan|Body Slam|p2a: Exeggcute
|-damage|p2a: Exeggcute|227\/310
|-status|p2a: Exeggcute|par
|move|p2a: Exeggcute|Egg Bomb|p1a: Kangaskhan|[miss]
|-miss|p2a: Exeggcute
|
|turn|12
|
|move|p1a: Kangaskhan|Body Slam|p2a: Exeggcute
|-damage|p2a: Exeggcute|134\/310 par
|move|p2a: Exeggcute|Egg Bomb|p1a: Kangaskhan
|-crit|p1a: Kangaskhan
|-damage|p1a: Kangaskhan|79\/352
|
|turn|13
|
|move|p1a: Kangaskhan|Hyper Beam|p2a: Exeggcute
|-damage|p2a: Exeggcute|0 fnt
|faint|p2a: Exeggcute
|
|switch|p2a: Rapidash|Rapidash, L90|300\/300
|turn|14
|
|move|p2a: Rapidash|Body Slam|p1a: Kangaskhan
|-crit|p1a: Kangaskhan
|-damage|p1a: Kangaskhan|0 fnt
|faint|p1a: Kangaskhan
|
|switch|p1a: Wartortle|Wartortle, L85|274\/274
|turn|15
|
|move|p2a: Rapidash|Body Slam|p1a: Wartortle
|-damage|p1a: Wartortle|199\/274
|move|p1a: Wartortle|Surf|p2a: Rapidash
|-supereffective|p2a: Rapidash
|-damage|p2a: Rapidash|126\/300
|
|turn|16
|
|move|p2a: Rapidash|Body Slam|p1a: Wartortle
|-damage|p1a: Wartortle|122\/274
|move|p1a: Wartortle|Surf|p2a: Rapidash
|-supereffective|p2a: Rapidash
|-damage|p2a: Rapidash|0 fnt
|faint|p2a: Rapidash
|
|switch|p2a: Mewtwo|Mewtwo, L70|293\/293
|turn|17
|
|move|p2a: Mewtwo|Psychic|p1a: Wartortle
|-damage|p1a: Wartortle|12\/274
|-unboost|p1a: Wartortle|spd|1
|-unboost|p1a: Wartortle|spa|1
|move|p1a: Wartortle|Body Slam|p2a: Mewtwo
|-damage|p2a: Mewtwo|239\/293
|-status|p2a: Mewtwo|par
|
|turn|18
|
|move|p1a: Wartortle|Hydro Pump|p2a: Mewtwo|[miss]
|-miss|p1a: Wartortle
|move|p2a: Mewtwo|Psychic|p1a: Wartortle
|-damage|p1a: Wartortle|0 fnt
|faint|p1a: Wartortle
|
|switch|p1a: Muk|Muk, L90|372\/372
|turn|19
|
|move|p1a: Muk|Explosion|p2a: Mewtwo
|-damage|p2a: Mewtwo|0 fnt
|faint|p2a: Mewtwo
|faint|p1a: Muk
|
|win|optic gold
|raw|optic gold's rating: 1256 &rarr; <strong>1275<\/strong><br \/>(+19 for winning)
|raw|Squadra di golbat's rating: 1168 &rarr; <strong>1149<\/strong><br \/>(-19 for losing)
|c|★optic gold|gg
|leave|Squadra di golbat
|player|p2