|join|andrewandres
|join|Major-Kiewie
|player|p1|andrewandres|16
|player|p2|Major-Kiewie|150
|gametype|singles
|gen|1
|tier|[Gen 1] Random Battle
|rated
|rule|Sleep Clause Mod: Limit one foe put to sleep
|rule|Freeze Clause Mod: Limit one foe frozen
|rule|HP Percentage Mod: HP is shown in percentages
|
|start
|switch|p1a: Jynx|Jynx, L79|265\/265
|switch|p2a: Sandshrew|Sandshrew, L96|291\/291
|turn|1
|
|switch|p1a: Bulbasaur|Bulbasaur, L96|281\/281
|switch|p2a: Jynx|Jynx, L79|265\/265
|
|turn|2
|c|★Major-Kiewie|oh noo. I cant attack your bulbasur :'(
|
|move|p2a: Jynx|Psychic|p1a: Bulbasaur
|-supereffective|p1a: Bulbasaur
|-damage|p1a: Bulbasaur|108\/281
|-unboost|p1a: Bulbasaur|spd|1
|-unboost|p1a: Bulbasaur|spa|1
|move|p1a: Bulbasaur|Sleep Powder|p2a: Jynx
|-status|p2a: Jynx|slp
|
|turn|3
|
|cant|p2a: Jynx|slp
|-curestatus|p2a: Jynx|slp
|move|p1a: Bulbasaur|Razor Leaf|p2a: Jynx
|-crit|p2a: Jynx
|-damage|p2a: Jynx|155\/265
|
|turn|4
|c|★andrewandres|realkly?
|c|★andrewandres|in the 2º turn?
|
|move|p2a: Jynx|Psychic|p1a: Bulbasaur
|-supereffective|p1a: Bulbasaur
|-damage|p1a: Bulbasaur|0 fnt
|faint|p1a: Bulbasaur
|
|switch|p1a: Tauros|Tauros, L79|280\/280
|turn|5
|c|★Major-Kiewie|bad luck
|
|move|p1a: Tauros|Body Slam|p2a: Jynx
|-damage|p2a: Jynx|17\/265
|move|p2a: Jynx|Lovely Kiss|p1a: Tauros
|-status|p1a: Tauros|slp
|
|turn|6
|c|★andrewandres|stupid lucker
|c|★andrewandres|...
|
|switch|p1a: Metapod|Metapod, L99|300\/300
|move|p2a: Jynx|Psychic|p1a: Metapod
|-damage|p1a: Metapod|165\/300
|-unboost|p1a: Metapod|spd|1
|-unboost|p1a: Metapod|spa|1
|
|turn|7
|c|★Major-Kiewie|thx
|
|move|p2a: Jynx|Blizzard|p1a: Metapod
|-damage|p1a: Metapod|0 fnt
|faint|p1a: Metapod
|
|switch|p1a: Cloyster|Cloyster, L83|253\/253
|turn|8
|c|★Major-Kiewie|not that fast
|
|move|p2a: Jynx|Psychic|p1a: Cloyster
|-damage|p1a: Cloyster|164\/253
|-unboost|p1a: Cloyster|spd|1
|-unboost|p1a: Cloyster|spa|1
|move|p1a: Cloyster|Surf|p2a: Jynx
|-damage|p2a: Jynx|0 fnt
|faint|p2a: Jynx
|
|switch|p2a: Exeggutor|Exeggutor, L79|312\/312
|turn|9
|
|switch|p1a: Jynx|Jynx, L79|265\/265
|move|p2a: Exeggutor|Sleep Powder|p1a: Jynx
|-message|Sleep Clause Mod activated.
|
|turn|10
|
|move|p1a: Jynx|Lovely Kiss|p2a: Exeggutor
|-status|p2a: Exeggutor|slp
|cant|p2a: Exeggutor|slp
|-curestatus|p2a: Exeggutor|slp
|
|turn|11
|
|move|p1a: Jynx|Lovely Kiss|p2a: Exeggutor
|-status|p2a: Exeggutor|slp
|cant|p2a: Exeggutor|slp
|
|turn|12
|c|★Major-Kiewie|lol
|
|move|p1a: Jynx|Blizzard|p2a: Exeggutor
|-supereffective|p2a: Exeggutor
|-damage|p2a: Exeggutor|127\/312 slp
|cant|p2a: Exeggutor|slp
|
|turn|13
|
|switch|p2a: Ditto|Ditto, L99|296\/296
|move|p1a: Jynx|Blizzard|p2a: Ditto
|-damage|p2a: Ditto|167\/296
|
|turn|14
|
|switch|p1a: Golem|Golem, L79|288\/288
|move|p2a: Ditto|Transform|p1a: Golem
|-transform|p2a: Ditto|p1a: Golem
|
|turn|15
|c|★Major-Kiewie|oh
|
|switch|p1a: Cloyster|Cloyster, L83|164\/253
|move|p2a: Ditto|Earthquake|p1a: Cloyster
|-damage|p1a: Cloyster|103\/253
|
|turn|16
|
|move|p1a: Cloyster|Blizzard|p2a: Ditto
|-supereffective|p2a: Ditto
|-damage|p2a: Ditto|0 fnt
|faint|p2a: Ditto
|
|switch|p2a: Lapras|Lapras, L79|367\/367
|turn|17
|
|move|p1a: Cloyster|Explosion|p2a: Lapras
|-damage|p2a: Lapras|119\/367
|faint|p1a: Cloyster
|
|switch|p1a: Jynx|Jynx, L79|265\/265
|turn|18
|
|move|p1a: Jynx|Psychic|p2a: Lapras
|-damage|p2a: Lapras|32\/367
|-unboost|p2a: Lapras|spd|1
|-unboost|p2a: Lapras|spa|1
|move|p2a: Lapras|Thunderbolt|p1a: Jynx
|-damage|p1a: Jynx|228\/265
|
|turn|19
|
|move|p1a: Jynx|Psychic|p2a: Lapras
|-damage|p2a: Lapras|0 fnt
|faint|p2a: Lapras
|
|switch|p2a: Arbok|Arbok, L85|276\/276
|turn|20
|
|switch|p1a: Golem|Golem, L79|288\/288
|move|p2a: Arbok|Earthquake|p1a: Golem
|-supereffective|p1a: Golem
|-damage|p1a: Golem|184\/288
|
|turn|21
|
|switch|p2a: Sandshrew|Sandshrew, L96|291\/291
|move|p1a: Golem|Earthquake|p2a: Sandshrew
|-damage|p2a: Sandshrew|201\/291
|
|turn|22
|
|switch|p1a: Tauros|Tauros, L79|280\/280 slp
|move|p2a: Sandshrew|Swords Dance|p2a: Sandshrew
|-boost|p2a: Sandshrew|atk|2
|
|turn|23
|
|cant|p1a: Tauros|slp
|move|p2a: Sandshrew|Swords Dance|p2a: Sandshrew
|-boost|p2a: Sandshrew|atk|2
|
|turn|24
|
|cant|p1a: Tauros|slp
|move|p2a: Sandshrew|Swords Dance|p2a: Sandshrew
|-boost|p2a: Sandshrew|atk|2
|
|turn|25
|
|cant|p1a: Tauros|slp
|-curestatus|p1a: Tauros|slp
|move|p2a: Sandshrew|Earthquake|p1a: Tauros
|-damage|p1a: Tauros|0 fnt
|faint|p1a: Tauros
|
|switch|p1a: Jynx|Jynx, L79|228\/265
|turn|26
|
|move|p1a: Jynx|Blizzard|p2a: Sandshrew
|-supereffective|p2a: Sandshrew
|-damage|p2a: Sandshrew|0 fnt
|faint|p2a: Sandshrew
|c|★Major-Kiewie|lol... why was your pkmn at first? Oo
|
|switch|p2a: Arbok|Arbok, L85|276\/276
|turn|27
|
|move|p1a: Jynx|Psychic|p2a: Arbok
|-supereffective|p2a: Arbok
|-damage|p2a: Arbok|89\/276
|move|p2a: Arbok|Hyper Beam|p1a: Jynx
|-damage|p1a: Jynx|52\/265
|
|turn|28
|-mustrecharge|p2a: Arbok
|-mustrecharge|p2a: Arbok
|
|move|p1a: Jynx|Psychic|p2a: Arbok
|-supereffective|p2a: Arbok
|-damage|p2a: Arbok|0 fnt
|faint|p2a: Arbok
|
|switch|p2a: Exeggutor|Exeggutor, L79|127\/312 slp
|turn|29
|
|move|p1a: Jynx|Blizzard|p2a: Exeggutor
|-supereffective|p2a: Exeggutor
|-damage|p2a: Exeggutor|0 fnt
|faint|p2a: Exeggutor
|
|win|andrewandres
|raw|Ladder updating...