|join|POChamp
|join|TitinhoRibeiro
|player|p1|POChamp|167
|player|p2|TitinhoRibeiro|266
|gametype|singles
|gen|1
|tier|[Gen 1] Random Battle
|rated
|seed|15804,106,14984,22157
|rule|Sleep Clause Mod: Limit one foe put to sleep
|rule|Freeze Clause Mod: Limit one foe frozen
|rule|HP Percentage Mod: HP is shown in percentages
|
|start
|switch|p1a: Jolteon|Jolteon, L79|265\/265
|switch|p2a: Eevee|Eevee, L96|300\/300
|turn|1
|choice|move 1|move 1
|
|move|p1a: Jolteon|Thunderbolt|p2a: Eevee
|-crit|p2a: Eevee
|-damage|p2a: Eevee|100\/300
|move|p2a: Eevee|Body Slam|p1a: Jolteon
|-crit|p1a: Jolteon
|-damage|p1a: Jolteon|63\/265
|-status|p1a: Jolteon|par
|
|turn|2
|choice|move 1|move 1
|
|move|p2a: Eevee|Body Slam|p1a: Jolteon
|-crit|p1a: Jolteon
|-damage|p1a: Jolteon|0 fnt
|faint|p1a: Jolteon
|choice|switch 6|
|
|switch|p1a: Voltorb|Voltorb, L96|272\/272
|turn|3
|choice|move 2|move 1
|
|move|p1a: Voltorb|Thunderbolt|p2a: Eevee
|-damage|p2a: Eevee|2\/300
|move|p2a: Eevee|Body Slam|p1a: Voltorb
|-crit|p1a: Voltorb
|-damage|p1a: Voltorb|89\/272
|
|turn|4
|choice|move 2|switch 2
|
|switch|p2a: Exeggutor|Exeggutor, L79|312\/312
|move|p1a: Voltorb|Thunderbolt|p2a: Exeggutor
|-resisted|p2a: Exeggutor
|-damage|p2a: Exeggutor|273\/312
|
|turn|5
|choice|move 1|move 2
|
|move|p1a: Voltorb|Explosion|p2a: Exeggutor
|-damage|p2a: Exeggutor|98\/312
|faint|p1a: Voltorb
|choice|switch 4|
|
|switch|p1a: Seaking|Seaking, L90|327\/327
|turn|6
|choice|move 2|move 4
|
|move|p1a: Seaking|Blizzard|p2a: Exeggutor
|-crit|p2a: Exeggutor
|-supereffective|p2a: Exeggutor
|-damage|p2a: Exeggutor|0 fnt
|faint|p2a: Exeggutor
|choice||switch 4
|
|switch|p2a: Primeape|Primeape, L90|300\/300
|turn|7
|choice|move 1|move 3
|
|move|p2a: Primeape|Submission|p1a: Seaking|[miss]
|-miss|p2a: Primeape
|move|p1a: Seaking|Surf|p2a: Primeape
|-damage|p2a: Primeape|174\/300
|
|turn|8
|choice|move 1|move 3
|
|move|p2a: Primeape|Submission|p1a: Seaking|[miss]
|-miss|p2a: Primeape
|move|p1a: Seaking|Surf|p2a: Primeape
|-damage|p2a: Primeape|58\/300
|
|turn|9
|choice|move 1|move 2
|
|move|p2a: Primeape|Hyper Beam|p1a: Seaking
|-damage|p1a: Seaking|183\/327
|move|p1a: Seaking|Surf|p2a: Primeape
|-damage|p2a: Primeape|0 fnt
|faint|p2a: Primeape
|choice||switch 6
|
|switch|p2a: Nidorino|Nidorino, L90|293\/293
|turn|10
|choice|move 1|move 3
|
|move|p1a: Seaking|Surf|p2a: Nidorino
|-damage|p2a: Nidorino|171\/293
|move|p2a: Nidorino|Blizzard|p1a: Seaking
|-resisted|p1a: Seaking
|-damage|p1a: Seaking|150\/327
|
|turn|11
|choice|move 1|move 3
|
|move|p1a: Seaking|Surf|p2a: Nidorino
|-damage|p2a: Nidorino|49\/293
|move|p2a: Nidorino|Blizzard|p1a: Seaking
|-resisted|p1a: Seaking
|-damage|p1a: Seaking|117\/327
|
|turn|12
|choice|move 1|move 3
|
|move|p1a: Seaking|Surf|p2a: Nidorino
|-damage|p2a: Nidorino|0 fnt
|faint|p2a: Nidorino
|choice||switch 3
|
|switch|p2a: Ninetales|Ninetales, L85|298\/298
|turn|13
|choice|move 1|move 2
|
|move|p2a: Ninetales|Double-Edge|p1a: Seaking
|-damage|p1a: Seaking|43\/327
|-damage|p2a: Ninetales|280\/298|[from] recoil|[of] p1a: Seaking
|move|p1a: Seaking|Surf|p2a: Ninetales
|-supereffective|p2a: Ninetales
|-damage|p2a: Ninetales|105\/298
|
|turn|14
|choice|move 1|move 2
|
|move|p2a: Ninetales|Double-Edge|p1a: Seaking
|-damage|p1a: Seaking|0 fnt
|-damage|p2a: Ninetales|95\/298|[from] recoil|[of] p1a: Seaking
|faint|p1a: Seaking
|choice|switch 5|
|
|switch|p1a: Machamp|Machamp, L90|345\/345
|turn|15
|choice|move 1|move 1
|
|move|p2a: Ninetales|Fire Blast|p1a: Machamp
|-damage|p1a: Machamp|191\/345
|move|p1a: Machamp|Earthquake|p2a: Ninetales
|-supereffective|p2a: Ninetales
|-damage|p2a: Ninetales|0 fnt
|faint|p2a: Ninetales
|choice||switch 2
|
|switch|p2a: Eevee|Eevee, L96|2\/300
|turn|16
|choice|move 2|move 1
|
|move|p2a: Eevee|Body Slam|p1a: Machamp
|-damage|p1a: Machamp|114\/345
|move|p1a: Machamp|Body Slam|p2a: Eevee
|-damage|p2a: Eevee|0 fnt
|faint|p2a: Eevee
|choice||switch 5
|
|switch|p2a: Aerodactyl|Aerodactyl, L90|327\/327
|turn|17
|choice|move 3|move 1
|
|move|p2a: Aerodactyl|Sky Attack|p1a: Machamp|[still]
|-prepare|p2a: Aerodactyl|Sky Attack|p1a: Machamp
|move|p1a: Machamp|Rock Slide|p2a: Aerodactyl
|-supereffective|p2a: Aerodactyl
|-damage|p2a: Aerodactyl|158\/327
|
|turn|18
|choice|switch 3|move 1
|
|switch|p1a: Oddish|Oddish, L96|281\/281
|move|p2a: Aerodactyl|Sky Attack|p1a: Oddish
|-supereffective|p1a: Oddish
|-damage|p1a: Oddish|0 fnt
|faint|p1a: Oddish
|choice|switch 3|
|
|switch|p1a: Machamp|Machamp, L90|114\/345
|turn|19
|choice|move 3|move 2
|
|move|p2a: Aerodactyl|Hyper Beam|p1a: Machamp
|-damage|p1a: Machamp|0 fnt
|faint|p1a: Machamp
|choice|switch 2|
|
|switch|p1a: Butterfree|Butterfree, L90|291\/291
|turn|20
|choice|move 3|move 1
|
|move|p2a: Aerodactyl|Sky Attack|p1a: Butterfree|[still]
|-prepare|p2a: Aerodactyl|Sky Attack|p1a: Butterfree
|move|p1a: Butterfree|Sleep Powder|p2a: Aerodactyl|[miss]
|-miss|p1a: Butterfree
|
|turn|21
|choice|move 3|move 1
|
|move|p2a: Aerodactyl|Sky Attack|p1a: Butterfree
|-supereffective|p1a: Butterfree
|-damage|p1a: Butterfree|0 fnt
|faint|p1a: Butterfree
|
|win|TitinhoRibeiro
|raw|POChamp's rating: 1460 &rarr; <strong>1429<\/strong><br \/>(-31 for losing)
|raw|TitinhoRibeiro's rating: 1236 &rarr; <strong>1276<\/strong><br \/>(+40 for winning)
|leave|POChamp
|player|p1