|join|kid gf lol
|join|devinkevinlong
|player|p1|kid gf lol|167
|player|p2|devinkevinlong|2
|gametype|singles
|gen|1
|tier|[Gen 1] OU (beta)
|rated
|rule|Sleep Clause Mod: Limit one foe put to sleep
|rule|Species Clause: Limit one of each Pokemon
|rule|OHKO Clause: OHKO moves are banned
|rule|Moody Clause: Moody is banned
|rule|Evasion Moves Clause: Evasion moves are banned
|rule|Endless Battle Clause: Forcing endless battles is banned.
|rule|HP Percentage Mod: HP is reported as percentages
|
|start
|switch|p1a: Im Fast SPEC|Alakazam|313\/313
|switch|p2a: Gengar|Gengar|323\/323
|turn|1
|
|switch|p1a: TNT|Golem|363\/363
|move|p2a: Gengar|Hypnosis|p1a: TNT|[miss]
|-miss|p2a: Gengar
|
|turn|2
|
|switch|p2a: Exeggutor|Exeggutor|393\/393
|move|p1a: TNT|Earthquake|p2a: Exeggutor
|-resisted|p2a: Exeggutor
|-damage|p2a: Exeggutor|328\/393
|
|turn|3
|
|move|p2a: Exeggutor|Sleep Powder|p1a: TNT
|-status|p1a: TNT|slp
|cant|p1a: TNT|slp
|
|turn|4
|
|switch|p1a: Multi Purpose Guy|Exeggutor|393\/393
|move|p2a: Exeggutor|Psychic|p1a: Multi Purpose Guy
|-crit|p1a: Multi Purpose Guy
|-resisted|p1a: Multi Purpose Guy
|-damage|p1a: Multi Purpose Guy|287\/393
|-unboost|p1a: Multi Purpose Guy|spd|1
|-unboost|p1a: Multi Purpose Guy|spa|1
|
|turn|5
|
|move|p2a: Exeggutor|Stun Spore|p1a: Multi Purpose Guy
|-status|p1a: Multi Purpose Guy|par
|move|p1a: Multi Purpose Guy|Sleep Powder|p2a: Exeggutor|[miss]
|-miss|p1a: Multi Purpose Guy
|
|turn|6
|
|move|p2a: Exeggutor|Psychic|p1a: Multi Purpose Guy
|-resisted|p1a: Multi Purpose Guy
|-damage|p1a: Multi Purpose Guy|204\/393 par
|-unboost|p1a: Multi Purpose Guy|spd|1
|-unboost|p1a: Multi Purpose Guy|spa|1
|move|p1a: Multi Purpose Guy|Sleep Powder|p2a: Exeggutor
|-status|p2a: Exeggutor|slp
|
|turn|7
|chat|kid gf lol|choose your sleeper
|
|switch|p2a: Starmie|Starmie|323\/323
|switch|p1a: Special Wall|Chansey|703\/703
|
|turn|8
|
|move|p2a: Starmie|Thunder Wave|p1a: Special Wall
|-status|p1a: Special Wall|par
|move|p1a: Special Wall|Thunder Wave|p2a: Starmie
|-status|p2a: Starmie|par
|
|turn|9
|chat|kid gf lol|t wave'd
|
|move|p2a: Starmie|Blizzard|p1a: Special Wall
|-damage|p1a: Special Wall|617\/703 par
|move|p1a: Special Wall|Thunder Wave|p2a: Starmie
|-fail|p2a: Starmie|par
|
|turn|10
|
|switch|p2a: Exeggutor|Exeggutor|328\/393 slp
|switch|p1a: Im Fast SPEC|Alakazam|313\/313
|
|turn|11
|
|switch|p1a: Special Wall|Chansey|617\/703 par
|cant|p2a: Exeggutor|slp
|
|turn|12
|
|switch|p2a: Gengar|Gengar|323\/323
|move|p1a: Special Wall|Ice Beam|p2a: Gengar
|-damage|p2a: Gengar|260\/323
|-status|p2a: Gengar|frz
|
|turn|13
|chat|kid gf lol|i'm beaming gl
|
|switch|p2a: Starmie|Starmie|323\/323 par
|switch|p1a: AnnoyingIfGood|Dragonite|385\/385
|
|turn|14
|
|move|p1a: AnnoyingIfGood|Wrap|p2a: Starmie
|-damage|p2a: Starmie|305\/323 par
|-activate|p2a: Starmie|move: Wrap|[of] p1a: AnnoyingIfGood
|cant|p2a: Starmie|par
|
|turn|15
|
|move|p1a: AnnoyingIfGood|Wrap|p2a: Starmie
|-damage|p2a: Starmie|287\/323 par
|cant|p2a: Starmie|partiallytrapped
|
|turn|16
|
|move|p1a: AnnoyingIfGood|Wrap|p2a: Starmie
|-damage|p2a: Starmie|269\/323 par
|cant|p2a: Starmie|partiallytrapped
|
|turn|17
|
|move|p1a: AnnoyingIfGood|Wrap|p2a: Starmie
|-damage|p2a: Starmie|251\/323 par
|cant|p2a: Starmie|partiallytrapped
|
|-end|p2a: Starmie|Wrap|[partiallytrapped]
|turn|18
|
|move|p1a: AnnoyingIfGood|Wrap|p2a: Starmie
|-damage|p2a: Starmie|233\/323 par
|-activate|p2a: Starmie|move: Wrap|[of] p1a: AnnoyingIfGood
|cant|p2a: Starmie|partiallytrapped
|
|turn|19
|
|move|p1a: AnnoyingIfGood|Wrap|p2a: Starmie
|-damage|p2a: Starmie|215\/323 par
|cant|p2a: Starmie|partiallytrapped
|
|turn|20
|
|switch|p2a: Gengar|Gengar|260\/323 frz
|move|p1a: AnnoyingIfGood|Wrap|p2a: Gengar
|-damage|p2a: Gengar|260\/323 frz
|-activate|p2a: Gengar|move: Wrap|[of] p1a: AnnoyingIfGood
|
|turn|21
|
|cant|p2a: Gengar|frz
|move|p1a: AnnoyingIfGood|Wrap|p2a: Gengar
|-damage|p2a: Gengar|260\/323 frz
|
|turn|22
|
|cant|p2a: Gengar|frz
|move|p1a: AnnoyingIfGood|Wrap|p2a: Gengar
|-damage|p2a: Gengar|260\/323 frz
|
|-end|p2a: Gengar|Wrap|[partiallytrapped]
|turn|23
|
|cant|p2a: Gengar|frz
|move|p1a: AnnoyingIfGood|Agility|p1a: AnnoyingIfGood
|-boost|p1a: AnnoyingIfGood|spe|2
|
|turn|24
|chat|kid gf lol|sweet!!!
|
|switch|p2a: Chansey|Chansey|703\/703
|move|p1a: AnnoyingIfGood|Substitute|p1a: AnnoyingIfGood
|-start|p1a: AnnoyingIfGood|Substitute
|-damage|p1a: AnnoyingIfGood|289\/385
|
|turn|25
|
|move|p1a: AnnoyingIfGood|Wrap|p2a: Chansey|[miss]
|-miss|p1a: AnnoyingIfGood
|move|p2a: Chansey|Thunder Wave|p1a: AnnoyingIfGood
|-status|p1a: AnnoyingIfGood|par
|
|turn|26
|
|move|p2a: Chansey|Ice Beam|p1a: AnnoyingIfGood
|-supereffective|p1a: AnnoyingIfGood
|-end|p1a: AnnoyingIfGood|Substitute
|move|p1a: AnnoyingIfGood|Agility|p1a: AnnoyingIfGood
|-boost|p1a: AnnoyingIfGood|spe|2
|
|turn|27
|
|move|p1a: AnnoyingIfGood|Wrap|p2a: Chansey
|-damage|p2a: Chansey|664\/703
|-activate|p2a: Chansey|move: Wrap|[of] p1a: AnnoyingIfGood
|cant|p2a: Chansey|partiallytrapped
|
|turn|28
|
|move|p1a: AnnoyingIfGood|Wrap|p2a: Chansey
|-damage|p2a: Chansey|625\/703
|cant|p2a: Chansey|partiallytrapped
|
|turn|29
|
|move|p1a: AnnoyingIfGood|Wrap|p2a: Chansey
|-damage|p2a: Chansey|586\/703
|cant|p2a: Chansey|partiallytrapped
|
|turn|30
|
|cant|p1a: AnnoyingIfGood|par
|cant|p2a: Chansey|partiallytrapped
|
|-end|p2a: Chansey|Wrap|[partiallytrapped]
|turn|31
|
|move|p1a: AnnoyingIfGood|Wrap|p2a: Chansey
|-damage|p2a: Chansey|547\/703
|-activate|p2a: Chansey|move: Wrap|[of] p1a: AnnoyingIfGood
|cant|p2a: Chansey|partiallytrapped
|
|turn|32
|
|cant|p1a: AnnoyingIfGood|par
|cant|p2a: Chansey|partiallytrapped
|
|-end|p2a: Chansey|Wrap|[partiallytrapped]
|turn|33
|
|move|p1a: AnnoyingIfGood|Wrap|p2a: Chansey
|-damage|p2a: Chansey|505\/703
|-activate|p2a: Chansey|move: Wrap|[of] p1a: AnnoyingIfGood
|cant|p2a: Chansey|partiallytrapped
|
|turn|34
|
|move|p1a: AnnoyingIfGood|Wrap|p2a: Chansey
|-damage|p2a: Chansey|463\/703
|cant|p2a: Chansey|partiallytrapped
|
|-end|p2a: Chansey|Wrap|[partiallytrapped]
|turn|35
|
|cant|p1a: AnnoyingIfGood|par
|move|p2a: Chansey|Soft-Boiled|p2a: Chansey
|-heal|p2a: Chansey|703\/703
|
|turn|36
|
|move|p1a: AnnoyingIfGood|Wrap|p2a: Chansey
|-damage|p2a: Chansey|666\/703
|-activate|p2a: Chansey|move: Wrap|[of] p1a: AnnoyingIfGood
|cant|p2a: Chansey|partiallytrapped
|
|turn|37
|
|move|p1a: AnnoyingIfGood|Wrap|p2a: Chansey
|-damage|p2a: Chansey|629\/703
|cant|p2a: Chansey|partiallytrapped
|
|turn|38
|
|move|p1a: AnnoyingIfGood|Wrap|p2a: Chansey
|-damage|p2a: Chansey|592\/703
|cant|p2a: Chansey|partiallytrapped
|
|-end|p2a: Chansey|Wrap|[partiallytrapped]
|turn|39
|
|move|p1a: AnnoyingIfGood|Wrap|p2a: Chansey|[miss]
|-miss|p1a: AnnoyingIfGood
|move|p2a: Chansey|Ice Beam|p1a: AnnoyingIfGood
|-supereffective|p1a: AnnoyingIfGood
|-damage|p1a: AnnoyingIfGood|0 fnt
|faint|p1a: AnnoyingIfGood
|
|
|switch|p1a: GRR Strong|Tauros|353\/353
|turn|40
|
|move|p1a: GRR Strong|Body Slam|p2a: Chansey
|-damage|p2a: Chansey|321\/703
|-status|p2a: Chansey|par
|move|p2a: Chansey|Thunder Wave|p1a: GRR Strong
|-status|p1a: GRR Strong|par
|
|turn|41
|
|switch|p2a: Gengar|Gengar|260\/323 frz
|move|p1a: GRR Strong|Hyper Beam|p2a: Gengar
|-immune|p2a: Gengar|[msg]
|
|turn|42
|chat|kid gf lol|hyp0r beamed!!!
|
|switch|p2a: Rhydon|Rhydon|413\/413
|move|p1a: GRR Strong|Earthquake|p2a: Rhydon
|-supereffective|p2a: Rhydon
|-damage|p2a: Rhydon|263\/413
|
|turn|43
|
|move|p2a: Rhydon|Earthquake|p1a: GRR Strong
|-damage|p1a: GRR Strong|196\/353 par
|move|p1a: GRR Strong|Blizzard|p2a: Rhydon
|-crit|p2a: Rhydon
|-supereffective|p2a: Rhydon
|-damage|p2a: Rhydon|0 fnt
|faint|p2a: Rhydon
|
|chat|kid gf lol|MVP
|
|switch|p2a: Exeggutor|Exeggutor|328\/393 slp
|turn|44
|
|cant|p2a: Exeggutor|slp
|cant|p1a: GRR Strong|par
|
|turn|45
|
|cant|p2a: Exeggutor|slp
|move|p1a: GRR Strong|Blizzard|p2a: Exeggutor
|-supereffective|p2a: Exeggutor
|-damage|p2a: Exeggutor|208\/393 slp
|
|turn|46
|
|switch|p1a: Special Wall|Chansey|617\/703 par
|cant|p2a: Exeggutor|slp
|
|turn|47
|chat|kid gf lol|aight
|
|cant|p2a: Exeggutor|slp
|move|p1a: Special Wall|Ice Beam|p2a: Exeggutor
|-supereffective|p2a: Exeggutor
|-damage|p2a: Exeggutor|72\/393 slp
|
|turn|48
|chat|kid gf lol|u getting beamed
|
|switch|p2a: Gengar|Gengar|260\/323 frz
|cant|p1a: Special Wall|par
|
|turn|49
|
|switch|p2a: Tauros|Tauros|353\/353
|switch|p1a: Multi Purpose Guy|Exeggutor|204\/393 par
|
|turn|50
|chat|kid gf lol|sweet!!!
|
|move|p2a: Tauros|Hyper Beam|p1a: Multi Purpose Guy
|-damage|p1a: Multi Purpose Guy|0 fnt
|faint|p1a: Multi Purpose Guy
|
|
|switch|p1a: Special Wall|Chansey|617\/703 par
|turn|51
|
|switch|p2a: Gengar|Gengar|260\/323 frz
|move|p1a: Special Wall|Counter|p2a: Gengar
|-fail|p1a: Special Wall
|
|turn|52
|
|switch|p2a: Exeggutor|Exeggutor|72\/393 slp
|move|p1a: Special Wall|Thunder Wave|p2a: Exeggutor
|-fail|p2a: Exeggutor
|
|turn|53
|chat|kid gf lol|parachuting
|
|cant|p2a: Exeggutor|slp
|-curestatus|p2a: Exeggutor|slp
|move|p1a: Special Wall|Ice Beam|p2a: Exeggutor
|-crit|p2a: Exeggutor
|-supereffective|p2a: Exeggutor
|-damage|p2a: Exeggutor|0 fnt
|faint|p2a: Exeggutor
|
|chat|kid gf lol|pull the emergency chute!!
|
|switch|p2a: Tauros|Tauros|353\/353
|turn|54
|
|move|p2a: Tauros|Body Slam|p1a: Special Wall
|-damage|p1a: Special Wall|325\/703 par
|cant|p1a: Special Wall|par
|
|turn|55
|
|switch|p1a: Im Fast SPEC|Alakazam|313\/313
|move|p2a: Tauros|Hyper Beam|p1a: Im Fast SPEC
|-damage|p1a: Im Fast SPEC|49\/313
|
|turn|56
|
|move|p1a: Im Fast SPEC|Psychic|p2a: Tauros
|-crit|p2a: Tauros
|-damage|p2a: Tauros|35\/353
|-unboost|p2a: Tauros|spd|1
|-unboost|p2a: Tauros|spa|1
|cant|p2a: Tauros|recharge
|
|turn|57
|
|switch|p2a: Starmie|Starmie|215\/323 par
|move|p1a: Im Fast SPEC|Psychic|p2a: Starmie
|-resisted|p2a: Starmie
|-damage|p2a: Starmie|148\/323 par
|
|turn|58
|
|move|p1a: Im Fast SPEC|Recover|p1a: Im Fast SPEC
|-heal|p1a: Im Fast SPEC|205\/313
|move|p2a: Starmie|Thunder Wave|p1a: Im Fast SPEC
|-status|p1a: Im Fast SPEC|par
|
|turn|59
|
|move|p1a: Im Fast SPEC|Seismic Toss|p2a: Starmie
|-damage|p2a: Starmie|48\/323 par
|move|p2a: Starmie|Recover|p2a: Starmie
|-heal|p2a: Starmie|209\/323 par
|
|turn|60
|
|move|p1a: Im Fast SPEC|Thunder Wave|p2a: Starmie
|-fail|p2a: Starmie|par
|move|p2a: Starmie|Blizzard|p1a: Im Fast SPEC|[miss]
|-miss|p2a: Starmie
|
|turn|61
|
|move|p1a: Im Fast SPEC|Recover|p1a: Im Fast SPEC
|-heal|p1a: Im Fast SPEC|313\/313 par
|move|p2a: Starmie|Recover|p2a: Starmie
|-heal|p2a: Starmie|323\/323 par
|
|turn|62
|
|move|p1a: Im Fast SPEC|Thunder Wave|p2a: Starmie
|-fail|p2a: Starmie|par
|move|p2a: Starmie|Blizzard|p1a: Im Fast SPEC
|-damage|p1a: Im Fast SPEC|240\/313 par
|
|turn|63
|
|move|p1a: Im Fast SPEC|Seismic Toss|p2a: Starmie
|-damage|p2a: Starmie|223\/323 par
|move|p2a: Starmie|Thunderbolt|p1a: Im Fast SPEC
|-damage|p1a: Im Fast SPEC|176\/313 par
|
|turn|64
|chat|kid gf lol|okay fine i'll take you out!!
|
|switch|p2a: Gengar|Gengar|260\/323 frz
|move|p1a: Im Fast SPEC|Psychic|p2a: Gengar
|-crit|p2a: Gengar
|-supereffective|p2a: Gengar
|-damage|p2a: Gengar|0 fnt
|faint|p2a: Gengar
|
|
|switch|p2a: Tauros|Tauros|35\/353
|turn|65
|
|move|p2a: Tauros|Hyper Beam|p1a: Im Fast SPEC
|-damage|p1a: Im Fast SPEC|0 fnt
|faint|p1a: Im Fast SPEC
|
|
|switch|p1a: GRR Strong|Tauros|196\/353 par
|turn|66
|
|move|p2a: Tauros|Hyper Beam|p1a: GRR Strong
|-damage|p1a: GRR Strong|24\/353 par
|move|p1a: GRR Strong|Body Slam|p2a: Tauros
|-crit|p2a: Tauros
|-damage|p2a: Tauros|0 fnt
|faint|p2a: Tauros
|
|
|switch|p2a: Starmie|Starmie|223\/323 par
|turn|67
|
|switch|p1a: Special Wall|Chansey|325\/703 par
|move|p2a: Starmie|Thunderbolt|p1a: Special Wall
|-damage|p1a: Special Wall|258\/703 par
|
|turn|68
|
|move|p2a: Starmie|Thunderbolt|p1a: Special Wall
|-damage|p1a: Special Wall|187\/703 par
|move|p1a: Special Wall|Soft-Boiled|p1a: Special Wall
|-heal|p1a: Special Wall|538\/703 par
|
|turn|69
|
|move|p2a: Starmie|Thunderbolt|p1a: Special Wall
|-damage|p1a: Special Wall|470\/703 par
|move|p1a: Special Wall|Ice Beam|p2a: Starmie
|-resisted|p2a: Starmie
|-damage|p2a: Starmie|183\/323 par
|
|turn|70
|
|move|p2a: Starmie|Thunderbolt|p1a: Special Wall
|-damage|p1a: Special Wall|395\/703 par
|move|p1a: Special Wall|Ice Beam|p2a: Starmie
|-resisted|p2a: Starmie
|-damage|p2a: Starmie|146\/323 par
|
|turn|71
|
|move|p2a: Starmie|Thunderbolt|p1a: Special Wall
|-damage|p1a: Special Wall|327\/703 par
|move|p1a: Special Wall|Soft-Boiled|p1a: Special Wall
|-heal|p1a: Special Wall|678\/703 par
|
|turn|72
|chat|kid gf lol|goodluck 250 turn fight
|
|move|p2a: Starmie|Recover|p2a: Starmie
|-heal|p2a: Starmie|307\/323 par
|move|p1a: Special Wall|Thunder Wave|p2a: Starmie
|-fail|p2a: Starmie|par
|
|turn|73
|
|move|p2a: Starmie|Thunderbolt|p1a: Special Wall
|-damage|p1a: Special Wall|604\/703 par
|cant|p1a: Special Wall|par
|
|turn|74
|
|move|p2a: Starmie|Thunderbolt|p1a: Special Wall
|-damage|p1a: Special Wall|533\/703 par
|cant|p1a: Special Wall|par
|
|turn|75
|
|move|p2a: Starmie|Thunderbolt|p1a: Special Wall
|-damage|p1a: Special Wall|456\/703 par
|move|p1a: Special Wall|Thunder Wave|p2a: Starmie
|-fail|p2a: Starmie|par
|
|turn|76
|
|move|p2a: Starmie|Thunder Wave|p1a: Special Wall
|-fail|p1a: Special Wall|par
|cant|p1a: Special Wall|par
|
|turn|77
|
|cant|p2a: Starmie|par
|cant|p1a: Special Wall|par
|
|turn|78
|
|move|p2a: Starmie|Thunder Wave|p1a: Special Wall
|-fail|p1a: Special Wall|par
|move|p1a: Special Wall|Counter|p2a: Starmie
|-fail|p1a: Special Wall
|
|turn|79
|
|move|p2a: Starmie|Thunder Wave|p1a: Special Wall
|-fail|p1a: Special Wall|par
|move|p1a: Special Wall|Counter|p2a: Starmie
|-fail|p1a: Special Wall
|
|turn|80
|
|move|p2a: Starmie|Thunder Wave|p1a: Special Wall
|-fail|p1a: Special Wall|par
|move|p1a: Special Wall|Counter|p2a: Starmie
|-fail|p1a: Special Wall
|
|turn|81
|
|move|p2a: Starmie|Thunder Wave|p1a: Special Wall
|-fail|p1a: Special Wall|par
|move|p1a: Special Wall|Counter|p2a: Starmie
|-fail|p1a: Special Wall
|
|turn|82
|
|move|p2a: Starmie|Thunder Wave|p1a: Special Wall
|-fail|p1a: Special Wall|par
|move|p1a: Special Wall|Counter|p2a: Starmie
|-fail|p1a: Special Wall
|
|turn|83
|
|move|p2a: Starmie|Thunder Wave|p1a: Special Wall
|-fail|p1a: Special Wall|par
|move|p1a: Special Wall|Counter|p2a: Starmie
|-fail|p1a: Special Wall
|
|turn|84
|
|move|p2a: Starmie|Thunder Wave|p1a: Special Wall
|-fail|p1a: Special Wall|par
|move|p1a: Special Wall|Counter|p2a: Starmie
|-fail|p1a: Special Wall
|
|turn|85
|chat|kid gf lol|chansey can outstall starmie
|
|move|p2a: Starmie|Thunder Wave|p1a: Special Wall
|-fail|p1a: Special Wall|par
|move|p1a: Special Wall|Counter|p2a: Starmie
|-fail|p1a: Special Wall
|
|turn|86
|
|cant|p2a: Starmie|par
|move|p1a: Special Wall|Counter|p2a: Starmie
|-fail|p1a: Special Wall
|
|turn|87
|
|move|p2a: Starmie|Thunder Wave|p1a: Special Wall
|-fail|p1a: Special Wall|par
|move|p1a: Special Wall|Counter|p2a: Starmie
|-fail|p1a: Special Wall
|
|turn|88
|
|move|p2a: Starmie|Thunder Wave|p1a: Special Wall
|-fail|p1a: Special Wall|par
|cant|p1a: Special Wall|par
|
|turn|89
|
|move|p2a: Starmie|Thunder Wave|p1a: Special Wall
|-fail|p1a: Special Wall|par
|cant|p1a: Special Wall|par
|
|turn|90
|
|move|p2a: Starmie|Thunder Wave|p1a: Special Wall
|-fail|p1a: Special Wall|par
|move|p1a: Special Wall|Counter|p2a: Starmie
|-fail|p1a: Special Wall
|
|turn|91
|
|move|p2a: Starmie|Thunder Wave|p1a: Special Wall
|-fail|p1a: Special Wall|par
|move|p1a: Special Wall|Counter|p2a: Starmie
|-fail|p1a: Special Wall
|
|turn|92
|
|cant|p2a: Starmie|par
|cant|p1a: Special Wall|par
|
|turn|93
|
|move|p2a: Starmie|Recover|p2a: Starmie
|-heal|p2a: Starmie|323\/323 par
|move|p1a: Special Wall|Counter|p2a: Starmie
|-fail|p1a: Special Wall
|
|turn|94
|
|move|p2a: Starmie|Thunder Wave|p1a: Special Wall
|-fail|p1a: Special Wall|par
|move|p1a: Special Wall|Counter|p2a: Starmie
|-fail|p1a: Special Wall
|
|turn|95
|
|move|p2a: Starmie|Thunder Wave|p1a: Special Wall
|-fail|p1a: Special Wall|par
|move|p1a: Special Wall|Counter|p2a: Starmie
|-fail|p1a: Special Wall
|
|turn|96
|
|move|p2a: Starmie|Thunder Wave|p1a: Special Wall
|-fail|p1a: Special Wall|par
|move|p1a: Special Wall|Counter|p2a: Starmie
|-fail|p1a: Special Wall
|
|turn|97
|
|move|p2a: Starmie|Recover|p2a: Starmie
|-fail|p2a: Starmie
|move|p1a: Special Wall|Counter|p2a: Starmie
|-fail|p1a: Special Wall
|
|turn|98
|
|move|p2a: Starmie|Thunder Wave|p1a: Special Wall
|-fail|p1a: Special Wall|par
|move|p1a: Special Wall|Counter|p2a: Starmie
|-fail|p1a: Special Wall
|
|turn|99
|
|move|p2a: Starmie|Thunder Wave|p1a: Special Wall
|-fail|p1a: Special Wall|par
|move|p1a: Special Wall|Counter|p2a: Starmie
|-fail|p1a: Special Wall
|
|turn|100
|
|move|p2a: Starmie|Thunder Wave|p1a: Special Wall
|-fail|p1a: Special Wall|par
|cant|p1a: Special Wall|par
|
|turn|101
|
|move|p2a: Starmie|Thunder Wave|p1a: Special Wall
|-fail|p1a: Special Wall|par
|move|p1a: Special Wall|Counter|p2a: Starmie
|-fail|p1a: Special Wall
|
|turn|102
|
|move|p2a: Starmie|Thunder Wave|p1a: Special Wall
|-fail|p1a: Special Wall|par
|cant|p1a: Special Wall|par
|
|turn|103
|
|move|p2a: Starmie|Thunder Wave|p1a: Special Wall
|-fail|p1a: Special Wall|par
|move|p1a: Special Wall|Counter|p2a: Starmie
|-fail|p1a: Special Wall
|
|turn|104
|
|move|p2a: Starmie|Thunder Wave|p1a: Special Wall
|-fail|p1a: Special Wall|par
|move|p1a: Special Wall|Counter|p2a: Starmie
|-fail|p1a: Special Wall
|
|turn|105
|
|move|p2a: Starmie|Thunderbolt|p1a: Special Wall
|-damage|p1a: Special Wall|389\/703 par
|move|p1a: Special Wall|Counter|p2a: Starmie
|-fail|p1a: Special Wall
|
|turn|106
|
|move|p2a: Starmie|Thunderbolt|p1a: Special Wall
|-damage|p1a: Special Wall|314\/703 par
|move|p1a: Special Wall|Counter|p2a: Starmie
|-fail|p1a: Special Wall
|
|turn|107
|
|cant|p2a: Starmie|par
|move|p1a: Special Wall|Soft-Boiled|p1a: Special Wall
|-heal|p1a: Special Wall|665\/703 par
|
|turn|108
|
|move|p2a: Starmie|Recover|p2a: Starmie
|-fail|p2a: Starmie
|move|p1a: Special Wall|Counter|p2a: Starmie
|-fail|p1a: Special Wall
|
|turn|109
|
|move|p2a: Starmie|Recover|p2a: Starmie
|-fail|p2a: Starmie
|move|p1a: Special Wall|Counter|p2a: Starmie
|-fail|p1a: Special Wall
|
|turn|110
|
|move|p2a: Starmie|Thunderbolt|p1a: Special Wall
|-crit|p1a: Special Wall
|-damage|p1a: Special Wall|515\/703 par
|cant|p1a: Special Wall|par
|
|turn|111
|
|move|p2a: Starmie|Recover|p2a: Starmie
|-fail|p2a: Starmie
|move|p1a: Special Wall|Counter|p2a: Starmie
|-fail|p1a: Special Wall
|
|turn|112
|
|move|p2a: Starmie|Thunderbolt|p1a: Special Wall
|-damage|p1a: Special Wall|440\/703 par
|move|p1a: Special Wall|Counter|p2a: Starmie
|-fail|p1a: Special Wall
|
|turn|113
|
|cant|p2a: Starmie|par
|move|p1a: Special Wall|Counter|p2a: Starmie
|-fail|p1a: Special Wall
|
|turn|114
|
|move|p2a: Starmie|Thunderbolt|p1a: Special Wall
|-crit|p1a: Special Wall
|-damage|p1a: Special Wall|289\/703 par
|cant|p1a: Special Wall|par
|
|turn|115
|
|move|p2a: Starmie|Thunderbolt|p1a: Special Wall
|-damage|p1a: Special Wall|221\/703 par
|move|p1a: Special Wall|Soft-Boiled|p1a: Special Wall
|-heal|p1a: Special Wall|572\/703 par
|
|turn|116
|
|cant|p2a: Starmie|par
|move|p1a: Special Wall|Counter|p2a: Starmie
|-fail|p1a: Special Wall
|
|turn|117
|
|move|p2a: Starmie|Recover|p2a: Starmie
|-fail|p2a: Starmie
|move|p1a: Special Wall|Counter|p2a: Starmie
|-fail|p1a: Special Wall
|
|turn|118
|
|cant|p2a: Starmie|par
|cant|p1a: Special Wall|par
|
|turn|119
|
|move|p2a: Starmie|Thunder Wave|p1a: Special Wall
|-fail|p1a: Special Wall|par
|move|p1a: Special Wall|Thunder Wave|p2a: Starmie
|-fail|p2a: Starmie|par
|
|turn|120
|
|cant|p2a: Starmie|par
|move|p1a: Special Wall|Thunder Wave|p2a: Starmie
|-fail|p2a: Starmie|par
|
|turn|121
|
|cant|p2a: Starmie|par
|cant|p1a: Special Wall|par
|
|turn|122
|
|move|p2a: Starmie|Thunder Wave|p1a: Special Wall
|-fail|p1a: Special Wall|par
|move|p1a: Special Wall|Thunder Wave|p2a: Starmie
|-fail|p2a: Starmie|par
|
|turn|123
|chat|kid gf lol|most boring fight ever
|
|move|p2a: Starmie|Recover|p2a: Starmie
|-fail|p2a: Starmie
|move|p1a: Special Wall|Thunder Wave|p2a: Starmie
|-fail|p2a: Starmie|par
|
|turn|124
|
|move|p2a: Starmie|Recover|p2a: Starmie
|-fail|p2a: Starmie
|move|p1a: Special Wall|Thunder Wave|p2a: Starmie
|-fail|p2a: Starmie|par
|
|turn|125
|
|move|p2a: Starmie|Recover|p2a: Starmie
|-fail|p2a: Starmie
|move|p1a: Special Wall|Thunder Wave|p2a: Starmie
|-fail|p2a: Starmie|par
|
|turn|126
|
|move|p2a: Starmie|Thunder Wave|p1a: Special Wall
|-fail|p1a: Special Wall|par
|move|p1a: Special Wall|Thunder Wave|p2a: Starmie
|-fail|p2a: Starmie|par
|
|turn|127
|chat|kid gf lol|is starmie finally starting to faulter?
|
|move|p2a: Starmie|Thunder Wave|p1a: Special Wall
|-fail|p1a: Special Wall|par
|move|p1a: Special Wall|Thunder Wave|p2a: Starmie
|-fail|p2a: Starmie|par
|
|turn|128
|
|move|p2a: Starmie|Thunder Wave|p1a: Special Wall
|-fail|p1a: Special Wall|par
|cant|p1a: Special Wall|par
|
|turn|129
|
|move|p2a: Starmie|Thunder Wave|p1a: Special Wall
|-fail|p1a: Special Wall|par
|move|p1a: Special Wall|Thunder Wave|p2a: Starmie
|-fail|p2a: Starmie|par
|
|turn|130
|
|move|p2a: Starmie|Recover|p2a: Starmie
|-fail|p2a: Starmie
|cant|p1a: Special Wall|par
|
|turn|131
|
|move|p2a: Starmie|Thunderbolt|p1a: Special Wall
|-damage|p1a: Special Wall|501\/703 par
|cant|p1a: Special Wall|par
|
|turn|132
|chat|kid gf lol|my chansey still has plenty of ammo
|
|move|p2a: Starmie|Recover|p2a: Starmie
|-fail|p2a: Starmie
|move|p1a: Special Wall|Thunder Wave|p2a: Starmie|[miss]
|-miss|p1a: Special Wall
|
|turn|133
|
|move|p2a: Starmie|Recover|p2a: Starmie
|-fail|p2a: Starmie
|move|p1a: Special Wall|Thunder Wave|p2a: Starmie
|-fail|p2a: Starmie|par
|
|turn|134
|
|move|p2a: Starmie|Recover|p2a: Starmie
|-fail|p2a: Starmie
|move|p1a: Special Wall|Thunder Wave|p2a: Starmie
|-fail|p2a: Starmie|par
|
|turn|135
|
|cant|p2a: Starmie|par
|move|p1a: Special Wall|Thunder Wave|p2a: Starmie
|-fail|p2a: Starmie|par
|
|turn|136
|
|cant|p2a: Starmie|par
|move|p1a: Special Wall|Thunder Wave|p2a: Starmie
|-fail|p2a: Starmie|par
|
|turn|137
|
|move|p2a: Starmie|Recover|p2a: Starmie
|-fail|p2a: Starmie
|move|p1a: Special Wall|Thunder Wave|p2a: Starmie
|-fail|p2a: Starmie|par
|
|turn|138
|
|move|p2a: Starmie|Recover|p2a: Starmie
|-fail|p2a: Starmie
|move|p1a: Special Wall|Thunder Wave|p2a: Starmie
|-fail|p2a: Starmie|par
|
|turn|139
|
|move|p2a: Starmie|Recover|p2a: Starmie
|-fail|p2a: Starmie
|move|p1a: Special Wall|Thunder Wave|p2a: Starmie
|-fail|p2a: Starmie|par
|
|turn|140
|
|switch|p2a: Chansey|Chansey|321\/703 par
|move|p1a: Special Wall|Thunder Wave|p2a: Chansey
|-fail|p2a: Chansey|par
|
|turn|141
|
|cant|p1a: Special Wall|par
|move|p2a: Chansey|Soft-Boiled|p2a: Chansey
|-heal|p2a: Chansey|672\/703 par
|
|turn|142
|
|switch|p2a: Starmie|Starmie|323\/323 par
|cant|p1a: Special Wall|par
|
|turn|143
|
|move|p2a: Starmie|Thunderbolt|p1a: Special Wall
|-damage|p1a: Special Wall|432\/703 par
|cant|p1a: Special Wall|par
|
|turn|144
|
|switch|p2a: Chansey|Chansey|672\/703 par
|move|p1a: Special Wall|Thunder Wave|p2a: Chansey
|-fail|p2a: Chansey|par
|
|turn|145
|
|move|p2a: Chansey|Thunder Wave|p1a: Special Wall
|-fail|p1a: Special Wall|par
|move|p1a: Special Wall|Thunder Wave|p2a: Chansey
|-fail|p2a: Chansey|par
|
|turn|146
|
|move|p1a: Special Wall|Thunder Wave|p2a: Chansey
|-fail|p2a: Chansey|par
|cant|p2a: Chansey|par
|
|turn|147
|
|switch|p2a: Starmie|Starmie|323\/323 par
|move|p1a: Special Wall|Thunder Wave|p2a: Starmie
|-fail|p2a: Starmie|par
|
|turn|148
|
|switch|p2a: Chansey|Chansey|672\/703 par
|switch|p1a: TNT|Golem|363\/363 slp
|
|turn|149
|
|switch|p1a: Special Wall|Chansey|432\/703 par
|move|p2a: Chansey|Ice Beam|p1a: Special Wall
|-damage|p1a: Special Wall|352\/703 par
|
|turn|150
|
|move|p1a: Special Wall|Soft-Boiled|p1a: Special Wall
|-heal|p1a: Special Wall|703\/703 par
|move|p2a: Chansey|Ice Beam|p1a: Special Wall
|-damage|p1a: Special Wall|634\/703 par
|
|turn|151
|
|switch|p2a: Starmie|Starmie|323\/323 par
|move|p1a: Special Wall|Thunder Wave|p2a: Starmie
|-fail|p2a: Starmie|par
|
|turn|152
|
|move|p2a: Starmie|Recover|p2a: Starmie
|-fail|p2a: Starmie
|move|p1a: Special Wall|Thunder Wave|p2a: Starmie
|-fail|p2a: Starmie|par
|
|turn|153
|
|switch|p1a: TNT|Golem|363\/363 slp
|cant|p2a: Starmie|par
|
|turn|154
|
|switch|p1a: Special Wall|Chansey|634\/703 par
|switch|p2a: Chansey|Chansey|672\/703 par
|
|turn|155
|
|move|p2a: Chansey|Ice Beam|p1a: Special Wall
|-damage|p1a: Special Wall|555\/703 par
|move|p1a: Special Wall|Thunder Wave|p2a: Chansey
|-fail|p2a: Chansey|par
|
|turn|156
|
|move|p1a: Special Wall|Thunder Wave|p2a: Chansey
|-fail|p2a: Chansey|par
|cant|p2a: Chansey|par
|
|turn|157
|
|move|p1a: Special Wall|Thunder Wave|p2a: Chansey
|-fail|p2a: Chansey|par
|move|p2a: Chansey|Thunderbolt|p1a: Special Wall
|-damage|p1a: Special Wall|487\/703 par
|
|turn|158
|
|switch|p1a: TNT|Golem|363\/363 slp
|move|p2a: Chansey|Thunderbolt|p1a: TNT
|-immune|p1a: TNT|[msg]
|
|turn|159
|
|switch|p1a: Special Wall|Chansey|487\/703 par
|cant|p2a: Chansey|par
|
|turn|160
|
|switch|p1a: TNT|Golem|363\/363 slp
|move|p2a: Chansey|Thunder Wave|p1a: TNT
|-immune|p1a: TNT|[msg]
|
|turn|161
|
|switch|p1a: Special Wall|Chansey|487\/703 par
|move|p2a: Chansey|Thunder Wave|p1a: Special Wall
|-fail|p1a: Special Wall|par
|
|turn|162
|
|move|p1a: Special Wall|Soft-Boiled|p1a: Special Wall
|-heal|p1a: Special Wall|703\/703 par
|move|p2a: Chansey|Ice Beam|p1a: Special Wall
|-damage|p1a: Special Wall|626\/703 par
|
|turn|163
|
|move|p1a: Special Wall|Ice Beam|p2a: Chansey
|-damage|p2a: Chansey|597\/703 par
|move|p2a: Chansey|Ice Beam|p1a: Special Wall
|-damage|p1a: Special Wall|558\/703 par
|
|turn|164
|
|move|p2a: Chansey|Thunder Wave|p1a: Special Wall
|-fail|p1a: Special Wall|par
|move|p1a: Special Wall|Ice Beam|p2a: Chansey
|-damage|p2a: Chansey|525\/703 par
|
|turn|165
|
|move|p1a: Special Wall|Ice Beam|p2a: Chansey
|-damage|p2a: Chansey|449\/703 par
|move|p2a: Chansey|Thunder Wave|p1a: Special Wall
|-fail|p1a: Special Wall|par
|
|turn|166
|
|move|p1a: Special Wall|Ice Beam|p2a: Chansey
|-damage|p2a: Chansey|372\/703 par
|move|p2a: Chansey|Soft-Boiled|p2a: Chansey
|-heal|p2a: Chansey|703\/703 par
|
|turn|167
|join|SpaceCake
|
|move|p1a: Special Wall|Ice Beam|p2a: Chansey
|-damage|p2a: Chansey|626\/703 par
|cant|p2a: Chansey|par
|
|turn|168
|
|cant|p2a: Chansey|par
|cant|p1a: Special Wall|par
|
|turn|169
|
|move|p1a: Special Wall|Ice Beam|p2a: Chansey
|-damage|p2a: Chansey|546\/703 par
|move|p2a: Chansey|Thunder Wave|p1a: Special Wall
|-fail|p1a: Special Wall|par
|
|turn|170
|join|Ziyof
|
|move|p2a: Chansey|Thunder Wave|p1a: Special Wall
|-fail|p1a: Special Wall|par
|move|p1a: Special Wall|Ice Beam|p2a: Chansey
|-damage|p2a: Chansey|471\/703 par
|
|turn|171
|chat|kid gf lol|turn 171 lol
|join|Pikmin Warlord
|
|move|p1a: Special Wall|Ice Beam|p2a: Chansey
|-damage|p2a: Chansey|391\/703 par
|move|p2a: Chansey|Thunder Wave|p1a: Special Wall
|-fail|p1a: Special Wall|par
|
|turn|172
|
|switch|p1a: TNT|Golem|363\/363 slp
|cant|p2a: Chansey|par
|
|turn|173
|join|valshadow
|join|myusernamewastaken
|
|switch|p1a: Special Wall|Chansey|558\/703 par
|move|p2a: Chansey|Ice Beam|p1a: Special Wall
|-damage|p1a: Special Wall|482\/703 par
|
|turn|174
|join|MoonGlow
|join|Pootie tang 95'
|
|cant|p1a: Special Wall|par
|cant|p2a: Chansey|par
|
|turn|175
|chat|Pikmin Warlord|I actually did this once with a max EV\/IV shuckle with 4x defense
|
|switch|p1a: TNT|Golem|363\/363 slp
|cant|p2a: Chansey|par
|
|turn|176
|
|switch|p1a: Special Wall|Chansey|482\/703 par
|move|p2a: Chansey|Ice Beam|p1a: Special Wall
|-damage|p1a: Special Wall|409\/703 par
|
|turn|177
|chat|kid gf lol|this isnt on purpose
|chat|kid gf lol|lol
|chat|Pikmin Warlord|I know
|leave|MoonGlow
|
|move|p1a: Special Wall|Ice Beam|p2a: Chansey
|-damage|p2a: Chansey|314\/703 par
|move|p2a: Chansey|Soft-Boiled|p2a: Chansey
|-heal|p2a: Chansey|665\/703 par
|
|turn|178
|chat|SpaceCake|I once got to turn 193 in a battle then the serer reset
|chat|SpaceCake|*server
|chat|Pikmin Warlord|Shuckle was in turn 150 and was never below 80%
|
|move|p2a: Chansey|Thunder Wave|p1a: Special Wall
|-fail|p1a: Special Wall|par
|move|p1a: Special Wall|Ice Beam|p2a: Chansey
|-damage|p2a: Chansey|595\/703 par
|
|turn|179
|chat|Ziyof|chale que weva
|chat|SpaceCake|?
|chat|Pikmin Warlord|Have you ever tried max defense shuckle, its ridiculous
|
|cant|p2a: Chansey|par
|move|p1a: Special Wall|Ice Beam|p2a: Chansey
|-damage|p2a: Chansey|514\/703 par
|
|turn|180
|join|AshFR
|
|switch|p1a: TNT|Golem|363\/363 slp
|move|p2a: Chansey|Thunder Wave|p1a: TNT
|-immune|p1a: TNT|[msg]
|
|turn|181
|chat|SpaceCake|I use max defense max special defense shuckle
|
|switch|p1a: Special Wall|Chansey|409\/703 par
|move|p2a: Chansey|Ice Beam|p1a: Special Wall
|-damage|p1a: Special Wall|340\/703 par
|
|turn|182
|chat|Pikmin Warlord|I do too
|chat|Pikmin Warlord|his defenses are 2218
|chat|Ziyof|no mamen ya matense XD
|
|move|p1a: Special Wall|Soft-Boiled|p1a: Special Wall
|-heal|p1a: Special Wall|691\/703 par
|move|p2a: Chansey|Thunderbolt|p1a: Special Wall
|-damage|p1a: Special Wall|615\/703 par
|
|turn|183
|
|switch|p1a: TNT|Golem|363\/363 slp
|cant|p2a: Chansey|par
|
|turn|184
|chat|Pikmin Warlord|And sometimes I throw reflect and light screen in there just for the laughs
|join|MoonGlow
|
|switch|p1a: Special Wall|Chansey|615\/703 par
|move|p2a: Chansey|Thunder Wave|p1a: Special Wall
|-fail|p1a: Special Wall|par
|
|turn|185
|leave|AshFR
|chat|Pikmin Warlord|I literally had no attack raises and I beat an entire mans team
|chat|Pikmin Warlord|so a pokemon with 10 attack just swept a team
|
|move|p2a: Chansey|Thunder Wave|p1a: Special Wall
|-fail|p1a: Special Wall|par
|move|p1a: Special Wall|Soft-Boiled|p1a: Special Wall
|-heal|p1a: Special Wall|703\/703 par
|
|turn|186
|
|switch|p1a: TNT|Golem|363\/363 slp
|cant|p2a: Chansey|par
|
|turn|187
|
|switch|p1a: Special Wall|Chansey|703\/703 par
|move|p2a: Chansey|Thunder Wave|p1a: Special Wall
|-fail|p1a: Special Wall|par
|
|turn|188
|chat|SpaceCake|I got a battle and then the guy i was fighting forfeited
|chat|SpaceCake|on the first turn
|
|switch|p1a: TNT|Golem|363\/363 slp
|move|p2a: Chansey|Thunder Wave|p1a: TNT
|-immune|p1a: TNT|[msg]
|
|turn|189
|chat|Pikmin Warlord|That literally happened to me like 10 times in a row once
|
|cant|p1a: TNT|slp
|-curestatus|p1a: TNT|slp
|move|p2a: Chansey|Thunder Wave|p1a: TNT
|-immune|p1a: TNT|[msg]
|
|turn|190
|chat|kid gf lol|yes!!
|
|switch|p1a: Special Wall|Chansey|703\/703 par
|move|p2a: Chansey|Ice Beam|p1a: Special Wall
|-damage|p1a: Special Wall|631\/703 par
|
|turn|191
|chat|Pikmin Warlord|Im just going to say it Im not a pro (Im more of an above decent player) but no 10 players should instantly flee from me
|
|move|p1a: Special Wall|Soft-Boiled|p1a: Special Wall
|-heal|p1a: Special Wall|703\/703 par
|move|p2a: Chansey|Soft-Boiled|p2a: Chansey
|-heal|p2a: Chansey|703\/703 par
|
|turn|192
|
|switch|p1a: TNT|Golem|363\/363
|cant|p2a: Chansey|par
|
|turn|193
|
|move|p1a: TNT|Explosion|p2a: Chansey
|-damage|p2a: Chansey|0 fnt
|faint|p2a: Chansey
|faint|p1a: TNT
|
|switch|p2a: Starmie|Starmie|323\/323 par
|switch|p1a: Special Wall|Chansey|703\/703 par
|turn|194
|leave|MoonGlow
|chat|Pootie tang 95'|success
|chat|SpaceCake|Goomy can kill a charizard x with draco meteor
|
|cant|p2a: Starmie|par
|cant|p1a: Special Wall|par
|
|turn|195
|chat|SpaceCake|in one hit
|chat|kid gf lol|idk if i just ended myself lol
|
|move|p2a: Starmie|Thunderbolt|p1a: Special Wall
|-damage|p1a: Special Wall|627\/703 par
|cant|p1a: Special Wall|par
|
|turn|196
|
|move|p2a: Starmie|Recover|p2a: Starmie
|-fail|p2a: Starmie
|cant|p1a: Special Wall|par
|
|turn|197
|
|move|p2a: Starmie|Recover|p2a: Starmie
|-fail|p2a: Starmie
|move|p1a: Special Wall|Soft-Boiled|p1a: Special Wall
|-heal|p1a: Special Wall|703\/703 par
|
|turn|198
|chat|Pikmin Warlord|I swept once with a treecko
|chat|Pikmin Warlord|it was glorious
|chat|SpaceCake|this is amazing
|
|move|p2a: Starmie|Recover|p2a: Starmie
|-fail|p2a: Starmie
|move|p1a: Special Wall|Soft-Boiled|p1a: Special Wall
|-fail|p1a: Special Wall
|
|turn|199
|chat|SpaceCake|Damn crawdaunt is strong
|join|Caterpie~Flow
|
|move|p2a: Starmie|Recover|p2a: Starmie
|-fail|p2a: Starmie
|move|p1a: Special Wall|Soft-Boiled|p1a: Special Wall
|-fail|p1a: Special Wall
|
|turn|200
|join|MoonGlow
|
|move|p2a: Starmie|Recover|p2a: Starmie
|-fail|p2a: Starmie
|cant|p1a: Special Wall|par
|
|turn|201
|
|move|p2a: Starmie|Recover|p2a: Starmie
|-fail|p2a: Starmie
|move|p1a: Special Wall|Soft-Boiled|p1a: Special Wall
|-fail|p1a: Special Wall
|
|turn|202
|chat|Pikmin Warlord|Treeckos my favorite 'mon but hes kind of, sucky...  So after a while (everyone keeps freaking forfeiting) I finally did it
|
|move|p2a: Starmie|Recover|p2a: Starmie
|-fail|p2a: Starmie
|move|p1a: Special Wall|Soft-Boiled|p1a: Special Wall
|-fail|p1a: Special Wall
|
|turn|203
|chat|SpaceCake|Isn't knock off 130 power after the 50% boost?
|
|move|p2a: Starmie|Recover|p2a: Starmie
|-fail|p2a: Starmie
|move|p1a: Special Wall|Soft-Boiled|p1a: Special Wall
|-fail|p1a: Special Wall
|
|turn|204
|
|move|p2a: Starmie|Recover|p2a: Starmie
|-fail|p2a: Starmie
|cant|p1a: Special Wall|par
|
|turn|205
|
|move|p2a: Starmie|Thunderbolt|p1a: Special Wall
|-damage|p1a: Special Wall|631\/703 par
|move|p1a: Special Wall|Soft-Boiled|p1a: Special Wall
|-heal|p1a: Special Wall|703\/703 par
|
|turn|206
|chat|Pikmin Warlord|I believe knock off is 60, 70, or 80 power so its either 90, 105, or 120
|
|move|p2a: Starmie|Recover|p2a: Starmie
|-fail|p2a: Starmie
|-message|Special Wall has no moves left! (placeholder)
|move|p1a: Special Wall|Struggle|p2a: Starmie
|-damage|p2a: Starmie|308\/323 par
|-damage|p1a: Special Wall|695\/703 par|[from] recoil|[of] p2a: Starmie
|
|turn|207
|
|cant|p2a: Starmie|par
|-message|Special Wall has no moves left! (placeholder)
|move|p1a: Special Wall|Struggle|p2a: Starmie
|-damage|p2a: Starmie|292\/323 par
|-damage|p1a: Special Wall|687\/703 par|[from] recoil|[of] p2a: Starmie
|
|turn|208
|chat|Caterpie~Flow|65 then boost is 97.5
|chat|Caterpie~Flow|:p
|chat|kid gf lol|come on crit struggle
|
|move|p2a: Starmie|Thunderbolt|p1a: Special Wall
|-damage|p1a: Special Wall|616\/703 par
|-message|Special Wall has no moves left! (placeholder)
|move|p1a: Special Wall|Struggle|p2a: Starmie
|-damage|p2a: Starmie|275\/323 par
|-damage|p1a: Special Wall|607\/703 par|[from] recoil|[of] p2a: Starmie
|
|turn|209
|
|move|p2a: Starmie|Blizzard|p1a: Special Wall
|-damage|p1a: Special Wall|516\/703 par
|cant|p1a: Special Wall|par
|
|turn|210
|
|move|p2a: Starmie|Thunderbolt|p1a: Special Wall
|-damage|p1a: Special Wall|443\/703 par
|-message|Special Wall has no moves left! (placeholder)
|move|p1a: Special Wall|Struggle|p2a: Starmie
|-damage|p2a: Starmie|257\/323 par
|-damage|p1a: Special Wall|434\/703 par|[from] recoil|[of] p2a: Starmie
|
|turn|211
|
|move|p2a: Starmie|Blizzard|p1a: Special Wall
|-damage|p1a: Special Wall|344\/703 par
|-message|Special Wall has no moves left! (placeholder)
|move|p1a: Special Wall|Struggle|p2a: Starmie
|-crit|p2a: Starmie
|-damage|p2a: Starmie|224\/323 par
|-damage|p1a: Special Wall|327\/703 par|[from] recoil|[of] p2a: Starmie
|
|turn|212
|chat|Pikmin Warlord|Im going to someday get a perfect IV'D natured shiny metagross
|chat|Pikmin Warlord|someday....
|
|move|p2a: Starmie|Blizzard|p1a: Special Wall
|-damage|p1a: Special Wall|241\/703 par
|-message|Special Wall has no moves left! (placeholder)
|move|p1a: Special Wall|Struggle|p2a: Starmie
|-damage|p2a: Starmie|207\/323 par
|-damage|p1a: Special Wall|232\/703 par|[from] recoil|[of] p2a: Starmie
|
|turn|213
|
|cant|p2a: Starmie|par
|-message|Special Wall has no moves left! (placeholder)
|move|p1a: Special Wall|Struggle|p2a: Starmie
|-damage|p2a: Starmie|192\/323 par
|-damage|p1a: Special Wall|224\/703 par|[from] recoil|[of] p2a: Starmie
|
|turn|214
|
|move|p2a: Starmie|Thunderbolt|p1a: Special Wall
|-crit|p1a: Special Wall
|-damage|p1a: Special Wall|82\/703 par
|cant|p1a: Special Wall|par
|
|turn|215
|
|move|p2a: Starmie|Recover|p2a: Starmie
|-heal|p2a: Starmie|323\/323 par
|cant|p1a: Special Wall|par
|
|turn|216
|
|cant|p2a: Starmie|par
|-message|Special Wall has no moves left! (placeholder)
|move|p1a: Special Wall|Struggle|p2a: Starmie
|-damage|p2a: Starmie|307\/323 par
|-damage|p1a: Special Wall|74\/703 par|[from] recoil|[of] p2a: Starmie
|
|turn|217
|chat|Pikmin Warlord|I believe the beast is weakenign
|leave|SpaceCake
|
|move|p2a: Starmie|Thunderbolt|p1a: Special Wall
|-damage|p1a: Special Wall|7\/703 par
|-message|Special Wall has no moves left! (placeholder)
|move|p1a: Special Wall|Struggle|p2a: Starmie
|-damage|p2a: Starmie|291\/323 par
|-damage|p1a: Special Wall|0 fnt|[from] recoil|[of] p2a: Starmie
|faint|p1a: Special Wall
|
|
|switch|p1a: GRR Strong|Tauros|24\/353 par
|turn|218
|chat|Pikmin Warlord|Cant you see the fear in its eyes?
|
|move|p2a: Starmie|Thunderbolt|p1a: GRR Strong
|-crit|p1a: GRR Strong
|-damage|p1a: GRR Strong|0 fnt
|faint|p1a: GRR Strong
|
|win|devinkevinlong
|raw|Ladder updating...
|leave|MoonGlow
|raw|kid gf lol's rating: 1194 &rarr; <strong>1168<\/strong><br \/>(-26 for losing)
|raw|devinkevinlong's rating: 1176 &rarr; <strong>1203<\/strong><br \/>(+27 for winning)
|chat|devinkevinlong|gg
|join|SpaceCake
|chat|Pikmin Warlord|gg
|chat|Pikmin Warlord|Wait what
|chat|kid gf lol|lol gg
|leave|Ziyof
|leave|Caterpie~Flow
|chat|Pikmin Warlord|Why did I say gg
|chat|devinkevinlong|lolz
|chat|Pikmin Warlord|Im not even playing 
|chat|devinkevinlong|idk
|chat|SpaceCake|gg
|leave|Pootie tang 95'