|join|Broncosfan88
|join|iwinuluz
|player|p1|Broncosfan88|170
|player|p2|iwinuluz|22
|gametype|singles
|gen|1
|tier|[Gen 1] Random Battle
|rated
|rule|Sleep Clause Mod: Limit one foe put to sleep
|rule|Freeze Clause Mod: Limit one foe frozen
|rule|HP Percentage Mod: HP is shown in percentages
|
|start
|switch|p1a: Vileplume|Vileplume, L90|318\/318
|switch|p2a: Zubat|Zubat, L96|272\/272
|turn|1
|c|★iwinuluz|!weak vileplume
|raw|<div class="infobox">Vileplume (ignoring abilities):<br><span class="message-effect-weak">Weaknesses<\/span>: Fire, Flying, Ice, Psychic<br><span class="message-effect-resist">Resistances<\/span>: Electric, Fairy, Fighting, <b>Grass<\/b>, Water<br><span class="message-effect-immune">Immunities<\/span>: <font color=#999999>None<\/font><\/div>
|
|move|p2a: Zubat|Screech|p1a: Vileplume
|-unboost|p1a: Vileplume|def|2
|move|p1a: Vileplume|Body Slam|p2a: Zubat
|-damage|p2a: Zubat|182\/272
|-status|p2a: Zubat|par
|
|turn|2
|
|switch|p1a: Electrode|Electrode, L90|291\/291
|switch|p2a: Exeggutor|Exeggutor, L79|312\/312
|
|turn|3
|
|switch|p1a: Caterpie|Caterpie, L99|290\/290
|move|p2a: Exeggutor|Sleep Powder|p1a: Caterpie
|-status|p1a: Caterpie|slp
|
|turn|4
|
|switch|p1a: Magmar|Magmar, L90|300\/300
|switch|p2a: Zubat|Zubat, L96|182\/272 par
|
|turn|5
|
|move|p1a: Magmar|Fire Blast|p2a: Zubat|[miss]
|-miss|p1a: Magmar
|move|p2a: Zubat|Toxic|p1a: Magmar
|-status|p1a: Magmar|tox
|
|turn|6
|
|move|p1a: Magmar|Fire Blast|p2a: Zubat
|-damage|p2a: Zubat|10\/272 par
|-damage|p1a: Magmar|282\/300 tox|[from] tox|[of] p2a: Zubat
|move|p2a: Zubat|Screech|p1a: Magmar|[miss]
|-miss|p2a: Zubat
|
|turn|7
|
|move|p1a: Magmar|Body Slam|p2a: Zubat
|-damage|p2a: Zubat|0 fnt
|faint|p2a: Zubat
|
|switch|p2a: Golduck|Golduck, L85|310\/310
|turn|8
|
|switch|p1a: Electrode|Electrode, L90|291\/291
|move|p2a: Golduck|Surf|p1a: Electrode
|-damage|p1a: Electrode|197\/291
|
|turn|9
|
|switch|p2a: Exeggutor|Exeggutor, L79|312\/312
|move|p1a: Electrode|Thunder|p2a: Exeggutor
|-resisted|p2a: Exeggutor
|-damage|p2a: Exeggutor|258\/312
|
|turn|10
|
|switch|p1a: Magmar|Magmar, L90|282\/300 tox
|-status|p1a: Magmar|psn
|-damage|p1a: Magmar|264\/300 psn|[from] psn
|move|p2a: Exeggutor|Egg Bomb|p1a: Magmar
|-damage|p1a: Magmar|189\/300 psn
|
|turn|11
|
|switch|p2a: Golduck|Golduck, L85|310\/310
|move|p1a: Magmar|Confuse Ray|p2a: Golduck
|-start|p2a: Golduck|confusion
|-damage|p1a: Magmar|171\/300 psn|[from] psn|[of] p2a: Golduck
|
|turn|12
|
|switch|p1a: Electrode|Electrode, L90|197\/291
|-activate|p2a: Golduck|confusion
|move|p2a: Golduck|Surf|p1a: Electrode
|-damage|p1a: Electrode|113\/291
|
|turn|13
|
|switch|p1a: Tauros|Tauros, L79|280\/280
|switch|p2a: Exeggutor|Exeggutor, L79|258\/312
|
|turn|14
|
|move|p1a: Tauros|Blizzard|p2a: Exeggutor|[miss]
|-miss|p1a: Tauros
|move|p2a: Exeggutor|Explosion|p1a: Tauros
|-damage|p1a: Tauros|87\/280
|faint|p2a: Exeggutor
|
|switch|p2a: Magmar|Magmar, L90|300\/300
|turn|15
|
|switch|p1a: Onix|Onix, L90|246\/246
|move|p2a: Magmar|Fire Blast|p1a: Onix
|-resisted|p1a: Onix
|-damage|p1a: Onix|135\/246
|
|turn|16
|
|switch|p2a: Golduck|Golduck, L85|310\/310
|move|p1a: Onix|Earthquake|p2a: Golduck
|-damage|p2a: Golduck|231\/310
|
|turn|17
|
|switch|p1a: Electrode|Electrode, L90|113\/291
|move|p2a: Golduck|Surf|p1a: Electrode
|-damage|p1a: Electrode|16\/291
|
|turn|18
|
|switch|p2a: Gengar|Gengar, L79|257\/257
|move|p1a: Electrode|Explosion|p2a: Gengar
|-immune|p2a: Gengar|[msg]
|faint|p1a: Electrode
|
|switch|p1a: Tauros|Tauros, L79|87\/280
|turn|19
|
|move|p1a: Tauros|Earthquake|p2a: Gengar
|-supereffective|p2a: Gengar
|-damage|p2a: Gengar|101\/257
|move|p2a: Gengar|Thunderbolt|p1a: Tauros
|-crit|p1a: Tauros
|-damage|p1a: Tauros|0 fnt
|faint|p1a: Tauros
|
|switch|p1a: Magmar|Magmar, L90|171\/300 psn
|turn|20
|
|switch|p2a: Golduck|Golduck, L85|231\/310
|move|p1a: Magmar|Confuse Ray|p2a: Golduck
|-start|p2a: Golduck|confusion
|-damage|p1a: Magmar|153\/300 psn|[from] psn|[of] p2a: Golduck
|
|turn|21
|
|switch|p1a: Vileplume|Vileplume, L90|318\/318
|-activate|p2a: Golduck|confusion
|-damage|p2a: Golduck|200\/310|[from] confusion
|
|turn|22
|
|switch|p2a: Magmar|Magmar, L90|300\/300
|move|p1a: Vileplume|Sleep Powder|p2a: Magmar
|-status|p2a: Magmar|slp
|
|turn|23
|
|switch|p1a: Onix|Onix, L90|135\/246
|cant|p2a: Magmar|slp
|
|turn|24
|
|switch|p2a: Golduck|Golduck, L85|200\/310
|move|p1a: Onix|Earthquake|p2a: Golduck
|-damage|p2a: Golduck|122\/310
|
|turn|25
|
|switch|p1a: Vileplume|Vileplume, L90|318\/318
|move|p2a: Golduck|Surf|p1a: Vileplume
|-resisted|p1a: Vileplume
|-damage|p1a: Vileplume|276\/318
|
|turn|26
|
|switch|p2a: Gengar|Gengar, L79|101\/257
|move|p1a: Vileplume|Body Slam|p2a: Gengar
|-immune|p2a: Gengar|[msg]
|
|turn|27
|
|switch|p1a: Magmar|Magmar, L90|153\/300 psn
|-damage|p1a: Magmar|135\/300 psn|[from] psn
|move|p2a: Gengar|Explosion|p1a: Magmar
|-damage|p1a: Magmar|0 fnt
|faint|p1a: Magmar
|faint|p2a: Gengar
|
|switch|p1a: Vileplume|Vileplume, L90|276\/318
|switch|p2a: Chansey|Chansey, L79|557\/557
|turn|28
|
|move|p1a: Vileplume|Body Slam|p2a: Chansey
|-damage|p2a: Chansey|404\/557
|move|p2a: Chansey|Counter|p1a: Vileplume
|-damage|p1a: Vileplume|0 fnt
|faint|p1a: Vileplume
|
|switch|p1a: Onix|Onix, L90|135\/246
|turn|29
|
|move|p1a: Onix|Earthquake|p2a: Chansey
|-damage|p2a: Chansey|197\/557
|move|p2a: Chansey|Ice Beam|p1a: Onix
|-supereffective|p1a: Onix
|-damage|p1a: Onix|0 fnt
|faint|p1a: Onix
|c|★Broncosfan88|gg
|-message|Broncosfan88 forfeited.
|
|win|iwinuluz
|leave|Broncosfan88
|player|p1
|raw|Broncosfan88's rating: 1437 &rarr; <strong>1409<\/strong><br \/>(-28 for losing)
|raw|iwinuluz's rating: 1287 &rarr; <strong>1323<\/strong><br \/>(+36 for winning)