|join|Whoremaster
|join|JosepGuardiola
|player|p1|Whoremaster|43
|player|p2|JosepGuardiola|147
|gametype|singles
|gen|1
|tier|[Gen 1] OU (beta)
|rated
|rule|Sleep Clause Mod: Limit one foe put to sleep
|rule|Species Clause: Limit one of each Pokemon
|rule|OHKO Clause: OHKO moves are banned
|rule|Moody Clause: Moody is banned
|rule|Evasion Moves Clause: Evasion moves are banned
|rule|Endless Battle Clause: Forcing endless battles is banned
|rule|HP Percentage Mod: HP is reported as percentages
|
|start
|switch|p1a: Alakazam|Alakazam|313\/313
|switch|p2a: Gengar|Gengar|323\/323
|turn|1
|join|PilsZ
|
|switch|p2a: Sleeper|Exeggutor|393\/393
|move|p1a: Alakazam|Psychic|p2a: Sleeper
|-resisted|p2a: Sleeper
|-damage|p2a: Sleeper|333\/393
|
|turn|2
|
|move|p1a: Alakazam|Thunder Wave|p2a: Sleeper
|-status|p2a: Sleeper|par
|move|p2a: Sleeper|Sleep Powder|p1a: Alakazam
|-status|p1a: Alakazam|slp
|
|turn|3
|
|switch|p1a: Exeggutor|Exeggutor|393\/393
|move|p2a: Sleeper|Double-Edge|p1a: Exeggutor
|-damage|p1a: Exeggutor|303\/393
|-damage|p2a: Sleeper|310\/393 par|[from] recoil|[of] p1a: Exeggutor
|
|turn|4
|
|move|p1a: Exeggutor|Double-Edge|p2a: Sleeper
|-damage|p2a: Sleeper|230\/393 par
|-damage|p1a: Exeggutor|283\/393|[from] recoil|[of] p2a: Sleeper
|cant|p2a: Sleeper|par
|
|turn|5
|
|move|p1a: Exeggutor|Double-Edge|p2a: Sleeper
|-damage|p2a: Sleeper|144\/393 par
|-damage|p1a: Exeggutor|261\/393|[from] recoil|[of] p2a: Sleeper
|cant|p2a: Sleeper|par
|
|turn|6
|
|switch|p1a: Gengar|Gengar|323\/323
|move|p2a: Sleeper|Explosion|p1a: Gengar|[miss]
|-miss|p2a: Sleeper
|-immune|p1a: Gengar|[msg]
|faint|p2a: Sleeper
|
|switch|p2a: Alakazam|Alakazam|313\/313
|turn|7
|
|switch|p1a: Exeggutor|Exeggutor|261\/393
|move|p2a: Alakazam|Psychic|p1a: Exeggutor
|-crit|p1a: Exeggutor
|-resisted|p1a: Exeggutor
|-damage|p1a: Exeggutor|148\/393
|
|turn|8
|
|switch|p2a: Golem|Golem|363\/363
|move|p1a: Exeggutor|Sleep Powder|p2a: Golem
|-status|p2a: Golem|slp
|
|turn|9
|
|switch|p2a: Dragonite|Dragonite|385\/385
|move|p1a: Exeggutor|Psychic|p2a: Dragonite
|-damage|p2a: Dragonite|260\/385
|-unboost|p2a: Dragonite|spd|1
|-unboost|p2a: Dragonite|spa|1
|
|turn|10
|
|move|p2a: Dragonite|Ice Beam|p1a: Exeggutor
|-supereffective|p1a: Exeggutor
|-damage|p1a: Exeggutor|67\/393
|move|p1a: Exeggutor|Explosion|p2a: Dragonite
|-damage|p2a: Dragonite|0 fnt
|faint|p2a: Dragonite
|faint|p1a: Exeggutor
|
|switch|p2a: Bulldozer|Tauros|353\/353
|switch|p1a: Gengar|Gengar|323\/323
|turn|11
|
|move|p2a: Bulldozer|Earthquake|p1a: Gengar
|-supereffective|p1a: Gengar
|-damage|p1a: Gengar|117\/323
|move|p1a: Gengar|Psychic|p2a: Bulldozer
|-damage|p2a: Bulldozer|240\/353
|
|turn|12
|
|switch|p1a: Snorlax|Snorlax|523\/523
|move|p2a: Bulldozer|Earthquake|p1a: Snorlax
|-damage|p1a: Snorlax|426\/523
|
|turn|13
|
|switch|p2a: Gengar|Gengar|323\/323
|move|p1a: Snorlax|Body Slam|p2a: Gengar
|-immune|p2a: Gengar|[msg]
|
|turn|14
|
|move|p2a: Gengar|Psychic|p1a: Snorlax
|-crit|p1a: Snorlax
|-damage|p1a: Snorlax|208\/523
|move|p1a: Snorlax|Earthquake|p2a: Gengar
|-supereffective|p2a: Gengar
|-damage|p2a: Gengar|80\/323
|
|turn|15
|
|move|p2a: Gengar|Psychic|p1a: Snorlax
|-damage|p1a: Snorlax|90\/523
|move|p1a: Snorlax|Earthquake|p2a: Gengar
|-supereffective|p2a: Gengar
|-damage|p2a: Gengar|0 fnt
|faint|p2a: Gengar
|
|
|switch|p2a: Alakazam|Alakazam|313\/313
|turn|16
|
|switch|p1a: Bitch Tits|Chansey|703\/703
|move|p2a: Alakazam|Psychic|p1a: Bitch Tits
|-damage|p1a: Bitch Tits|581\/703
|
|turn|17
|
|switch|p2a: Bulldozer|Tauros|240\/353
|move|p1a: Bitch Tits|Ice Beam|p2a: Bulldozer
|-damage|p2a: Bulldozer|145\/353
|
|turn|18
|
|move|p2a: Bulldozer|Earthquake|p1a: Bitch Tits
|-damage|p1a: Bitch Tits|367\/703
|move|p1a: Bitch Tits|Thunder Wave|p2a: Bulldozer
|-status|p2a: Bulldozer|par
|
|turn|19
|
|move|p1a: Bitch Tits|Soft-Boiled|p1a: Bitch Tits
|-heal|p1a: Bitch Tits|703\/703
|move|p2a: Bulldozer|Hyper Beam|p1a: Bitch Tits
|-damage|p1a: Bitch Tits|191\/703
|
|turn|20
|
|move|p1a: Bitch Tits|Ice Beam|p2a: Bulldozer
|-damage|p2a: Bulldozer|56\/353 par
|cant|p2a: Bulldozer|recharge
|
|turn|21
|
|move|p1a: Bitch Tits|Ice Beam|p2a: Bulldozer
|-crit|p2a: Bulldozer
|-damage|p2a: Bulldozer|0 fnt
|faint|p2a: Bulldozer
|
|
|switch|p2a: Alakazam|Alakazam|313\/313
|turn|22
|
|move|p2a: Alakazam|Psychic|p1a: Bitch Tits
|-damage|p1a: Bitch Tits|55\/703
|-unboost|p1a: Bitch Tits|spd|1
|-unboost|p1a: Bitch Tits|spa|1
|move|p1a: Bitch Tits|Soft-Boiled|p1a: Bitch Tits
|-heal|p1a: Bitch Tits|406\/703
|
|turn|23
|
|move|p2a: Alakazam|Psychic|p1a: Bitch Tits
|-damage|p1a: Bitch Tits|214\/703
|-unboost|p1a: Bitch Tits|spd|1
|-unboost|p1a: Bitch Tits|spa|1
|move|p1a: Bitch Tits|Soft-Boiled|p1a: Bitch Tits
|-heal|p1a: Bitch Tits|565\/703
|
|turn|24
|-message|JosepGuardiola forfeited.
|
|win|Whoremaster
|raw|Ladder updating...
|leave|JosepGuardiola
|player|p2
|raw|Whoremaster's rating: 1186 &rarr; <strong>1223<\/strong><br \/>(+37 for winning)
|raw|JosepGuardiola's rating: 1369 &rarr; <strong>1339<\/strong><br \/>(-30 for losing)
|leave|PilsZ