|j|Groudon80
|j|GhostlyGastly92
|player|p1|Groudon80|168
|player|p2|GhostlyGastly92|20
|gametype|singles
|gen|1
|tier|[Gen 1] OU
|rated
|seed|
|rule|Sleep Clause Mod: Limit one foe put to sleep
|rule|Freeze Clause Mod: Limit one foe frozen
|rule|Species Clause: Limit one of each Pokémon
|rule|OHKO Clause: OHKO moves are banned
|rule|Evasion Moves Clause: Evasion moves are banned
|rule|HP Percentage Mod: HP is shown in percentages
|
|start
|switch|p1a: Jynx|Jynx|100\/100
|switch|p2a: Jynx|Jynx|100\/100
|turn|1
|choice||
|
|move|p1a: Jynx|Lovely Kiss|p2a: Jynx|[miss]
|-miss|p1a: Jynx
|move|p2a: Jynx|Lovely Kiss|p1a: Jynx
|-status|p1a: Jynx|slp
|
|turn|2
|choice||
|
|switch|p2a: Snorlax|Snorlax|100\/100
|cant|p1a: Jynx|slp
|
|turn|3
|choice||
|
|switch|p1a: Golem|Golem|100\/100
|move|p2a: Snorlax|Body Slam|p1a: Golem
|-resisted|p1a: Golem
|-damage|p1a: Golem|89\/100
|
|turn|4
|choice||
|
|switch|p1a: Slowbro|Slowbro|100\/100
|switch|p2a: Exeggutor|Exeggutor|100\/100
|
|turn|5
|choice||
|
|switch|p2a: Chansey|Chansey|100\/100
|move|p1a: Slowbro|Thunder Wave|p2a: Chansey
|-status|p2a: Chansey|par
|
|turn|6
|choice||
|
|move|p1a: Slowbro|Amnesia|p1a: Slowbro
|-boost|p1a: Slowbro|spd|2
|-boost|p1a: Slowbro|spa|2
|move|p2a: Chansey|Thunderbolt|p1a: Slowbro
|-supereffective|p1a: Slowbro
|-damage|p1a: Slowbro|79\/100
|
|turn|7
|choice||
|
|move|p1a: Slowbro|Amnesia|p1a: Slowbro
|-boost|p1a: Slowbro|spd|2
|-boost|p1a: Slowbro|spa|2
|move|p2a: Chansey|Thunderbolt|p1a: Slowbro
|-supereffective|p1a: Slowbro
|-damage|p1a: Slowbro|64\/100
|
|turn|8
|choice||
|
|move|p1a: Slowbro|Surf|p2a: Chansey
|-damage|p2a: Chansey|59\/100 par
|move|p2a: Chansey|Thunderbolt|p1a: Slowbro
|-supereffective|p1a: Slowbro
|-damage|p1a: Slowbro|48\/100
|
|turn|9
|choice||
|
|move|p1a: Slowbro|Surf|p2a: Chansey
|-damage|p2a: Chansey|17\/100 par
|move|p2a: Chansey|Thunderbolt|p1a: Slowbro
|-supereffective|p1a: Slowbro
|-damage|p1a: Slowbro|33\/100
|
|turn|10
|choice||
|
|switch|p2a: Exeggutor|Exeggutor|100\/100
|move|p1a: Slowbro|Surf|p2a: Exeggutor
|-resisted|p2a: Exeggutor
|-damage|p2a: Exeggutor|71\/100
|
|turn|11
|choice||
|
|move|p2a: Exeggutor|Psychic|p1a: Slowbro
|-crit|p1a: Slowbro
|-resisted|p1a: Slowbro
|-damage|p1a: Slowbro|0 fnt
|faint|p1a: Slowbro
|choice||
|
|switch|p1a: Chansey|Chansey|100\/100
|turn|12
|choice||
|
|move|p2a: Exeggutor|Explosion|p1a: Chansey
|-damage|p1a: Chansey|0 fnt
|faint|p1a: Chansey
|faint|p2a: Exeggutor
|choice||
|
|switch|p1a: Snorlax|Snorlax|100\/100
|switch|p2a: Snorlax|Snorlax|100\/100
|turn|13
|choice||
|
|move|p1a: Snorlax|Body Slam|p2a: Snorlax
|-damage|p2a: Snorlax|74\/100
|move|p2a: Snorlax|Earthquake|p1a: Snorlax
|-crit|p1a: Snorlax
|-damage|p1a: Snorlax|61\/100
|
|turn|14
|choice||
|
|move|p2a: Snorlax|Body Slam|p1a: Snorlax
|-damage|p1a: Snorlax|34\/100
|move|p1a: Snorlax|Body Slam|p2a: Snorlax
|-damage|p2a: Snorlax|47\/100
|
|turn|15
|choice||
|
|switch|p1a: Golem|Golem|89\/100
|move|p2a: Snorlax|Earthquake|p1a: Golem
|-supereffective|p1a: Golem
|-damage|p1a: Golem|52\/100
|
|turn|16
|choice||
|
|move|p1a: Golem|Earthquake|p2a: Snorlax
|-crit|p2a: Snorlax
|-damage|p2a: Snorlax|0 fnt
|faint|p2a: Snorlax
|choice||
|
|switch|p2a: Jynx|Jynx|100\/100
|turn|17
|choice||
|
|switch|p1a: Jynx|Jynx|100\/100 slp
|move|p2a: Jynx|Blizzard|p1a: Jynx|[miss]
|-miss|p2a: Jynx
|
|turn|18
|choice||
|
|cant|p1a: Jynx|slp
|move|p2a: Jynx|Blizzard|p1a: Jynx
|-resisted|p1a: Jynx
|-damage|p1a: Jynx|79\/100 slp
|
|turn|19
|choice||
|
|switch|p2a: Tauros|Tauros|100\/100
|cant|p1a: Jynx|slp
|
|turn|20
|choice||
|
|move|p2a: Tauros|Earthquake|p1a: Jynx
|-crit|p1a: Jynx
|-damage|p1a: Jynx|0 fnt
|faint|p1a: Jynx
|choice||
|
|switch|p1a: Tauros|Tauros|100\/100
|turn|21
|choice||
|
|move|p1a: Tauros|Body Slam|p2a: Tauros
|-damage|p2a: Tauros|71\/100
|move|p2a: Tauros|Body Slam|p1a: Tauros
|-damage|p1a: Tauros|70\/100
|
|turn|22
|choice||
|
|move|p2a: Tauros|Body Slam|p1a: Tauros
|-damage|p1a: Tauros|39\/100
|move|p1a: Tauros|Body Slam|p2a: Tauros
|-damage|p2a: Tauros|42\/100
|
|turn|23
|choice||
|
|switch|p1a: Golem|Golem|52\/100
|switch|p2a: Golem|Golem|100\/100
|
|turn|24
|choice||
|
|switch|p2a: Chansey|Chansey|17\/100 par
|move|p1a: Golem|Earthquake|p2a: Chansey
|-damage|p2a: Chansey|0 fnt
|faint|p2a: Chansey
|choice||
|
|switch|p2a: Jynx|Jynx|100\/100
|turn|25
|choice||
|
|move|p2a: Jynx|Blizzard|p1a: Golem
|-supereffective|p1a: Golem
|-damage|p1a: Golem|0 fnt
|faint|p1a: Golem
|choice||
|
|switch|p1a: Snorlax|Snorlax|34\/100
|turn|26
|choice||
|
|move|p2a: Jynx|Blizzard|p1a: Snorlax
|-damage|p1a: Snorlax|0 fnt
|faint|p1a: Snorlax
|choice||
|
|switch|p1a: Tauros|Tauros|39\/100
|turn|27
|choice||
|
|move|p1a: Tauros|Body Slam|p2a: Jynx
|-damage|p2a: Jynx|46\/100
|-status|p2a: Jynx|par
|move|p2a: Jynx|Lovely Kiss|p1a: Tauros
|-status|p1a: Tauros|slp
|
|turn|28
|c|★Groudon80|fucking haxor
|choice||
|
|cant|p1a: Tauros|slp
|cant|p2a: Jynx|par
|
|turn|29
|choice||
|
|switch|p2a: Golem|Golem|100\/100
|cant|p1a: Tauros|slp
|
|turn|30
|-message|Groudon80 forfeited.
|
|win|GhostlyGastly92
|player|p1
|player|p2
|c|★GhostlyGastly92|gg
|l|Groudon80
|raw|Groudon80's rating: 1588 &rarr; <strong>1557<\/strong><br \/>(-31 for losing)
|raw|GhostlyGastly92's rating: 1368 &rarr; <strong>1399<\/strong><br \/>(+31 for winning)