|join|Dervodel
|join|20 seconds
|player|p1|Dervodel|266
|player|p2|20 seconds|170
|gametype|singles
|gen|1
|tier|[Gen 1] Random Battle
|rated
|rule|Sleep Clause Mod: Limit one foe put to sleep
|rule|Freeze Clause Mod: Limit one foe frozen
|rule|HP Percentage Mod: HP is shown in percentages
|
|start
|switch|p1a: Ditto|Ditto, L99|296\/296
|switch|p2a: Primeape|Primeape, L90|300\/300
|turn|1
|
|switch|p1a: Rhydon|Rhydon, L79|328\/328
|move|p2a: Primeape|Submission|p1a: Rhydon|[miss]
|-miss|p2a: Primeape
|
|turn|2
|
|switch|p1a: Pidgeot|Pidgeot, L90|333\/333
|move|p2a: Primeape|Submission|p1a: Pidgeot
|-damage|p1a: Pidgeot|233\/333
|-damage|p2a: Primeape|275\/300|[from] recoil|[of] p1a: Pidgeot
|
|turn|3
|
|switch|p2a: Omastar|Omastar, L90|309\/309
|move|p1a: Pidgeot|Sky Attack|p2a: Omastar|[still]
|-prepare|p1a: Pidgeot|Sky Attack|p2a: Omastar
|
|turn|4
|
|move|p1a: Pidgeot|Sky Attack|p2a: Omastar
|-resisted|p2a: Omastar
|-damage|p2a: Omastar|254\/309
|move|p2a: Omastar|Blizzard|p1a: Pidgeot
|-supereffective|p1a: Pidgeot
|-damage|p1a: Pidgeot|0 fnt
|faint|p1a: Pidgeot
|
|switch|p1a: Primeape|Primeape, L90|300\/300
|turn|5
|
|move|p1a: Primeape|Submission|p2a: Omastar
|-supereffective|p2a: Omastar
|-damage|p2a: Omastar|99\/309
|-damage|p1a: Primeape|262\/300|[from] recoil|[of] p2a: Omastar
|move|p2a: Omastar|Hydro Pump|p1a: Primeape
|-damage|p1a: Primeape|78\/300
|
|turn|6
|
|switch|p2a: Gyarados|Gyarados, L85|335\/335
|move|p1a: Primeape|Submission|p2a: Gyarados|[miss]
|-miss|p1a: Primeape
|
|turn|7
|
|move|p1a: Primeape|Rock Slide|p2a: Gyarados|[miss]
|-miss|p1a: Primeape
|move|p2a: Gyarados|Surf|p1a: Primeape
|-crit|p1a: Primeape
|-damage|p1a: Primeape|0 fnt
|faint|p1a: Primeape
|
|switch|p1a: Ditto|Ditto, L99|296\/296
|turn|8
|
|switch|p2a: Ninetales|Ninetales, L85|298\/298
|move|p1a: Ditto|Transform|p2a: Ninetales
|-transform|p1a: Ditto|p2a: Ninetales
|
|turn|9
|
|move|p2a: Ninetales|Body Slam|p1a: Ditto
|-damage|p1a: Ditto|230\/296
|move|p1a: Ditto|Confuse Ray|p2a: Ninetales
|-start|p2a: Ninetales|confusion
|
|turn|10
|
|switch|p2a: Omastar|Omastar, L90|99\/309
|move|p1a: Ditto|Reflect|p1a: Ditto
|-start|p1a: Ditto|Reflect
|
|turn|11
|
|move|p1a: Ditto|Confuse Ray|p2a: Omastar
|-start|p2a: Omastar|confusion
|-activate|p2a: Omastar|confusion
|-damage|p2a: Omastar|78\/309|[from] confusion
|
|turn|12
|
|move|p1a: Ditto|Fire Blast|p2a: Omastar
|-resisted|p2a: Omastar
|-damage|p2a: Omastar|57\/309
|-status|p2a: Omastar|brn
|-activate|p2a: Omastar|confusion
|move|p2a: Omastar|Surf|p1a: Ditto
|-supereffective|p1a: Ditto
|-damage|p1a: Ditto|0 fnt
|faint|p1a: Ditto
|
|switch|p1a: Articuno|Articuno, L79|304\/304
|turn|13
|c|★Dervodel|gg
|
|move|p1a: Articuno|Reflect|p1a: Articuno
|-start|p1a: Articuno|Reflect
|-end|p2a: Omastar|confusion
|move|p2a: Omastar|Rest|p2a: Omastar
|-status|p2a: Omastar|slp
|-heal|p2a: Omastar|309\/309 slp|[silent]
|-status|p2a: Omastar|slp|[from] move: Rest
|
|turn|14
|
|move|p1a: Articuno|Blizzard|p2a: Omastar
|-crit|p2a: Omastar
|-resisted|p2a: Omastar
|-damage|p2a: Omastar|206\/309 slp
|cant|p2a: Omastar|slp
|
|turn|15
|
|switch|p1a: Rhydon|Rhydon, L79|328\/328
|-curestatus|p2a: Omastar|slp
|
|turn|16
|
|switch|p1a: Articuno|Articuno, L79|304\/304
|move|p2a: Omastar|Surf|p1a: Articuno
|-damage|p1a: Articuno|198\/304
|
|turn|17
|c|★Dervodel|xD
|
|move|p1a: Articuno|Blizzard|p2a: Omastar
|-resisted|p2a: Omastar
|-damage|p2a: Omastar|158\/309
|-status|p2a: Omastar|frz
|cant|p2a: Omastar|frz
|
|turn|18
|
|switch|p1a: Rhydon|Rhydon, L79|328\/328
|switch|p2a: Ninetales|Ninetales, L85|298\/298
|
|turn|19
|
|move|p2a: Ninetales|Confuse Ray|p1a: Rhydon
|-start|p1a: Rhydon|confusion
|-activate|p1a: Rhydon|confusion
|move|p1a: Rhydon|Earthquake|p2a: Ninetales
|-supereffective|p2a: Ninetales
|-damage|p2a: Ninetales|49\/298
|
|turn|20
|
|switch|p1a: Rapidash|Rapidash, L90|300\/300
|move|p2a: Ninetales|Fire Blast|p1a: Rapidash
|-resisted|p1a: Rapidash
|-damage|p1a: Rapidash|238\/300
|
|turn|21
|
|move|p1a: Rapidash|Reflect|p1a: Rapidash
|-start|p1a: Rapidash|Reflect
|move|p2a: Ninetales|Body Slam|p1a: Rapidash
|-damage|p1a: Rapidash|211\/300
|
|turn|22
|
|move|p1a: Rapidash|Hyper Beam|p2a: Ninetales
|-damage|p2a: Ninetales|0 fnt
|faint|p2a: Ninetales
|
|switch|p2a: Tangela|Tangela, L85|284\/284
|turn|23
|
|switch|p2a: Omastar|Omastar, L90|158\/309 frz
|move|p1a: Rapidash|Hyper Beam|p2a: Omastar
|-resisted|p2a: Omastar
|-damage|p2a: Omastar|112\/309 frz
|
|turn|24
|-mustrecharge|p1a: Rapidash
|c|★Dervodel|i see what you did there.. nice
|-mustrecharge|p1a: Rapidash
|
|switch|p2a: Gyarados|Gyarados, L85|335\/335
|cant|p1a: Rapidash|recharge
|
|turn|25
|
|switch|p1a: Articuno|Articuno, L79|198\/304
|move|p2a: Gyarados|Surf|p1a: Articuno
|-damage|p1a: Articuno|103\/304
|
|turn|26
|
|move|p2a: Gyarados|Thunderbolt|p1a: Articuno
|-crit|p1a: Articuno
|-supereffective|p1a: Articuno
|-damage|p1a: Articuno|0 fnt
|faint|p1a: Articuno
|
|switch|p1a: Rapidash|Rapidash, L90|211\/300
|turn|27
|
|move|p1a: Rapidash|Fire Blast|p2a: Gyarados
|-resisted|p2a: Gyarados
|-damage|p2a: Gyarados|275\/335
|-status|p2a: Gyarados|brn
|move|p2a: Gyarados|Surf|p1a: Rapidash
|-supereffective|p1a: Rapidash
|-damage|p1a: Rapidash|5\/300
|-damage|p2a: Gyarados|255\/335 brn|[from] brn|[of] p1a: Rapidash
|
|turn|28
|
|move|p1a: Rapidash|Hyper Beam|p2a: Gyarados
|-crit|p2a: Gyarados
|-damage|p2a: Gyarados|17\/335 brn
|move|p2a: Gyarados|Surf|p1a: Rapidash
|-supereffective|p1a: Rapidash
|-damage|p1a: Rapidash|0 fnt
|faint|p1a: Rapidash
|
|switch|p1a: Rhydon|Rhydon, L79|328\/328
|turn|29
|
|move|p2a: Gyarados|Surf|p1a: Rhydon
|-supereffective|p1a: Rhydon
|-damage|p1a: Rhydon|0 fnt
|faint|p1a: Rhydon
|
|win|20 seconds
|raw|Dervodel's rating: 1293 &rarr; <strong>1259<\/strong><br \/>(-34 for losing)
|raw|20 seconds's rating: 1165 &rarr; <strong>1199<\/strong><br \/>(+34 for winning)
|c|★20 seconds|gg
|leave|Dervodel
|player|p1
|leave|20 seconds
|player|p2
|join|20 seconds