|j|Judo
|j|MillaVGC
|player|p1|Judo|70
|player|p2|MillaVGC|121
|gametype|singles
|gen|1
|tier|[Gen 1] Random Battle
|seed|
|rule|Sleep Clause Mod: Limit one foe put to sleep
|rule|Freeze Clause Mod: Limit one foe frozen
|rule|HP Percentage Mod: HP is shown in percentages
|
|start
|switch|p1a: Pidgeot|Pidgeot, L90|100\/100
|switch|p2a: Golbat|Golbat, L90|100\/100
|turn|1
|c|★Judo|<3 :D
|c|★Judo|hype!
|c|★MillaVGC|gonna get rest ;)
|c|★Judo|aww you got golbat T_T cri
|c|★MillaVGC|rekt
|choice||
|
|switch|p1a: Onix|Onix, L90|100\/100
|move|p2a: Golbat|Screech|p1a: Onix
|-unboost|p1a: Onix|def|2
|
|turn|2
|c|★MillaVGC|ooo
|j|Arpee95
|choice||
|
|move|p2a: Golbat|Mega Drain|p1a: Onix
|-supereffective|p1a: Onix
|-damage|p1a: Onix|22\/100
|move|p1a: Onix|Rock Slide|p2a: Golbat
|-supereffective|p2a: Golbat
|-damage|p2a: Golbat|59\/100
|
|turn|3
|c|★MillaVGC|get drained
|choice||
|
|switch|p1a: Ekans|Ekans, L96|100\/100
|move|p2a: Golbat|Mega Drain|p1a: Ekans
|-resisted|p1a: Ekans
|-damage|p1a: Ekans|94\/100
|-heal|p2a: Golbat|62\/100|[from] drain|[of] p1a: Ekans
|
|turn|4
|c|★Judo|sup says backwards snake B-)
|c|★Judo|way hey janomi <3
|choice||
|
|switch|p2a: Dratini|Dratini, L96|100\/100
|move|p1a: Ekans|Glare|p2a: Dratini|[miss]
|-miss|p1a: Ekans
|
|turn|5
|c|★MillaVGC|initard
|c|★MillaVGC|is mine backwards :)
|choice||
|
|move|p1a: Ekans|Glare|p2a: Dratini|[miss]
|-miss|p1a: Ekans
|move|p2a: Dratini|Thunder Wave|p1a: Ekans
|-status|p1a: Ekans|par
|
|turn|6
|c|★Judo|glare is 100% damn you gen 1
|c|★MillaVGC|use an accurate move Dawn ;)
|choice||
|
|move|p2a: Dratini|Surf|p1a: Ekans
|-crit|p1a: Ekans
|-damage|p1a: Ekans|38\/100 par
|move|p1a: Ekans|Glare|p2a: Dratini
|-status|p2a: Dratini|par
|
|turn|7
|c|★Judo|gen 1 >_>
|choice||
|
|switch|p1a: Lapras|Lapras, L79|100\/100
|cant|p2a: Dratini|par
|
|turn|8
|choice||
|
|move|p1a: Lapras|Blizzard|p2a: Dratini
|-crit|p2a: Dratini
|-supereffective|p2a: Dratini
|-damage|p2a: Dratini|0 fnt
|faint|p2a: Dratini
|c|★Judo|ride youlike a lapras
|choice||
|
|switch|p2a: Lapras|Lapras, L79|100\/100
|turn|9
|c| Arpee95|Janomi here for support yo
|c|★MillaVGC|lapras party
|choice||
|
|move|p1a: Lapras|Thunderbolt|p2a: Lapras
|-supereffective|p2a: Lapras
|-damage|p2a: Lapras|68\/100
|move|p2a: Lapras|Confuse Ray|p1a: Lapras
|-start|p1a: Lapras|confusion
|
|turn|10
|c| Arpee95|Go nessy my baby!
|c|★Judo|woo rocket base party
|choice||
|
|switch|p1a: Electabuzz|Electabuzz, L85|100\/100
|move|p2a: Lapras|Thunderbolt|p1a: Electabuzz
|-resisted|p1a: Electabuzz
|-damage|p1a: Electabuzz|90\/100
|
|turn|11
|c|★Judo|get predicted bitch
|c|★MillaVGC|damnit dawn
|choice||
|
|move|p1a: Electabuzz|Thunder Wave|p2a: Lapras
|-status|p2a: Lapras|par
|move|p2a: Lapras|Confuse Ray|p1a: Electabuzz
|-start|p1a: Electabuzz|confusion
|
|turn|12
|choice||
|
|switch|p2a: Lickitung|Lickitung, L90|100\/100
|-activate|p1a: Electabuzz|confusion
|move|p1a: Electabuzz|Thunderbolt|p2a: Lickitung
|-crit|p2a: Lickitung
|-damage|p2a: Lickitung|42\/100
|-status|p2a: Lickitung|par
|
|turn|13
|c|★MillaVGC|pls
|c|★Judo|GEN 1 RAPE
|choice||
|
|switch|p1a: Onix|Onix, L90|22\/100
|move|p2a: Lickitung|Earthquake|p1a: Onix
|-supereffective|p1a: Onix
|-damage|p1a: Onix|0 fnt
|faint|p1a: Onix
|c|★MillaVGC|watch the full para
|c| Arpee95|Dat sprite tho of licki
|choice||
|
|switch|p1a: Lapras|Lapras, L79|100\/100
|turn|14
|c|★MillaVGC|squished
|c|★Judo|so cute <3
|choice||
|
|move|p1a: Lapras|Thunderbolt|p2a: Lickitung
|-damage|p2a: Lickitung|21\/100 par
|move|p2a: Lickitung|Body Slam|p1a: Lapras
|-crit|p1a: Lapras
|-damage|p1a: Lapras|57\/100
|
|turn|15
|c| Arpee95|From behind its gross
|choice||
|
|move|p1a: Lapras|Blizzard|p2a: Lickitung
|-damage|p2a: Lickitung|0 fnt
|faint|p2a: Lickitung
|choice||
|
|switch|p2a: Lapras|Lapras, L79|68\/100 par
|turn|16
|c|★Judo|not on my side CRI
|choice||
|
|move|p1a: Lapras|Thunderbolt|p2a: Lapras
|-supereffective|p2a: Lapras
|-damage|p2a: Lapras|36\/100 par
|move|p2a: Lapras|Confuse Ray|p1a: Lapras
|-start|p1a: Lapras|confusion
|
|turn|17
|choice||
|
|-activate|p1a: Lapras|confusion
|-damage|p1a: Lapras|49\/100|[from] confusion
|move|p2a: Lapras|Thunderbolt|p1a: Lapras
|-supereffective|p1a: Lapras
|-damage|p1a: Lapras|16\/100
|-status|p1a: Lapras|par
|
|turn|18
|c|★MillaVGC|rekt
|choice||
|
|-activate|p1a: Lapras|confusion
|-damage|p1a: Lapras|8\/100 par|[from] confusion
|move|p2a: Lapras|Thunderbolt|p1a: Lapras
|-supereffective|p1a: Lapras
|-damage|p1a: Lapras|0 fnt
|faint|p1a: Lapras
|c| Arpee95|Janomi for a reason ;)
|c|★Judo|NO REST 4 THE WICKED
|choice||
|
|switch|p1a: Electabuzz|Electabuzz, L85|90\/100
|turn|19
|choice||
|
|move|p1a: Electabuzz|Thunderbolt|p2a: Lapras
|-supereffective|p2a: Lapras
|-damage|p2a: Lapras|0 fnt
|faint|p2a: Lapras
|c| Arpee95|Lol I kid Im swapping back n fourth
|choice||
|
|switch|p2a: Rapidash|Rapidash, L90|100\/100
|turn|20
|choice||
|
|move|p2a: Rapidash|Fire Blast|p1a: Electabuzz
|-damage|p1a: Electabuzz|41\/100
|move|p1a: Electabuzz|Thunder Wave|p2a: Rapidash
|-status|p2a: Rapidash|par
|
|turn|21
|c|★MillaVGC|qftydguwihco
|c|★MillaVGC|stahp
|c|★MillaVGC|I was going to sub
|c|★MillaVGC|:’(
|choice||
|
|switch|p1a: Ekans|Ekans, L96|38\/100 par
|cant|p2a: Rapidash|par
|
|turn|22
|choice||
|
|move|p2a: Rapidash|Substitute|p2a: Rapidash
|-start|p2a: Rapidash|Substitute
|-damage|p2a: Rapidash|75\/100 par
|move|p1a: Ekans|Earthquake|p2a: Rapidash
|-supereffective|p2a: Rapidash
|-end|p2a: Rapidash|Substitute
|
|turn|23
|choice||
|
|move|p2a: Rapidash|Fire Blast|p1a: Ekans
|-damage|p1a: Ekans|0 fnt
|faint|p1a: Ekans
|c| Arpee95|Equake wtf haha
|choice||
|
|switch|p1a: Raticate|Raticate, L85|100\/100
|turn|24
|c|★Judo|IKR?? XD just for lulz
|choice||
|
|move|p1a: Raticate|Super Fang|p2a: Rapidash
|-damage|p2a: Rapidash|38\/100 par
|cant|p2a: Rapidash|par
|
|turn|25
|choice||
|
|move|p1a: Raticate|Hyper Beam|p2a: Rapidash
|-damage|p2a: Rapidash|0 fnt
|faint|p2a: Rapidash
|c|★Judo|STYLE
|c|★MillaVGC|haaaaaaaaax
|c|★MillaVGC|:P
|c|★Judo|EAT MY SWAG HB
|choice||
|
|switch|p2a: Pinsir|Pinsir, L85|100\/100
|turn|26
|choice||
|
|move|p1a: Raticate|Super Fang|p2a: Pinsir
|-damage|p2a: Pinsir|50\/100
|move|p2a: Pinsir|Swords Dance|p2a: Pinsir
|-boost|p2a: Pinsir|atk|2
|
|turn|27
|c|★MillaVGC|balls
|c|★MillaVGC|I needed to be faster
|c|★MillaVGC|:’(
|choice||
|
|move|p1a: Raticate|Blizzard|p2a: Pinsir|[miss]
|-miss|p1a: Raticate
|move|p2a: Pinsir|Submission|p1a: Raticate
|-crit|p1a: Raticate
|-supereffective|p1a: Raticate
|-damage|p1a: Raticate|0 fnt
|-damage|p2a: Pinsir|27\/100|[from] recoil|[of] p1a: Raticate
|faint|p1a: Raticate
|choice||
|
|switch|p1a: Pidgeot|Pidgeot, L90|100\/100
|turn|28
|c|★MillaVGC|played
|c| Arpee95|Blizzard wtf hahahahahaha
|c| Arpee95|These moves tho
|choice||
|
|move|p1a: Pidgeot|Hyper Beam|p2a: Pinsir
|-damage|p2a: Pinsir|0 fnt
|faint|p2a: Pinsir
|choice||
|
|switch|p2a: Golbat|Golbat, L90|62\/100
|turn|29
|c|★Judo|Blizzard raticate cos why the fuck not XD
|choice||
|
|move|p1a: Pidgeot|Mirror Move|p1a: Pidgeot
|-fail|p1a: Pidgeot
|move|p2a: Golbat|Screech|p1a: Pidgeot
|-unboost|p1a: Pidgeot|def|2
|
|turn|30
|choice||
|
|move|p1a: Pidgeot|Double-Edge|p2a: Golbat
|-damage|p2a: Golbat|23\/100
|-damage|p1a: Pidgeot|91\/100|[from] recoil|[of] p2a: Golbat
|move|p2a: Golbat|Hyper Beam|p1a: Pidgeot
|-damage|p1a: Pidgeot|26\/100
|
|turn|31
|-mustrecharge|p2a: Golbat
|c|★MillaVGC|balls
|-mustrecharge|p2a: Golbat
|choice||
|
|move|p1a: Pidgeot|Hyper Beam|p2a: Golbat
|-damage|p2a: Golbat|0 fnt
|faint|p2a: Golbat
|
|win|Judo
|player|p1
|player|p2
|c|★Judo|stealing my playz4dayz