|join|Blauninho
|join|Dervodel
|player|p1|Blauninho|265
|player|p2|Dervodel|238
|gametype|singles
|gen|1
|tier|[Gen 1] Random Battle
|rated
|rule|Sleep Clause Mod: Limit one foe put to sleep
|rule|Freeze Clause Mod: Limit one foe frozen
|rule|HP Percentage Mod: HP is shown in percentages
|
|start
|switch|p1a: Lapras|Lapras, L79|367\/367
|switch|p2a: Wartortle|Wartortle, L85|274\/274
|turn|1
|
|switch|p2a: Voltorb|Voltorb, L96|272\/272
|move|p1a: Lapras|Thunderbolt|p2a: Voltorb
|-resisted|p2a: Voltorb
|-damage|p2a: Voltorb|241\/272
|
|turn|2
|
|switch|p1a: Sandslash|Sandslash, L85|301\/301
|move|p2a: Voltorb|Thunder Wave|p1a: Sandslash
|-immune|p1a: Sandslash|[msg]
|
|turn|3
|
|switch|p2a: Wartortle|Wartortle, L85|274\/274
|move|p1a: Sandslash|Rock Slide|p2a: Wartortle
|-damage|p2a: Wartortle|214\/274
|
|turn|4
|
|switch|p1a: Lapras|Lapras, L79|367\/367
|move|p2a: Wartortle|Mimic|p1a: Lapras
|-start|p2a: Wartortle|Mimic|Thunderbolt
|
|turn|5
|
|move|p2a: Wartortle|Thunderbolt|p1a: Lapras
|-supereffective|p1a: Lapras
|-damage|p1a: Lapras|250\/367
|move|p1a: Lapras|Thunderbolt|p2a: Wartortle
|-supereffective|p2a: Wartortle
|-damage|p2a: Wartortle|84\/274
|
|turn|6
|
|move|p2a: Wartortle|Thunderbolt|p1a: Lapras
|-supereffective|p1a: Lapras
|-damage|p1a: Lapras|146\/367
|move|p1a: Lapras|Thunderbolt|p2a: Wartortle
|-supereffective|p2a: Wartortle
|-damage|p2a: Wartortle|0 fnt
|faint|p2a: Wartortle
|
|switch|p2a: Primeape|Primeape, L90|300\/300
|turn|7
|
|move|p2a: Primeape|Rock Slide|p1a: Lapras
|-supereffective|p1a: Lapras
|-damage|p1a: Lapras|1\/367
|move|p1a: Lapras|Ice Beam|p2a: Primeape
|-damage|p2a: Primeape|200\/300
|
|turn|8
|
|move|p2a: Primeape|Body Slam|p1a: Lapras
|-damage|p1a: Lapras|0 fnt
|faint|p1a: Lapras
|c|★Blauninho|!weak primeape
|raw|<div class="infobox">Primeape (ignoring abilities):<br><span class="message-effect-weak">Weaknesses<\/span>: Fairy, Flying, Psychic<br><span class="message-effect-resist">Resistances<\/span>: Bug, Dark, Rock<br><span class="message-effect-immune">Immunities<\/span>: <font color=#999999>None<\/font><\/div>
|
|switch|p1a: Sandslash|Sandslash, L85|301\/301
|turn|9
|c|★Dervodel|!weak sandslash
|raw|<div class="infobox">Sandslash (ignoring abilities):<br><span class="message-effect-weak">Weaknesses<\/span>: Grass, Ice, Water<br><span class="message-effect-resist">Resistances<\/span>: Poison, Rock<br><span class="message-effect-immune">Immunities<\/span>: Electric<\/div>
|
|move|p2a: Primeape|Body Slam|p1a: Sandslash
|-damage|p1a: Sandslash|233\/301
|move|p1a: Sandslash|Earthquake|p2a: Primeape
|-damage|p2a: Primeape|74\/300
|
|turn|10
|
|move|p2a: Primeape|Submission|p1a: Sandslash
|-crit|p1a: Sandslash
|-damage|p1a: Sandslash|62\/301
|-damage|p2a: Primeape|32\/300|[from] recoil|[of] p1a: Sandslash
|move|p1a: Sandslash|Earthquake|p2a: Primeape
|-damage|p2a: Primeape|0 fnt
|faint|p2a: Primeape
|
|switch|p2a: Hitmonchan|Hitmonchan, L90|273\/273
|turn|11
|
|move|p2a: Hitmonchan|Body Slam|p1a: Sandslash
|-damage|p1a: Sandslash|0 fnt
|faint|p1a: Sandslash
|
|switch|p1a: Kangaskhan|Kangaskhan, L85|352\/352
|turn|12
|
|move|p1a: Kangaskhan|Surf|p2a: Hitmonchan
|-damage|p2a: Hitmonchan|204\/273
|move|p2a: Hitmonchan|Submission|p1a: Kangaskhan|[miss]
|-miss|p2a: Hitmonchan
|
|turn|13
|
|move|p1a: Kangaskhan|Earthquake|p2a: Hitmonchan
|-damage|p2a: Hitmonchan|131\/273
|move|p2a: Hitmonchan|Submission|p1a: Kangaskhan
|-supereffective|p1a: Kangaskhan
|-damage|p1a: Kangaskhan|146\/352
|-damage|p2a: Hitmonchan|80\/273|[from] recoil|[of] p1a: Kangaskhan
|
|turn|14
|
|move|p1a: Kangaskhan|Hyper Beam|p2a: Hitmonchan
|-damage|p2a: Hitmonchan|0 fnt
|faint|p2a: Hitmonchan
|
|switch|p2a: Raticate|Raticate, L85|267\/267
|turn|15
|
|move|p2a: Raticate|Hyper Beam|p1a: Kangaskhan
|-crit|p1a: Kangaskhan
|-damage|p1a: Kangaskhan|0 fnt
|faint|p1a: Kangaskhan
|
|switch|p1a: Moltres|Moltres, L85|327\/327
|turn|16
|
|move|p2a: Raticate|Super Fang|p1a: Moltres
|-damage|p1a: Moltres|164\/327
|move|p1a: Moltres|Fire Blast|p2a: Raticate
|-damage|p2a: Raticate|46\/267
|-status|p2a: Raticate|brn
|
|turn|17
|
|move|p2a: Raticate|Hyper Beam|p1a: Moltres
|-damage|p1a: Moltres|95\/327
|-damage|p2a: Raticate|30\/267 brn|[from] brn|[of] p1a: Moltres
|move|p1a: Moltres|Fire Blast|p2a: Raticate
|-damage|p2a: Raticate|0 fnt
|faint|p2a: Raticate
|
|switch|p2a: Voltorb|Voltorb, L96|241\/272
|turn|18
|
|switch|p1a: Tangela|Tangela, L85|284\/284
|move|p2a: Voltorb|Thunder Wave|p1a: Tangela
|-status|p1a: Tangela|par
|
|turn|19
|
|switch|p2a: Cloyster|Cloyster, L83|253\/253
|move|p1a: Tangela|Sleep Powder|p2a: Cloyster|[miss]
|-miss|p1a: Tangela
|
|turn|20
|
|switch|p1a: Arbok|Arbok, L90|291\/291
|move|p2a: Cloyster|Blizzard|p1a: Arbok
|-damage|p1a: Arbok|157\/291
|
|turn|21
|
|move|p1a: Arbok|Hyper Beam|p2a: Cloyster
|-damage|p2a: Cloyster|182\/253
|move|p2a: Cloyster|Ice Beam|p1a: Arbok
|-crit|p1a: Arbok
|-damage|p1a: Arbok|0 fnt
|faint|p1a: Arbok
|
|switch|p1a: Moltres|Moltres, L85|95\/327
|turn|22
|c|★Dervodel|!weak moltres
|raw|<div class="infobox">Moltres (ignoring abilities):<br><span class="message-effect-weak">Weaknesses<\/span>: Electric, <b>Rock<\/b>, Water<br><span class="message-effect-resist">Resistances<\/span>: <b>Bug<\/b>, Fairy, Fighting, Fire, <b>Grass<\/b>, Steel<br><span class="message-effect-immune">Immunities<\/span>: Ground<\/div>
|
|move|p1a: Moltres|Fire Blast|p2a: Cloyster|[miss]
|-miss|p1a: Moltres
|move|p2a: Cloyster|Surf|p1a: Moltres
|-crit|p1a: Moltres
|-supereffective|p1a: Moltres
|-damage|p1a: Moltres|0 fnt
|faint|p1a: Moltres
|
|switch|p1a: Tangela|Tangela, L85|284\/284 par
|turn|23
|
|move|p2a: Cloyster|Ice Beam|p1a: Tangela
|-supereffective|p1a: Tangela
|-damage|p1a: Tangela|104\/284 par
|move|p1a: Tangela|Sleep Powder|p2a: Cloyster|[miss]
|-miss|p1a: Tangela
|
|turn|24
|c|★Blauninho|gg
|
|move|p2a: Cloyster|Ice Beam|p1a: Tangela
|-supereffective|p1a: Tangela
|-damage|p1a: Tangela|0 fnt
|faint|p1a: Tangela
|
|win|Dervodel
|raw|Blauninho's rating: 1304 &rarr; <strong>1282<\/strong><br \/>(-22 for losing)
|raw|Dervodel's rating: 1284 &rarr; <strong>1310<\/strong><br \/>(+26 for winning)