|join|blue53
|join|Agarest
|player|p1|blue53|99
|player|p2|Agarest|161
|gametype|singles
|gen|1
|tier|[Gen 1] Random Battle
|seed|61280,22174,44479,63974
|rule|Sleep Clause Mod: Limit one foe put to sleep
|rule|Freeze Clause Mod: Limit one foe frozen
|rule|HP Percentage Mod: HP is shown in percentages
|
|start
|switch|p1a: Doduo|Doduo, L96|262\/262
|switch|p2a: Charmeleon|Charmeleon, L85|272\/272
|turn|1
|choice|move 3|switch 4
|
|switch|p2a: Golem|Golem, L79|288\/288
|move|p1a: Doduo|Body Slam|p2a: Golem
|-resisted|p2a: Golem
|-damage|p2a: Golem|247\/288
|
|turn|2
|choice|move 2|move 3
|
|move|p1a: Doduo|Mimic|p2a: Golem
|-start|p1a: Doduo|Mimic|Explosion
|move|p2a: Golem|Rock Slide|p1a: Doduo
|-supereffective|p1a: Doduo
|-damage|p1a: Doduo|50\/262
|
|turn|3
|choice|move 2|move 4
|
|move|p1a: Doduo|Explosion|p2a: Golem
|-resisted|p2a: Golem
|-damage|p2a: Golem|63\/288
|faint|p1a: Doduo
|c|★blue53|LOL
|choice|switch 2|
|
|switch|p1a: Nidoqueen|Nidoqueen, L85|327\/327
|turn|4
|choice|move 1|switch 6
|
|switch|p2a: Mew|Mew, L74|300\/300
|move|p1a: Nidoqueen|Earthquake|p2a: Mew
|-crit|p2a: Mew
|-damage|p2a: Mew|118\/300
|
|turn|5
|choice|move 1|move 2
|
|move|p2a: Mew|Psychic|p1a: Nidoqueen
|-crit|p1a: Nidoqueen
|-supereffective|p1a: Nidoqueen
|-damage|p1a: Nidoqueen|23\/327
|-unboost|p1a: Nidoqueen|spd|1
|-unboost|p1a: Nidoqueen|spa|1
|move|p1a: Nidoqueen|Earthquake|p2a: Mew
|-damage|p2a: Mew|19\/300
|
|turn|6
|choice|switch 5|move 1
|
|switch|p1a: Chansey|Chansey, L79|557\/557
|move|p2a: Mew|Soft-Boiled|p2a: Mew
|-heal|p2a: Mew|169\/300
|
|turn|7
|choice|move 4|switch 5
|
|switch|p2a: Machoke|Machoke, L85|310\/310
|move|p1a: Chansey|Thunder Wave|p2a: Machoke
|-status|p2a: Machoke|par
|
|turn|8
|choice|move 3|move 3
|
|move|p2a: Machoke|Body Slam|p1a: Chansey
|-damage|p1a: Chansey|390\/557
|move|p1a: Chansey|Counter|p2a: Machoke
|-damage|p2a: Machoke|0 fnt
|faint|p2a: Machoke
|choice||switch 4
|
|switch|p2a: Charmeleon|Charmeleon, L85|272\/272
|turn|9
|choice|move 1|move 4
|
|move|p2a: Charmeleon|Fire Blast|p1a: Chansey
|-damage|p1a: Chansey|296\/557
|-status|p1a: Chansey|brn
|move|p1a: Chansey|Soft-Boiled|p1a: Chansey
|-heal|p1a: Chansey|557\/557 brn
|-damage|p1a: Chansey|523\/557 brn|[from] brn
|
|turn|10
|choice|move 4|move 1
|
|move|p2a: Charmeleon|Submission|p1a: Chansey
|-supereffective|p1a: Chansey
|-damage|p1a: Chansey|265\/557 brn
|-damage|p2a: Charmeleon|208\/272|[from] recoil|[of] p1a: Chansey
|move|p1a: Chansey|Thunder Wave|p2a: Charmeleon
|-status|p2a: Charmeleon|par
|-damage|p1a: Chansey|231\/557 brn|[from] brn|[of] p2a: Charmeleon
|
|turn|11
|choice|move 1|switch 6
|
|switch|p2a: Golem|Golem, L79|63\/288
|move|p1a: Chansey|Soft-Boiled|p1a: Chansey
|-heal|p1a: Chansey|509\/557 brn
|-damage|p1a: Chansey|475\/557 brn|[from] brn
|
|turn|12
|choice|switch 5|move 1
|
|switch|p1a: Nidoqueen|Nidoqueen, L85|23\/327
|move|p2a: Golem|Earthquake|p1a: Nidoqueen
|-supereffective|p1a: Nidoqueen
|-damage|p1a: Nidoqueen|0 fnt
|faint|p1a: Nidoqueen
|choice|switch 3|
|
|switch|p1a: Wartortle|Wartortle, L85|274\/274
|turn|13
|choice|move 4|switch 5
|
|switch|p2a: Mew|Mew, L74|169\/300
|move|p1a: Wartortle|Surf|p2a: Mew
|-crit|p2a: Mew
|-damage|p2a: Mew|11\/300
|
|turn|14
|choice|move 2|move 1
|
|move|p2a: Mew|Soft-Boiled|p2a: Mew
|-heal|p2a: Mew|161\/300
|move|p1a: Wartortle|Mimic|p2a: Mew
|-start|p1a: Wartortle|Mimic|Horn Drill
|
|turn|15
|choice|move 1|move 2
|
|move|p2a: Mew|Psychic|p1a: Wartortle
|-damage|p1a: Wartortle|178\/274
|move|p1a: Wartortle|Body Slam|p2a: Mew
|-damage|p2a: Mew|110\/300
|-status|p2a: Mew|par
|
|turn|16
|c|★blue53|YO
|choice|move 2|move 1
|
|move|p1a: Wartortle|Horn Drill|p2a: Mew
|-damage|p2a: Mew|0 fnt
|-ohko
|faint|p2a: Mew
|c|★blue53|BRAH
|choice||switch 3
|
|switch|p2a: Pidgeotto|Pidgeotto, L90|297\/297
|turn|17
|choice|move 2|move 1
|
|move|p2a: Pidgeotto|Double-Edge|p1a: Wartortle
|-damage|p1a: Wartortle|88\/274
|-damage|p2a: Pidgeotto|275\/297|[from] recoil|[of] p1a: Wartortle
|move|p1a: Wartortle|Horn Drill|p2a: Pidgeotto
|-immune|p2a: Pidgeotto|[ohko]
|
|turn|18
|choice|move 2|move 1
|
|move|p2a: Pidgeotto|Double-Edge|p1a: Wartortle
|-damage|p1a: Wartortle|0 fnt
|-damage|p2a: Pidgeotto|253\/297|[from] recoil|[of] p1a: Wartortle
|faint|p1a: Wartortle
|choice|switch 5|
|
|switch|p1a: Chansey|Chansey, L79|475\/557 brn
|turn|19
|choice|move 2|switch 5
|
|switch|p2a: Golem|Golem, L79|63\/288
|move|p1a: Chansey|Thunderbolt|p2a: Golem
|-immune|p2a: Golem|[msg]
|-damage|p1a: Chansey|441\/557 brn|[from] brn|[of] p2a: Golem
|
|turn|20
|choice|move 3|move 1
|
|move|p2a: Golem|Earthquake|p1a: Chansey
|-damage|p1a: Chansey|184\/557 brn
|move|p1a: Chansey|Counter|p2a: Golem
|-fail|p1a: Chansey
|-damage|p1a: Chansey|150\/557 brn|[from] brn|[of] p2a: Golem
|
|turn|21
|choice|move 1|move 1
|
|move|p1a: Chansey|Soft-Boiled|p1a: Chansey
|-heal|p1a: Chansey|428\/557 brn
|-damage|p1a: Chansey|394\/557 brn|[from] brn
|move|p2a: Golem|Earthquake|p1a: Chansey
|-damage|p1a: Chansey|116\/557 brn
|
|turn|22
|choice|move 1|move 1
|
|move|p1a: Chansey|Soft-Boiled|p1a: Chansey
|-heal|p1a: Chansey|394\/557 brn
|-damage|p1a: Chansey|360\/557 brn|[from] brn
|move|p2a: Golem|Earthquake|p1a: Chansey
|-damage|p1a: Chansey|101\/557 brn
|
|turn|23
|choice|move 3|move 1
|
|move|p2a: Golem|Earthquake|p1a: Chansey
|-damage|p1a: Chansey|0 fnt
|faint|p1a: Chansey
|choice|switch 4|
|
|switch|p1a: Hitmonchan|Hitmonchan, L90|273\/273
|turn|24
|choice|move 4|switch 2
|
|switch|p2a: Ekans|Ekans, L96|262\/262
|move|p1a: Hitmonchan|Submission|p2a: Ekans
|-resisted|p2a: Ekans
|-damage|p2a: Ekans|198\/262
|-damage|p1a: Hitmonchan|257\/273|[from] recoil|[of] p2a: Ekans
|
|turn|25
|choice|move 1|move 4
|
|move|p2a: Ekans|Glare|p1a: Hitmonchan
|-status|p1a: Hitmonchan|par
|move|p1a: Hitmonchan|Counter|p2a: Ekans
|-fail|p1a: Hitmonchan
|
|turn|26
|join|Nanako chun
|choice|move 3|move 2
|
|move|p2a: Ekans|Earthquake|p1a: Hitmonchan
|-damage|p1a: Hitmonchan|184\/273 par
|cant|p1a: Hitmonchan|par
|
|turn|27
|choice|move 3|move 2
|
|move|p2a: Ekans|Earthquake|p1a: Hitmonchan
|-damage|p1a: Hitmonchan|119\/273 par
|move|p1a: Hitmonchan|Body Slam|p2a: Ekans
|-damage|p2a: Ekans|104\/262
|-status|p2a: Ekans|par
|
|turn|28
|choice|move 3|move 2
|
|move|p1a: Hitmonchan|Body Slam|p2a: Ekans
|-damage|p2a: Ekans|12\/262 par
|move|p2a: Ekans|Earthquake|p1a: Hitmonchan
|-damage|p1a: Hitmonchan|48\/273 par
|
|turn|29
|choice|move 3|move 2
|
|cant|p1a: Hitmonchan|par
|move|p2a: Ekans|Earthquake|p1a: Hitmonchan
|-damage|p1a: Hitmonchan|0 fnt
|faint|p1a: Hitmonchan
|choice|switch 6|
|
|switch|p1a: Mewtwo|Mewtwo, L68|285\/285
|turn|30
|choice|move 4|move 4
|
|move|p1a: Mewtwo|Barrier|p1a: Mewtwo
|-boost|p1a: Mewtwo|def|2
|move|p2a: Ekans|Glare|p1a: Mewtwo|[miss]
|-miss|p2a: Ekans
|
|turn|31
|choice|move 1|move 4
|
|move|p1a: Mewtwo|Psychic|p2a: Ekans
|-supereffective|p2a: Ekans
|-damage|p2a: Ekans|0 fnt
|faint|p2a: Ekans
|c| Nanako chun|insert wombo combo here
|choice||switch 6
|
|switch|p2a: Charmeleon|Charmeleon, L85|208\/272 par
|turn|32
|c|★blue53|true
|choice|move 1|move 3
|
|move|p1a: Mewtwo|Psychic|p2a: Charmeleon
|-damage|p2a: Charmeleon|102\/272 par
|move|p2a: Charmeleon|Slash|p1a: Mewtwo
|-crit|p1a: Mewtwo
|-damage|p1a: Mewtwo|196\/285
|
|turn|33
|choice|move 1|move 3
|
|move|p1a: Mewtwo|Psychic|p2a: Charmeleon
|-damage|p2a: Charmeleon|0 fnt
|faint|p2a: Charmeleon
|choice||switch 5
|
|switch|p2a: Pidgeotto|Pidgeotto, L90|253\/297
|turn|34
|choice|move 2|move 1
|
|move|p1a: Mewtwo|Recover|p1a: Mewtwo
|-heal|p1a: Mewtwo|285\/285
|move|p2a: Pidgeotto|Double-Edge|p1a: Mewtwo
|-damage|p1a: Mewtwo|233\/285
|-damage|p2a: Pidgeotto|240\/297|[from] recoil|[of] p1a: Mewtwo
|
|turn|35
|choice|move 3|move 1
|
|move|p1a: Mewtwo|Blizzard|p2a: Pidgeotto
|-supereffective|p2a: Pidgeotto
|-damage|p2a: Pidgeotto|48\/297
|move|p2a: Pidgeotto|Double-Edge|p1a: Mewtwo
|-damage|p1a: Mewtwo|179\/285
|-damage|p2a: Pidgeotto|35\/297|[from] recoil|[of] p1a: Mewtwo
|
|turn|36
|choice|move 1|move 1
|
|move|p1a: Mewtwo|Psychic|p2a: Pidgeotto
|-crit|p2a: Pidgeotto
|-damage|p2a: Pidgeotto|0 fnt
|faint|p2a: Pidgeotto
|choice||switch 2
|
|switch|p2a: Golem|Golem, L79|63\/288
|turn|37
|choice|move 1|move 1
|
|move|p1a: Mewtwo|Psychic|p2a: Golem
|-damage|p2a: Golem|0 fnt
|faint|p2a: Golem
|
|win|blue53
|leave|Agarest
|player|p2
|c|★blue53|gg