|j|Dervodel1
|j|stayzi4
|player|p1|Dervodel1|101
|player|p2|stayzi4|169
|gametype|singles
|gen|1
|tier|[Gen 1] Random Battle
|rated
|seed|17307,32799,39403,34873
|rule|Sleep Clause Mod: Limit one foe put to sleep
|rule|Freeze Clause Mod: Limit one foe frozen
|rule|HP Percentage Mod: HP is shown in percentages
|
|start
|switch|p1a: Ditto|Ditto, L99|296\/296
|switch|p2a: Doduo|Doduo, L96|262\/262
|turn|1
|choice|switch 4|move 4
|
|switch|p1a: Dragonite|Dragonite, L85|328\/328
|move|p2a: Doduo|Agility|p2a: Doduo
|-boost|p2a: Doduo|spe|2
|
|turn|2
|choice|move 2|move 2
|
|move|p2a: Doduo|Double-Edge|p1a: Dragonite
|-damage|p1a: Dragonite|211\/328
|-damage|p2a: Doduo|233\/262|[from] recoil|[of] p1a: Dragonite
|move|p1a: Dragonite|Ice Beam|p2a: Doduo
|-supereffective|p2a: Doduo
|-damage|p2a: Doduo|42\/262
|
|turn|3
|choice|move 3|move 2
|
|move|p2a: Doduo|Double-Edge|p1a: Dragonite
|-damage|p1a: Dragonite|89\/328
|-damage|p2a: Doduo|12\/262|[from] recoil|[of] p1a: Dragonite
|move|p1a: Dragonite|Body Slam|p2a: Doduo
|-damage|p2a: Doduo|0 fnt
|faint|p2a: Doduo
|choice||switch 2
|
|switch|p2a: Geodude|Geodude, L96|272\/272
|turn|4
|choice|move 2|move 2
|
|move|p1a: Dragonite|Ice Beam|p2a: Geodude
|-supereffective|p2a: Geodude
|-damage|p2a: Geodude|61\/272
|move|p2a: Geodude|Rock Slide|p1a: Dragonite
|-supereffective|p1a: Dragonite
|-damage|p1a: Dragonite|0 fnt
|faint|p1a: Dragonite
|choice|switch 5|
|
|switch|p1a: Gengar|Gengar, L79|257\/257
|turn|5
|choice|move 4|move 1
|
|move|p1a: Gengar|Mega Drain|p2a: Geodude
|-supereffective|p2a: Geodude
|-damage|p2a: Geodude|0 fnt
|faint|p2a: Geodude
|choice||switch 3
|
|switch|p2a: Jynx|Jynx, L79|265\/265
|turn|6
|choice|switch 4|move 1
|
|switch|p1a: Ditto|Ditto, L99|296\/296
|move|p2a: Jynx|Psychic|p1a: Ditto
|-damage|p1a: Ditto|204\/296
|
|turn|7
|choice|move 1|move 4
|
|move|p2a: Jynx|Lovely Kiss|p1a: Ditto
|-status|p1a: Ditto|slp
|cant|p1a: Ditto|slp
|
|turn|8
|choice|switch 3|move 2
|
|switch|p1a: Slowbro|Slowbro, L79|312\/312
|move|p2a: Jynx|Blizzard|p1a: Slowbro
|-resisted|p1a: Slowbro
|-damage|p1a: Slowbro|253\/312
|
|turn|9
|choice|move 1|switch 4
|
|switch|p2a: Electrode|Electrode, L90|291\/291
|move|p1a: Slowbro|Amnesia|p1a: Slowbro
|-boost|p1a: Slowbro|spd|2
|-boost|p1a: Slowbro|spa|2
|
|turn|10
|choice|move 1|move 4
|
|move|p2a: Electrode|Thunderbolt|p1a: Slowbro
|-supereffective|p1a: Slowbro
|-damage|p1a: Slowbro|142\/312
|move|p1a: Slowbro|Amnesia|p1a: Slowbro
|-boost|p1a: Slowbro|spd|2
|-boost|p1a: Slowbro|spa|2
|
|turn|11
|choice|move 4|move 4
|
|move|p2a: Electrode|Thunderbolt|p1a: Slowbro
|-crit|p1a: Slowbro
|-supereffective|p1a: Slowbro
|-damage|p1a: Slowbro|0 fnt
|faint|p1a: Slowbro
|c|★Dervodel1|uu
|c|★Dervodel1|thats unfortunate
|c|★Dervodel1|gg i guess :)
|choice|switch 4|
|
|switch|p1a: Gengar|Gengar, L79|257\/257
|turn|12
|choice|move 1|switch 4
|
|switch|p2a: Jynx|Jynx, L79|265\/265
|move|p1a: Gengar|Hypnosis|p2a: Jynx|[miss]
|-miss|p1a: Gengar
|
|turn|13
|choice|move 1|move 4
|
|move|p1a: Gengar|Hypnosis|p2a: Jynx|[miss]
|-miss|p1a: Gengar
|move|p2a: Jynx|Lovely Kiss|p1a: Gengar
|-message|Sleep Clause Mod activated.
|
|turn|14
|choice|move 1|move 1
|
|move|p1a: Gengar|Hypnosis|p2a: Jynx
|-status|p2a: Jynx|slp
|-curestatus|p2a: Jynx|slp
|
|turn|15
|choice|move 1|move 1
|
|move|p1a: Gengar|Hypnosis|p2a: Jynx|[miss]
|-miss|p1a: Gengar
|move|p2a: Jynx|Psychic|p1a: Gengar
|-supereffective|p1a: Gengar
|-damage|p1a: Gengar|126\/257
|
|turn|16
|choice|move 1|move 1
|
|move|p1a: Gengar|Hypnosis|p2a: Jynx|[miss]
|-miss|p1a: Gengar
|move|p2a: Jynx|Psychic|p1a: Gengar
|-supereffective|p1a: Gengar
|-damage|p1a: Gengar|0 fnt
|faint|p1a: Gengar
|choice|switch 6|
|
|switch|p1a: Jynx|Jynx, L79|265\/265
|turn|17
|choice|move 4|switch 5
|
|switch|p2a: Snorlax|Snorlax, L79|415\/415
|move|p1a: Jynx|Lovely Kiss|p2a: Snorlax
|-status|p2a: Snorlax|slp
|
|turn|18
|choice|move 3|move 2
|
|move|p1a: Jynx|Psychic|p2a: Snorlax
|-damage|p2a: Snorlax|309\/415 slp
|-unboost|p2a: Snorlax|spd|1
|-unboost|p2a: Snorlax|spa|1
|cant|p2a: Snorlax|slp
|
|turn|19
|choice|move 3|move 3
|
|move|p1a: Jynx|Psychic|p2a: Snorlax
|-damage|p2a: Snorlax|156\/415 slp
|-unboost|p2a: Snorlax|spd|1
|-unboost|p2a: Snorlax|spa|1
|cant|p2a: Snorlax|slp
|
|turn|20
|choice|move 3|move 2
|
|move|p1a: Jynx|Psychic|p2a: Snorlax
|-damage|p2a: Snorlax|0 fnt
|faint|p2a: Snorlax
|choice||switch 4
|
|switch|p2a: Electrode|Electrode, L90|291\/291
|turn|21
|choice|switch 3|move 4
|
|switch|p1a: Ditto|Ditto, L99|204\/296 slp
|move|p2a: Electrode|Thunderbolt|p1a: Ditto
|-damage|p1a: Ditto|85\/296 slp
|
|turn|22
|choice|switch 3|move 4
|
|switch|p1a: Jynx|Jynx, L79|265\/265
|move|p2a: Electrode|Thunderbolt|p1a: Jynx
|-crit|p1a: Jynx
|-damage|p1a: Jynx|63\/265
|
|turn|23
|choice|move 4|move 4
|
|move|p2a: Electrode|Thunderbolt|p1a: Jynx
|-crit|p1a: Jynx
|-damage|p1a: Jynx|0 fnt
|faint|p1a: Jynx
|choice|switch 2|
|
|switch|p1a: Lapras|Lapras, L79|367\/367
|turn|24
|choice|move 2|move 4
|
|move|p2a: Electrode|Thunderbolt|p1a: Lapras
|-supereffective|p1a: Lapras
|-damage|p1a: Lapras|147\/367
|move|p1a: Lapras|Confuse Ray|p2a: Electrode
|-start|p2a: Electrode|confusion
|
|turn|25
|choice|move 3|move 4
|
|-activate|p2a: Electrode|confusion
|-damage|p2a: Electrode|264\/291|[from] confusion
|move|p1a: Lapras|Body Slam|p2a: Electrode
|-damage|p2a: Electrode|210\/291
|
|turn|26
|-message|stayzi4 lost due to inactivity.
|
|win|Dervodel1
|raw|Dervodel1's rating: 1265 &rarr; <strong>1277<\/strong><br \/>(+12 for winning)
|raw|stayzi4's rating: 1051 &rarr; <strong>1043<\/strong><br \/>(-8 for losing)