|join|MALESANI
|join|BorisEPFL
|player|p1|MALESANI|238
|player|p2|BorisEPFL|102
|gametype|singles
|gen|1
|tier|[Gen 1] Random Battle
|rated
|seed|47510,53446,3106,48140
|rule|Sleep Clause Mod: Limit one foe put to sleep
|rule|Freeze Clause Mod: Limit one foe frozen
|rule|HP Percentage Mod: HP is shown in percentages
|
|start
|switch|p1a: Pinsir|Pinsir, L85|284\/284
|switch|p2a: Venonat|Venonat, L96|310\/310
|turn|1
|choice|switch 4|move Sleep Powder
|
|switch|p1a: Ditto|Ditto, L99|296\/296
|move|p2a: Venonat|Sleep Powder|p1a: Ditto
|-status|p1a: Ditto|slp
|
|turn|2
|choice|switch 4|move Psychic
|
|switch|p1a: Pinsir|Pinsir, L85|284\/284
|move|p2a: Venonat|Psychic|p1a: Pinsir
|-damage|p1a: Pinsir|217\/284
|-unboost|p1a: Pinsir|spd|1
|-unboost|p1a: Pinsir|spa|1
|
|turn|3
|choice|move 3|move Sleep Powder
|
|move|p1a: Pinsir|Body Slam|p2a: Venonat
|-damage|p2a: Venonat|214\/310
|move|p2a: Venonat|Sleep Powder|p1a: Pinsir
|-message|Sleep Clause Mod activated.
|
|turn|4
|choice|move 3|switch 3
|
|switch|p2a: Moltres|Moltres, L85|327\/327
|move|p1a: Pinsir|Body Slam|p2a: Moltres
|-damage|p2a: Moltres|257\/327
|-status|p2a: Moltres|par
|
|turn|5
|choice|switch 6|move Fire Blast
|
|switch|p1a: Seaking|Seaking, L90|327\/327
|move|p2a: Moltres|Fire Blast|p1a: Seaking
|-crit|p1a: Seaking
|-resisted|p1a: Seaking
|-damage|p1a: Seaking|181\/327
|
|turn|6
|choice|move 4|move Sky Attack
|
|move|p1a: Seaking|Blizzard|p2a: Moltres
|-supereffective|p2a: Moltres
|-damage|p2a: Moltres|121\/327 par
|move|p2a: Moltres|Sky Attack|p1a: Seaking|[still]
|-prepare|p2a: Moltres|Sky Attack|p1a: Seaking
|
|turn|7
|choice|move 1|move Sky Attack
|
|move|p1a: Seaking|Surf|p2a: Moltres
|-crit|p2a: Moltres
|-supereffective|p2a: Moltres
|-damage|p2a: Moltres|0 fnt
|faint|p2a: Moltres
|choice||switch 6
|
|switch|p2a: Exeggutor|Exeggutor, L79|312\/312
|turn|8
|choice|move 4|move Mega Drain
|
|move|p1a: Seaking|Blizzard|p2a: Exeggutor|[miss]
|-miss|p1a: Seaking
|move|p2a: Exeggutor|Mega Drain|p1a: Seaking
|-supereffective|p1a: Seaking
|-damage|p1a: Seaking|93\/327
|
|turn|9
|choice|move 4|move Mega Drain
|
|move|p1a: Seaking|Blizzard|p2a: Exeggutor
|-supereffective|p2a: Exeggutor
|-damage|p2a: Exeggutor|159\/312
|move|p2a: Exeggutor|Mega Drain|p1a: Seaking
|-supereffective|p1a: Seaking
|-damage|p1a: Seaking|1\/327
|-heal|p2a: Exeggutor|205\/312|[from] drain|[of] p1a: Seaking
|
|turn|10
|choice|move 4|move Mega Drain
|
|move|p1a: Seaking|Blizzard|p2a: Exeggutor
|-supereffective|p2a: Exeggutor
|-damage|p2a: Exeggutor|62\/312
|-status|p2a: Exeggutor|frz
|cant|p2a: Exeggutor|frz
|
|turn|11
|choice|move 1|move Mega Drain
|
|move|p1a: Seaking|Surf|p2a: Exeggutor
|-resisted|p2a: Exeggutor
|-damage|p2a: Exeggutor|16\/312 frz
|cant|p2a: Exeggutor|frz
|
|turn|12
|choice|move 1|move Psychic
|
|move|p1a: Seaking|Surf|p2a: Exeggutor
|-resisted|p2a: Exeggutor
|-damage|p2a: Exeggutor|0 fnt
|faint|p2a: Exeggutor
|choice||switch 4
|
|switch|p2a: Raichu|Raichu, L85|276\/276
|turn|13
|choice|move 3|move Thunder
|
|move|p2a: Raichu|Thunder|p1a: Seaking
|-supereffective|p1a: Seaking
|-damage|p1a: Seaking|0 fnt
|faint|p1a: Seaking
|choice|switch 5|
|
|switch|p1a: Golem|Golem, L79|288\/288
|turn|14
|choice|move 3|move Surf
|
|move|p2a: Raichu|Surf|p1a: Golem
|-supereffective|p1a: Golem
|-damage|p1a: Golem|0 fnt
|faint|p1a: Golem
|choice|switch 2|
|
|switch|p1a: Exeggcute|Exeggcute, L96|310\/310
|turn|15
|choice|move 2|move Thunder Wave
|
|move|p2a: Raichu|Thunder Wave|p1a: Exeggcute
|-status|p1a: Exeggcute|par
|move|p1a: Exeggcute|Sleep Powder|p2a: Raichu
|-status|p2a: Raichu|slp
|
|turn|16
|choice|switch 3|switch 2
|
|switch|p2a: Jigglypuff|Jigglypuff, L99|428\/428
|switch|p1a: Snorlax|Snorlax, L79|415\/415
|
|turn|17
|choice|move 2|move Defense Curl
|
|move|p2a: Jigglypuff|Defense Curl|p2a: Jigglypuff
|-boost|p2a: Jigglypuff|def|1
|move|p1a: Snorlax|Thunderbolt|p2a: Jigglypuff
|-damage|p2a: Jigglypuff|360\/428
|
|turn|18
|choice|move 1|switch 5
|
|switch|p2a: Sandslash|Sandslash, L85|301\/301
|move|p1a: Snorlax|Amnesia|p1a: Snorlax
|-boost|p1a: Snorlax|spd|2
|-boost|p1a: Snorlax|spa|2
|
|turn|19
|choice|move 4|move Earthquake
|
|move|p2a: Sandslash|Earthquake|p1a: Snorlax
|-damage|p1a: Snorlax|278\/415
|move|p1a: Snorlax|Earthquake|p2a: Sandslash
|-crit|p2a: Sandslash
|-damage|p2a: Sandslash|179\/301
|
|turn|20
|choice|switch 3|move Earthquake
|
|switch|p1a: Exeggcute|Exeggcute, L96|310\/310 par
|move|p2a: Sandslash|Earthquake|p1a: Exeggcute
|-resisted|p1a: Exeggcute
|-damage|p1a: Exeggcute|254\/310 par
|
|turn|21
|choice|move 1|move Body Slam
|
|move|p2a: Sandslash|Body Slam|p1a: Exeggcute
|-damage|p1a: Exeggcute|194\/310 par
|move|p1a: Exeggcute|Psychic|p2a: Sandslash
|-damage|p2a: Sandslash|60\/301
|
|turn|22
|choice|move 4|move Body Slam
|
|move|p2a: Sandslash|Body Slam|p1a: Exeggcute
|-damage|p1a: Exeggcute|133\/310 par
|move|p1a: Exeggcute|Mega Drain|p2a: Sandslash
|-supereffective|p2a: Sandslash
|-damage|p2a: Sandslash|0 fnt
|-heal|p1a: Exeggcute|163\/310 par|[from] drain|[of] p2a: Sandslash
|faint|p2a: Sandslash
|choice||switch 3
|
|switch|p2a: Venonat|Venonat, L96|214\/310
|turn|23
|choice|move 1|move Mega Drain
|
|move|p2a: Venonat|Mega Drain|p1a: Exeggcute
|-resisted|p1a: Exeggcute
|-damage|p1a: Exeggcute|150\/310 par
|-heal|p2a: Venonat|220\/310|[from] drain|[of] p1a: Exeggcute
|move|p1a: Exeggcute|Psychic|p2a: Venonat
|-supereffective|p2a: Venonat
|-damage|p2a: Venonat|0 fnt
|faint|p2a: Venonat
|choice||switch 5
|
|switch|p2a: Jigglypuff|Jigglypuff, L99|360\/428
|turn|24
|choice|move 3|move Sing
|
|move|p2a: Jigglypuff|Sing|p1a: Exeggcute
|-fail|p1a: Exeggcute
|move|p1a: Exeggcute|Explosion|p2a: Jigglypuff
|-damage|p2a: Jigglypuff|31\/428
|faint|p1a: Exeggcute
|choice|switch 6|
|
|switch|p1a: Pinsir|Pinsir, L85|217\/284
|turn|25
|choice|move 3|move Body Slam
|
|move|p1a: Pinsir|Body Slam|p2a: Jigglypuff
|-crit|p2a: Jigglypuff
|-damage|p2a: Jigglypuff|0 fnt
|faint|p2a: Jigglypuff
|choice||switch 2
|
|switch|p2a: Raichu|Raichu, L85|276\/276 slp
|turn|26
|choice|move 3|move Thunder
|
|cant|p2a: Raichu|slp
|move|p1a: Pinsir|Body Slam|p2a: Raichu
|-damage|p2a: Raichu|175\/276 slp
|
|turn|27
|choice|move 3|move Thunder
|
|-curestatus|p2a: Raichu|slp
|move|p1a: Pinsir|Body Slam|p2a: Raichu
|-damage|p2a: Raichu|82\/276
|
|turn|28
|choice|move 3|move Thunder
|
|move|p2a: Raichu|Thunder|p1a: Pinsir
|-damage|p1a: Pinsir|64\/284
|move|p1a: Pinsir|Body Slam|p2a: Raichu
|-damage|p2a: Raichu|0 fnt
|faint|p2a: Raichu
|
|win|MALESANI
|raw|MALESANI's rating: 1361 &rarr; <strong>1368<\/strong><br \/>(+7 for winning)
|raw|BorisEPFL's rating: 1087 &rarr; <strong>1079<\/strong><br \/>(-8 for losing)
|leave|BorisEPFL
|player|p2