|join|midnitefirefly
|join|20four
|player|p1|midnitefirefly|170
|player|p2|20four|101
|gametype|singles
|gen|1
|tier|[Gen 1] Random Battle
|rated
|rule|Sleep Clause Mod: Limit one foe put to sleep
|rule|Freeze Clause Mod: Limit one foe frozen
|rule|HP Percentage Mod: HP is shown in percentages
|
|start
|switch|p1a: Spearow|Spearow, L96|272\/272
|switch|p2a: Sandslash|Sandslash, L85|301\/301
|turn|1
|
|switch|p1a: Weedle|Weedle, L99|280\/280
|move|p2a: Sandslash|Rock Slide|p1a: Weedle|[miss]
|-miss|p2a: Sandslash
|
|turn|2
|
|move|p1a: Weedle|String Shot|p2a: Sandslash
|-unboost|p2a: Sandslash|spe|1
|move|p2a: Sandslash|Earthquake|p1a: Weedle
|-crit|p1a: Weedle
|-damage|p1a: Weedle|0 fnt
|faint|p1a: Weedle
|
|switch|p1a: Lapras|Lapras, L79|367\/367
|turn|3
|
|switch|p2a: Lickitung|Lickitung, L90|345\/345
|move|p1a: Lapras|Confuse Ray|p2a: Lickitung
|-start|p2a: Lickitung|confusion
|
|turn|4
|
|switch|p1a: Marowak|Marowak, L90|291\/291
|-activate|p2a: Lickitung|confusion
|-damage|p2a: Lickitung|318\/345|[from] confusion
|
|turn|5
|
|switch|p2a: Golduck|Golduck, L85|310\/310
|move|p1a: Marowak|Earthquake|p2a: Golduck
|-damage|p2a: Golduck|191\/310
|
|turn|6
|
|switch|p1a: Magneton|Magneton, L90|273\/273
|move|p2a: Golduck|Surf|p1a: Magneton
|-damage|p1a: Magneton|201\/273
|
|turn|7
|
|switch|p2a: Sandslash|Sandslash, L85|301\/301
|move|p1a: Magneton|Thunderbolt|p2a: Sandslash
|-immune|p2a: Sandslash|[msg]
|
|turn|8
|
|switch|p1a: Spearow|Spearow, L96|272\/272
|move|p2a: Sandslash|Earthquake|p1a: Spearow
|-immune|p1a: Spearow|[msg]
|
|turn|9
|
|move|p1a: Spearow|Mirror Move|p1a: Spearow
|move|p1a: Spearow|Earthquake|p2a: Sandslash|[from]Mirror Move
|-damage|p2a: Sandslash|244\/301
|move|p2a: Sandslash|Rock Slide|p1a: Spearow
|-crit|p1a: Spearow
|-supereffective|p1a: Spearow
|-damage|p1a: Spearow|0 fnt
|faint|p1a: Spearow
|
|switch|p1a: Lapras|Lapras, L79|367\/367
|turn|10
|
|switch|p2a: Lickitung|Lickitung, L90|318\/345
|switch|p1a: Magneton|Magneton, L90|201\/273
|
|turn|11
|
|move|p1a: Magneton|Thunderbolt|p2a: Lickitung
|-damage|p2a: Lickitung|170\/345
|move|p2a: Lickitung|Earthquake|p1a: Magneton
|-supereffective|p1a: Magneton
|-damage|p1a: Magneton|105\/273
|
|turn|12
|
|move|p1a: Magneton|Thunderbolt|p2a: Lickitung
|-damage|p2a: Lickitung|25\/345
|-status|p2a: Lickitung|par
|move|p2a: Lickitung|Earthquake|p1a: Magneton
|-supereffective|p1a: Magneton
|-damage|p1a: Magneton|10\/273
|
|turn|13
|
|move|p1a: Magneton|Hyper Beam|p2a: Lickitung
|-damage|p2a: Lickitung|0 fnt
|faint|p2a: Lickitung
|
|switch|p2a: Sandslash|Sandslash, L85|244\/301
|turn|14
|
|move|p1a: Magneton|Hyper Beam|p2a: Sandslash|[miss]
|-miss|p1a: Magneton
|move|p2a: Sandslash|Earthquake|p1a: Magneton
|-supereffective|p1a: Magneton
|-damage|p1a: Magneton|0 fnt
|faint|p1a: Magneton
|
|switch|p1a: Lapras|Lapras, L79|367\/367
|turn|15
|
|move|p2a: Sandslash|Earthquake|p1a: Lapras
|-damage|p1a: Lapras|250\/367
|move|p1a: Lapras|Confuse Ray|p2a: Sandslash
|-start|p2a: Sandslash|confusion
|
|turn|16
|
|-activate|p2a: Sandslash|confusion
|-damage|p2a: Sandslash|216\/301|[from] confusion
|move|p1a: Lapras|Blizzard|p2a: Sandslash
|-supereffective|p2a: Sandslash
|-damage|p2a: Sandslash|0 fnt
|faint|p2a: Sandslash
|
|switch|p2a: Meowth|Meowth, L96|272\/272
|turn|17
|
|move|p2a: Meowth|Screech|p1a: Lapras
|-unboost|p1a: Lapras|def|2
|move|p1a: Lapras|Confuse Ray|p2a: Meowth
|-start|p2a: Meowth|confusion
|
|turn|18
|
|-activate|p2a: Meowth|confusion
|-damage|p2a: Meowth|235\/272|[from] confusion
|move|p1a: Lapras|Body Slam|p2a: Meowth
|-damage|p2a: Meowth|165\/272
|
|turn|19
|
|-activate|p2a: Meowth|confusion
|move|p2a: Meowth|Slash|p1a: Lapras
|-crit|p1a: Lapras
|-damage|p1a: Lapras|105\/367
|move|p1a: Lapras|Body Slam|p2a: Meowth
|-damage|p2a: Meowth|97\/272
|
|turn|20
|
|-activate|p2a: Meowth|confusion
|move|p2a: Meowth|Slash|p1a: Lapras
|-crit|p1a: Lapras
|-damage|p1a: Lapras|0 fnt
|faint|p1a: Lapras
|
|switch|p1a: Marowak|Marowak, L90|291\/291
|turn|21
|
|-activate|p2a: Meowth|confusion
|-damage|p2a: Meowth|60\/272|[from] confusion
|move|p1a: Marowak|Blizzard|p2a: Meowth
|-damage|p2a: Meowth|0 fnt
|faint|p2a: Meowth
|
|switch|p2a: Golduck|Golduck, L85|191\/310
|turn|22
|
|switch|p1a: Alakazam|Alakazam, L79|249\/249
|move|p2a: Golduck|Surf|p1a: Alakazam
|-damage|p1a: Alakazam|179\/249
|
|turn|23
|
|switch|p2a: Nidorina|Nidorina, L90|309\/309
|move|p1a: Alakazam|Psychic|p2a: Nidorina
|-supereffective|p2a: Nidorina
|-damage|p2a: Nidorina|42\/309
|
|turn|24
|
|move|p1a: Alakazam|Psychic|p2a: Nidorina
|-supereffective|p2a: Nidorina
|-damage|p2a: Nidorina|0 fnt
|faint|p2a: Nidorina
|
|switch|p2a: Rhydon|Rhydon, L79|328\/328
|turn|25
|
|move|p1a: Alakazam|Recover|p1a: Alakazam
|-heal|p1a: Alakazam|249\/249
|move|p2a: Rhydon|Earthquake|p1a: Alakazam
|-damage|p1a: Alakazam|87\/249
|
|turn|26
|
|move|p1a: Alakazam|Recover|p1a: Alakazam
|-heal|p1a: Alakazam|211\/249
|move|p2a: Rhydon|Earthquake|p1a: Alakazam
|-damage|p1a: Alakazam|22\/249
|
|turn|27
|
|move|p1a: Alakazam|Psychic|p2a: Rhydon
|-damage|p2a: Rhydon|175\/328
|move|p2a: Rhydon|Earthquake|p1a: Alakazam
|-damage|p1a: Alakazam|0 fnt
|faint|p1a: Alakazam
|
|switch|p1a: Marowak|Marowak, L90|291\/291
|turn|28
|c|★20four|Looks like u're in trouble :)
|
|move|p1a: Marowak|Earthquake|p2a: Rhydon
|-supereffective|p2a: Rhydon
|-damage|p2a: Rhydon|1\/328
|move|p2a: Rhydon|Earthquake|p1a: Marowak
|-damage|p1a: Marowak|197\/291
|
|turn|29
|
|move|p1a: Marowak|Body Slam|p2a: Rhydon
|-resisted|p2a: Rhydon
|-damage|p2a: Rhydon|0 fnt
|faint|p2a: Rhydon
|
|switch|p2a: Golduck|Golduck, L85|191\/310
|turn|30
|
|move|p2a: Golduck|Surf|p1a: Marowak
|-supereffective|p1a: Marowak
|-damage|p1a: Marowak|0 fnt
|faint|p1a: Marowak
|
|win|20four
|raw|midnitefirefly's rating: 1098 &rarr; <strong>1070<\/strong><br \/>(-28 for losing)
|raw|20four's rating: 1049 &rarr; <strong>1086<\/strong><br \/>(+37 for winning)
|leave|midnitefirefly
|player|p1