|j|Toonami5
|j|Feena
|player|p1|Toonami5|220
|player|p2|Feena|263
|gametype|singles
|gen|1
|tier|[Gen 1] OU
|rated
|seed|21684,19631,36996,28318
|rule|Sleep Clause Mod: Limit one foe put to sleep
|rule|Freeze Clause Mod: Limit one foe frozen
|rule|Species Clause: Limit one of each Pokémon
|rule|OHKO Clause: OHKO moves are banned
|rule|Evasion Moves Clause: Evasion moves are banned
|rule|HP Percentage Mod: HP is shown in percentages
|
|start
|switch|p1a: Alakazam|Alakazam|313\/313
|switch|p2a: Alakazam|Alakazam|313\/313
|turn|1
|choice|move 2|switch 2
|
|switch|p2a: Exeggutor|Exeggutor|393\/393
|move|p1a: Alakazam|Thunder Wave|p2a: Exeggutor
|-status|p2a: Exeggutor|par
|
|turn|2
|choice|move 4|move 2
|
|move|p1a: Alakazam|Seismic Toss|p2a: Exeggutor
|-damage|p2a: Exeggutor|293\/393 par
|cant|p2a: Exeggutor|par
|
|turn|3
|choice|move 4|move 2
|
|move|p1a: Alakazam|Seismic Toss|p2a: Exeggutor
|-damage|p2a: Exeggutor|193\/393 par
|move|p2a: Exeggutor|Sleep Powder|p1a: Alakazam|[miss]
|-miss|p2a: Exeggutor
|
|turn|4
|choice|move 4|move 4
|
|move|p1a: Alakazam|Seismic Toss|p2a: Exeggutor
|-damage|p2a: Exeggutor|93\/393 par
|move|p2a: Exeggutor|Explosion|p1a: Alakazam
|-damage|p1a: Alakazam|0 fnt
|faint|p1a: Alakazam
|faint|p2a: Exeggutor
|choice|switch 2|switch 4
|
|switch|p2a: Lapras|Lapras|463\/463
|switch|p1a: Exeggutor|Exeggutor|393\/393
|turn|5
|choice|move 3|move 4
|
|move|p2a: Lapras|Sing|p1a: Exeggutor
|-status|p1a: Exeggutor|slp
|cant|p1a: Exeggutor|slp
|
|turn|6
|choice|switch 3|move 1
|
|switch|p1a: Hypno|Hypno|373\/373
|move|p2a: Lapras|Blizzard|p1a: Hypno
|-damage|p1a: Hypno|258\/373
|
|turn|7
|choice|move 4|switch 2
|
|switch|p2a: Alakazam|Alakazam|313\/313
|move|p1a: Hypno|Hypnosis|p2a: Alakazam
|-status|p2a: Alakazam|slp
|
|turn|8
|choice|move 2|move 1
|
|cant|p2a: Alakazam|slp
|move|p1a: Hypno|Thunder Wave|p2a: Alakazam
|-fail|p2a: Alakazam
|
|turn|9
|choice|switch 5|switch 3
|
|switch|p2a: Chansey|Chansey|703\/703
|switch|p1a: Snorlax|Snorlax|523\/523
|
|turn|10
|choice|move 4|move 3
|
|move|p2a: Chansey|Thunder Wave|p1a: Snorlax
|-status|p1a: Snorlax|par
|cant|p1a: Snorlax|par
|
|turn|11
|choice|move 4|switch 2
|
|switch|p2a: Lapras|Lapras|463\/463
|move|p1a: Snorlax|Reflect|p1a: Snorlax
|-start|p1a: Snorlax|Reflect
|
|turn|12
|choice|move 1|move 1
|
|move|p2a: Lapras|Blizzard|p1a: Snorlax
|-damage|p1a: Snorlax|359\/523 par
|move|p1a: Snorlax|Body Slam|p2a: Lapras
|-damage|p2a: Lapras|338\/463
|-status|p2a: Lapras|par
|
|turn|13
|choice|move 1|move 1
|
|move|p2a: Lapras|Blizzard|p1a: Snorlax
|-damage|p1a: Snorlax|186\/523 par
|move|p1a: Snorlax|Body Slam|p2a: Lapras
|-damage|p2a: Lapras|220\/463 par
|
|turn|14
|choice|move 3|move 1
|
|move|p2a: Lapras|Blizzard|p1a: Snorlax
|-crit|p1a: Snorlax
|-damage|p1a: Snorlax|0 fnt
|faint|p1a: Snorlax
|choice|switch 6|
|
|switch|p1a: Rhydon|Rhydon|413\/413
|turn|15
|choice|move 3|move 1
|
|move|p1a: Rhydon|Rock Slide|p2a: Lapras
|-supereffective|p2a: Lapras
|-damage|p2a: Lapras|0 fnt
|faint|p2a: Lapras
|choice||switch 2
|
|switch|p2a: Chansey|Chansey|703\/703
|turn|16
|choice|switch 5|move 1
|
|switch|p1a: Hypno|Hypno|258\/373
|move|p2a: Chansey|Ice Beam|p1a: Hypno
|-damage|p1a: Hypno|186\/373
|
|turn|17
|choice|move 2|move 3
|
|move|p1a: Hypno|Thunder Wave|p2a: Chansey
|-status|p2a: Chansey|par
|move|p2a: Chansey|Thunder Wave|p1a: Hypno
|-status|p1a: Hypno|par
|
|turn|18
|choice|move 1|move 1
|
|move|p1a: Hypno|Psychic|p2a: Chansey
|-damage|p2a: Chansey|586\/703 par
|-unboost|p2a: Chansey|spd|1
|-unboost|p2a: Chansey|spa|1
|move|p2a: Chansey|Ice Beam|p1a: Hypno
|-damage|p1a: Hypno|138\/373 par
|
|turn|19
|choice|move 1|switch 5
|
|switch|p2a: Snorlax|Snorlax|523\/523
|move|p1a: Hypno|Psychic|p2a: Snorlax
|-damage|p2a: Snorlax|378\/523
|
|turn|20
|choice|move 3|move 3
|
|move|p2a: Snorlax|Amnesia|p2a: Snorlax
|-boost|p2a: Snorlax|spd|2
|-boost|p2a: Snorlax|spa|2
|move|p1a: Hypno|Counter|p2a: Snorlax
|-fail|p1a: Hypno
|
|turn|21
|choice|move 2|move 2
|
|move|p2a: Snorlax|Blizzard|p1a: Hypno
|-damage|p1a: Hypno|13\/373 par
|move|p1a: Hypno|Thunder Wave|p2a: Snorlax
|-status|p2a: Snorlax|par
|
|turn|22
|choice|switch 5|move 1
|
|switch|p1a: Rhydon|Rhydon|413\/413
|move|p2a: Snorlax|Body Slam|p1a: Rhydon
|-resisted|p1a: Rhydon
|-damage|p1a: Rhydon|373\/413
|
|turn|23
|choice|move 4|move 2
|
|move|p1a: Rhydon|Substitute|p1a: Rhydon
|-start|p1a: Rhydon|Substitute
|-damage|p1a: Rhydon|270\/413
|move|p2a: Snorlax|Blizzard|p1a: Rhydon|[miss]
|-miss|p2a: Snorlax
|
|turn|24
|choice|move 2|move 2
|
|move|p1a: Rhydon|Earthquake|p2a: Snorlax
|-damage|p2a: Snorlax|208\/523 par
|move|p2a: Snorlax|Blizzard|p1a: Rhydon
|-supereffective|p1a: Rhydon
|-end|p1a: Rhydon|Substitute
|
|turn|25
|choice|move 4|move 2
|
|move|p1a: Rhydon|Substitute|p1a: Rhydon
|-start|p1a: Rhydon|Substitute
|-damage|p1a: Rhydon|167\/413
|move|p2a: Snorlax|Blizzard|p1a: Rhydon
|-supereffective|p1a: Rhydon
|-end|p1a: Rhydon|Substitute
|
|turn|26
|choice|move 4|move 2
|
|move|p1a: Rhydon|Substitute|p1a: Rhydon
|-start|p1a: Rhydon|Substitute
|-damage|p1a: Rhydon|64\/413
|move|p2a: Snorlax|Blizzard|p1a: Rhydon
|-supereffective|p1a: Rhydon
|-end|p1a: Rhydon|Substitute
|
|turn|27
|choice|move 2|move 2
|
|move|p1a: Rhydon|Earthquake|p2a: Snorlax
|-damage|p2a: Snorlax|25\/523 par
|move|p2a: Snorlax|Blizzard|p1a: Rhydon
|-supereffective|p1a: Rhydon
|-damage|p1a: Rhydon|0 fnt
|faint|p1a: Rhydon
|choice|switch 4|
|
|switch|p1a: Tauros|Tauros|353\/353
|turn|28
|choice|move 3|move 1
|
|move|p1a: Tauros|Earthquake|p2a: Snorlax
|-damage|p2a: Snorlax|0 fnt
|faint|p2a: Snorlax
|choice||switch 5
|
|switch|p2a: Chansey|Chansey|586\/703 par
|turn|29
|choice|switch 5|move 1
|
|switch|p1a: Hypno|Hypno|13\/373 par
|move|p2a: Chansey|Ice Beam|p1a: Hypno
|-damage|p1a: Hypno|0 fnt
|faint|p1a: Hypno
|choice|switch 3|
|
|switch|p1a: Exeggutor|Exeggutor|393\/393 slp
|turn|30
|choice|move 1|move 1
|
|cant|p1a: Exeggutor|slp
|move|p2a: Chansey|Ice Beam|p1a: Exeggutor
|-supereffective|p1a: Exeggutor
|-damage|p1a: Exeggutor|260\/393 slp
|
|turn|31
|choice|move 2|move 1
|
|cant|p1a: Exeggutor|slp
|cant|p2a: Chansey|par
|
|turn|32
|choice|move 2|move 1
|
|cant|p1a: Exeggutor|slp
|cant|p2a: Chansey|par
|
|turn|33
|choice|move 2|move 1
|
|-curestatus|p1a: Exeggutor|slp
|move|p2a: Chansey|Ice Beam|p1a: Exeggutor
|-supereffective|p1a: Exeggutor
|-damage|p1a: Exeggutor|130\/393
|
|turn|34
|choice|move 4|move 1
|
|move|p1a: Exeggutor|Mega Drain|p2a: Chansey
|-damage|p2a: Chansey|536\/703 par
|-heal|p1a: Exeggutor|155\/393|[from] drain|[of] p2a: Chansey
|cant|p2a: Chansey|par
|
|turn|35
|choice|move 1|move 3
|
|move|p1a: Exeggutor|Explosion|p2a: Chansey
|-damage|p2a: Chansey|0 fnt
|faint|p2a: Chansey
|faint|p1a: Exeggutor
|choice|switch 5|switch 3
|
|switch|p2a: Alakazam|Alakazam|313\/313 slp
|switch|p1a: Tauros|Tauros|353\/353
|turn|36
|choice|move 1|move 1
|
|cant|p2a: Alakazam|slp
|move|p1a: Tauros|Body Slam|p2a: Alakazam
|-damage|p2a: Alakazam|154\/313 slp
|
|turn|37
|choice|move 1|move 1
|
|cant|p2a: Alakazam|slp
|move|p1a: Tauros|Body Slam|p2a: Alakazam
|-damage|p2a: Alakazam|8\/313 slp
|
|turn|38
|choice|move 1|move 1
|
|-curestatus|p2a: Alakazam|slp
|move|p1a: Tauros|Body Slam|p2a: Alakazam
|-damage|p2a: Alakazam|0 fnt
|faint|p2a: Alakazam
|choice||switch 6
|
|switch|p2a: Tauros|Tauros|353\/353
|turn|39
|choice|move 2|move 1
|
|move|p1a: Tauros|Blizzard|p2a: Tauros
|-damage|p2a: Tauros|259\/353
|move|p2a: Tauros|Body Slam|p1a: Tauros
|-damage|p1a: Tauros|250\/353
|
|turn|40
|choice|move 2|move 1
|
|move|p2a: Tauros|Body Slam|p1a: Tauros
|-damage|p1a: Tauros|154\/353
|move|p1a: Tauros|Blizzard|p2a: Tauros|[miss]
|-miss|p1a: Tauros
|
|turn|41
|choice|move 4|move 4
|
|move|p2a: Tauros|Hyper Beam|p1a: Tauros
|-damage|p1a: Tauros|0 fnt
|faint|p1a: Tauros
|
|win|Feena
|player|p1
|player|p2
|raw|Toonami5's rating: 1122 &rarr; <strong>1112<\/strong><br \/>(-10 for losing)
|raw|Feena's rating: 1380 &rarr; <strong>1387<\/strong><br \/>(+7 for winning)
|l|Toonami5