|join|perseide
|join|CrapAtRBY
|player|p1|perseide|168
|player|p2|CrapAtRBY|101
|gametype|singles
|gen|1
|tier|[Gen 1] OU
|rule|Sleep Clause Mod: Limit one foe put to sleep
|rule|Freeze Clause Mod: Limit one foe frozen
|rule|Species Clause: Limit one of each Pokémon
|rule|OHKO Clause: OHKO moves are banned
|rule|Evasion Moves Clause: Evasion moves are banned
|rule|HP Percentage Mod: HP is shown in percentages
|
|start
|switch|p1a: telekinesis|Alakazam|313\/313
|switch|p2a: Gengar|Gengar|323\/323
|turn|1
|
|switch|p2a: Exeggutor|Exeggutor|393\/393
|move|p1a: telekinesis|Psychic|p2a: Exeggutor
|-resisted|p2a: Exeggutor
|-damage|p2a: Exeggutor|336\/393
|
|turn|2
|
|move|p1a: telekinesis|Thunder Wave|p2a: Exeggutor
|-status|p2a: Exeggutor|par
|move|p2a: Exeggutor|Sleep Powder|p1a: telekinesis
|-status|p1a: telekinesis|slp
|
|turn|3
|
|switch|p1a: roots|Exeggutor|393\/393
|switch|p2a: Snorlax|Snorlax|523\/523
|
|turn|4
|
|switch|p2a: Exeggutor|Exeggutor|336\/393 par
|move|p1a: roots|Psychic|p2a: Exeggutor
|-resisted|p2a: Exeggutor
|-damage|p2a: Exeggutor|279\/393 par
|
|turn|5
|
|move|p1a: roots|Psychic|p2a: Exeggutor
|-resisted|p2a: Exeggutor
|-damage|p2a: Exeggutor|223\/393 par
|move|p2a: Exeggutor|Psychic|p1a: roots
|-resisted|p1a: roots
|-damage|p1a: roots|341\/393
|
|turn|6
|
|move|p1a: roots|Psychic|p2a: Exeggutor
|-resisted|p2a: Exeggutor
|-damage|p2a: Exeggutor|170\/393 par
|-unboost|p2a: Exeggutor|spd|1
|-unboost|p2a: Exeggutor|spa|1
|move|p2a: Exeggutor|Psychic|p1a: roots
|-resisted|p1a: roots
|-damage|p1a: roots|304\/393
|
|turn|7
|
|move|p1a: roots|Psychic|p2a: Exeggutor
|-crit|p2a: Exeggutor
|-resisted|p2a: Exeggutor
|-damage|p2a: Exeggutor|70\/393 par
|-unboost|p2a: Exeggutor|spd|1
|-unboost|p2a: Exeggutor|spa|1
|cant|p2a: Exeggutor|par
|
|turn|8
|
|switch|p2a: Chansey|Chansey|703\/703
|move|p1a: roots|Psychic|p2a: Chansey
|-damage|p2a: Chansey|577\/703
|
|turn|9
|
|switch|p2a: Gengar|Gengar|323\/323
|move|p1a: roots|Sleep Powder|p2a: Gengar
|-status|p2a: Gengar|slp
|
|turn|10
|
|switch|p2a: Exeggutor|Exeggutor|70\/393 par
|move|p1a: roots|Psychic|p2a: Exeggutor
|-resisted|p2a: Exeggutor
|-damage|p2a: Exeggutor|16\/393 par
|-unboost|p2a: Exeggutor|spd|1
|-unboost|p2a: Exeggutor|spa|1
|
|turn|11
|
|move|p1a: roots|Psychic|p2a: Exeggutor
|-resisted|p2a: Exeggutor
|-damage|p2a: Exeggutor|0 fnt
|faint|p2a: Exeggutor
|
|switch|p2a: Snorlax|Snorlax|523\/523
|turn|12
|
|move|p1a: roots|Psychic|p2a: Snorlax
|-damage|p2a: Snorlax|354\/523
|-unboost|p2a: Snorlax|spd|1
|-unboost|p2a: Snorlax|spa|1
|move|p2a: Snorlax|Body Slam|p1a: roots
|-damage|p1a: roots|192\/393
|-status|p1a: roots|par
|
|turn|13
|
|move|p2a: Snorlax|Hyper Beam|p1a: roots
|-damage|p1a: roots|0 fnt
|faint|p1a: roots
|
|switch|p1a: kinder|Chansey|703\/703
|turn|14
|
|switch|p2a: Chansey|Chansey|577\/703
|move|p1a: kinder|Reflect|p1a: kinder
|
|turn|15
|
|move|p2a: Chansey|Ice Beam|p1a: kinder
|-damage|p1a: kinder|631\/703
|move|p1a: kinder|Ice Beam|p2a: Chansey
|-damage|p2a: Chansey|497\/703
|
|turn|16
|
|move|p2a: Chansey|Ice Beam|p1a: kinder
|-damage|p1a: kinder|554\/703
|move|p1a: kinder|Ice Beam|p2a: Chansey
|-damage|p2a: Chansey|427\/703
|
|turn|17
|
|switch|p1a: biggie|Snorlax|523\/523
|move|p2a: Chansey|Ice Beam|p1a: biggie
|-damage|p1a: biggie|421\/523
|
|turn|18
|
|switch|p2a: Snorlax|Snorlax|354\/523
|move|p1a: biggie|Body Slam|p2a: Snorlax
|-damage|p2a: Snorlax|227\/523
|
|turn|19
|
|move|p2a: Snorlax|Self-Destruct|p1a: biggie
|-damage|p1a: biggie|0 fnt
|faint|p1a: biggie
|faint|p2a: Snorlax
|
|switch|p1a: buffalo|Tauros|353\/353
|switch|p2a: Tauros|Tauros|353\/353
|turn|20
|
|move|p1a: buffalo|Body Slam|p2a: Tauros
|-damage|p2a: Tauros|258\/353
|move|p2a: Tauros|Body Slam|p1a: buffalo
|-damage|p1a: buffalo|258\/353
|
|turn|21
|
|move|p1a: buffalo|Body Slam|p2a: Tauros
|-damage|p2a: Tauros|157\/353
|move|p2a: Tauros|Body Slam|p1a: buffalo
|-damage|p1a: buffalo|161\/353
|
|turn|22
|
|switch|p1a: tobybro|Slowbro|393\/393
|move|p2a: Tauros|Hyper Beam|p1a: tobybro
|-damage|p1a: tobybro|226\/393
|
|turn|23
|
|cant|p2a: Tauros|recharge
|move|p1a: tobybro|Reflect|p1a: tobybro
|
|turn|24
|
|move|p2a: Tauros|Hyper Beam|p1a: tobybro
|-crit|p1a: tobybro
|-damage|p1a: tobybro|0 fnt
|faint|p1a: tobybro
|c|★perseide|lol
|
|switch|p1a: kinder|Chansey|554\/703
|turn|25
|c|★perseide|whatever i do this always get crit
|
|switch|p2a: Chansey|Chansey|427\/703
|move|p1a: kinder|Reflect|p1a: kinder
|
|turn|26
|
|move|p2a: Chansey|Ice Beam|p1a: kinder
|-damage|p1a: kinder|477\/703
|move|p1a: kinder|Ice Beam|p2a: Chansey
|-damage|p2a: Chansey|349\/703
|
|turn|27
|
|move|p1a: kinder|Ice Beam|p2a: Chansey
|-damage|p2a: Chansey|269\/703
|move|p2a: Chansey|Ice Beam|p1a: kinder
|-damage|p1a: kinder|397\/703
|
|turn|28
|
|move|p1a: kinder|Ice Beam|p2a: Chansey
|-damage|p2a: Chansey|193\/703
|move|p2a: Chansey|Soft-Boiled|p2a: Chansey
|-heal|p2a: Chansey|544\/703
|
|turn|29
|
|move|p2a: Chansey|Ice Beam|p1a: kinder
|-damage|p1a: kinder|326\/703
|move|p1a: kinder|Ice Beam|p2a: Chansey
|-damage|p2a: Chansey|464\/703
|
|turn|30
|
|move|p1a: kinder|Soft-Boiled|p1a: kinder
|-heal|p1a: kinder|677\/703
|move|p2a: Chansey|Ice Beam|p1a: kinder
|-damage|p1a: kinder|606\/703
|
|turn|31
|
|move|p2a: Chansey|Ice Beam|p1a: kinder
|-damage|p1a: kinder|535\/703
|-status|p1a: kinder|frz
|cant|p1a: kinder|frz
|
|turn|32
|
|switch|p1a: telekinesis|Alakazam|313\/313 slp
|move|p2a: Chansey|Soft-Boiled|p2a: Chansey
|-heal|p2a: Chansey|703\/703
|
|turn|33
|
|switch|p2a: Tauros|Tauros|157\/353
|cant|p1a: telekinesis|slp
|
|turn|34
|
|cant|p1a: telekinesis|slp
|move|p2a: Tauros|Body Slam|p1a: telekinesis
|-damage|p1a: telekinesis|145\/313 slp
|
|turn|35
|
|cant|p1a: telekinesis|slp
|move|p2a: Tauros|Body Slam|p1a: telekinesis
|-crit|p1a: telekinesis
|-damage|p1a: telekinesis|0 fnt
|faint|p1a: telekinesis
|
|switch|p1a: buffalo|Tauros|161\/353
|turn|36
|
|move|p2a: Tauros|Hyper Beam|p1a: buffalo|[miss]
|-miss|p2a: Tauros
|move|p1a: buffalo|Hyper Beam|p2a: Tauros
|-damage|p2a: Tauros|0 fnt
|faint|p2a: Tauros
|
|switch|p2a: Alakazam|Alakazam|313\/313
|turn|37
|
|move|p2a: Alakazam|Psychic|p1a: buffalo
|-damage|p1a: buffalo|0 fnt
|faint|p1a: buffalo
|leave|perseide
|
|switch|p1a: kinder|Chansey|535\/703 frz
|turn|38
|player|p1
|-message|Player 1 lost due to inactivity.
|
|win|CrapAtRBY