|join|yaldyyyy
|join|1timeplayerperson
|player|p1|yaldyyyy|102
|player|p2|1timeplayerperson|170
|gametype|singles
|gen|1
|tier|[Gen 1] Random Battle
|rated
|rule|Sleep Clause Mod: Limit one foe put to sleep
|rule|Freeze Clause Mod: Limit one foe frozen
|rule|HP Percentage Mod: HP is shown in percentages
|
|start
|switch|p1a: Cubone|Cubone, L96|291\/291
|switch|p2a: Mewtwo|Mewtwo, L70|293\/293
|turn|1
|
|move|p2a: Mewtwo|Psychic|p1a: Cubone
|-crit|p1a: Cubone
|-damage|p1a: Cubone|35\/291
|-unboost|p1a: Cubone|spd|1
|-unboost|p1a: Cubone|spa|1
|move|p1a: Cubone|Blizzard|p2a: Mewtwo
|-damage|p2a: Mewtwo|255\/293
|
|turn|2
|
|move|p2a: Mewtwo|Psychic|p1a: Cubone
|-damage|p1a: Cubone|0 fnt
|faint|p1a: Cubone
|
|switch|p1a: Exeggutor|Exeggutor, L79|312\/312
|turn|3
|
|move|p2a: Mewtwo|Barrier|p2a: Mewtwo
|-boost|p2a: Mewtwo|def|2
|move|p1a: Exeggutor|Sleep Powder|p2a: Mewtwo
|-status|p2a: Mewtwo|slp
|
|turn|4
|
|switch|p1a: Golem|Golem, L79|288\/288
|cant|p2a: Mewtwo|slp
|
|turn|5
|c|★yaldyyyy|!weak mewtwo
|raw|<div class="infobox">Mewtwo (ignoring abilities):<br><span class="message-effect-weak">Weaknesses<\/span>: Bug, Dark, Ghost<br><span class="message-effect-resist">Resistances<\/span>: Fighting, Psychic<br><span class="message-effect-immune">Immunities<\/span>: <font color=#999999>None<\/font><\/div>
|
|cant|p2a: Mewtwo|slp
|move|p1a: Golem|Earthquake|p2a: Mewtwo
|-crit|p2a: Mewtwo
|-damage|p2a: Mewtwo|10\/293 slp
|
|turn|6
|
|switch|p2a: Kingler|Kingler, L85|267\/267
|move|p1a: Golem|Earthquake|p2a: Kingler
|-damage|p2a: Kingler|178\/267
|
|turn|7
|
|switch|p1a: Gengar|Gengar, L79|257\/257
|move|p2a: Kingler|Blizzard|p1a: Gengar
|-damage|p1a: Gengar|207\/257
|
|turn|8
|
|switch|p2a: Nidoqueen|Nidoqueen, L85|327\/327
|move|p1a: Gengar|Thunderbolt|p2a: Nidoqueen
|-immune|p2a: Nidoqueen|[msg]
|
|turn|9
|
|move|p1a: Gengar|Psychic|p2a: Nidoqueen
|-supereffective|p2a: Nidoqueen
|-damage|p2a: Nidoqueen|169\/327
|-unboost|p2a: Nidoqueen|spd|1
|-unboost|p2a: Nidoqueen|spa|1
|move|p2a: Nidoqueen|Earthquake|p1a: Gengar
|-crit|p1a: Gengar
|-supereffective|p1a: Gengar
|-damage|p1a: Gengar|0 fnt
|faint|p1a: Gengar
|
|switch|p1a: Victreebel|Victreebel, L85|310\/310
|turn|10
|
|move|p2a: Nidoqueen|Blizzard|p1a: Victreebel
|-supereffective|p1a: Victreebel
|-damage|p1a: Victreebel|222\/310
|-status|p1a: Victreebel|frz
|cant|p1a: Victreebel|frz
|
|turn|11
|c|★yaldyyyy|ffs
|
|move|p2a: Nidoqueen|Earthquake|p1a: Victreebel
|-crit|p1a: Victreebel
|-damage|p1a: Victreebel|5\/310 frz
|cant|p1a: Victreebel|frz
|
|turn|12
|
|move|p2a: Nidoqueen|Thunderbolt|p1a: Victreebel
|-resisted|p1a: Victreebel
|-damage|p1a: Victreebel|0 fnt
|faint|p1a: Victreebel
|
|switch|p1a: Exeggutor|Exeggutor, L79|312\/312
|turn|13
|
|move|p2a: Nidoqueen|Blizzard|p1a: Exeggutor
|-supereffective|p1a: Exeggutor
|-damage|p1a: Exeggutor|232\/312
|move|p1a: Exeggutor|Psychic|p2a: Nidoqueen
|-supereffective|p2a: Nidoqueen
|-damage|p2a: Nidoqueen|0 fnt
|faint|p2a: Nidoqueen
|
|switch|p2a: Kingler|Kingler, L85|178\/267
|turn|14
|
|move|p2a: Kingler|Body Slam|p1a: Exeggutor
|-damage|p1a: Exeggutor|156\/312
|move|p1a: Exeggutor|Stun Spore|p2a: Kingler
|-status|p2a: Kingler|par
|
|turn|15
|
|move|p1a: Exeggutor|Psychic|p2a: Kingler
|-damage|p2a: Kingler|40\/267 par
|-unboost|p2a: Kingler|spd|1
|-unboost|p2a: Kingler|spa|1
|cant|p2a: Kingler|par
|
|turn|16
|
|move|p1a: Exeggutor|Psychic|p2a: Kingler
|-damage|p2a: Kingler|0 fnt
|faint|p2a: Kingler
|
|switch|p2a: Pikachu|Pikachu, L96|262\/262
|turn|17
|
|switch|p1a: Golem|Golem, L79|288\/288
|move|p2a: Pikachu|Thunder Wave|p1a: Golem
|-immune|p1a: Golem|[msg]
|
|turn|18
|
|move|p2a: Pikachu|Surf|p1a: Golem
|-supereffective|p1a: Golem
|-damage|p1a: Golem|0 fnt
|faint|p1a: Golem
|
|switch|p1a: Exeggutor|Exeggutor, L79|156\/312
|turn|19
|
|move|p2a: Pikachu|Thunder Wave|p1a: Exeggutor
|-status|p1a: Exeggutor|par
|move|p1a: Exeggutor|Psychic|p2a: Pikachu
|-crit|p2a: Pikachu
|-damage|p2a: Pikachu|33\/262
|
|turn|20
|
|move|p2a: Pikachu|Body Slam|p1a: Exeggutor
|-damage|p1a: Exeggutor|101\/312 par
|move|p1a: Exeggutor|Psychic|p2a: Pikachu
|-damage|p2a: Pikachu|0 fnt
|faint|p2a: Pikachu
|c|★1timeplayerperson|this exeggutor though
|c|★1timeplayerperson|:(
|
|switch|p2a: Kabuto|Kabuto, L96|252\/252
|turn|21
|c|★yaldyyyy|fucking unstoppable
|
|move|p2a: Kabuto|Slash|p1a: Exeggutor|[miss]
|-miss|p2a: Kabuto
|move|p1a: Exeggutor|Psychic|p2a: Kabuto
|-damage|p2a: Kabuto|121\/252
|
|turn|22
|
|move|p2a: Kabuto|Slash|p1a: Exeggutor
|-damage|p1a: Exeggutor|37\/312 par
|move|p1a: Exeggutor|Psychic|p2a: Kabuto
|-damage|p2a: Kabuto|0 fnt
|faint|p2a: Kabuto
|
|switch|p2a: Muk|Muk, L85|352\/352
|turn|23
|
|move|p2a: Muk|Body Slam|p1a: Exeggutor
|-damage|p1a: Exeggutor|0 fnt
|faint|p1a: Exeggutor
|
|switch|p1a: Spearow|Spearow, L96|272\/272
|turn|24
|
|move|p1a: Spearow|Double-Edge|p2a: Muk
|-damage|p2a: Muk|234\/352
|-damage|p1a: Spearow|243\/272|[from] recoil|[of] p2a: Muk
|move|p2a: Muk|Screech|p1a: Spearow
|-unboost|p1a: Spearow|def|2
|
|turn|25
|c|★yaldyyyy|!weak muk
|raw|<div class="infobox">Muk (ignoring abilities):<br><span class="message-effect-weak">Weaknesses<\/span>: Ground, Psychic<br><span class="message-effect-resist">Resistances<\/span>: Bug, Fairy, Fighting, Grass, Poison<br><span class="message-effect-immune">Immunities<\/span>: <font color=#999999>None<\/font><\/div>
|
|move|p1a: Spearow|Double-Edge|p2a: Muk
|-damage|p2a: Muk|124\/352
|-damage|p1a: Spearow|216\/272|[from] recoil|[of] p2a: Muk
|move|p2a: Muk|Explosion|p1a: Spearow
|-damage|p1a: Spearow|0 fnt
|faint|p1a: Spearow
|faint|p2a: Muk
|
|win|1timeplayerperson
|raw|Ladder updating...
|raw|yaldyyyy's rating: 1121 &rarr; <strong>1102<\/strong><br \/>(-19 for losing)
|raw|1timeplayerperson's rating: 1198 &rarr; <strong>1217<\/strong><br \/>(+19 for winning)
|leave|yaldyyyy
|player|p1