|j|MALESANI
|j|theFrequencyMan
|player|p1|MALESANI|238
|player|p2|theFrequencyMan|165
|gametype|singles
|gen|1
|tier|[Gen 1] Random Battle
|rated
|seed|63308,19842,7653,35769
|rule|Sleep Clause Mod: Limit one foe put to sleep
|rule|Freeze Clause Mod: Limit one foe frozen
|rule|HP Percentage Mod: HP is shown in percentages
|
|start
|switch|p1a: Weedle|Weedle, L99|280\/280
|switch|p2a: Machamp|Machamp, L90|345\/345
|turn|1
|choice|switch 3|move 1
|
|switch|p1a: Dragonite|Dragonite, L85|328\/328
|move|p2a: Machamp|Earthquake|p1a: Dragonite
|-immune|p1a: Dragonite|[msg]
|
|turn|2
|choice|move 3|move 4
|
|move|p1a: Dragonite|Thunder Wave|p2a: Machamp
|-status|p2a: Machamp|par
|move|p2a: Machamp|Rock Slide|p1a: Dragonite
|-supereffective|p1a: Dragonite
|-damage|p1a: Dragonite|189\/328
|
|turn|3
|choice|switch 5|move 4
|
|switch|p1a: Alakazam|Alakazam, L79|249\/249
|move|p2a: Machamp|Rock Slide|p1a: Alakazam
|-damage|p1a: Alakazam|132\/249
|
|turn|4
|choice|move 1|switch 6
|
|switch|p2a: Persian|Persian, L79|265\/265
|move|p1a: Alakazam|Psychic|p2a: Persian
|-damage|p2a: Persian|124\/265
|
|turn|5
|choice|move 1|move 2
|
|move|p1a: Alakazam|Psychic|p2a: Persian
|-crit|p2a: Persian
|-damage|p2a: Persian|0 fnt
|faint|p2a: Persian
|choice||switch 4
|
|switch|p2a: Wigglytuff|Wigglytuff, L90|435\/435
|turn|6
|choice|switch 3|move 3
|
|switch|p1a: Weedle|Weedle, L99|280\/280
|move|p2a: Wigglytuff|Sing|p1a: Weedle|[miss]
|-miss|p2a: Wigglytuff
|
|turn|7
|choice|move 1|move 4
|
|move|p1a: Weedle|Poison Sting|p2a: Wigglytuff
|-damage|p2a: Wigglytuff|417\/435
|-status|p2a: Wigglytuff|psn
|move|p2a: Wigglytuff|Blizzard|p1a: Weedle|[miss]
|-miss|p2a: Wigglytuff
|-damage|p2a: Wigglytuff|390\/435 psn|[from] psn|[of] p1a: Weedle
|
|turn|8
|choice|move 1|move 4
|
|move|p1a: Weedle|Poison Sting|p2a: Wigglytuff
|-damage|p2a: Wigglytuff|373\/435 psn
|move|p2a: Wigglytuff|Blizzard|p1a: Weedle
|-damage|p1a: Weedle|172\/280
|-damage|p2a: Wigglytuff|346\/435 psn|[from] psn|[of] p1a: Weedle
|
|turn|9
|choice|move 1|move 4
|
|move|p1a: Weedle|Poison Sting|p2a: Wigglytuff
|-damage|p2a: Wigglytuff|327\/435 psn
|move|p2a: Wigglytuff|Blizzard|p1a: Weedle|[miss]
|-miss|p2a: Wigglytuff
|-damage|p2a: Wigglytuff|300\/435 psn|[from] psn|[of] p1a: Weedle
|
|turn|10
|choice|move 1|move 4
|
|move|p1a: Weedle|Poison Sting|p2a: Wigglytuff
|-damage|p2a: Wigglytuff|280\/435 psn
|move|p2a: Wigglytuff|Blizzard|p1a: Weedle
|-damage|p1a: Weedle|70\/280
|-damage|p2a: Wigglytuff|253\/435 psn|[from] psn|[of] p1a: Weedle
|
|turn|11
|choice|move 1|move 1
|
|move|p1a: Weedle|Poison Sting|p2a: Wigglytuff
|-damage|p2a: Wigglytuff|235\/435 psn
|move|p2a: Wigglytuff|Double-Edge|p1a: Weedle
|-damage|p1a: Weedle|0 fnt
|-damage|p2a: Wigglytuff|218\/435 psn|[from] recoil|[of] p1a: Weedle
|faint|p1a: Weedle
|choice|switch 3|
|
|switch|p1a: Alakazam|Alakazam, L79|132\/249
|turn|12
|choice|move 1|move 3
|
|move|p1a: Alakazam|Psychic|p2a: Wigglytuff
|-crit|p2a: Wigglytuff
|-damage|p2a: Wigglytuff|0 fnt
|faint|p2a: Wigglytuff
|choice||switch 3
|
|switch|p2a: Charmeleon|Charmeleon, L85|272\/272
|turn|13
|choice|move 1|move 2
|
|move|p1a: Alakazam|Psychic|p2a: Charmeleon
|-crit|p2a: Charmeleon
|-damage|p2a: Charmeleon|22\/272
|-unboost|p2a: Charmeleon|spd|1
|-unboost|p2a: Charmeleon|spa|1
|move|p2a: Charmeleon|Fire Blast|p1a: Alakazam
|-damage|p1a: Alakazam|79\/249
|-status|p1a: Alakazam|brn
|
|turn|14
|choice|move 2|move 3
|
|move|p1a: Alakazam|Seismic Toss|p2a: Charmeleon
|-damage|p2a: Charmeleon|0 fnt
|faint|p2a: Charmeleon
|choice||switch 2
|
|switch|p2a: Tentacool|Tentacool, L96|272\/272
|turn|15
|choice|move 1|move 4
|
|move|p1a: Alakazam|Psychic|p2a: Tentacool
|-supereffective|p2a: Tentacool
|-damage|p2a: Tentacool|113\/272
|-unboost|p2a: Tentacool|spd|1
|-unboost|p2a: Tentacool|spa|1
|-damage|p1a: Alakazam|64\/249 brn|[from] brn|[of] p2a: Tentacool
|move|p2a: Tentacool|Double-Edge|p1a: Alakazam
|-damage|p1a: Alakazam|0 fnt
|-damage|p2a: Tentacool|97\/272|[from] recoil|[of] p1a: Alakazam
|faint|p1a: Alakazam
|choice|switch 5|
|
|switch|p1a: Dragonite|Dragonite, L85|189\/328
|turn|16
|choice|move 1|move 3
|
|move|p2a: Tentacool|Blizzard|p1a: Dragonite
|-supereffective|p1a: Dragonite
|-damage|p1a: Dragonite|0 fnt
|faint|p1a: Dragonite
|choice|switch 2|
|
|switch|p1a: Zapdos|Zapdos, L79|304\/304
|turn|17
|choice|move 4|move 3
|
|move|p1a: Zapdos|Thunderbolt|p2a: Tentacool
|-supereffective|p2a: Tentacool
|-damage|p2a: Tentacool|0 fnt
|faint|p2a: Tentacool
|choice||switch 6
|
|switch|p2a: Machamp|Machamp, L90|345\/345 par
|turn|18
|choice|move 4|move 4
|
|move|p1a: Zapdos|Thunderbolt|p2a: Machamp
|-damage|p2a: Machamp|226\/345 par
|cant|p2a: Machamp|par
|
|turn|19
|choice|move 2|move 4
|
|move|p1a: Zapdos|Drill Peck|p2a: Machamp
|-supereffective|p2a: Machamp
|-damage|p2a: Machamp|74\/345 par
|move|p2a: Machamp|Rock Slide|p1a: Zapdos
|-supereffective|p1a: Zapdos
|-damage|p1a: Zapdos|152\/304
|
|turn|20
|choice|move 4|move 4
|
|move|p1a: Zapdos|Thunderbolt|p2a: Machamp
|-damage|p2a: Machamp|0 fnt
|faint|p2a: Machamp
|choice||switch 5
|
|switch|p2a: Lapras|Lapras, L79|367\/367
|turn|21
|choice|move 3|move 3
|
|move|p1a: Zapdos|Thunder Wave|p2a: Lapras
|-status|p2a: Lapras|par
|move|p2a: Lapras|Ice Beam|p1a: Zapdos
|-supereffective|p1a: Zapdos
|-damage|p1a: Zapdos|0 fnt
|faint|p1a: Zapdos
|choice|switch 6|
|
|switch|p1a: Lapras|Lapras, L79|367\/367
|turn|22
|choice|move 1|move 2
|
|move|p1a: Lapras|Confuse Ray|p2a: Lapras
|-start|p2a: Lapras|confusion
|-activate|p2a: Lapras|confusion
|move|p2a: Lapras|Confuse Ray|p1a: Lapras
|-start|p1a: Lapras|confusion
|
|turn|23
|choice|move 3|move 1
|
|-activate|p1a: Lapras|confusion
|move|p1a: Lapras|Thunderbolt|p2a: Lapras
|-supereffective|p2a: Lapras
|-damage|p2a: Lapras|247\/367 par
|-activate|p2a: Lapras|confusion
|-damage|p2a: Lapras|218\/367 par|[from] confusion
|
|turn|24
|choice|move 3|move 1
|
|-activate|p1a: Lapras|confusion
|move|p1a: Lapras|Thunderbolt|p2a: Lapras
|-crit|p2a: Lapras
|-supereffective|p2a: Lapras
|-damage|p2a: Lapras|0 fnt
|faint|p2a: Lapras
|
|win|MALESANI
|raw|MALESANI's rating: 1297 &rarr; <strong>1312<\/strong><br \/>(+15 for winning)
|raw|theFrequencyMan's rating: 1160 &rarr; <strong>1144<\/strong><br \/>(-16 for losing)