|join|Peasounay
|join|Wok ~0-0~
|player|p1|Peasounay|101
|player|p2|Wok ~0-0~|1
|gametype|singles
|gen|1
|tier|[Gen 1] OU
|rated
|rule|Sleep Clause Mod: Limit one foe put to sleep
|rule|Freeze Clause Mod: Limit one foe frozen
|rule|Species Clause: Limit one of each Pokémon
|rule|OHKO Clause: OHKO moves are banned
|rule|Evasion Moves Clause: Evasion moves are banned
|rule|HP Percentage Mod: HP is shown in percentages
|
|start
|switch|p1a: I'm Annoying|Jolteon|333\/333
|switch|p2a: Pikachu|Pikachu|273\/273
|turn|1
|
|switch|p1a: I Own RBY|Chansey|703\/703
|move|p2a: Pikachu|Body Slam|p1a: I Own RBY
|-crit|p1a: I Own RBY
|-damage|p1a: I Own RBY|442\/703
|
|turn|2
|
|move|p2a: Pikachu|Body Slam|p1a: I Own RBY
|-crit|p1a: I Own RBY
|-damage|p1a: I Own RBY|190\/703
|move|p1a: I Own RBY|Counter|p2a: Pikachu
|-damage|p2a: Pikachu|0 fnt
|faint|p2a: Pikachu
|
|switch|p2a: Blastoise|Blastoise|361\/361
|turn|3
|
|switch|p1a: Shoooryuken!|Starmie|323\/323
|move|p2a: Blastoise|Skull Bash|p1a: Shoooryuken!|[still]
|-prepare|p2a: Blastoise|Skull Bash|p1a: Shoooryuken!
|
|turn|4
|
|move|p1a: Shoooryuken!|Thunderbolt|p2a: Blastoise
|-crit|p2a: Blastoise
|-supereffective|p2a: Blastoise
|-damage|p2a: Blastoise|35\/361
|move|p2a: Blastoise|Skull Bash|p1a: Shoooryuken!
|-damage|p1a: Shoooryuken!|249\/323
|
|turn|5
|
|switch|p2a: Sandslash|Sandslash|353\/353
|move|p1a: Shoooryuken!|Thunderbolt|p2a: Sandslash
|-immune|p2a: Sandslash|[msg]
|
|turn|6
|
|switch|p2a: Blastoise|Blastoise|35\/361
|move|p1a: Shoooryuken!|Blizzard|p2a: Blastoise
|-crit|p2a: Blastoise
|-resisted|p2a: Blastoise
|-damage|p2a: Blastoise|0 fnt
|faint|p2a: Blastoise
|
|switch|p2a: Clefable|Clefable|393\/393
|turn|7
|
|move|p1a: Shoooryuken!|Blizzard|p2a: Clefable
|-crit|p2a: Clefable
|-damage|p2a: Clefable|181\/393
|move|p2a: Clefable|Thunderbolt|p1a: Shoooryuken!
|-crit|p1a: Shoooryuken!
|-supereffective|p1a: Shoooryuken!
|-damage|p1a: Shoooryuken!|0 fnt
|faint|p1a: Shoooryuken!
|
|switch|p1a: I'm Annoying|Jolteon|333\/333
|turn|8
|
|move|p1a: I'm Annoying|Double Kick|p2a: Clefable
|-supereffective|p2a: Clefable
|-damage|p2a: Clefable|136\/393
|-damage|p2a: Clefable|91\/393
|-hitcount|p2a: Clefable|2
|move|p2a: Clefable|Ice Beam|p1a: I'm Annoying
|-damage|p1a: I'm Annoying|266\/333
|
|turn|9
|
|move|p1a: I'm Annoying|Thunderbolt|p2a: Clefable
|-damage|p2a: Clefable|0 fnt
|faint|p2a: Clefable
|
|switch|p2a: Sandslash|Sandslash|353\/353
|turn|10
|
|switch|p1a: Wear Candoms Kid|Exeggutor|393\/393
|move|p2a: Sandslash|Swords Dance|p2a: Sandslash
|-boost|p2a: Sandslash|atk|2
|
|turn|11
|
|move|p2a: Sandslash|Slash|p1a: Wear Candoms Kid
|-crit|p1a: Wear Candoms Kid
|-damage|p1a: Wear Candoms Kid|276\/393
|move|p1a: Wear Candoms Kid|Sleep Powder|p2a: Sandslash|[miss]
|-miss|p1a: Wear Candoms Kid
|
|turn|12
|
|move|p2a: Sandslash|Swords Dance|p2a: Sandslash
|-boost|p2a: Sandslash|atk|2
|move|p1a: Wear Candoms Kid|Sleep Powder|p2a: Sandslash
|-status|p2a: Sandslash|slp
|
|turn|13
|
|cant|p2a: Sandslash|slp
|move|p1a: Wear Candoms Kid|Psychic|p2a: Sandslash
|-damage|p2a: Sandslash|180\/353 slp
|
|turn|14
|
|cant|p2a: Sandslash|slp
|move|p1a: Wear Candoms Kid|Psychic|p2a: Sandslash
|-damage|p2a: Sandslash|11\/353 slp
|
|turn|15
|
|cant|p2a: Sandslash|slp
|move|p1a: Wear Candoms Kid|Psychic|p2a: Sandslash
|-damage|p2a: Sandslash|0 fnt
|faint|p2a: Sandslash
|
|switch|p2a: Charizard|Charizard|359\/359
|turn|16
|
|move|p2a: Charizard|Swords Dance|p2a: Charizard
|-boost|p2a: Charizard|atk|2
|move|p1a: Wear Candoms Kid|Explosion|p2a: Charizard
|-damage|p2a: Charizard|62\/359
|faint|p1a: Wear Candoms Kid
|
|switch|p1a: I'm Annoying|Jolteon|266\/333
|turn|17
|
|move|p1a: I'm Annoying|Thunderbolt|p2a: Charizard
|-supereffective|p2a: Charizard
|-damage|p2a: Charizard|0 fnt
|faint|p2a: Charizard
|
|switch|p2a: Venusaur|Venusaur|363\/363
|turn|18
|
|move|p1a: I'm Annoying|Pin Missile|p2a: Venusaur
|-crit|p2a: Venusaur
|-supereffective|p2a: Venusaur
|-damage|p2a: Venusaur|285\/363
|-damage|p2a: Venusaur|207\/363
|-damage|p2a: Venusaur|129\/363
|-damage|p2a: Venusaur|51\/363
|-hitcount|p2a: Venusaur|4
|move|p2a: Venusaur|Toxic|p1a: I'm Annoying
|-status|p1a: I'm Annoying|tox
|
|turn|19
|
|move|p1a: I'm Annoying|Pin Missile|p2a: Venusaur
|-crit|p2a: Venusaur
|-supereffective|p2a: Venusaur
|-damage|p2a: Venusaur|0 fnt
|-hitcount|p2a: Venusaur|1
|faint|p2a: Venusaur
|
|win|Peasounay
|leave|Peasounay
|player|p1
|raw|Peasounay's rating: 1270 &rarr; <strong>1279<\/strong><br \/>(+9 for winning)
|raw|Wok ~0-0~'s rating: 1000 &rarr; <strong>1000<\/strong><br \/>(+0 for losing)