|j|Judo
|j|DanielFerCon
|player|p1|Judo|70
|player|p2|DanielFerCon|101
|gametype|singles
|gen|1
|tier|[Gen 1] Random Battle
|rated
|seed|
|rule|Sleep Clause Mod: Limit one foe put to sleep
|rule|Freeze Clause Mod: Limit one foe frozen
|rule|HP Percentage Mod: HP is shown in percentages
|
|start
|switch|p1a: Kingler|Kingler, L85|100\/100
|switch|p2a: Rapidash|Rapidash, L90|100\/100
|turn|1
|c|★Judo|glhf
|choice||
|
|switch|p2a: Paras|Paras, L96|100\/100
|move|p1a: Kingler|Swords Dance|p1a: Kingler
|-boost|p1a: Kingler|atk|2
|
|turn|2
|c|★DanielFerCon|oi
|c|★DanielFerCon|oi
|choice||
|
|move|p1a: Kingler|Body Slam|p2a: Paras
|-damage|p2a: Paras|36\/100
|move|p2a: Paras|Spore|p1a: Kingler
|-status|p1a: Kingler|slp
|
|turn|3
|choice||
|
|switch|p1a: Victreebel|Victreebel, L85|100\/100
|switch|p2a: Kadabra|Kadabra, L85|100\/100
|
|turn|4
|choice||
|
|switch|p1a: Flareon|Flareon, L90|100\/100
|move|p2a: Kadabra|Reflect|p2a: Kadabra
|-start|p2a: Kadabra|Reflect
|
|turn|5
|choice||
|
|move|p2a: Kadabra|Psychic|p1a: Flareon
|-damage|p1a: Flareon|71\/100
|move|p1a: Flareon|Body Slam|p2a: Kadabra
|-damage|p2a: Kadabra|69\/100
|
|turn|6
|choice||
|
|switch|p2a: Mew|Mew, L74|100\/100
|move|p1a: Flareon|Body Slam|p2a: Mew
|-damage|p2a: Mew|69\/100
|
|turn|7
|choice||
|
|move|p2a: Mew|Blizzard|p1a: Flareon
|-damage|p1a: Flareon|53\/100
|move|p1a: Flareon|Body Slam|p2a: Mew
|-damage|p2a: Mew|41\/100
|
|turn|8
|-message|DanielFerCon lost due to inactivity.
|
|win|Judo
|player|p1
|player|p2