|join|BMoth
|join|arafalo2
|player|p1|BMoth|58
|player|p2|arafalo2|170
|gametype|singles
|gen|1
|tier|[Gen 1] OU (beta)
|rated
|rule|Sleep Clause Mod: Limit one foe put to sleep
|rule|Species Clause: Limit one of each Pokemon
|rule|OHKO Clause: OHKO moves are banned
|rule|Moody Clause: Moody is banned
|rule|Evasion Moves Clause: Evasion moves are banned
|rule|Endless Battle Clause: Forcing endless battles is banned.
|rule|HP Percentage Mod: HP is reported as percentages
|
|start
|switch|p1a: Alakazam|Alakazam|313\/313
|switch|p2a: Jynx|Jynx|333\/333
|turn|1
|callback|decision
|join|Loffyglu
|
|move|p1a: Alakazam|Thunder Wave|p2a: Jynx
|-status|p2a: Jynx|par
|move|p2a: Jynx|Lovely Kiss|p1a: Alakazam
|-status|p1a: Alakazam|slp
|
|turn|2
|callback|decision
|
|switch|p1a: Chansey|Chansey|703\/703
|cant|p2a: Jynx|par
|
|turn|3
|callback|decision
|chat|Loffyglu|!! Gen I battle <3
|chat|BMoth|yay
|chat|arafalo2|good luck
|
|move|p1a: Chansey|Ice Beam|p2a: Jynx
|-resisted|p2a: Jynx
|-damage|p2a: Jynx|292\/333 par
|cant|p2a: Jynx|par
|
|turn|4
|callback|decision
|
|move|p1a: Chansey|Thunderbolt|p2a: Jynx
|-damage|p2a: Jynx|218\/333 par
|cant|p2a: Jynx|par
|
|turn|5
|callback|decision
|
|move|p1a: Chansey|Thunderbolt|p2a: Jynx
|-damage|p2a: Jynx|145\/333 par
|move|p2a: Jynx|Ice Beam|p1a: Chansey
|-damage|p1a: Chansey|592\/703
|
|turn|6
|callback|decision
|join|pokegenI
|
|move|p1a: Chansey|Thunderbolt|p2a: Jynx
|-damage|p2a: Jynx|68\/333 par
|move|p2a: Jynx|Ice Beam|p1a: Chansey
|-damage|p1a: Chansey|494\/703
|
|turn|7
|callback|decision
|
|switch|p2a: Chansey|Chansey|703\/703
|move|p1a: Chansey|Thunderbolt|p2a: Chansey
|-damage|p2a: Chansey|627\/703
|
|turn|8
|callback|decision
|
|move|p2a: Chansey|Ice Beam|p1a: Chansey
|-damage|p1a: Chansey|416\/703
|move|p1a: Chansey|Ice Beam|p2a: Chansey
|-damage|p2a: Chansey|557\/703
|
|turn|9
|callback|decision
|
|move|p1a: Chansey|Ice Beam|p2a: Chansey
|-damage|p2a: Chansey|481\/703
|move|p2a: Chansey|Ice Beam|p1a: Chansey
|-damage|p1a: Chansey|340\/703
|
|turn|10
|callback|decision
|
|move|p2a: Chansey|Ice Beam|p1a: Chansey
|-damage|p1a: Chansey|267\/703
|move|p1a: Chansey|Ice Beam|p2a: Chansey
|-damage|p2a: Chansey|409\/703
|
|turn|11
|callback|decision
|join|lata
|
|move|p2a: Chansey|Ice Beam|p1a: Chansey
|-damage|p1a: Chansey|196\/703
|move|p1a: Chansey|Ice Beam|p2a: Chansey
|-damage|p2a: Chansey|333\/703
|-status|p2a: Chansey|frz
|
|turn|12
|callback|decision
|leave|lata
|chat|BMoth|eyyeaa
|
|switch|p2a: Jynx|Jynx|68\/333 par
|move|p1a: Chansey|Thunder Wave|p2a: Jynx
|-fail|p2a: Jynx|par
|
|turn|13
|callback|decision
|
|switch|p2a: Tauros|Tauros|353\/353
|move|p1a: Chansey|Thunderbolt|p2a: Tauros
|-damage|p2a: Tauros|262\/353
|
|turn|14
|callback|decision
|
|switch|p1a: Golem|Golem|363\/363
|move|p2a: Tauros|Earthquake|p1a: Golem
|-crit|p1a: Golem
|-supereffective|p1a: Golem
|-damage|p1a: Golem|88\/363
|
|turn|15
|callback|decision
|
|switch|p1a: Zapdos|Zapdos|383\/383
|move|p2a: Tauros|Ice Beam|p1a: Zapdos
|-supereffective|p1a: Zapdos
|-damage|p1a: Zapdos|279\/383
|
|turn|16
|callback|decision
|chat|BMoth|go for da blizzard it has good acc in gen 1
|
|switch|p2a: Jynx|Jynx|68\/333 par
|move|p1a: Zapdos|Thunderbolt|p2a: Jynx
|-damage|p2a: Jynx|0 fnt
|faint|p2a: Jynx
|
|callback|decision
|
|switch|p2a: Alakazam|Alakazam|313\/313
|turn|17
|callback|decision
|chat|BMoth|blizzzard has 90 acc
|
|move|p2a: Alakazam|Thunder Wave|p1a: Zapdos
|-status|p1a: Zapdos|par
|cant|p1a: Zapdos|par
|
|turn|18
|callback|decision
|
|move|p2a: Alakazam|Psychic|p1a: Zapdos
|-damage|p1a: Zapdos|174\/383 par
|cant|p1a: Zapdos|par
|
|turn|19
|callback|decision
|
|move|p2a: Alakazam|Psychic|p1a: Zapdos
|-damage|p1a: Zapdos|67\/383 par
|move|p1a: Zapdos|Thunder Wave|p2a: Alakazam
|-status|p2a: Alakazam|par
|
|turn|20
|callback|decision
|
|switch|p1a: Chansey|Chansey|196\/703
|move|p2a: Alakazam|Seismic Toss|p1a: Chansey|[miss]
|-miss|p2a: Alakazam
|
|turn|21
|callback|decision
|chat|BMoth|ooo
|leave|pokegenI
|
|switch|p2a: Tauros|Tauros|262\/353
|move|p1a: Chansey|Soft-Boiled|p1a: Chansey
|-heal|p1a: Chansey|547\/703
|
|turn|22
|callback|decision
|chat|arafalo2|ouch
|
|move|p2a: Tauros|Body Slam|p1a: Chansey
|-damage|p1a: Chansey|267\/703
|move|p1a: Chansey|Thunder Wave|p2a: Tauros
|-status|p2a: Tauros|par
|
|turn|23
|callback|decision
|
|move|p1a: Chansey|Soft-Boiled|p1a: Chansey
|-heal|p1a: Chansey|618\/703
|cant|p2a: Tauros|par
|
|turn|24
|callback|decision
|
|move|p1a: Chansey|Ice Beam|p2a: Tauros
|-damage|p2a: Tauros|172\/353 par
|cant|p2a: Tauros|par
|
|turn|25
|callback|decision
|
|move|p1a: Chansey|Ice Beam|p2a: Tauros
|-damage|p2a: Tauros|81\/353 par
|cant|p2a: Tauros|par
|
|turn|26
|callback|decision
|chat|arafalo2|wtf
|
|switch|p2a: Alakazam|Alakazam|313\/313 par
|move|p1a: Chansey|Ice Beam|p2a: Alakazam
|-damage|p2a: Alakazam|248\/313 par
|
|turn|27
|callback|decision
|chat|BMoth|tough luck
|
|move|p1a: Chansey|Ice Beam|p2a: Alakazam
|-damage|p2a: Alakazam|187\/313 par
|cant|p2a: Alakazam|par
|
|turn|28
|callback|decision
|
|move|p1a: Chansey|Ice Beam|p2a: Alakazam
|-damage|p2a: Alakazam|128\/313 par
|move|p2a: Alakazam|Recover|p2a: Alakazam
|-heal|p2a: Alakazam|284\/313 par
|
|turn|29
|callback|decision
|chat|arafalo2|this is razy
|
|move|p1a: Chansey|Ice Beam|p2a: Alakazam
|-crit|p2a: Alakazam
|-damage|p2a: Alakazam|150\/313 par
|move|p2a: Alakazam|Thunder Wave|p1a: Chansey
|-status|p1a: Chansey|par
|
|turn|30
|callback|decision
|
|switch|p1a: Golem|Golem|88\/363
|cant|p2a: Alakazam|par
|
|turn|31
|callback|decision
|
|switch|p2a: Exeggutor|Exeggutor|393\/393
|move|p1a: Golem|Earthquake|p2a: Exeggutor
|-resisted|p2a: Exeggutor
|-damage|p2a: Exeggutor|327\/393
|
|turn|32
|callback|decision
|
|switch|p1a: Zapdos|Zapdos|67\/383 par
|move|p2a: Exeggutor|Psychic|p1a: Zapdos
|-damage|p1a: Zapdos|0 fnt
|faint|p1a: Zapdos
|
|callback|decision
|
|switch|p1a: Persian|Persian|333\/333
|turn|33
|callback|decision
|
|move|p1a: Persian|Slash|p2a: Exeggutor
|-crit|p2a: Exeggutor
|-damage|p2a: Exeggutor|172\/393
|move|p2a: Exeggutor|Stun Spore|p1a: Persian
|-status|p1a: Persian|par
|
|turn|34
|callback|decision
|
|move|p2a: Exeggutor|Explosion|p1a: Persian
|-damage|p1a: Persian|4\/333 par
|faint|p2a: Exeggutor
|callback|decision
|
|switch|p2a: Starmie|Starmie|323\/323
|turn|35
|callback|decision
|chat|arafalo2|???
|
|switch|p1a: Chansey|Chansey|618\/703 par
|move|p2a: Starmie|Psychic|p1a: Chansey
|-damage|p1a: Chansey|521\/703 par
|
|turn|36
|callback|decision
|chat|BMoth|mate calm down
|
|switch|p2a: Alakazam|Alakazam|150\/313 par
|move|p1a: Chansey|Thunder Wave|p2a: Alakazam
|-fail|p2a: Alakazam|par
|
|turn|37
|callback|decision
|
|switch|p1a: Golem|Golem|88\/363
|move|p2a: Alakazam|Psychic|p1a: Golem
|-damage|p1a: Golem|0 fnt
|faint|p1a: Golem
|
|callback|decision
|
|switch|p1a: Kingler|Kingler|313\/313
|turn|38
|callback|decision
|
|move|p1a: Kingler|Hyper Beam|p2a: Alakazam
|-damage|p2a: Alakazam|0 fnt
|faint|p2a: Alakazam
|
|callback|decision
|
|switch|p2a: Starmie|Starmie|323\/323
|turn|39
|callback|decision
|
|switch|p1a: Chansey|Chansey|521\/703 par
|move|p2a: Starmie|Psychic|p1a: Chansey
|-crit|p1a: Chansey
|-damage|p1a: Chansey|308\/703 par
|-unboost|p1a: Chansey|spd|1
|-unboost|p1a: Chansey|spa|1
|
|turn|40
|callback|decision
|
|switch|p2a: Tauros|Tauros|81\/353 par
|move|p1a: Chansey|Soft-Boiled|p1a: Chansey
|-heal|p1a: Chansey|659\/703 par
|
|turn|41
|callback|decision
|
|move|p2a: Tauros|Body Slam|p1a: Chansey
|-damage|p1a: Chansey|370\/703 par
|move|p1a: Chansey|Thunderbolt|p2a: Tauros
|-damage|p2a: Tauros|14\/353 par
|
|turn|42
|callback|decision
|
|switch|p1a: Persian|Persian|4\/333 par
|move|p2a: Tauros|Body Slam|p1a: Persian
|-damage|p1a: Persian|0 fnt
|faint|p1a: Persian
|
|callback|decision
|
|switch|p1a: Kingler|Kingler|313\/313
|turn|43
|callback|decision
|
|switch|p2a: Starmie|Starmie|323\/323
|move|p1a: Kingler|Swords Dance|p1a: Kingler
|-boost|p1a: Kingler|atk|2
|
|turn|44
|callback|decision
|
|move|p2a: Starmie|Thunderbolt|p1a: Kingler
|-crit|p1a: Kingler
|-supereffective|p1a: Kingler
|-damage|p1a: Kingler|0 fnt
|faint|p1a: Kingler
|
|callback|decision
|chat|BMoth|no
|
|switch|p1a: Chansey|Chansey|370\/703 par
|turn|45
|callback|decision
|chat|arafalo2|greedy
|
|move|p2a: Starmie|Psychic|p1a: Chansey
|-damage|p1a: Chansey|272\/703 par
|move|p1a: Chansey|Soft-Boiled|p1a: Chansey
|-heal|p1a: Chansey|623\/703 par
|
|turn|46
|callback|decision
|chat|BMoth|well tbolt doesnt kill kingler without crit
|
|switch|p2a: Tauros|Tauros|14\/353 par
|cant|p1a: Chansey|par
|
|turn|47
|callback|decision
|
|move|p2a: Tauros|Hyper Beam|p1a: Chansey
|-crit|p1a: Chansey
|-damage|p1a: Chansey|0 fnt
|faint|p1a: Chansey
|
|callback|decision
|
|switch|p1a: Alakazam|Alakazam|313\/313 slp
|turn|48
|callback|decision
|chat|BMoth|shit
|
|cant|p1a: Alakazam|slp
|move|p2a: Tauros|Body Slam|p1a: Alakazam
|-crit|p1a: Alakazam
|-damage|p1a: Alakazam|0 fnt
|faint|p1a: Alakazam
|
|win|arafalo2
|raw|Ladder updating...
|chat|arafalo2|gg
|chat|BMoth|ok
|raw|BMoth's rating: 1504 &rarr; <strong>1486<\/strong><br \/>(-18 for losing)
|raw|arafalo2's rating: 1910 &rarr; <strong>1911<\/strong><br \/>(+1 for winning)
|leave|BMoth
|player|p1
|leave|arafalo2
|player|p2