|join|riwu
|join|MALESANI
|player|p1|riwu|101
|player|p2|MALESANI|238
|gametype|singles
|gen|1
|tier|[Gen 1] Random Battle
|rated
|seed|63248,35122,58228,39318
|rule|Sleep Clause Mod: Limit one foe put to sleep
|rule|Freeze Clause Mod: Limit one foe frozen
|rule|HP Percentage Mod: HP is shown in percentages
|
|start
|switch|p1a: Eevee|Eevee, L96|300\/300
|switch|p2a: Dragonair|Dragonair, L85|277\/277
|turn|1
|choice|move 1|move 2
|
|move|p2a: Dragonair|Blizzard|p1a: Eevee|[miss]
|-miss|p2a: Dragonair
|move|p1a: Eevee|Body Slam|p2a: Dragonair
|-damage|p2a: Dragonair|176\/277
|
|turn|2
|choice|move 1|move 2
|
|move|p2a: Dragonair|Blizzard|p1a: Eevee
|-crit|p1a: Eevee
|-damage|p1a: Eevee|144\/300
|-status|p1a: Eevee|frz
|cant|p1a: Eevee|frz
|
|turn|3
|choice|switch 4|move 3
|
|switch|p1a: Kingler|Kingler, L85|267\/267
|move|p2a: Dragonair|Surf|p1a: Kingler
|-resisted|p1a: Kingler
|-damage|p1a: Kingler|226\/267
|
|turn|4
|choice|move 4|move 4
|
|move|p1a: Kingler|Blizzard|p2a: Dragonair
|-crit|p2a: Dragonair
|-supereffective|p2a: Dragonair
|-damage|p2a: Dragonair|0 fnt
|faint|p2a: Dragonair
|choice||switch 2
|
|switch|p2a: Slowpoke|Slowpoke, L96|368\/368
|turn|5
|choice|switch 3|move 3
|
|switch|p1a: Clefable|Clefable, L85|335\/335
|move|p2a: Slowpoke|Thunder Wave|p1a: Clefable
|-status|p1a: Clefable|par
|
|turn|6
|choice|move 4|switch 5
|
|switch|p2a: Machoke|Machoke, L85|310\/310
|move|p1a: Clefable|Sing|p2a: Machoke|[miss]
|-miss|p1a: Clefable
|
|turn|7
|choice|move 1|move 2
|
|move|p2a: Machoke|Mega Kick|p1a: Clefable
|-damage|p1a: Clefable|244\/335 par
|cant|p1a: Clefable|par
|
|turn|8
|choice|move 1|move 2
|
|move|p2a: Machoke|Mega Kick|p1a: Clefable|[miss]
|-miss|p2a: Machoke
|cant|p1a: Clefable|par
|
|turn|9
|choice|move 1|move 1
|
|move|p2a: Machoke|Earthquake|p1a: Clefable
|-damage|p1a: Clefable|169\/335 par
|move|p1a: Clefable|Counter|p2a: Machoke
|-fail|p1a: Clefable
|
|turn|10
|choice|move 4|move 3
|
|move|p1a: Clefable|Sing|p2a: Machoke|[miss]
|-miss|p1a: Clefable
|move|p2a: Machoke|Counter|p1a: Clefable
|-fail|p2a: Machoke
|
|turn|11
|choice|move 4|move 4
|
|move|p2a: Machoke|Double-Edge|p1a: Clefable
|-damage|p1a: Clefable|89\/335 par
|-damage|p2a: Machoke|290\/310|[from] recoil|[of] p1a: Clefable
|cant|p1a: Clefable|par
|
|turn|12
|choice|move 4|move 2
|
|move|p2a: Machoke|Mega Kick|p1a: Clefable
|-damage|p1a: Clefable|0 fnt
|faint|p1a: Clefable
|choice|switch 3|
|
|switch|p1a: Kingler|Kingler, L85|226\/267
|turn|13
|choice|move 1|move 4
|
|move|p1a: Kingler|Crabhammer|p2a: Machoke
|-damage|p2a: Machoke|195\/310
|move|p2a: Machoke|Double-Edge|p1a: Kingler
|-damage|p1a: Kingler|169\/267
|-damage|p2a: Machoke|181\/310|[from] recoil|[of] p1a: Kingler
|
|turn|14
|choice|move 1|move 2
|
|move|p1a: Kingler|Crabhammer|p2a: Machoke|[miss]
|-miss|p1a: Kingler
|move|p2a: Machoke|Mega Kick|p1a: Kingler
|-damage|p1a: Kingler|101\/267
|
|turn|15
|choice|move 1|move 2
|
|move|p1a: Kingler|Crabhammer|p2a: Machoke
|-crit|p2a: Machoke
|-damage|p2a: Machoke|0 fnt
|faint|p2a: Machoke
|choice||switch 4
|
|switch|p2a: Jolteon|Jolteon, L79|265\/265
|turn|16
|choice|switch 6|move 1
|
|switch|p1a: Dragonair|Dragonair, L85|277\/277
|move|p2a: Jolteon|Thunderbolt|p1a: Dragonair
|-resisted|p1a: Dragonair
|-damage|p1a: Dragonair|224\/277
|
|turn|17
|choice|move 4|move 2
|
|move|p2a: Jolteon|Thunder Wave|p1a: Dragonair
|-status|p1a: Dragonair|par
|move|p1a: Dragonair|Blizzard|p2a: Jolteon
|-damage|p2a: Jolteon|195\/265
|
|turn|18
|choice|move 4|switch 6
|
|switch|p2a: Primeape|Primeape, L90|300\/300
|move|p1a: Dragonair|Blizzard|p2a: Primeape
|-damage|p2a: Primeape|217\/300
|
|turn|19
|choice|move 4|move 3
|
|move|p2a: Primeape|Mega Kick|p1a: Dragonair
|-damage|p1a: Dragonair|98\/277 par
|move|p1a: Dragonair|Blizzard|p2a: Primeape
|-damage|p2a: Primeape|133\/300
|
|turn|20
|choice|move 1|move 2
|
|move|p2a: Primeape|Hyper Beam|p1a: Dragonair
|-damage|p1a: Dragonair|0 fnt
|faint|p1a: Dragonair
|choice|switch 2|
|
|switch|p1a: Ponyta|Ponyta, L96|291\/291
|turn|21
|choice|move 3|move 3
|
|move|p1a: Ponyta|Fire Blast|p2a: Primeape
|-damage|p2a: Primeape|0 fnt
|faint|p2a: Primeape
|choice||switch 5
|
|switch|p2a: Slowpoke|Slowpoke, L96|368\/368
|turn|22
|choice|switch 5|move 3
|
|switch|p1a: Beedrill|Beedrill, L90|300\/300
|move|p2a: Slowpoke|Thunder Wave|p1a: Beedrill
|-status|p1a: Beedrill|par
|
|turn|23
|choice|move 3|switch 3
|
|switch|p2a: Pidgeotto|Pidgeotto, L90|297\/297
|move|p1a: Beedrill|Swords Dance|p1a: Beedrill
|-boost|p1a: Beedrill|atk|2
|
|turn|24
|choice|switch 4|move 2
|
|switch|p1a: Eevee|Eevee, L96|144\/300 frz
|move|p2a: Pidgeotto|Sky Attack|p1a: Eevee|[still]
|-prepare|p2a: Pidgeotto|Sky Attack|p1a: Eevee
|
|turn|25
|choice|move 2|move 1
|
|move|p2a: Pidgeotto|Sky Attack|p1a: Eevee|[miss]
|-miss|p2a: Pidgeotto
|cant|p1a: Eevee|frz
|
|turn|26
|choice|move 1|move 1
|
|move|p2a: Pidgeotto|Double-Edge|p1a: Eevee
|-damage|p1a: Eevee|29\/300 frz
|-damage|p2a: Pidgeotto|269\/297|[from] recoil|[of] p1a: Eevee
|cant|p1a: Eevee|frz
|
|turn|27
|choice|move 1|switch 3
|
|switch|p2a: Slowpoke|Slowpoke, L96|368\/368
|cant|p1a: Eevee|frz
|
|turn|28
|choice|switch 4|move 2
|
|switch|p1a: Beedrill|Beedrill, L90|300\/300 par
|move|p2a: Slowpoke|Amnesia|p2a: Slowpoke
|-boost|p2a: Slowpoke|spd|2
|-boost|p2a: Slowpoke|spa|2
|
|turn|29
|choice|move 2|move 1
|
|move|p2a: Slowpoke|Surf|p1a: Beedrill
|-damage|p1a: Beedrill|77\/300 par
|move|p1a: Beedrill|Twineedle|p2a: Slowpoke
|-supereffective|p2a: Slowpoke
|-damage|p2a: Slowpoke|307\/368
|-damage|p2a: Slowpoke|246\/368
|-hitcount|p2a: Slowpoke|2
|
|turn|30
|choice|move 2|move 1
|
|move|p2a: Slowpoke|Surf|p1a: Beedrill
|-damage|p1a: Beedrill|0 fnt
|faint|p1a: Beedrill
|choice|switch 6|
|
|switch|p1a: Kingler|Kingler, L85|101\/267
|turn|31
|choice|move 2|move 3
|
|move|p1a: Kingler|Body Slam|p2a: Slowpoke
|-damage|p2a: Slowpoke|172\/368
|-status|p2a: Slowpoke|par
|move|p2a: Slowpoke|Thunder Wave|p1a: Kingler
|-status|p1a: Kingler|par
|
|turn|32
|choice|move 1|move 1
|
|move|p1a: Kingler|Crabhammer|p2a: Slowpoke
|-crit|p2a: Slowpoke
|-resisted|p2a: Slowpoke
|-damage|p2a: Slowpoke|90\/368 par
|move|p2a: Slowpoke|Surf|p1a: Kingler
|-resisted|p1a: Kingler
|-damage|p1a: Kingler|1\/267 par
|
|turn|33
|choice|move 2|move 4
|
|move|p1a: Kingler|Body Slam|p2a: Slowpoke
|-damage|p2a: Slowpoke|14\/368 par
|move|p2a: Slowpoke|Rest|p2a: Slowpoke
|-status|p2a: Slowpoke|slp
|-heal|p2a: Slowpoke|368\/368 slp|[silent]
|-status|p2a: Slowpoke|slp|[from] move: Rest
|
|turn|34
|choice|move 3|move 2
|
|cant|p1a: Kingler|par
|cant|p2a: Slowpoke|slp
|
|turn|35
|choice|move 3|move 2
|
|cant|p1a: Kingler|par
|-curestatus|p2a: Slowpoke|slp
|
|turn|36
|choice|move 2|move 1
|
|move|p1a: Kingler|Body Slam|p2a: Slowpoke
|-damage|p2a: Slowpoke|287\/368
|move|p2a: Slowpoke|Surf|p1a: Kingler
|-resisted|p1a: Kingler
|-damage|p1a: Kingler|0 fnt
|faint|p1a: Kingler
|choice|switch 5|
|
|switch|p1a: Ponyta|Ponyta, L96|291\/291
|turn|37
|choice|move 1|move 1
|
|move|p1a: Ponyta|Body Slam|p2a: Slowpoke
|-damage|p2a: Slowpoke|216\/368
|move|p2a: Slowpoke|Surf|p1a: Ponyta
|-supereffective|p1a: Ponyta
|-damage|p1a: Ponyta|0 fnt
|faint|p1a: Ponyta
|choice|switch 4|
|
|switch|p1a: Eevee|Eevee, L96|29\/300 frz
|turn|38
|choice|move 2|move 1
|
|cant|p1a: Eevee|frz
|move|p2a: Slowpoke|Surf|p1a: Eevee
|-damage|p1a: Eevee|0 fnt
|faint|p1a: Eevee
|
|win|MALESANI
|raw|riwu's rating: 1402 &rarr; <strong>1375<\/strong><br \/>(-27 for losing)
|raw|MALESANI's rating: 1270 &rarr; <strong>1304<\/strong><br \/>(+34 for winning)
|leave|riwu
|player|p1