|j|Skego
|j|AtWorkMayDC
|player|p1|Skego|126
|player|p2|AtWorkMayDC|113
|gametype|singles
|gen|1
|tier|[Gen 1] Random Battle
|rated
|seed|48230,7303,24535,59
|rule|Sleep Clause Mod: Limit one foe put to sleep
|rule|Freeze Clause Mod: Limit one foe frozen
|rule|HP Percentage Mod: HP is shown in percentages
|
|start
|switch|p1a: Kabutops|Kabutops, L85|276\/276
|switch|p2a: Raticate|Raticate, L85|267\/267
|turn|1
|choice|move 2|switch 3
|
|switch|p2a: Victreebel|Victreebel, L85|310\/310
|move|p1a: Kabutops|Body Slam|p2a: Victreebel
|-damage|p2a: Victreebel|234\/310
|
|turn|2
|choice|switch 6|move 3
|
|switch|p1a: Rapidash|Rapidash, L90|300\/300
|move|p2a: Victreebel|Body Slam|p1a: Rapidash
|-damage|p1a: Rapidash|227\/300
|
|turn|3
|choice|move 4|switch 6
|
|switch|p2a: Slowbro|Slowbro, L79|312\/312
|move|p1a: Rapidash|Body Slam|p2a: Slowbro
|-damage|p2a: Slowbro|244\/312
|
|turn|4
|choice|switch 6|move 2
|
|switch|p1a: Kabutops|Kabutops, L85|276\/276
|move|p2a: Slowbro|Thunder Wave|p1a: Kabutops
|-status|p1a: Kabutops|par
|
|turn|5
|j|Pokemonlover213
|choice|move 2|move 4
|
|move|p2a: Slowbro|Amnesia|p2a: Slowbro
|-boost|p2a: Slowbro|spd|2
|-boost|p2a: Slowbro|spa|2
|move|p1a: Kabutops|Body Slam|p2a: Slowbro
|-damage|p2a: Slowbro|184\/312
|
|turn|6
|choice|move 2|move 1
|
|move|p2a: Slowbro|Surf|p1a: Kabutops
|-damage|p1a: Kabutops|106\/276 par
|cant|p1a: Kabutops|par
|
|turn|7
|choice|move 1|move 1
|
|move|p2a: Slowbro|Surf|p1a: Kabutops
|-damage|p1a: Kabutops|0 fnt
|faint|p1a: Kabutops
|choice|switch 4|
|
|switch|p1a: Kadabra|Kadabra, L85|242\/242
|turn|8
|choice|move 4|move 2
|
|move|p1a: Kadabra|Thunder Wave|p2a: Slowbro
|-status|p2a: Slowbro|par
|cant|p2a: Slowbro|par
|
|turn|9
|choice|move 3|move 2
|
|move|p1a: Kadabra|Seismic Toss|p2a: Slowbro
|-damage|p2a: Slowbro|99\/312 par
|move|p2a: Slowbro|Thunder Wave|p1a: Kadabra
|-status|p1a: Kadabra|par
|
|turn|10
|choice|move 3|move 3
|
|move|p1a: Kadabra|Seismic Toss|p2a: Slowbro
|-damage|p2a: Slowbro|14\/312 par
|cant|p2a: Slowbro|par
|
|turn|11
|choice|move 3|move 3
|
|move|p1a: Kadabra|Seismic Toss|p2a: Slowbro
|-damage|p2a: Slowbro|0 fnt
|faint|p2a: Slowbro
|choice||switch 4
|
|switch|p2a: Flareon|Flareon, L90|300\/300
|turn|12
|choice|move 1|move 3
|
|move|p2a: Flareon|Body Slam|p1a: Kadabra
|-damage|p1a: Kadabra|98\/242 par
|move|p1a: Kadabra|Psychic|p2a: Flareon
|-damage|p2a: Flareon|202\/300
|-unboost|p2a: Flareon|spd|1
|-unboost|p2a: Flareon|spa|1
|
|turn|13
|choice|switch 6|move 3
|
|switch|p1a: Rapidash|Rapidash, L90|227\/300
|move|p2a: Flareon|Body Slam|p1a: Rapidash
|-damage|p1a: Rapidash|138\/300
|
|turn|14
|choice|move 4|move 1
|
|move|p1a: Rapidash|Body Slam|p2a: Flareon
|-damage|p2a: Flareon|120\/300
|-status|p2a: Flareon|par
|move|p2a: Flareon|Hyper Beam|p1a: Rapidash
|-damage|p1a: Rapidash|0 fnt
|faint|p1a: Rapidash
|choice|switch 3|
|
|switch|p1a: Dodrio|Dodrio, L85|276\/276
|turn|15
|choice|move 3|move 4
|
|move|p1a: Dodrio|Hyper Beam|p2a: Flareon
|-damage|p2a: Flareon|0 fnt
|faint|p2a: Flareon
|choice||switch 2
|
|switch|p2a: Ninetales|Ninetales, L85|298\/298
|turn|16
|choice|move 1|move 1
|
|move|p2a: Ninetales|Fire Blast|p1a: Dodrio
|-damage|p1a: Dodrio|98\/276
|-status|p1a: Dodrio|brn
|move|p1a: Dodrio|Body Slam|p2a: Ninetales
|-damage|p2a: Ninetales|242\/298
|-damage|p1a: Dodrio|81\/276 brn|[from] brn|[of] p2a: Ninetales
|
|turn|17
|choice|switch 2|move 2
|
|switch|p1a: Vulpix|Vulpix, L96|268\/268
|move|p2a: Ninetales|Hyper Beam|p1a: Vulpix
|-damage|p1a: Vulpix|135\/268
|
|turn|18
|-mustrecharge|p2a: Ninetales
|-mustrecharge|p2a: Ninetales
|choice|move 3|move 1
|
|cant|p2a: Ninetales|recharge
|move|p1a: Vulpix|Confuse Ray|p2a: Ninetales
|-start|p2a: Ninetales|confusion
|
|turn|19
|choice|move 4|switch 3
|
|switch|p2a: Raticate|Raticate, L85|267\/267
|move|p1a: Vulpix|Body Slam|p2a: Raticate
|-damage|p2a: Raticate|210\/267
|
|turn|20
|choice|move 3|move 3
|
|move|p2a: Raticate|Hyper Beam|p1a: Vulpix
|-damage|p1a: Vulpix|0 fnt
|faint|p1a: Vulpix
|choice|switch 2|
|
|switch|p1a: Dodrio|Dodrio, L85|81\/276 brn
|turn|21
|choice|move 3|move 2
|
|move|p1a: Dodrio|Hyper Beam|p2a: Raticate
|-damage|p2a: Raticate|97\/267
|-damage|p1a: Dodrio|64\/276 brn|[from] brn|[of] p2a: Raticate
|move|p2a: Raticate|Blizzard|p1a: Dodrio
|-supereffective|p1a: Dodrio
|-damage|p1a: Dodrio|0 fnt
|faint|p1a: Dodrio
|choice|switch 5|
|
|switch|p1a: Mewtwo|Mewtwo, L68|285\/285
|turn|22
|choice|move 1|move 1
|
|move|p2a: Raticate|Super Fang|p1a: Mewtwo
|-damage|p1a: Mewtwo|143\/285
|move|p1a: Mewtwo|Psychic|p2a: Raticate
|-crit|p2a: Raticate
|-damage|p2a: Raticate|0 fnt
|faint|p2a: Raticate
|choice||switch 3
|
|switch|p2a: Ninetales|Ninetales, L85|242\/298
|turn|23
|choice|move 3|move 1
|
|move|p2a: Ninetales|Fire Blast|p1a: Mewtwo
|-damage|p1a: Mewtwo|24\/285
|move|p1a: Mewtwo|Thunder Wave|p2a: Ninetales
|-status|p2a: Ninetales|par
|
|turn|24
|choice|move 1|move 3
|
|move|p1a: Mewtwo|Psychic|p2a: Ninetales
|-crit|p2a: Ninetales
|-damage|p2a: Ninetales|88\/298 par
|cant|p2a: Ninetales|par
|
|turn|25
|choice|move 1|move 3
|
|move|p1a: Mewtwo|Psychic|p2a: Ninetales
|-crit|p2a: Ninetales
|-damage|p2a: Ninetales|0 fnt
|faint|p2a: Ninetales
|choice||switch 5
|
|switch|p2a: Hitmonlee|Hitmonlee, L90|273\/273
|turn|26
|choice|move 1|move 2
|
|move|p1a: Mewtwo|Psychic|p2a: Hitmonlee
|-supereffective|p2a: Hitmonlee
|-damage|p2a: Hitmonlee|0 fnt
|faint|p2a: Hitmonlee
|choice||switch 6
|
|switch|p2a: Victreebel|Victreebel, L85|234\/310
|turn|27
|choice|move 1|move 3
|
|move|p1a: Mewtwo|Psychic|p2a: Victreebel
|-supereffective|p2a: Victreebel
|-damage|p2a: Victreebel|61\/310
|move|p2a: Victreebel|Body Slam|p1a: Mewtwo
|-damage|p1a: Mewtwo|0 fnt
|faint|p1a: Mewtwo
|choice|switch 6|
|
|switch|p1a: Kadabra|Kadabra, L85|98\/242 par
|turn|28
|choice|move 1|move 4
|
|move|p2a: Victreebel|Hyper Beam|p1a: Kadabra
|-damage|p1a: Kadabra|0 fnt
|faint|p1a: Kadabra
|
|win|AtWorkMayDC
|raw|Skego's rating: 1294 &rarr; <strong>1268<\/strong><br \/>(-26 for losing)
|raw|AtWorkMayDC's rating: 1274 &rarr; <strong>1300<\/strong><br \/>(+26 for winning)
|c|★Skego|lucker
|c|★AtWorkMayDC|gg
|c|★Skego|bg
|l|Skego
|player|p1
|c|★AtWorkMayDC|gg
|l|Pokemonlover213