|j|Enigami
|j|Peasounay
|player|p1|Enigami|130
|player|p2|Peasounay|80
|gametype|singles
|gen|1
|tier|[Gen 1] OU
|seed|23019,10095,25711,35979
|rule|Sleep Clause Mod: Limit one foe put to sleep
|rule|Freeze Clause Mod: Limit one foe frozen
|rule|Species Clause: Limit one of each Pokémon
|rule|OHKO Clause: OHKO moves are banned
|rule|Evasion Moves Clause: Evasion moves are banned
|rule|HP Percentage Mod: HP is shown in percentages
|
|start
|switch|p1a: Starmie|Starmie|323\/323
|switch|p2a: WellIStallYourFace|Alakazam|313\/313
|turn|1
|j|TIBot
|j|xJoelituh
|j|Khaytra
|j|trueWario
|choice|move 3|move 1
|
|move|p2a: WellIStallYourFace|Thunder Wave|p1a: Starmie
|-status|p1a: Starmie|par
|move|p1a: Starmie|Thunder Wave|p2a: WellIStallYourFace
|-status|p2a: WellIStallYourFace|par
|
|turn|2
|c|★Peasounay|gl hf obv
|j|Mandelbrot
|choice|move 2|move 4
|
|cant|p2a: WellIStallYourFace|par
|move|p1a: Starmie|Blizzard|p2a: WellIStallYourFace|[miss]
|-miss|p1a: Starmie
|
|turn|3
|c| trueWario|why counter sweeped I didn't watch whole battle]
|j|Bisharp esgrimista
|c|★Peasounay|i uploaded it
|c|★Peasounay|you can go watch it
|c|★Peasounay|the replay i mean
|l|Bisharp esgrimista
|choice|switch 4|move 4
|
|switch|p1a: Snorlax|Snorlax|523\/523
|cant|p2a: WellIStallYourFace|par
|
|turn|4
|choice|move 1|switch 3
|
|switch|p2a: Yo Momma|Snorlax|523\/523
|move|p1a: Snorlax|Body Slam|p2a: Yo Momma
|-damage|p2a: Yo Momma|377\/523
|
|turn|5
|choice|move 1|move 1
|
|move|p2a: Yo Momma|Body Slam|p1a: Snorlax
|-damage|p1a: Snorlax|375\/523
|move|p1a: Snorlax|Body Slam|p2a: Yo Momma
|-damage|p2a: Yo Momma|232\/523
|
|turn|6
|j|kuronekoMia
|j|nandin1990
|choice|move 3|move 2
|
|move|p2a: Yo Momma|Earthquake|p1a: Snorlax
|-damage|p1a: Snorlax|271\/523
|move|p1a: Snorlax|Hyper Beam|p2a: Yo Momma|[miss]
|-miss|p1a: Snorlax
|
|turn|7
|j|Princess Deluks917
|choice|move 1|switch 6
|
|switch|p2a: GolemsInMyPants|Rhydon|413\/413
|move|p1a: Snorlax|Body Slam|p2a: GolemsInMyPants
|-resisted|p2a: GolemsInMyPants
|-damage|p2a: GolemsInMyPants|363\/413
|-status|p2a: GolemsInMyPants|par
|
|turn|8
|c|★Peasounay|noo
|choice|switch 6|switch 2
|
|switch|p1a: Exeggutor|Exeggutor|393\/393
|switch|p2a: Wear Candoms Kid|Exeggutor|393\/393
|
|turn|9
|l|nandin1990
|choice|switch 4|switch 3
|
|switch|p2a: WellIStallYourFace|Alakazam|313\/313 par
|switch|p1a: Starmie|Starmie|323\/323 par
|
|turn|10
|choice|move 1|move 4
|
|move|p2a: WellIStallYourFace|Seismic Toss|p1a: Starmie
|-damage|p1a: Starmie|223\/323 par
|move|p1a: Starmie|Psychic|p2a: WellIStallYourFace
|-resisted|p2a: WellIStallYourFace
|-damage|p2a: WellIStallYourFace|268\/313 par
|
|turn|11
|choice|move 4|move 4
|
|move|p2a: WellIStallYourFace|Seismic Toss|p1a: Starmie
|-damage|p1a: Starmie|123\/323 par
|move|p1a: Starmie|Recover|p1a: Starmie
|-heal|p1a: Starmie|284\/323 par
|
|turn|12
|choice|move 1|move 4
|
|move|p2a: WellIStallYourFace|Seismic Toss|p1a: Starmie
|-damage|p1a: Starmie|184\/323 par
|move|p1a: Starmie|Psychic|p2a: WellIStallYourFace
|-resisted|p2a: WellIStallYourFace
|-damage|p2a: WellIStallYourFace|226\/313 par
|
|turn|13
|choice|move 4|move 4
|
|move|p2a: WellIStallYourFace|Seismic Toss|p1a: Starmie
|-damage|p1a: Starmie|84\/323 par
|move|p1a: Starmie|Recover|p1a: Starmie
|-heal|p1a: Starmie|245\/323 par
|
|turn|14
|choice|move 4|move 4
|
|move|p2a: WellIStallYourFace|Seismic Toss|p1a: Starmie
|-damage|p1a: Starmie|145\/323 par
|move|p1a: Starmie|Recover|p1a: Starmie
|-heal|p1a: Starmie|306\/323 par
|
|turn|15
|choice|switch 6|move 4
|
|switch|p1a: Snorlax|Snorlax|271\/523
|move|p2a: WellIStallYourFace|Seismic Toss|p1a: Snorlax
|-damage|p1a: Snorlax|171\/523
|
|turn|16
|j|Mirabel_
|choice|move 2|switch 3
|
|switch|p2a: Wear Candoms Kid|Exeggutor|393\/393
|move|p1a: Snorlax|Earthquake|p2a: Wear Candoms Kid
|-resisted|p2a: Wear Candoms Kid
|-damage|p2a: Wear Candoms Kid|348\/393
|
|turn|17
|choice|switch 6|move 1
|
|switch|p1a: Starmie|Starmie|306\/323 par
|move|p2a: Wear Candoms Kid|Sleep Powder|p1a: Starmie
|-fail|p1a: Starmie
|
|turn|18
|choice|move 1|move 1
|
|move|p2a: Wear Candoms Kid|Sleep Powder|p1a: Starmie
|-fail|p1a: Starmie
|move|p1a: Starmie|Psychic|p2a: Wear Candoms Kid
|-resisted|p2a: Wear Candoms Kid
|-damage|p2a: Wear Candoms Kid|305\/393
|
|turn|19
|choice|move 2|move 1
|
|move|p2a: Wear Candoms Kid|Sleep Powder|p1a: Starmie|[miss]
|-miss|p2a: Wear Candoms Kid
|move|p1a: Starmie|Blizzard|p2a: Wear Candoms Kid
|-crit|p2a: Wear Candoms Kid
|-supereffective|p2a: Wear Candoms Kid
|-damage|p2a: Wear Candoms Kid|0 fnt
|faint|p2a: Wear Candoms Kid
|c|★Peasounay|bruh
|c|+xJoelituh|rip
|c|★Peasounay|sadface
|c|★Enigami|What were you doing?
|l|Princess Deluks917
|c|+xJoelituh|waiting for the para
|c|+xJoelituh|imo
|c|★Peasounay|i thought snorlax switch
|c| trueWario|He's drunk:p
|choice||switch 6
|
|switch|p2a: Yo Momma|Snorlax|232\/523
|turn|20
|choice|move 3|move 1
|
|move|p2a: Yo Momma|Body Slam|p1a: Starmie
|-damage|p1a: Starmie|185\/323 par
|cant|p1a: Starmie|par
|
|turn|21
|choice|switch 4|move 1
|
|switch|p1a: Exeggutor|Exeggutor|393\/393
|move|p2a: Yo Momma|Body Slam|p1a: Exeggutor
|-damage|p1a: Exeggutor|281\/393
|
|turn|22
|choice|move 2|move 3
|
|move|p1a: Exeggutor|Double-Edge|p2a: Yo Momma
|-damage|p2a: Yo Momma|124\/523
|-damage|p1a: Exeggutor|254\/393|[from] recoil|[of] p2a: Yo Momma
|move|p2a: Yo Momma|Hyper Beam|p1a: Exeggutor
|-damage|p1a: Exeggutor|33\/393
|
|turn|23
|-mustrecharge|p2a: Yo Momma
|-mustrecharge|p2a: Yo Momma
|choice|move 3|move 1
|
|move|p1a: Exeggutor|Psychic|p2a: Yo Momma
|-crit|p2a: Yo Momma
|-damage|p2a: Yo Momma|0 fnt
|faint|p2a: Yo Momma
|choice||switch 4
|
|switch|p2a: I'm God|Tauros|353\/353
|turn|24
|choice|switch 3|move 2
|
|switch|p1a: Chansey|Chansey|703\/703
|move|p2a: I'm God|Body Slam|p1a: Chansey
|-damage|p1a: Chansey|408\/703
|
|turn|25
|choice|switch 2|move 3
|
|switch|p1a: Nidoqueen|Nidoqueen|383\/383
|move|p2a: I'm God|Hyper Beam|p1a: Nidoqueen|[miss]
|-miss|p2a: I'm God
|
|turn|26
|c|★Peasounay|what the shit
|c|+xJoelituh|LOL
|c|★Peasounay|why y u no respect me
|j|marcoasd
|c|+xJoelituh|isn't nidoking better?_?
|c| trueWario|haha
|c| marcoasd|LOL
|c| trueWario|antimetagame!
|c|★Enigami|Nope, did the calcs and Nidos are very close to equal.
|c|+xJoelituh|oh
|choice|move 4|move 1
|
|move|p2a: I'm God|Blizzard|p1a: Nidoqueen
|-supereffective|p1a: Nidoqueen
|-damage|p1a: Nidoqueen|199\/383
|move|p1a: Nidoqueen|Fire Blast|p2a: I'm God
|-damage|p2a: I'm God|250\/353
|
|turn|27
|c|+xJoelituh|0
|c| Mirabel_|wow
|c|★Peasounay|bruh
|c| Mirabel_|That's probably the reason right there
|c| marcoasd|moltres does it betta
|c| Mirabel_|the 2HKO\/3HKO difference
|choice|move 4|switch 5
|
|switch|p2a: I Own RBY|Chansey|703\/703
|move|p1a: Nidoqueen|Fire Blast|p2a: I Own RBY
|-damage|p2a: I Own RBY|630\/703
|-status|p2a: I Own RBY|brn
|
|turn|28
|c|+xJoelituh|huh
|choice|move 1|move 2
|
|move|p1a: Nidoqueen|Earthquake|p2a: I Own RBY
|-damage|p2a: I Own RBY|351\/703 brn
|move|p2a: I Own RBY|Seismic Toss|p1a: Nidoqueen
|-damage|p1a: Nidoqueen|99\/383
|-damage|p2a: I Own RBY|308\/703 brn|[from] brn|[of] p1a: Nidoqueen
|
|turn|29
|choice|move 1|move 1
|
|move|p1a: Nidoqueen|Earthquake|p2a: I Own RBY
|-damage|p2a: I Own RBY|19\/703 brn
|move|p2a: I Own RBY|Soft-Boiled|p2a: I Own RBY
|-heal|p2a: I Own RBY|370\/703 brn
|-damage|p2a: I Own RBY|327\/703 brn|[from] brn
|
|turn|30
|choice|move 1|move 1
|
|move|p1a: Nidoqueen|Earthquake|p2a: I Own RBY
|-crit|p2a: I Own RBY
|-damage|p2a: I Own RBY|0 fnt
|faint|p2a: I Own RBY
|choice||switch 5
|
|switch|p2a: I'm God|Tauros|250\/353
|turn|31
|c|★Peasounay|ripriprip
|choice|switch 6|move 4
|
|switch|p1a: Snorlax|Snorlax|171\/523
|move|p2a: I'm God|Earthquake|p1a: Snorlax
|-damage|p1a: Snorlax|69\/523
|
|turn|32
|choice|move 4|move 2
|
|move|p2a: I'm God|Body Slam|p1a: Snorlax
|-crit|p1a: Snorlax
|-damage|p1a: Snorlax|0 fnt
|faint|p1a: Snorlax
|c|★Peasounay|and i'm probably gonna lose
|choice|switch 5|
|
|switch|p1a: Tauros|Tauros|353\/353
|turn|33
|c|★Peasounay|to a nidoqueen
|c|★Enigami|>:)
|choice|move 1|move 1
|
|move|p1a: Tauros|Body Slam|p2a: I'm God
|-damage|p2a: I'm God|150\/353
|move|p2a: I'm God|Blizzard|p1a: Tauros
|-crit|p1a: Tauros
|-damage|p1a: Tauros|162\/353
|
|turn|34
|c|+xJoelituh|yh
|c|+xJoelituh|lord
|c|+xJoelituh|where's the freeze
|c|★Enigami|Welp, atleast it wasn't a freeze.
|choice|move 3|switch 2
|
|switch|p2a: GolemsInMyPants|Rhydon|363\/413 par
|move|p1a: Tauros|Hyper Beam|p2a: GolemsInMyPants|[miss]
|-miss|p1a: Tauros
|
|turn|35
|c|★Enigami|Oops.
|c| marcoasd|lol
|c|★Enigami|Thank god.
|c|+xJoelituh|LOL
|choice|switch 3|move 2
|
|switch|p1a: Exeggutor|Exeggutor|33\/393
|move|p2a: GolemsInMyPants|Earthquake|p1a: Exeggutor
|-resisted|p1a: Exeggutor
|-damage|p1a: Exeggutor|0 fnt
|faint|p1a: Exeggutor
|c| marcoasd|wasn't going to ko anyways
|choice|switch 6|
|
|switch|p1a: Nidoqueen|Nidoqueen|99\/383
|turn|36
|c|★Peasounay|calcs on blizzard ~~
|c| trueWario|surf!
|c|★Peasounay|Nidoqueen Blizzard vs. Rhydon: 228-268 (55.2 - 64.8%) -- guaranteed 2HKO
|choice|move 2|switch 3
|
|switch|p2a: WellIStallYourFace|Alakazam|226\/313 par
|move|p1a: Nidoqueen|Blizzard|p2a: WellIStallYourFace|[miss]
|-miss|p1a: Nidoqueen
|
|turn|37
|choice|move 1|switch 2
|
|switch|p2a: I'm God|Tauros|150\/353
|move|p1a: Nidoqueen|Earthquake|p2a: I'm God
|-crit|p2a: I'm God
|-damage|p2a: I'm God|0 fnt
|faint|p2a: I'm God
|c|★Enigami|Wat
|c|★Peasounay|man
|c| marcoasd|why:S
|c|★Peasounay|i was 100% sure
|c|★Peasounay|you were going chansey
|c| marcoasd|99.9
|j|Lusch
|c|★Enigami|Nope, was gonna let Queen get sacked to weaken\/try to KO Zma.
|c|★Peasounay|what the fuck do i do now
|c|+xJoelituh|lose
|choice||switch 2
|
|switch|p2a: WellIStallYourFace|Alakazam|226\/313 par
|turn|38
|c|+xJoelituh|:^)
|c|★Enigami|To the Queen.
|c|★Peasounay|obv
|c| kuronekoMia|lol
|c| marcoasd|hope for 255s
|c| Khaytra|^
|choice|move 1|move 2
|
|move|p1a: Nidoqueen|Earthquake|p2a: WellIStallYourFace
|-damage|p2a: WellIStallYourFace|65\/313 par
|cant|p2a: WellIStallYourFace|par
|
|turn|39
|c| marcoasd|multiple times
|c| kuronekoMia|rip
|c|+xJoelituh|rip rip rip
|choice|move 1|move 2
|
|move|p1a: Nidoqueen|Earthquake|p2a: WellIStallYourFace
|-damage|p2a: WellIStallYourFace|0 fnt
|faint|p2a: WellIStallYourFace
|c| Khaytra|rip
|c| trueWario|haha
|c|★Peasounay|gg
|c|★Enigami|Welp.
|choice||switch 3
|
|switch|p2a: GolemsInMyPants|Rhydon|363\/413 par
|turn|40
|c|★Enigami|gg
|c| Mirabel_|rip and tear
|c|+xJoelituh|The queen is here
|c|+xJoelituh|guys
|choice|switch 2|move 2
|
|switch|p1a: Chansey|Chansey|408\/703
|move|p2a: GolemsInMyPants|Earthquake|p1a: Chansey
|-damage|p1a: Chansey|0 fnt
|faint|p1a: Chansey
|c| marcoasd|miss another blizzard imo
|c|★Peasounay|it's like the 6th time i finish 2nd in 6 tournaments
|choice|switch 4|
|
|switch|p1a: Starmie|Starmie|185\/323 par
|turn|41
|choice|move 2|move 2
|
|move|p1a: Starmie|Blizzard|p2a: GolemsInMyPants
|-supereffective|p2a: GolemsInMyPants
|-damage|p2a: GolemsInMyPants|59\/413 par
|cant|p2a: GolemsInMyPants|par
|
|turn|42
|choice|move 1|move 2
|
|move|p1a: Starmie|Psychic|p2a: GolemsInMyPants
|-damage|p2a: GolemsInMyPants|0 fnt
|faint|p2a: GolemsInMyPants
|
|win|Enigami
|player|p1
|player|p2
|l|TIBot
|c|★Enigami|gg
|c|★Peasounay|wp
|c|★Enigami|ALL HAIL THE QUEEN!
|l|kuronekoMia
|l|Khaytra