|join|MALESANI
|join|Horyuka
|player|p1|MALESANI|238
|player|p2|Horyuka|35
|gametype|singles
|gen|1
|tier|[Gen 1] Random Battle
|rated
|seed|50861,51822,17900,51993
|rule|Sleep Clause Mod: Limit one foe put to sleep
|rule|Freeze Clause Mod: Limit one foe frozen
|rule|HP Percentage Mod: HP is shown in percentages
|
|start
|switch|p1a: Golem|Golem, L79|288\/288
|switch|p2a: Venomoth|Venomoth, L85|293\/293
|turn|1
|choice|switch 2|move 1
|
|switch|p1a: Clefairy|Clefairy, L95|326\/326
|move|p2a: Venomoth|Sleep Powder|p1a: Clefairy
|-status|p1a: Clefairy|slp
|
|turn|2
|choice|switch 6|move 3
|
|switch|p1a: Electrode|Electrode, L90|291\/291
|move|p2a: Venomoth|Mega Drain|p1a: Electrode
|-damage|p1a: Electrode|261\/291
|
|turn|3
|choice|move 3|move 2
|
|move|p1a: Electrode|Thunderbolt|p2a: Venomoth
|-damage|p2a: Venomoth|192\/293
|move|p2a: Venomoth|Psychic|p1a: Electrode
|-damage|p1a: Electrode|197\/291
|-unboost|p1a: Electrode|spd|1
|-unboost|p1a: Electrode|spa|1
|
|turn|4
|choice|move 3|move 2
|
|move|p1a: Electrode|Thunderbolt|p2a: Venomoth
|-crit|p2a: Venomoth
|-damage|p2a: Venomoth|15\/293
|move|p2a: Venomoth|Psychic|p1a: Electrode
|-damage|p1a: Electrode|101\/291
|-unboost|p1a: Electrode|spd|1
|-unboost|p1a: Electrode|spa|1
|
|turn|5
|choice|move 3|move 2
|
|move|p1a: Electrode|Thunderbolt|p2a: Venomoth
|-damage|p2a: Venomoth|0 fnt
|faint|p2a: Venomoth
|choice||switch 5
|
|switch|p2a: Nidorina|Nidorina, L90|309\/309
|turn|6
|choice|switch 5|move 2
|
|switch|p1a: Ditto|Ditto, L99|296\/296
|move|p2a: Nidorina|Blizzard|p1a: Ditto
|-damage|p1a: Ditto|215\/296
|
|turn|7
|choice|move 1|move 4
|
|move|p1a: Ditto|Transform|p2a: Nidorina
|-transform|p1a: Ditto|p2a: Nidorina
|move|p2a: Nidorina|Thunderbolt|p1a: Ditto
|-damage|p1a: Ditto|154\/296
|
|turn|8
|choice|move 2|move 2
|
|move|p1a: Ditto|Blizzard|p2a: Nidorina
|-damage|p2a: Nidorina|210\/309
|move|p2a: Nidorina|Blizzard|p1a: Ditto
|-crit|p1a: Ditto
|-damage|p1a: Ditto|0 fnt
|faint|p1a: Ditto
|choice|switch 5|
|
|switch|p1a: Electrode|Electrode, L90|101\/291
|turn|9
|choice|move 3|move 2
|
|move|p1a: Electrode|Thunderbolt|p2a: Nidorina
|-damage|p2a: Nidorina|80\/309
|move|p2a: Nidorina|Blizzard|p1a: Electrode
|-crit|p1a: Electrode
|-damage|p1a: Electrode|0 fnt
|faint|p1a: Electrode
|choice|switch 4|
|
|switch|p1a: Aerodactyl|Aerodactyl, L90|327\/327
|turn|10
|choice|move 4|move 3
|
|move|p1a: Aerodactyl|Hyper Beam|p2a: Nidorina|[miss]
|-miss|p1a: Aerodactyl
|move|p2a: Nidorina|Bubble Beam|p1a: Aerodactyl
|-supereffective|p1a: Aerodactyl
|-damage|p1a: Aerodactyl|238\/327
|
|turn|11
|choice|move 4|move 2
|
|move|p1a: Aerodactyl|Hyper Beam|p2a: Nidorina
|-crit|p2a: Nidorina
|-damage|p2a: Nidorina|0 fnt
|faint|p2a: Nidorina
|choice||switch 3
|
|switch|p2a: Dewgong|Dewgong, L85|327\/327
|turn|12
|choice|switch 6|move 1
|
|switch|p1a: Clefairy|Clefairy, L95|326\/326 slp
|move|p2a: Dewgong|Surf|p1a: Clefairy
|-damage|p1a: Clefairy|204\/326 slp
|
|turn|13
|choice|move 2|move 3
|
|move|p2a: Dewgong|Blizzard|p1a: Clefairy|[miss]
|-miss|p2a: Dewgong
|cant|p1a: Clefairy|slp
|
|turn|14
|choice|move 1|move 3
|
|move|p2a: Dewgong|Blizzard|p1a: Clefairy
|-damage|p1a: Clefairy|48\/326 slp
|cant|p1a: Clefairy|slp
|
|turn|15
|choice|move 1|move 1
|
|move|p2a: Dewgong|Surf|p1a: Clefairy
|-damage|p1a: Clefairy|0 fnt
|faint|p1a: Clefairy
|choice|switch 3|
|
|switch|p1a: Tentacool|Tentacool, L96|272\/272
|turn|16
|choice|move 1|move 4
|
|move|p1a: Tentacool|Swords Dance|p1a: Tentacool
|-boost|p1a: Tentacool|atk|2
|move|p2a: Dewgong|Body Slam|p1a: Tentacool
|-damage|p1a: Tentacool|197\/272
|
|turn|17
|choice|move 3|move 4
|
|move|p1a: Tentacool|Double-Edge|p2a: Dewgong
|-damage|p2a: Dewgong|205\/327
|-damage|p1a: Tentacool|167\/272|[from] recoil|[of] p2a: Dewgong
|move|p2a: Dewgong|Body Slam|p1a: Tentacool
|-damage|p1a: Tentacool|89\/272
|
|turn|18
|choice|move 3|move 4
|
|move|p1a: Tentacool|Double-Edge|p2a: Dewgong
|-crit|p2a: Dewgong
|-damage|p2a: Dewgong|91\/327
|-damage|p1a: Tentacool|61\/272|[from] recoil|[of] p2a: Dewgong
|move|p2a: Dewgong|Body Slam|p1a: Tentacool
|-damage|p1a: Tentacool|0 fnt
|faint|p1a: Tentacool
|choice|switch 6|
|
|switch|p1a: Aerodactyl|Aerodactyl, L90|238\/327
|turn|19
|choice|move 4|move 3
|
|move|p1a: Aerodactyl|Hyper Beam|p2a: Dewgong
|-damage|p2a: Dewgong|0 fnt
|faint|p2a: Dewgong
|choice||switch 6
|
|switch|p2a: Kangaskhan|Kangaskhan, L85|352\/352
|turn|20
|choice|move 2|move 3
|
|move|p1a: Aerodactyl|Double-Edge|p2a: Kangaskhan
|-crit|p2a: Kangaskhan
|-damage|p2a: Kangaskhan|165\/352
|-damage|p1a: Aerodactyl|192\/327|[from] recoil|[of] p2a: Kangaskhan
|move|p2a: Kangaskhan|Surf|p1a: Aerodactyl
|-supereffective|p1a: Aerodactyl
|-damage|p1a: Aerodactyl|98\/327
|
|turn|21
|choice|move 4|switch 2
|
|switch|p2a: Zapdos|Zapdos, L79|304\/304
|move|p1a: Aerodactyl|Hyper Beam|p2a: Zapdos
|-damage|p2a: Zapdos|169\/304
|
|turn|22
|-mustrecharge|p1a: Aerodactyl
|-mustrecharge|p1a: Aerodactyl
|choice|move 1|move 4
|
|cant|p1a: Aerodactyl|recharge
|move|p2a: Zapdos|Thunder Wave|p1a: Aerodactyl
|-status|p1a: Aerodactyl|par
|
|turn|23
|choice|move 4|move 1
|
|move|p2a: Zapdos|Thunderbolt|p1a: Aerodactyl
|-supereffective|p1a: Aerodactyl
|-damage|p1a: Aerodactyl|0 fnt
|faint|p1a: Aerodactyl
|choice|switch 2|
|
|switch|p1a: Golem|Golem, L79|288\/288
|turn|24
|choice|move 3|move 3
|
|move|p2a: Zapdos|Drill Peck|p1a: Golem
|-resisted|p1a: Golem
|-damage|p1a: Golem|261\/288
|move|p1a: Golem|Rock Slide|p2a: Zapdos|[miss]
|-miss|p1a: Golem
|
|turn|25
|choice|move 3|move 3
|
|move|p2a: Zapdos|Drill Peck|p1a: Golem
|-resisted|p1a: Golem
|-damage|p1a: Golem|230\/288
|move|p1a: Golem|Rock Slide|p2a: Zapdos
|-supereffective|p2a: Zapdos
|-damage|p2a: Zapdos|0 fnt
|faint|p2a: Zapdos
|choice||switch 4
|
|switch|p2a: Ninetales|Ninetales, L85|298\/298
|turn|26
|choice|move 1|move 4
|
|move|p2a: Ninetales|Confuse Ray|p1a: Golem
|-start|p1a: Golem|confusion
|-activate|p1a: Golem|confusion
|move|p1a: Golem|Earthquake|p2a: Ninetales
|-crit|p2a: Ninetales
|-supereffective|p2a: Ninetales
|-damage|p2a: Ninetales|0 fnt
|faint|p2a: Ninetales
|choice||switch 2
|
|switch|p2a: Kangaskhan|Kangaskhan, L85|165\/352
|turn|27
|choice|move 4|move 3
|
|move|p2a: Kangaskhan|Surf|p1a: Golem
|-supereffective|p1a: Golem
|-damage|p1a: Golem|8\/288
|-activate|p1a: Golem|confusion
|move|p1a: Golem|Explosion|p2a: Kangaskhan
|-damage|p2a: Kangaskhan|0 fnt
|faint|p2a: Kangaskhan
|faint|p1a: Golem
|
|win|MALESANI
|raw|MALESANI's rating: 1345 &rarr; <strong>1357<\/strong><br \/>(+12 for winning)
|raw|Horyuka's rating: 1203 &rarr; <strong>1188<\/strong><br \/>(-15 for losing)