|j|neck
|j|StellarMelon
|player|p1|neck|102
|player|p2|StellarMelon|121
|gametype|singles
|gen|1
|tier|[Gen 1] Random Battle
|seed|13466,50414,49340,28405
|rule|Sleep Clause Mod: Limit one foe put to sleep
|rule|Freeze Clause Mod: Limit one foe frozen
|rule|HP Percentage Mod: HP is shown in percentages
|
|start
|switch|p1a: Nidoran-F|Nidoran-F, L96|300\/300
|switch|p2a: Dragonite|Dragonite, L85|328\/328
|turn|1
|choice|switch 2|move 2
|
|switch|p1a: Wigglytuff|Wigglytuff, L90|435\/435
|move|p2a: Dragonite|Body Slam|p1a: Wigglytuff
|-damage|p1a: Wigglytuff|327\/435
|
|turn|2
|choice|move 1|move 2
|
|move|p2a: Dragonite|Body Slam|p1a: Wigglytuff
|-damage|p1a: Wigglytuff|215\/435
|move|p1a: Wigglytuff|Thunder Wave|p2a: Dragonite
|-status|p2a: Dragonite|par
|
|turn|3
|choice|move 4|switch 2
|
|switch|p2a: Vaporeon|Vaporeon, L85|395\/395
|move|p1a: Wigglytuff|Sing|p2a: Vaporeon|[miss]
|-miss|p1a: Wigglytuff
|
|turn|4
|choice|move 4|move 3
|
|move|p2a: Vaporeon|Hydro Pump|p1a: Wigglytuff
|-crit|p1a: Wigglytuff
|-damage|p1a: Wigglytuff|0 fnt
|faint|p1a: Wigglytuff
|choice|switch 3|
|
|switch|p1a: Jynx|Jynx, L79|265\/265
|turn|5
|choice|move 1|move 3
|
|move|p1a: Jynx|Lovely Kiss|p2a: Vaporeon
|-status|p2a: Vaporeon|slp
|-curestatus|p2a: Vaporeon|slp
|
|turn|6
|choice|move 1|move 3
|
|move|p1a: Jynx|Lovely Kiss|p2a: Vaporeon|[miss]
|-miss|p1a: Jynx
|move|p2a: Vaporeon|Hydro Pump|p1a: Jynx|[miss]
|-miss|p2a: Vaporeon
|
|turn|7
|choice|move 1|switch 6
|
|switch|p2a: Graveler|Graveler, L85|267\/267
|move|p1a: Jynx|Lovely Kiss|p2a: Graveler
|-status|p2a: Graveler|slp
|
|turn|8
|choice|move 2|switch 3
|
|switch|p2a: Moltres|Moltres, L85|327\/327
|move|p1a: Jynx|Psychic|p2a: Moltres
|-damage|p2a: Moltres|259\/327
|
|turn|9
|choice|switch 4|move 1
|
|switch|p1a: Flareon|Flareon, L90|300\/300
|move|p2a: Moltres|Fire Blast|p1a: Flareon
|-crit|p1a: Flareon
|-resisted|p1a: Flareon
|-damage|p1a: Flareon|184\/300
|
|turn|10
|choice|move 2|switch 2
|
|switch|p2a: Dragonite|Dragonite, L85|328\/328 par
|move|p1a: Flareon|Body Slam|p2a: Dragonite
|-damage|p2a: Dragonite|253\/328 par
|
|turn|11
|choice|switch 4|move 1
|
|switch|p1a: Jynx|Jynx, L79|265\/265
|move|p2a: Dragonite|Agility|p2a: Dragonite
|-boost|p2a: Dragonite|spe|2
|
|turn|12
|choice|move 2|move 3
|
|move|p2a: Dragonite|Hyper Beam|p1a: Jynx
|-damage|p1a: Jynx|28\/265
|move|p1a: Jynx|Psychic|p2a: Dragonite
|-damage|p2a: Dragonite|174\/328 par
|-unboost|p2a: Dragonite|spd|1
|-unboost|p2a: Dragonite|spa|1
|
|turn|13
|-mustrecharge|p2a: Dragonite
|-mustrecharge|p2a: Dragonite
|choice|move 4|move 1
|
|move|p1a: Jynx|Blizzard|p2a: Dragonite
|-crit|p2a: Dragonite
|-supereffective|p2a: Dragonite
|-damage|p2a: Dragonite|0 fnt
|faint|p2a: Dragonite
|choice||switch 4
|
|switch|p2a: Mr. Mime|Mr. Mime, L85|242\/242
|turn|14
|choice|switch 6|move 2
|
|switch|p1a: Dragonair|Dragonair, L85|277\/277
|move|p2a: Mr. Mime|Seismic Toss|p1a: Dragonair
|-damage|p1a: Dragonair|192\/277
|
|turn|15
|choice|move 3|move 3
|
|move|p2a: Mr. Mime|Psychic|p1a: Dragonair
|-damage|p1a: Dragonair|75\/277
|move|p1a: Dragonair|Substitute|p1a: Dragonair
|-start|p1a: Dragonair|Substitute
|-damage|p1a: Dragonair|6\/277
|
|turn|16
|choice|move 1|move 3
|
|move|p2a: Mr. Mime|Psychic|p1a: Dragonair
|-end|p1a: Dragonair|Substitute
|move|p1a: Dragonair|Thunder|p2a: Mr. Mime|[miss]
|-miss|p1a: Dragonair
|
|turn|17
|choice|move 1|move 3
|
|move|p2a: Mr. Mime|Psychic|p1a: Dragonair
|-damage|p1a: Dragonair|0 fnt
|faint|p1a: Dragonair
|choice|switch 4|
|
|switch|p1a: Flareon|Flareon, L90|184\/300
|turn|18
|choice|move 2|move 3
|
|move|p2a: Mr. Mime|Psychic|p1a: Flareon
|-damage|p1a: Flareon|100\/300
|move|p1a: Flareon|Body Slam|p2a: Mr. Mime
|-crit|p2a: Mr. Mime
|-damage|p2a: Mr. Mime|49\/242
|-status|p2a: Mr. Mime|par
|
|turn|19
|choice|move 3|move 3
|
|move|p1a: Flareon|Fire Blast|p2a: Mr. Mime
|-damage|p2a: Mr. Mime|0 fnt
|faint|p2a: Mr. Mime
|choice||switch 2
|
|switch|p2a: Moltres|Moltres, L85|259\/327
|turn|20
|choice|move 2|move 3
|
|move|p2a: Moltres|Hyper Beam|p1a: Flareon|[miss]
|-miss|p2a: Moltres
|move|p1a: Flareon|Body Slam|p2a: Moltres
|-damage|p2a: Moltres|181\/327
|
|turn|21
|choice|move 1|move 3
|
|move|p2a: Moltres|Hyper Beam|p1a: Flareon
|-damage|p1a: Flareon|0 fnt
|faint|p1a: Flareon
|choice|switch 5|
|
|switch|p1a: Ninetales|Ninetales, L85|298\/298
|turn|22
|choice|move 4|move 3
|
|move|p1a: Ninetales|Confuse Ray|p2a: Moltres
|-start|p2a: Moltres|confusion
|-activate|p2a: Moltres|confusion
|move|p2a: Moltres|Hyper Beam|p1a: Ninetales|[miss]
|-miss|p2a: Moltres
|
|turn|23
|choice|move 3|move 3
|
|move|p1a: Ninetales|Double-Edge|p2a: Moltres|[miss]
|-miss|p1a: Ninetales
|-end|p2a: Moltres|confusion
|move|p2a: Moltres|Hyper Beam|p1a: Ninetales
|-damage|p1a: Ninetales|184\/298
|
|turn|24
|-mustrecharge|p2a: Moltres
|-mustrecharge|p2a: Moltres
|choice|move 3|move 1
|
|move|p1a: Ninetales|Double-Edge|p2a: Moltres
|-damage|p2a: Moltres|124\/327
|-damage|p1a: Ninetales|170\/298|[from] recoil|[of] p2a: Moltres
|cant|p2a: Moltres|recharge
|
|turn|25
|choice|move 4|move 3
|
|move|p1a: Ninetales|Confuse Ray|p2a: Moltres
|-start|p2a: Moltres|confusion
|-activate|p2a: Moltres|confusion
|-damage|p2a: Moltres|92\/327|[from] confusion
|
|turn|26
|choice|move 3|move 3
|
|move|p1a: Ninetales|Double-Edge|p2a: Moltres
|-damage|p2a: Moltres|36\/327
|-damage|p1a: Ninetales|156\/298|[from] recoil|[of] p2a: Moltres
|-end|p2a: Moltres|confusion
|move|p2a: Moltres|Hyper Beam|p1a: Ninetales|[miss]
|-miss|p2a: Moltres
|
|turn|27
|choice|move 3|move 3
|
|move|p1a: Ninetales|Double-Edge|p2a: Moltres
|-damage|p2a: Moltres|0 fnt
|-damage|p1a: Ninetales|147\/298|[from] recoil|[of] p2a: Moltres
|faint|p2a: Moltres
|choice||switch 6
|
|switch|p2a: Vaporeon|Vaporeon, L85|395\/395
|turn|28
|choice|move 4|move 3
|
|move|p1a: Ninetales|Confuse Ray|p2a: Vaporeon
|-start|p2a: Vaporeon|confusion
|-activate|p2a: Vaporeon|confusion
|-damage|p2a: Vaporeon|363\/395|[from] confusion
|
|turn|29
|choice|move 3|move 3
|
|move|p1a: Ninetales|Double-Edge|p2a: Vaporeon
|-damage|p2a: Vaporeon|284\/395
|-damage|p1a: Ninetales|128\/298|[from] recoil|[of] p2a: Vaporeon
|-activate|p2a: Vaporeon|confusion
|-damage|p2a: Vaporeon|252\/395|[from] confusion
|
|turn|30
|choice|move 3|move 3
|
|move|p1a: Ninetales|Double-Edge|p2a: Vaporeon
|-damage|p2a: Vaporeon|171\/395
|-damage|p1a: Ninetales|108\/298|[from] recoil|[of] p2a: Vaporeon
|-activate|p2a: Vaporeon|confusion
|-damage|p2a: Vaporeon|139\/395|[from] confusion
|
|turn|31
|choice|move 3|switch 5
|
|switch|p2a: Lickitung|Lickitung, L90|345\/345
|move|p1a: Ninetales|Double-Edge|p2a: Lickitung
|-damage|p2a: Lickitung|283\/345
|-damage|p1a: Ninetales|93\/298|[from] recoil|[of] p2a: Lickitung
|
|turn|32
|choice|move 4|move 3
|
|move|p1a: Ninetales|Confuse Ray|p2a: Lickitung
|-start|p2a: Lickitung|confusion
|-activate|p2a: Lickitung|confusion
|move|p2a: Lickitung|Earthquake|p1a: Ninetales
|-supereffective|p1a: Ninetales
|-damage|p1a: Ninetales|0 fnt
|faint|p1a: Ninetales
|choice|switch 6|
|
|switch|p1a: Jynx|Jynx, L79|28\/265
|turn|33
|choice|move 4|move 2
|
|move|p1a: Jynx|Blizzard|p2a: Lickitung
|-damage|p2a: Lickitung|155\/345
|-activate|p2a: Lickitung|confusion
|-damage|p2a: Lickitung|128\/345|[from] confusion
|
|turn|34
|choice|move 4|move 2
|
|move|p1a: Jynx|Blizzard|p2a: Lickitung
|-damage|p2a: Lickitung|0 fnt
|faint|p2a: Lickitung
|choice||switch 5
|
|switch|p2a: Vaporeon|Vaporeon, L85|139\/395
|turn|35
|choice|move 2|move 3
|
|move|p1a: Jynx|Psychic|p2a: Vaporeon
|-damage|p2a: Vaporeon|71\/395
|move|p2a: Vaporeon|Hydro Pump|p1a: Jynx|[miss]
|-miss|p2a: Vaporeon
|
|turn|36
|choice|move 2|move 3
|
|move|p1a: Jynx|Psychic|p2a: Vaporeon
|-damage|p2a: Vaporeon|0 fnt
|faint|p2a: Vaporeon
|choice||switch 3
|
|switch|p2a: Graveler|Graveler, L85|267\/267 slp
|turn|37
|choice|move 4|move 1
|
|move|p1a: Jynx|Blizzard|p2a: Graveler
|-supereffective|p2a: Graveler
|-damage|p2a: Graveler|0 fnt
|faint|p2a: Graveler
|
|win|neck
|player|p1
|player|p2