|j|Momma Geo
|j|lookbropez
|player|p1|Momma Geo|290
|player|p2|lookbropez|214
|gametype|singles
|gen|1
|tier|[Gen 1] Random Battle
|rated
|seed|
|rule|Sleep Clause Mod: Limit one foe put to sleep
|rule|Freeze Clause Mod: Limit one foe frozen
|rule|HP Percentage Mod: HP is shown in percentages
|
|start
|switch|p1a: Eevee|Eevee, L96|100\/100
|switch|p2a: Machamp|Machamp, L90|100\/100
|turn|1
|choice||
|
|switch|p1a: Vileplume|Vileplume, L90|100\/100
|move|p2a: Machamp|Submission|p1a: Vileplume
|-resisted|p1a: Vileplume
|-damage|p1a: Vileplume|82\/100
|-damage|p2a: Machamp|96\/100|[from] recoil|[of] p1a: Vileplume
|
|turn|2
|choice||
|
|move|p2a: Machamp|Body Slam|p1a: Vileplume
|-damage|p1a: Vileplume|56\/100
|move|p1a: Vileplume|Sleep Powder|p2a: Machamp|[miss]
|-miss|p1a: Vileplume
|
|turn|3
|choice||
|
|move|p2a: Machamp|Body Slam|p1a: Vileplume
|-crit|p1a: Vileplume
|-damage|p1a: Vileplume|4\/100
|move|p1a: Vileplume|Sleep Powder|p2a: Machamp
|-status|p2a: Machamp|slp
|
|turn|4
|choice||
|
|switch|p2a: Grimer|Grimer, L96|100\/100
|move|p1a: Vileplume|Mega Drain|p2a: Grimer
|-resisted|p2a: Grimer
|-damage|p2a: Grimer|91\/100
|-heal|p1a: Vileplume|9\/100|[from] drain|[of] p2a: Grimer
|
|turn|5
|choice||
|
|move|p1a: Vileplume|Body Slam|p2a: Grimer
|-damage|p2a: Grimer|69\/100
|-status|p2a: Grimer|par
|move|p2a: Grimer|Body Slam|p1a: Vileplume
|-damage|p1a: Vileplume|0 fnt
|faint|p1a: Vileplume
|choice||
|
|switch|p1a: Nidoran-M|Nidoran-M, L96|100\/100
|turn|6
|choice||
|
|move|p1a: Nidoran-M|Body Slam|p2a: Grimer
|-damage|p2a: Grimer|49\/100 par
|cant|p2a: Grimer|par
|
|turn|7
|choice||
|
|move|p1a: Nidoran-M|Substitute|p1a: Nidoran-M
|-start|p1a: Nidoran-M|Substitute
|-damage|p1a: Nidoran-M|76\/100
|move|p2a: Grimer|Sludge|p1a: Nidoran-M
|-resisted|p1a: Nidoran-M
|-activate|p1a: Nidoran-M|Substitute|[damage]
|
|turn|8
|choice||
|
|move|p1a: Nidoran-M|Body Slam|p2a: Grimer
|-damage|p2a: Grimer|28\/100 par
|move|p2a: Grimer|Body Slam|p1a: Nidoran-M
|-end|p1a: Nidoran-M|Substitute
|
|turn|9
|choice||
|
|move|p1a: Nidoran-M|Body Slam|p2a: Grimer
|-damage|p2a: Grimer|9\/100 par
|move|p2a: Grimer|Body Slam|p1a: Nidoran-M
|-damage|p1a: Nidoran-M|46\/100
|
|turn|10
|choice||
|
|move|p1a: Nidoran-M|Body Slam|p2a: Grimer
|-damage|p2a: Grimer|0 fnt
|faint|p2a: Grimer
|choice||
|
|switch|p2a: Snorlax|Snorlax, L79|100\/100
|turn|11
|choice||
|
|move|p1a: Nidoran-M|Body Slam|p2a: Snorlax
|-damage|p2a: Snorlax|82\/100
|move|p2a: Snorlax|Amnesia|p2a: Snorlax
|-boost|p2a: Snorlax|spd|2
|-boost|p2a: Snorlax|spa|2
|
|turn|12
|choice||
|
|move|p1a: Nidoran-M|Body Slam|p2a: Snorlax
|-damage|p2a: Snorlax|64\/100
|move|p2a: Snorlax|Surf|p1a: Nidoran-M
|-damage|p1a: Nidoran-M|0 fnt
|faint|p1a: Nidoran-M
|choice||
|
|switch|p1a: Eevee|Eevee, L96|100\/100
|turn|13
|choice||
|
|move|p1a: Eevee|Body Slam|p2a: Snorlax
|-damage|p2a: Snorlax|40\/100
|move|p2a: Snorlax|Surf|p1a: Eevee
|-damage|p1a: Eevee|69\/100
|
|turn|14
|choice||
|
|move|p1a: Eevee|Body Slam|p2a: Snorlax
|-crit|p2a: Snorlax
|-damage|p2a: Snorlax|0 fnt
|faint|p2a: Snorlax
|choice||
|
|switch|p2a: Kabutops|Kabutops, L85|100\/100
|turn|15
|choice||
|
|move|p2a: Kabutops|Swords Dance|p2a: Kabutops
|-boost|p2a: Kabutops|atk|2
|move|p1a: Eevee|Sand Attack|p2a: Kabutops
|-unboost|p2a: Kabutops|accuracy|1
|
|turn|16
|choice||
|
|move|p2a: Kabutops|Body Slam|p1a: Eevee|[miss]
|-miss|p2a: Kabutops
|move|p1a: Eevee|Sand Attack|p2a: Kabutops
|-unboost|p2a: Kabutops|accuracy|1
|
|turn|17
|choice||
|
|move|p2a: Kabutops|Body Slam|p1a: Eevee|[miss]
|-miss|p2a: Kabutops
|move|p1a: Eevee|Sand Attack|p2a: Kabutops
|-unboost|p2a: Kabutops|accuracy|1
|
|turn|18
|choice||
|
|move|p2a: Kabutops|Body Slam|p1a: Eevee|[miss]
|-miss|p2a: Kabutops
|move|p1a: Eevee|Reflect|p1a: Eevee
|-start|p1a: Eevee|Reflect
|
|turn|19
|c|★lookbropez|ouch
|choice||
|
|move|p2a: Kabutops|Body Slam|p1a: Eevee
|-damage|p1a: Eevee|40\/100
|move|p1a: Eevee|Body Slam|p2a: Kabutops
|-resisted|p2a: Kabutops
|-damage|p2a: Kabutops|87\/100
|-status|p2a: Kabutops|par
|
|turn|20
|c|★lookbropez|this is not good
|choice||
|
|move|p1a: Eevee|Body Slam|p2a: Kabutops
|-resisted|p2a: Kabutops
|-damage|p2a: Kabutops|75\/100 par
|move|p2a: Kabutops|Body Slam|p1a: Eevee|[miss]
|-miss|p2a: Kabutops
|
|turn|21
|choice||
|
|move|p1a: Eevee|Body Slam|p2a: Kabutops
|-resisted|p2a: Kabutops
|-damage|p2a: Kabutops|62\/100 par
|move|p2a: Kabutops|Surf|p1a: Eevee|[miss]
|-miss|p2a: Kabutops
|
|turn|22
|choice||
|
|move|p1a: Eevee|Body Slam|p2a: Kabutops
|-resisted|p2a: Kabutops
|-damage|p2a: Kabutops|50\/100 par
|move|p2a: Kabutops|Surf|p1a: Eevee
|-damage|p1a: Eevee|10\/100
|
|turn|23
|choice||
|
|move|p1a: Eevee|Body Slam|p2a: Kabutops
|-resisted|p2a: Kabutops
|-damage|p2a: Kabutops|37\/100 par
|cant|p2a: Kabutops|par
|
|turn|24
|choice||
|
|move|p1a: Eevee|Body Slam|p2a: Kabutops
|-resisted|p2a: Kabutops
|-damage|p2a: Kabutops|23\/100 par
|move|p2a: Kabutops|Surf|p1a: Eevee|[miss]
|-miss|p2a: Kabutops
|
|turn|25
|choice||
|
|move|p1a: Eevee|Body Slam|p2a: Kabutops
|-resisted|p2a: Kabutops
|-damage|p2a: Kabutops|10\/100 par
|cant|p2a: Kabutops|par
|
|turn|26
|choice||
|
|move|p1a: Eevee|Body Slam|p2a: Kabutops
|-resisted|p2a: Kabutops
|-damage|p2a: Kabutops|0 fnt
|faint|p2a: Kabutops
|c|★lookbropez|wow
|choice||
|
|switch|p2a: Kingler|Kingler, L85|100\/100
|turn|27
|c|★Momma Geo|not every day that an Eevee takes stuff down
|choice||
|
|move|p2a: Kingler|Body Slam|p1a: Eevee
|-damage|p1a: Eevee|0 fnt
|faint|p1a: Eevee
|choice||
|
|switch|p1a: Starmie|Starmie, L79|100\/100
|turn|28
|choice||
|
|move|p1a: Starmie|Thunderbolt|p2a: Kingler
|-supereffective|p2a: Kingler
|-damage|p2a: Kingler|37\/100
|move|p2a: Kingler|Body Slam|p1a: Starmie
|-crit|p1a: Starmie
|-damage|p1a: Starmie|36\/100
|
|turn|29
|choice||
|
|move|p1a: Starmie|Thunderbolt|p2a: Kingler
|-supereffective|p2a: Kingler
|-damage|p2a: Kingler|0 fnt
|faint|p2a: Kingler
|choice||
|
|switch|p2a: Exeggutor|Exeggutor, L79|100\/100
|turn|30
|choice||
|
|switch|p1a: Parasect|Parasect, L90|100\/100
|move|p2a: Exeggutor|Hyper Beam|p1a: Parasect
|-damage|p1a: Parasect|68\/100
|
|turn|31
|-mustrecharge|p2a: Exeggutor
|-mustrecharge|p2a: Exeggutor
|choice||
|
|cant|p2a: Exeggutor|recharge
|move|p1a: Parasect|Toxic|p2a: Exeggutor
|-status|p2a: Exeggutor|tox
|
|turn|32
|choice||
|
|move|p2a: Exeggutor|Sleep Powder|p1a: Parasect
|-status|p1a: Parasect|slp
|-damage|p2a: Exeggutor|94\/100 tox|[from] tox|[of] p1a: Parasect
|cant|p1a: Parasect|slp
|
|turn|33
|choice||
|
|switch|p1a: Seaking|Seaking, L90|100\/100
|move|p2a: Exeggutor|Mega Drain|p1a: Seaking
|-supereffective|p1a: Seaking
|-damage|p1a: Seaking|74\/100
|-heal|p2a: Exeggutor|100\/100 tox|[from] drain|[of] p1a: Seaking
|-damage|p2a: Exeggutor|88\/100 tox|[from] tox|[of] p1a: Seaking
|
|turn|34
|choice||
|
|move|p1a: Seaking|Blizzard|p2a: Exeggutor
|-supereffective|p2a: Exeggutor
|-damage|p2a: Exeggutor|43\/100 tox
|move|p2a: Exeggutor|Mega Drain|p1a: Seaking
|-crit|p1a: Seaking
|-supereffective|p1a: Seaking
|-damage|p1a: Seaking|23\/100
|-heal|p2a: Exeggutor|70\/100 tox|[from] drain|[of] p1a: Seaking
|-damage|p2a: Exeggutor|52\/100 tox|[from] tox|[of] p1a: Seaking
|
|turn|35
|choice||
|
|move|p1a: Seaking|Blizzard|p2a: Exeggutor
|-supereffective|p2a: Exeggutor
|-damage|p2a: Exeggutor|2\/100 tox
|move|p2a: Exeggutor|Mega Drain|p1a: Seaking
|-supereffective|p1a: Seaking
|-damage|p1a: Seaking|0 fnt
|-heal|p2a: Exeggutor|14\/100 tox|[from] drain|[of] p1a: Seaking
|faint|p1a: Seaking
|choice||
|
|switch|p1a: Parasect|Parasect, L90|68\/100 slp
|turn|36
|choice||
|
|move|p2a: Exeggutor|Mega Drain|p1a: Parasect
|-resisted|p1a: Parasect
|-damage|p1a: Parasect|64\/100 slp
|-heal|p2a: Exeggutor|16\/100 tox|[from] drain|[of] p1a: Parasect
|-damage|p2a: Exeggutor|0 fnt|[from] tox|[of] p1a: Parasect
|faint|p2a: Exeggutor
|choice||
|
|switch|p2a: Machamp|Machamp, L90|96\/100 slp
|turn|37
|choice||
|
|switch|p1a: Starmie|Starmie, L79|36\/100
|cant|p2a: Machamp|slp
|
|turn|38
|choice||
|
|move|p1a: Starmie|Recover|p1a: Starmie
|-heal|p1a: Starmie|86\/100
|cant|p2a: Machamp|slp
|
|turn|39
|choice||
|
|move|p1a: Starmie|Surf|p2a: Machamp
|-damage|p2a: Machamp|69\/100 slp
|cant|p2a: Machamp|slp
|
|turn|40
|choice||
|
|move|p1a: Starmie|Surf|p2a: Machamp
|-damage|p2a: Machamp|40\/100 slp
|cant|p2a: Machamp|slp
|
|turn|41
|c|★lookbropez|gg
|choice||
|
|move|p1a: Starmie|Surf|p2a: Machamp
|-damage|p2a: Machamp|11\/100 slp
|-curestatus|p2a: Machamp|slp
|
|turn|42
|c|★Momma Geo|gg
|choice||
|
|move|p1a: Starmie|Surf|p2a: Machamp
|-damage|p2a: Machamp|0 fnt
|faint|p2a: Machamp
|
|win|Momma Geo
|player|p1
|player|p2
|raw|Momma Geo's rating: 1256 &rarr; <strong>1280<\/strong><br \/>(+24 for winning)
|raw|lookbropez's rating: 1244 &rarr; <strong>1219<\/strong><br \/>(-25 for losing)
|l|lookbropez