|join|FLCL
|join|fapkingg
|player|p1|FLCL|8
|player|p2|fapkingg|96
|gametype|singles
|gen|1
|tier|[Gen 1] OU
|seed|12101,27045,36839,7250
|rule|Sleep Clause Mod: Limit one foe put to sleep
|rule|Freeze Clause Mod: Limit one foe frozen
|rule|Species Clause: Limit one of each Pokémon
|rule|OHKO Clause: OHKO moves are banned
|rule|Evasion Moves Clause: Evasion moves are banned
|rule|HP Percentage Mod: HP is shown in percentages
|
|start
|switch|p1a: Gengar|Gengar|323\/323
|switch|p2a: Alakazam|Alakazam|313\/313
|turn|1
|c|★fapkingg|hf man!
|c|★FLCL|u too
|choice|switch 3|move 2
|
|switch|p1a: Chansey|Chansey|703\/703
|move|p2a: Alakazam|Thunder Wave|p1a: Chansey
|-status|p1a: Chansey|par
|
|turn|2
|choice|move 2|move 1
|
|move|p2a: Alakazam|Psychic|p1a: Chansey
|-damage|p1a: Chansey|575\/703 par
|-unboost|p1a: Chansey|spd|1
|-unboost|p1a: Chansey|spa|1
|cant|p1a: Chansey|par
|
|turn|3
|choice|move 1|move 1
|
|move|p2a: Alakazam|Psychic|p1a: Chansey
|-damage|p1a: Chansey|378\/703 par
|-unboost|p1a: Chansey|spd|1
|-unboost|p1a: Chansey|spa|1
|move|p1a: Chansey|Soft-Boiled|p1a: Chansey
|-heal|p1a: Chansey|703\/703 par
|
|turn|4
|choice|switch 4|move 1
|
|switch|p1a: Starmie|Starmie|323\/323
|move|p2a: Alakazam|Psychic|p1a: Starmie
|-crit|p1a: Starmie
|-resisted|p1a: Starmie
|-damage|p1a: Starmie|191\/323
|
|turn|5
|choice|switch 4|move 2
|
|switch|p1a: Chansey|Chansey|703\/703 par
|move|p2a: Alakazam|Thunder Wave|p1a: Chansey
|-fail|p1a: Chansey|par
|
|turn|6
|choice|move 2|switch 3
|
|switch|p2a: Chansey|Chansey|703\/703
|move|p1a: Chansey|Sing|p2a: Chansey|[miss]
|-miss|p1a: Chansey
|
|turn|7
|choice|move 2|switch 3
|
|switch|p2a: Alakazam|Alakazam|313\/313
|move|p1a: Chansey|Sing|p2a: Alakazam
|-status|p2a: Alakazam|slp
|
|turn|8
|choice|switch 5|move 1
|
|switch|p1a: Tauros|Tauros|353\/353
|cant|p2a: Alakazam|slp
|
|turn|9
|choice|move 1|switch 4
|
|switch|p2a: Snorlax|Snorlax|523\/523
|move|p1a: Tauros|Body Slam|p2a: Snorlax
|-damage|p2a: Snorlax|397\/523
|
|turn|10
|choice|switch 3|move 2
|
|switch|p1a: Gengar|Gengar|323\/323
|move|p2a: Snorlax|Earthquake|p1a: Gengar
|-supereffective|p1a: Gengar
|-damage|p1a: Gengar|94\/323
|
|turn|11
|choice|switch 6|switch 4
|
|switch|p1a: Zapdos|Zapdos|383\/383
|switch|p2a: Alakazam|Alakazam|313\/313 slp
|
|turn|12
|choice|move 3|switch 5
|
|switch|p2a: Rhydon|Rhydon|413\/413
|move|p1a: Zapdos|Drill Peck|p2a: Rhydon
|-resisted|p2a: Rhydon
|-damage|p2a: Rhydon|374\/413
|
|turn|13
|choice|switch 4|move 2
|
|switch|p1a: Starmie|Starmie|191\/323
|move|p2a: Rhydon|Body Slam|p1a: Starmie
|-damage|p1a: Starmie|108\/323
|
|turn|14
|choice|move 4|switch 3
|
|switch|p2a: Chansey|Chansey|703\/703
|move|p1a: Starmie|Recover|p1a: Starmie
|-heal|p1a: Starmie|269\/323
|
|turn|15
|choice|switch 5|switch 4
|
|switch|p1a: Chansey|Chansey|703\/703 par
|switch|p2a: Snorlax|Snorlax|397\/523
|
|turn|16
|choice|switch 6|move 1
|
|switch|p1a: Gengar|Gengar|94\/323
|move|p2a: Snorlax|Body Slam|p1a: Gengar
|-immune|p1a: Gengar|[msg]
|
|turn|17
|choice|switch 4|switch 5
|
|switch|p1a: Zapdos|Zapdos|383\/383
|switch|p2a: Alakazam|Alakazam|313\/313 slp
|
|turn|18
|choice|move 3|move 1
|
|cant|p2a: Alakazam|slp
|move|p1a: Zapdos|Drill Peck|p2a: Alakazam
|-damage|p2a: Alakazam|170\/313 slp
|
|turn|19
|choice|move 3|switch 3
|
|switch|p2a: Rhydon|Rhydon|374\/413
|move|p1a: Zapdos|Drill Peck|p2a: Rhydon
|-resisted|p2a: Rhydon
|-damage|p2a: Rhydon|338\/413
|
|turn|20
|choice|switch 5|move 2
|
|switch|p1a: Starmie|Starmie|269\/323
|move|p2a: Rhydon|Body Slam|p1a: Starmie
|-damage|p1a: Starmie|184\/323
|
|turn|21
|c|★fapkingg|sorry lagged a bit
|choice|move 4|switch 4
|
|switch|p2a: Chansey|Chansey|703\/703
|move|p1a: Starmie|Recover|p1a: Starmie
|-heal|p1a: Starmie|323\/323
|
|turn|22
|choice|switch 6|move 3
|
|switch|p1a: Chansey|Chansey|703\/703 par
|move|p2a: Chansey|Thunder Wave|p1a: Chansey
|-fail|p1a: Chansey|par
|
|turn|23
|choice|move 4|switch 5
|
|switch|p2a: Snorlax|Snorlax|397\/523
|cant|p1a: Chansey|par
|
|turn|24
|choice|switch 5|move 2
|
|switch|p1a: Zapdos|Zapdos|383\/383
|move|p2a: Snorlax|Earthquake|p1a: Zapdos
|-immune|p1a: Zapdos|[msg]
|
|turn|25
|choice|move 3|switch 4
|
|switch|p2a: Rhydon|Rhydon|338\/413
|move|p1a: Zapdos|Drill Peck|p2a: Rhydon
|-resisted|p2a: Rhydon
|-damage|p2a: Rhydon|302\/413
|
|turn|26
|choice|switch 4|move 3
|
|switch|p1a: Gengar|Gengar|94\/323
|move|p2a: Rhydon|Earthquake|p1a: Gengar
|-supereffective|p1a: Gengar
|-damage|p1a: Gengar|0 fnt
|faint|p1a: Gengar
|choice|switch 6|
|
|switch|p1a: Starmie|Starmie|323\/323
|turn|27
|choice|move 1|switch 5
|
|switch|p2a: Chansey|Chansey|703\/703
|move|p1a: Starmie|Blizzard|p2a: Chansey|[miss]
|-miss|p1a: Starmie
|
|turn|28
|choice|move 1|switch 4
|
|switch|p2a: Snorlax|Snorlax|397\/523
|move|p1a: Starmie|Blizzard|p2a: Snorlax|[miss]
|-miss|p1a: Starmie
|
|turn|29
|choice|move 1|move 1
|
|move|p1a: Starmie|Blizzard|p2a: Snorlax
|-crit|p2a: Snorlax
|-damage|p2a: Snorlax|156\/523
|move|p2a: Snorlax|Body Slam|p1a: Starmie
|-damage|p1a: Starmie|206\/323
|
|turn|30
|choice|move 1|move 1
|
|move|p1a: Starmie|Blizzard|p2a: Snorlax
|-damage|p2a: Snorlax|33\/523
|move|p2a: Snorlax|Body Slam|p1a: Starmie
|-damage|p1a: Starmie|89\/323
|-status|p1a: Starmie|par
|
|turn|31
|choice|move 2|move 1
|
|move|p2a: Snorlax|Body Slam|p1a: Starmie
|-damage|p1a: Starmie|0 fnt
|faint|p1a: Starmie
|choice|switch 3|
|
|switch|p1a: Tauros|Tauros|353\/353
|turn|32
|choice|move 3|switch 2
|
|switch|p2a: Exeggutor|Exeggutor|393\/393
|move|p1a: Tauros|Earthquake|p2a: Exeggutor
|-resisted|p2a: Exeggutor
|-damage|p2a: Exeggutor|351\/393
|
|turn|33
|choice|switch 5|switch 2
|
|switch|p1a: Chansey|Chansey|703\/703 par
|switch|p2a: Snorlax|Snorlax|33\/523
|
|turn|34
|choice|switch 4|move 4
|
|switch|p1a: Zapdos|Zapdos|383\/383
|move|p2a: Snorlax|Self-Destruct|p1a: Zapdos
|-damage|p1a: Zapdos|0 fnt
|faint|p1a: Zapdos
|faint|p2a: Snorlax
|choice|switch 5|switch 6
|
|switch|p2a: Tauros|Tauros|353\/353
|switch|p1a: Tauros|Tauros|353\/353
|turn|35
|choice|move 1|move 1
|
|move|p1a: Tauros|Body Slam|p2a: Tauros
|-crit|p2a: Tauros
|-damage|p2a: Tauros|152\/353
|move|p2a: Tauros|Body Slam|p1a: Tauros
|-crit|p1a: Tauros
|-damage|p1a: Tauros|142\/353
|
|turn|36
|choice|move 2|move 2
|
|move|p1a: Tauros|Blizzard|p2a: Tauros
|-damage|p2a: Tauros|61\/353
|move|p2a: Tauros|Hyper Beam|p1a: Tauros
|-damage|p1a: Tauros|0 fnt
|faint|p1a: Tauros
|-message|FLCL forfeited.
|
|win|fapkingg
|leave|FLCL
|player|p1
|leave|fapkingg
|player|p2
|join|fapkingg