|join|sciberbia
|join|MALESANI
|player|p1|sciberbia|52
|player|p2|MALESANI|238
|gametype|singles
|gen|1
|tier|[Gen 1] Random Battle
|rated
|rule|Sleep Clause Mod: Limit one foe put to sleep
|rule|Freeze Clause Mod: Limit one foe frozen
|rule|HP Percentage Mod: HP is shown in percentages
|
|start
|switch|p1a: Dragonair|Dragonair, L85|277\/277
|switch|p2a: Gyarados|Gyarados, L85|335\/335
|turn|1
|
|move|p2a: Gyarados|Blizzard|p1a: Dragonair
|-supereffective|p1a: Dragonair
|-damage|p1a: Dragonair|76\/277
|move|p1a: Dragonair|Thunderbolt|p2a: Gyarados
|-supereffective|p2a: Gyarados
|-damage|p2a: Gyarados|126\/335
|
|turn|2
|
|move|p2a: Gyarados|Hyper Beam|p1a: Dragonair
|-damage|p1a: Dragonair|0 fnt
|faint|p1a: Dragonair
|
|switch|p1a: Electabuzz|Electabuzz, L85|284\/284
|turn|3
|
|switch|p2a: Marowak|Marowak, L90|291\/291
|move|p1a: Electabuzz|Thunderbolt|p2a: Marowak
|-immune|p2a: Marowak|[msg]
|
|turn|4
|
|switch|p1a: Exeggutor|Exeggutor, L79|312\/312
|move|p2a: Marowak|Earthquake|p1a: Exeggutor
|-resisted|p1a: Exeggutor
|-damage|p1a: Exeggutor|250\/312
|
|turn|5
|
|move|p2a: Marowak|Blizzard|p1a: Exeggutor
|-supereffective|p1a: Exeggutor
|-damage|p1a: Exeggutor|130\/312
|move|p1a: Exeggutor|Sleep Powder|p2a: Marowak|[miss]
|-miss|p1a: Exeggutor
|
|turn|6
|
|move|p2a: Marowak|Blizzard|p1a: Exeggutor
|-supereffective|p1a: Exeggutor
|-damage|p1a: Exeggutor|27\/312
|move|p1a: Exeggutor|Sleep Powder|p2a: Marowak
|-status|p2a: Marowak|slp
|
|turn|7
|
|switch|p2a: Dragonite|Dragonite, L85|328\/328
|move|p1a: Exeggutor|Psychic|p2a: Dragonite
|-crit|p2a: Dragonite
|-damage|p2a: Dragonite|153\/328
|-unboost|p2a: Dragonite|spd|1
|-unboost|p2a: Dragonite|spa|1
|
|turn|8
|
|move|p2a: Dragonite|Ice Beam|p1a: Exeggutor
|-supereffective|p1a: Exeggutor
|-damage|p1a: Exeggutor|0 fnt
|faint|p1a: Exeggutor
|
|switch|p1a: Electabuzz|Electabuzz, L85|284\/284
|turn|9
|
|move|p1a: Electabuzz|Psychic|p2a: Dragonite
|-damage|p2a: Dragonite|77\/328
|move|p2a: Dragonite|Thunder Wave|p1a: Electabuzz
|-status|p1a: Electabuzz|par
|
|turn|10
|
|move|p2a: Dragonite|Ice Beam|p1a: Electabuzz
|-damage|p1a: Electabuzz|235\/284 par
|move|p1a: Electabuzz|Psychic|p2a: Dragonite
|-damage|p2a: Dragonite|0 fnt
|faint|p2a: Dragonite
|
|switch|p2a: Porygon|Porygon, L85|284\/284
|turn|11
|
|move|p2a: Porygon|Sharpen|p2a: Porygon
|-boost|p2a: Porygon|atk|1
|move|p1a: Electabuzz|Thunder Wave|p2a: Porygon
|-status|p2a: Porygon|par
|
|turn|12
|
|move|p2a: Porygon|Sharpen|p2a: Porygon
|-boost|p2a: Porygon|atk|1
|cant|p1a: Electabuzz|par
|
|turn|13
|
|move|p2a: Porygon|Tri Attack|p1a: Electabuzz
|-damage|p1a: Electabuzz|77\/284 par
|move|p1a: Electabuzz|Thunderbolt|p2a: Porygon
|-damage|p2a: Porygon|178\/284 par
|
|turn|14
|
|move|p2a: Porygon|Tri Attack|p1a: Electabuzz
|-damage|p1a: Electabuzz|0 fnt
|faint|p1a: Electabuzz
|
|switch|p1a: Porygon|Porygon, L85|284\/284
|turn|15
|
|move|p1a: Porygon|Ice Beam|p2a: Porygon
|-damage|p2a: Porygon|113\/284 par
|move|p2a: Porygon|Recover|p2a: Porygon
|-heal|p2a: Porygon|255\/284 par
|
|turn|16
|
|move|p1a: Porygon|Ice Beam|p2a: Porygon
|-damage|p2a: Porygon|192\/284 par
|move|p2a: Porygon|Sharpen|p2a: Porygon
|-boost|p2a: Porygon|atk|1
|
|turn|17
|
|move|p1a: Porygon|Double-Edge|p2a: Porygon
|-damage|p2a: Porygon|97\/284 par
|-damage|p1a: Porygon|261\/284|[from] recoil|[of] p2a: Porygon
|move|p2a: Porygon|Recover|p2a: Porygon
|-heal|p2a: Porygon|239\/284 par
|
|turn|18
|
|move|p1a: Porygon|Double-Edge|p2a: Porygon
|-damage|p2a: Porygon|150\/284 par
|-damage|p1a: Porygon|239\/284|[from] recoil|[of] p2a: Porygon
|move|p2a: Porygon|Tri Attack|p1a: Porygon
|-damage|p1a: Porygon|68\/284
|
|turn|19
|
|move|p1a: Porygon|Double-Edge|p2a: Porygon
|-damage|p2a: Porygon|50\/284 par
|-damage|p1a: Porygon|43\/284|[from] recoil|[of] p2a: Porygon
|move|p2a: Porygon|Recover|p2a: Porygon
|-heal|p2a: Porygon|192\/284 par
|
|turn|20
|
|move|p1a: Porygon|Double-Edge|p2a: Porygon
|-damage|p2a: Porygon|105\/284 par
|-damage|p1a: Porygon|22\/284|[from] recoil|[of] p2a: Porygon
|move|p2a: Porygon|Recover|p2a: Porygon
|-heal|p2a: Porygon|247\/284 par
|
|turn|21
|
|move|p1a: Porygon|Double-Edge|p2a: Porygon
|-damage|p2a: Porygon|149\/284 par
|-damage|p1a: Porygon|0 fnt|[from] recoil|[of] p2a: Porygon
|faint|p1a: Porygon
|
|switch|p1a: Ninetales|Ninetales, L85|298\/298
|turn|22
|
|move|p1a: Ninetales|Fire Blast|p2a: Porygon
|-damage|p2a: Porygon|12\/284 par
|move|p2a: Porygon|Tri Attack|p1a: Ninetales
|-damage|p1a: Ninetales|128\/298
|
|turn|23
|
|move|p1a: Ninetales|Double-Edge|p2a: Porygon
|-damage|p2a: Porygon|0 fnt
|-damage|p1a: Ninetales|125\/298|[from] recoil|[of] p2a: Porygon
|faint|p2a: Porygon
|
|switch|p2a: Starmie|Starmie, L79|257\/257
|turn|24
|
|move|p2a: Starmie|Surf|p1a: Ninetales
|-supereffective|p1a: Ninetales
|-damage|p1a: Ninetales|0 fnt
|faint|p1a: Ninetales
|-message|sciberbia forfeited.
|
|win|MALESANI
|leave|sciberbia
|player|p1
|raw|sciberbia's rating: 1472 &rarr; <strong>1447<\/strong><br \/>(-25 for losing)
|raw|MALESANI's rating: 1383 &rarr; <strong>1408<\/strong><br \/>(+25 for winning)