|join|SonicJaxx
|join|Feena
|player|p1|SonicJaxx|265
|player|p2|Feena|170
|gametype|singles
|gen|1
|tier|[Gen 1] Random Battle
|rated
|rule|Sleep Clause Mod: Limit one foe put to sleep
|rule|Freeze Clause Mod: Limit one foe frozen
|rule|HP Percentage Mod: HP is shown in percentages
|
|start
|switch|p1a: Magnemite|Magnemite, L96|243\/243
|switch|p2a: Hitmonlee|Hitmonlee, L85|259\/259
|turn|1
|
|switch|p2a: Dugtrio|Dugtrio, L85|233\/233
|move|p1a: Magnemite|Thunder Wave|p2a: Dugtrio
|-immune|p2a: Dugtrio|[msg]
|
|turn|2
|
|switch|p1a: Fearow|Fearow, L85|284\/284
|move|p2a: Dugtrio|Earthquake|p1a: Fearow
|-immune|p1a: Fearow|[msg]
|
|turn|3
|
|move|p2a: Dugtrio|Slash|p1a: Fearow
|-crit|p1a: Fearow
|-damage|p1a: Fearow|187\/284
|move|p1a: Fearow|Drill Peck|p2a: Dugtrio
|-damage|p2a: Dugtrio|116\/233
|
|turn|4
|
|move|p2a: Dugtrio|Slash|p1a: Fearow
|-crit|p1a: Fearow
|-damage|p1a: Fearow|86\/284
|move|p1a: Fearow|Double-Edge|p2a: Dugtrio
|-damage|p2a: Dugtrio|0 fnt
|-damage|p1a: Fearow|57\/284|[from] recoil|[of] p2a: Dugtrio
|faint|p2a: Dugtrio
|
|switch|p2a: Rapidash|Rapidash, L85|284\/284
|turn|5
|
|switch|p1a: Tentacruel|Tentacruel, L85|310\/310
|move|p2a: Rapidash|Body Slam|p1a: Tentacruel
|-damage|p1a: Tentacruel|239\/310
|-status|p1a: Tentacruel|par
|
|turn|6
|
|switch|p2a: Nidoran-M|Nidoran-M, L96|283\/283
|move|p1a: Tentacruel|Surf|p2a: Nidoran-M
|-crit|p2a: Nidoran-M
|-damage|p2a: Nidoran-M|0 fnt
|faint|p2a: Nidoran-M
|
|switch|p2a: Hitmonlee|Hitmonlee, L85|259\/259
|turn|7
|
|move|p2a: Hitmonlee|Body Slam|p1a: Tentacruel
|-damage|p1a: Tentacruel|148\/310 par
|cant|p1a: Tentacruel|par
|
|turn|8
|
|move|p2a: Hitmonlee|Seismic Toss|p1a: Tentacruel
|-damage|p1a: Tentacruel|63\/310 par
|move|p1a: Tentacruel|Surf|p2a: Hitmonlee
|-crit|p2a: Hitmonlee
|-damage|p2a: Hitmonlee|0 fnt
|faint|p2a: Hitmonlee
|
|switch|p2a: Hitmonchan|Hitmonchan, L85|259\/259
|turn|9
|
|move|p2a: Hitmonchan|Seismic Toss|p1a: Tentacruel
|-damage|p1a: Tentacruel|0 fnt
|faint|p1a: Tentacruel
|
|switch|p1a: Fearow|Fearow, L85|57\/284
|turn|10
|
|move|p1a: Fearow|Drill Peck|p2a: Hitmonchan
|-supereffective|p2a: Hitmonchan
|-damage|p2a: Hitmonchan|90\/259
|move|p2a: Hitmonchan|Seismic Toss|p1a: Fearow
|-damage|p1a: Fearow|0 fnt
|faint|p1a: Fearow
|
|switch|p1a: Aerodactyl|Aerodactyl, L85|310\/310
|turn|11
|
|move|p1a: Aerodactyl|Double-Edge|p2a: Hitmonchan
|-damage|p2a: Hitmonchan|12\/259
|-damage|p1a: Aerodactyl|291\/310|[from] recoil|[of] p2a: Hitmonchan
|move|p2a: Hitmonchan|Submission|p1a: Aerodactyl
|-damage|p1a: Aerodactyl|176\/310
|-damage|p2a: Hitmonchan|0 fnt|[from] recoil|[of] p1a: Aerodactyl
|faint|p2a: Hitmonchan
|
|switch|p2a: Charizard|Charizard, L85|306\/306
|turn|12
|
|move|p1a: Aerodactyl|Sky Attack|p2a: Charizard|[still]
|-prepare|p1a: Aerodactyl|Sky Attack|p2a: Charizard
|move|p2a: Charizard|Swords Dance|p2a: Charizard
|-boost|p2a: Charizard|atk|2
|
|turn|13
|
|move|p1a: Aerodactyl|Sky Attack|p2a: Charizard
|-damage|p2a: Charizard|128\/306
|move|p2a: Charizard|Body Slam|p1a: Aerodactyl
|-resisted|p1a: Aerodactyl
|-damage|p1a: Aerodactyl|110\/310
|-status|p1a: Aerodactyl|par
|
|turn|14
|
|move|p2a: Charizard|Hyper Beam|p1a: Aerodactyl
|-resisted|p1a: Aerodactyl
|-damage|p1a: Aerodactyl|0 fnt
|faint|p1a: Aerodactyl
|
|switch|p1a: Magnemite|Magnemite, L96|243\/243
|turn|15
|
|move|p2a: Charizard|Earthquake|p1a: Magnemite
|-supereffective|p1a: Magnemite
|-damage|p1a: Magnemite|0 fnt
|faint|p1a: Magnemite
|
|switch|p1a: Drowzee|Drowzee, L96|310\/310
|turn|16
|
|move|p2a: Charizard|Hyper Beam|p1a: Drowzee
|-damage|p1a: Drowzee|42\/310
|move|p1a: Drowzee|Thunder Wave|p2a: Charizard
|-status|p2a: Charizard|par
|
|turn|17
|
|move|p1a: Drowzee|Rest|p1a: Drowzee
|-status|p1a: Drowzee|slp
|-heal|p1a: Drowzee|310\/310 slp|[silent]
|-status|p1a: Drowzee|slp|[from] move: Rest
|cant|p2a: Charizard|recharge
|
|turn|18
|
|switch|p1a: Hitmonchan|Hitmonchan, L85|259\/259
|move|p2a: Charizard|Body Slam|p1a: Hitmonchan
|-damage|p1a: Hitmonchan|149\/259
|
|turn|19
|
|move|p1a: Hitmonchan|Body Slam|p2a: Charizard
|-damage|p2a: Charizard|54\/306 par
|move|p2a: Charizard|Hyper Beam|p1a: Hitmonchan
|-damage|p1a: Hitmonchan|0 fnt
|faint|p1a: Hitmonchan
|
|switch|p1a: Drowzee|Drowzee, L96|310\/310 slp
|turn|20
|
|cant|p1a: Drowzee|slp
|move|p2a: Charizard|Body Slam|p1a: Drowzee
|-damage|p1a: Drowzee|173\/310 slp
|
|turn|21
|
|cant|p1a: Drowzee|slp
|-curestatus|p1a: Drowzee|slp
|cant|p2a: Charizard|par
|
|turn|22
|
|move|p1a: Drowzee|Psychic|p2a: Charizard
|-damage|p2a: Charizard|0 fnt
|faint|p2a: Charizard
|
|switch|p2a: Rapidash|Rapidash, L85|284\/284
|turn|23
|
|move|p2a: Rapidash|Body Slam|p1a: Drowzee
|-damage|p1a: Drowzee|90\/310
|-status|p1a: Drowzee|par
|move|p1a: Drowzee|Hypnosis|p2a: Rapidash
|-status|p2a: Rapidash|slp
|
|turn|24
|
|cant|p2a: Rapidash|slp
|-curestatus|p2a: Rapidash|slp
|cant|p1a: Drowzee|par
|
|turn|25
|
|move|p2a: Rapidash|Body Slam|p1a: Drowzee
|-damage|p1a: Drowzee|11\/310 par
|cant|p1a: Drowzee|par
|
|turn|26
|c|★Feena|gg
|
|move|p2a: Rapidash|Body Slam|p1a: Drowzee
|-crit|p1a: Drowzee
|-damage|p1a: Drowzee|0 fnt
|faint|p1a: Drowzee
|
|win|Feena
|raw|Ladder updating...
|raw|SonicJaxx's rating: 1432 &rarr; <strong>1406<\/strong><br \/>(-26 for losing)
|raw|Feena's rating: 1319 &rarr; <strong>1346<\/strong><br \/>(+27 for winning)