|j|smilzo
|j|Bomber
|player|p1|smilzo|157
|player|p2|Bomber|164
|gametype|singles
|gen|1
|tier|[Gen 1] OU
|seed|
|rule|Sleep Clause Mod: Limit one foe put to sleep
|rule|Freeze Clause Mod: Limit one foe frozen
|rule|Species Clause: Limit one of each Pokémon
|rule|OHKO Clause: OHKO moves are banned
|rule|Evasion Moves Clause: Evasion moves are banned
|rule|HP Percentage Mod: HP is shown in percentages
|
|start
|switch|p1a: Starmie|Starmie|100\/100
|switch|p2a: Alakazam|Alakazam|100\/100
|turn|1
|c|★smilzo|hf
|c|★Bomber|hf
|choice||
|
|switch|p1a: Exeggutor|Exeggutor|100\/100
|move|p2a: Alakazam|Thunder Wave|p1a: Exeggutor
|-status|p1a: Exeggutor|par
|
|turn|2
|choice||
|
|move|p2a: Alakazam|Seismic Toss|p1a: Exeggutor
|-damage|p1a: Exeggutor|75\/100 par
|move|p1a: Exeggutor|Sleep Powder|p2a: Alakazam
|-status|p2a: Alakazam|slp
|
|turn|3
|choice||
|
|switch|p2a: Chansey|Chansey|100\/100
|switch|p1a: Snorlax|Snorlax|100\/100
|
|turn|4
|choice||
|
|switch|p1a: Chansey|Chansey|100\/100
|move|p2a: Chansey|Reflect|p2a: Chansey
|-start|p2a: Chansey|Reflect
|
|turn|5
|choice||
|
|move|p1a: Chansey|Ice Beam|p2a: Chansey
|-damage|p2a: Chansey|90\/100
|move|p2a: Chansey|Thunder Wave|p1a: Chansey
|-status|p1a: Chansey|par
|
|turn|6
|choice||
|
|switch|p2a: Alakazam|Alakazam|100\/100 slp
|move|p1a: Chansey|Thunder Wave|p2a: Alakazam
|-fail|p2a: Alakazam
|
|turn|7
|choice||
|
|switch|p1a: Snorlax|Snorlax|100\/100
|-curestatus|p2a: Alakazam|slp
|
|turn|8
|choice||
|
|switch|p2a: Chansey|Chansey|90\/100
|switch|p1a: Chansey|Chansey|100\/100 par
|
|turn|9
|choice||
|
|switch|p2a: Snorlax|Snorlax|100\/100
|cant|p1a: Chansey|par
|
|turn|10
|choice||
|
|switch|p1a: Snorlax|Snorlax|100\/100
|move|p2a: Snorlax|Amnesia|p2a: Snorlax
|-boost|p2a: Snorlax|spd|2
|-boost|p2a: Snorlax|spa|2
|
|turn|11
|choice||
|
|move|p2a: Snorlax|Blizzard|p1a: Snorlax
|-crit|p1a: Snorlax
|-damage|p1a: Snorlax|66\/100
|move|p1a: Snorlax|Body Slam|p2a: Snorlax
|-damage|p2a: Snorlax|75\/100
|
|turn|12
|choice||
|
|move|p2a: Snorlax|Blizzard|p1a: Snorlax
|-damage|p1a: Snorlax|28\/100
|-status|p1a: Snorlax|frz
|cant|p1a: Snorlax|frz
|
|turn|13
|c|★smilzo|sob
|choice||
|
|switch|p1a: Chansey|Chansey|100\/100 par
|move|p2a: Snorlax|Body Slam|p1a: Chansey
|-damage|p1a: Chansey|62\/100 par
|
|turn|14
|choice||
|
|move|p2a: Snorlax|Body Slam|p1a: Chansey
|-damage|p1a: Chansey|23\/100 par
|move|p1a: Chansey|Thunder Wave|p2a: Snorlax
|-status|p2a: Snorlax|par
|
|turn|15
|choice||
|
|move|p1a: Chansey|Soft-Boiled|p1a: Chansey
|-heal|p1a: Chansey|73\/100 par
|move|p2a: Snorlax|Amnesia|p2a: Snorlax
|-boost|p2a: Snorlax|spd|2
|-boost|p2a: Snorlax|spa|2
|
|turn|16
|choice||
|
|switch|p1a: Snorlax|Snorlax|28\/100 frz
|move|p2a: Snorlax|Body Slam|p1a: Snorlax
|-damage|p1a: Snorlax|3\/100 frz
|
|turn|17
|choice||
|
|cant|p1a: Snorlax|frz
|move|p2a: Snorlax|Body Slam|p1a: Snorlax
|-crit|p1a: Snorlax
|-damage|p1a: Snorlax|0 fnt
|faint|p1a: Snorlax
|j|possyn
|choice||
|
|switch|p1a: Starmie|Starmie|100\/100
|turn|18
|choice||
|
|move|p1a: Starmie|Psychic|p2a: Snorlax
|-damage|p2a: Snorlax|66\/100 par
|cant|p2a: Snorlax|par
|
|turn|19
|choice||
|
|move|p1a: Starmie|Psychic|p2a: Snorlax
|-damage|p2a: Snorlax|58\/100 par
|-unboost|p2a: Snorlax|spd|1
|-unboost|p2a: Snorlax|spa|1
|move|p2a: Snorlax|Self-Destruct|p1a: Starmie
|-damage|p1a: Starmie|0 fnt
|faint|p1a: Starmie
|faint|p2a: Snorlax
|j|Slimmer
|choice||
|
|switch|p2a: Alakazam|Alakazam|100\/100
|switch|p1a: Exeggutor|Exeggutor|75\/100 par
|turn|20
|c| Slimmer|egl?
|choice||
|
|move|p2a: Alakazam|Seismic Toss|p1a: Exeggutor
|-damage|p1a: Exeggutor|50\/100 par
|move|p1a: Exeggutor|Sleep Powder|p2a: Alakazam
|-status|p2a: Alakazam|slp
|
|turn|21
|c|★smilzo|y
|j|Cheisoul
|l|Cheisoul
|choice||
|
|cant|p2a: Alakazam|slp
|move|p1a: Exeggutor|Stun Spore|p2a: Alakazam
|-fail|p2a: Alakazam
|
|turn|22
|choice||
|
|switch|p2a: Tauros|Tauros|100\/100
|switch|p1a: Tauros|Tauros|100\/100
|
|turn|23
|choice||
|
|move|p2a: Tauros|Body Slam|p1a: Tauros
|-damage|p1a: Tauros|72\/100
|move|p1a: Tauros|Body Slam|p2a: Tauros
|-damage|p2a: Tauros|73\/100
|
|turn|24
|choice||
|
|move|p1a: Tauros|Body Slam|p2a: Tauros
|-damage|p2a: Tauros|43\/100
|move|p2a: Tauros|Body Slam|p1a: Tauros
|-damage|p1a: Tauros|43\/100
|
|turn|25
|choice||
|
|switch|p1a: Golem|Golem|100\/100
|switch|p2a: Starmie|Starmie|100\/100
|
|turn|26
|j|Cheisoul
|choice||
|
|switch|p1a: Chansey|Chansey|73\/100 par
|move|p2a: Starmie|Psychic|p1a: Chansey
|-damage|p1a: Chansey|57\/100 par
|
|turn|27
|j|Bisclavret
|choice||
|
|switch|p2a: Tauros|Tauros|43\/100
|cant|p1a: Chansey|par
|
|turn|28
|choice||
|
|move|p2a: Tauros|Body Slam|p1a: Chansey
|-damage|p1a: Chansey|19\/100 par
|move|p1a: Chansey|Thunder Wave|p2a: Tauros
|-status|p2a: Tauros|par
|
|turn|29
|c| possyn|che coraggio smilzo
|c| possyn|mossa coraggiosa
|c|★smilzo|eh
|c|★smilzo|il freeze sul boom è stato sfortunato
|l|Bisclavret
|c|★smilzo|ora non è che possa fare piu di tanto
|j|Coffe
|c| possyn|non perdere tempo con me stai sul pezzo
|c| Coffe|egl?
|j|nbf per la gente
|c| Slimmer|y
|c|★Bomber|si
|j|Tricking
|choice||
|
|switch|p1a: Exeggutor|Exeggutor|50\/100 par
|move|p2a: Tauros|Body Slam|p1a: Exeggutor
|-damage|p1a: Exeggutor|24\/100 par
|
|turn|30
|c|+Tricking|sigh
|choice||
|
|move|p2a: Tauros|Body Slam|p1a: Exeggutor
|-damage|p1a: Exeggutor|0 fnt
|faint|p1a: Exeggutor
|choice||
|
|switch|p1a: Tauros|Tauros|43\/100
|turn|31
|choice||
|
|move|p1a: Tauros|Hyper Beam|p2a: Tauros
|-crit|p2a: Tauros
|-damage|p2a: Tauros|0 fnt
|faint|p2a: Tauros
|choice||
|
|switch|p2a: Exeggutor|Exeggutor|100\/100
|turn|32
|choice||
|
|switch|p1a: Golem|Golem|100\/100
|move|p2a: Exeggutor|Psychic|p1a: Golem
|-damage|p1a: Golem|54\/100
|
|turn|33
|choice||
|
|move|p2a: Exeggutor|Sleep Powder|p1a: Golem
|-status|p1a: Golem|slp
|-curestatus|p1a: Golem|slp
|
|turn|34
|j|Gigo
|j|Not Troller
|c| Not Troller|è per qualcosa?
|c|★smilzo|egll
|j|LUCKSKILL
|choice||
|
|move|p2a: Exeggutor|Sleep Powder|p1a: Golem
|-status|p1a: Golem|slp
|cant|p1a: Golem|slp
|
|turn|35
|c|★smilzo|rip
|choice||
|
|move|p2a: Exeggutor|Psychic|p1a: Golem
|-damage|p1a: Golem|6\/100 slp
|-unboost|p1a: Golem|spd|1
|-unboost|p1a: Golem|spa|1
|cant|p1a: Golem|slp
|
|turn|36
|choice||
|
|move|p2a: Exeggutor|Psychic|p1a: Golem
|-damage|p1a: Golem|0 fnt
|faint|p1a: Golem
|choice||
|
|switch|p1a: Tauros|Tauros|43\/100
|turn|37
|choice||
|
|move|p1a: Tauros|Hyper Beam|p2a: Exeggutor
|-crit|p2a: Exeggutor
|-damage|p2a: Exeggutor|11\/100
|move|p2a: Exeggutor|Psychic|p1a: Tauros
|-damage|p1a: Tauros|0 fnt
|faint|p1a: Tauros
|c|★Bomber|gg
|choice||
|
|switch|p1a: Chansey|Chansey|19\/100 par
|turn|38
|c|★smilzo|gg
|choice||
|
|move|p2a: Exeggutor|Explosion|p1a: Chansey
|-damage|p1a: Chansey|0 fnt
|faint|p1a: Chansey
|faint|p2a: Exeggutor
|
|win|Bomber
|player|p1
|player|p2
|l|Tricking