|join|MALESANI
|join|PickledBeets
|player|p1|MALESANI|238
|player|p2|PickledBeets|162
|gametype|singles
|gen|1
|tier|[Gen 1] Random Battle
|rated
|seed|5733,18064,47113,40263
|rule|Sleep Clause Mod: Limit one foe put to sleep
|rule|Freeze Clause Mod: Limit one foe frozen
|rule|HP Percentage Mod: HP is shown in percentages
|
|start
|switch|p1a: Hitmonchan|Hitmonchan, L90|273\/273
|switch|p2a: Ponyta|Ponyta, L96|291\/291
|turn|1
|choice|move 2|move 3
|
|move|p2a: Ponyta|Fire Blast|p1a: Hitmonchan|[miss]
|-miss|p2a: Ponyta
|move|p1a: Hitmonchan|Body Slam|p2a: Ponyta
|-damage|p2a: Ponyta|208\/291
|
|turn|2
|choice|switch 6|move 3
|
|switch|p1a: Seaking|Seaking, L90|327\/327
|move|p2a: Ponyta|Fire Blast|p1a: Seaking
|-resisted|p1a: Seaking
|-damage|p1a: Seaking|263\/327
|
|turn|3
|choice|move 2|switch 2
|
|switch|p2a: Porygon|Porygon, L85|284\/284
|move|p1a: Seaking|Blizzard|p2a: Porygon
|-damage|p2a: Porygon|186\/284
|
|turn|4
|choice|move 3|move 4
|
|move|p1a: Seaking|Surf|p2a: Porygon
|-damage|p2a: Porygon|71\/284
|move|p2a: Porygon|Thunder Wave|p1a: Seaking
|-status|p1a: Seaking|par
|
|turn|5
|choice|move 3|move 1
|
|move|p2a: Porygon|Recover|p2a: Porygon
|-heal|p2a: Porygon|213\/284
|move|p1a: Seaking|Surf|p2a: Porygon
|-damage|p2a: Porygon|95\/284
|
|turn|6
|choice|move 2|move 1
|
|move|p2a: Porygon|Recover|p2a: Porygon
|-heal|p2a: Porygon|237\/284
|move|p1a: Seaking|Blizzard|p2a: Porygon
|-damage|p2a: Porygon|143\/284
|-status|p2a: Porygon|frz
|
|turn|7
|choice|switch 2|switch 4
|
|switch|p2a: Mew|Mew, L74|300\/300
|switch|p1a: Pidgey|Pidgey, L96|272\/272
|
|turn|8
|choice|move 2|move 2
|
|move|p2a: Mew|Swords Dance|p2a: Mew
|-boost|p2a: Mew|atk|2
|move|p1a: Pidgey|Agility|p1a: Pidgey
|-boost|p1a: Pidgey|spe|2
|
|turn|9
|choice|move 4|move 2
|
|move|p1a: Pidgey|Reflect|p1a: Pidgey
|-start|p1a: Pidgey|Reflect
|move|p2a: Mew|Swords Dance|p2a: Mew
|-boost|p2a: Mew|atk|2
|
|turn|10
|choice|move 3|move 2
|
|move|p1a: Pidgey|Mirror Move|p1a: Pidgey
|move|p1a: Pidgey|Swords Dance|p1a: Pidgey|[from]Mirror Move
|-boost|p1a: Pidgey|atk|2
|move|p2a: Mew|Swords Dance|p2a: Mew
|-boost|p2a: Mew|atk|2
|
|turn|11
|choice|move 3|move 4
|
|move|p1a: Pidgey|Mirror Move|p1a: Pidgey
|move|p1a: Pidgey|Swords Dance|p1a: Pidgey|[from]Mirror Move
|-boost|p1a: Pidgey|atk|2
|move|p2a: Mew|Hyper Beam|p1a: Pidgey
|-damage|p1a: Pidgey|31\/272
|
|turn|12
|-mustrecharge|p2a: Mew
|-mustrecharge|p2a: Mew
|choice|move 3|move 1
|
|move|p1a: Pidgey|Mirror Move|p1a: Pidgey
|move|p1a: Pidgey|Hyper Beam|p2a: Mew|[from]Mirror Move
|-damage|p2a: Mew|0 fnt
|faint|p2a: Mew
|choice||switch 5
|
|switch|p2a: Machoke|Machoke, L85|310\/310
|turn|13
|-mustrecharge|p1a: Pidgey
|-mustrecharge|p1a: Pidgey
|choice|move 1|move 3
|
|cant|p1a: Pidgey|recharge
|move|p2a: Machoke|Body Slam|p1a: Pidgey
|-damage|p1a: Pidgey|0 fnt
|faint|p1a: Pidgey
|choice|switch 4|
|
|switch|p1a: Hypno|Hypno, L85|318\/318
|turn|14
|choice|move 1|switch 3
|
|switch|p2a: Exeggutor|Exeggutor, L79|312\/312
|move|p1a: Hypno|Psychic|p2a: Exeggutor
|-resisted|p2a: Exeggutor
|-damage|p2a: Exeggutor|269\/312
|-unboost|p2a: Exeggutor|spd|1
|-unboost|p2a: Exeggutor|spa|1
|
|turn|15
|choice|move 2|move 1
|
|move|p1a: Hypno|Hypnosis|p2a: Exeggutor
|-status|p2a: Exeggutor|slp
|cant|p2a: Exeggutor|slp
|
|turn|16
|choice|move 1|switch 2
|
|switch|p2a: Ponyta|Ponyta, L96|208\/291
|move|p1a: Hypno|Psychic|p2a: Ponyta
|-damage|p2a: Ponyta|96\/291
|
|turn|17
|choice|move 1|move 3
|
|move|p2a: Ponyta|Fire Blast|p1a: Hypno
|-damage|p1a: Hypno|217\/318
|-status|p1a: Hypno|brn
|move|p1a: Hypno|Psychic|p2a: Ponyta
|-damage|p2a: Ponyta|0 fnt
|faint|p2a: Ponyta
|choice||switch 6
|
|switch|p2a: Pidgeot|Pidgeot, L90|333\/333
|turn|18
|choice|move 3|move 1
|
|move|p2a: Pidgeot|Double-Edge|p1a: Hypno
|-damage|p1a: Hypno|89\/318 brn
|-damage|p2a: Pidgeot|301\/333|[from] recoil|[of] p1a: Hypno
|move|p1a: Hypno|Thunder Wave|p2a: Pidgeot
|-status|p2a: Pidgeot|par
|-damage|p1a: Hypno|70\/318 brn|[from] brn|[of] p2a: Pidgeot
|
|turn|19
|choice|switch 2|move 3
|
|switch|p1a: Seaking|Seaking, L90|263\/327 par
|cant|p2a: Pidgeot|par
|
|turn|20
|choice|move 2|switch 3
|
|switch|p2a: Machoke|Machoke, L85|310\/310
|cant|p1a: Seaking|par
|
|turn|21
|choice|switch 3|move 3
|
|switch|p1a: Paras|Paras, L96|262\/262
|move|p2a: Machoke|Body Slam|p1a: Paras
|-damage|p1a: Paras|193\/262
|
|turn|22
|choice|move 4|move 2
|
|move|p1a: Paras|Mega Drain|p2a: Machoke
|-damage|p2a: Machoke|255\/310
|-heal|p1a: Paras|220\/262|[from] drain|[of] p2a: Machoke
|move|p2a: Machoke|Counter|p1a: Paras
|-fail|p2a: Machoke
|
|turn|23
|choice|move 3|move 3
|
|move|p2a: Machoke|Body Slam|p1a: Paras
|-crit|p1a: Paras
|-damage|p1a: Paras|71\/262
|move|p1a: Paras|Swords Dance|p1a: Paras
|-boost|p1a: Paras|atk|2
|
|turn|24
|choice|move 1|move 3
|
|move|p2a: Machoke|Body Slam|p1a: Paras
|-damage|p1a: Paras|0 fnt
|faint|p1a: Paras
|choice|switch 6|
|
|switch|p1a: Hitmonchan|Hitmonchan, L90|273\/273
|turn|25
|choice|move 2|move 2
|
|move|p1a: Hitmonchan|Body Slam|p2a: Machoke
|-damage|p2a: Machoke|165\/310
|-status|p2a: Machoke|par
|move|p2a: Machoke|Counter|p1a: Hitmonchan
|-damage|p1a: Hitmonchan|93\/273
|
|turn|26
|choice|move 4|move 2
|
|move|p1a: Hitmonchan|Counter|p2a: Machoke
|-fail|p1a: Hitmonchan
|cant|p2a: Machoke|par
|
|turn|27
|choice|move 3|move 2
|
|move|p1a: Hitmonchan|Submission|p2a: Machoke
|-damage|p2a: Machoke|47\/310 par
|-damage|p1a: Hitmonchan|64\/273|[from] recoil|[of] p2a: Machoke
|cant|p2a: Machoke|par
|
|turn|28
|choice|move 1|move 1
|
|move|p1a: Hitmonchan|Seismic Toss|p2a: Machoke
|-damage|p2a: Machoke|0 fnt
|faint|p2a: Machoke
|choice||switch 2
|
|switch|p2a: Exeggutor|Exeggutor, L79|269\/312 slp
|turn|29
|choice|move 1|move 2
|
|move|p1a: Hitmonchan|Seismic Toss|p2a: Exeggutor
|-damage|p2a: Exeggutor|179\/312 slp
|cant|p2a: Exeggutor|slp
|
|turn|30
|choice|move 1|move 2
|
|move|p1a: Hitmonchan|Seismic Toss|p2a: Exeggutor
|-damage|p2a: Exeggutor|89\/312 slp
|cant|p2a: Exeggutor|slp
|
|turn|31
|choice|move 2|move 2
|
|move|p1a: Hitmonchan|Body Slam|p2a: Exeggutor
|-damage|p2a: Exeggutor|7\/312 slp
|cant|p2a: Exeggutor|slp
|
|turn|32
|choice|move 2|move 2
|
|move|p1a: Hitmonchan|Body Slam|p2a: Exeggutor
|-crit|p2a: Exeggutor
|-damage|p2a: Exeggutor|0 fnt
|faint|p2a: Exeggutor
|choice||switch 3
|
|switch|p2a: Pidgeot|Pidgeot, L90|301\/333 par
|turn|33
|choice|move 2|move 3
|
|move|p1a: Hitmonchan|Body Slam|p2a: Pidgeot
|-damage|p2a: Pidgeot|219\/333 par
|move|p2a: Pidgeot|Agility|p2a: Pidgeot
|-boost|p2a: Pidgeot|spe|2
|
|turn|34
|choice|move 1|move 4
|
|move|p2a: Pidgeot|Reflect|p2a: Pidgeot
|-start|p2a: Pidgeot|Reflect
|move|p1a: Hitmonchan|Seismic Toss|p2a: Pidgeot
|-damage|p2a: Pidgeot|129\/333 par
|
|turn|35
|choice|move 1|move 1
|
|move|p2a: Pidgeot|Double-Edge|p1a: Hitmonchan
|-damage|p1a: Hitmonchan|0 fnt
|-damage|p2a: Pidgeot|113\/333 par|[from] recoil|[of] p1a: Hitmonchan
|faint|p1a: Hitmonchan
|choice|switch 5|
|
|switch|p1a: Primeape|Primeape, L90|300\/300
|turn|36
|choice|move 1|move 2
|
|cant|p2a: Pidgeot|par
|move|p1a: Primeape|Body Slam|p2a: Pidgeot
|-damage|p2a: Pidgeot|74\/333 par
|
|turn|37
|choice|move 3|move 2
|
|move|p2a: Pidgeot|Rest|p2a: Pidgeot
|-status|p2a: Pidgeot|slp
|-heal|p2a: Pidgeot|333\/333 slp|[silent]
|-status|p2a: Pidgeot|slp|[from] move: Rest
|move|p1a: Primeape|Hyper Beam|p2a: Pidgeot
|-damage|p2a: Pidgeot|268\/333 slp
|
|turn|38
|-mustrecharge|p1a: Primeape
|-mustrecharge|p1a: Primeape
|choice|move 1|move 1
|
|cant|p2a: Pidgeot|slp
|cant|p1a: Primeape|recharge
|
|turn|39
|choice|switch 3|move 1
|
|switch|p1a: Seaking|Seaking, L90|263\/327 par
|-curestatus|p2a: Pidgeot|slp
|
|turn|40
|choice|move 2|move 1
|
|move|p2a: Pidgeot|Double-Edge|p1a: Seaking
|-damage|p1a: Seaking|135\/327 par
|-damage|p2a: Pidgeot|236\/333|[from] recoil|[of] p1a: Seaking
|move|p1a: Seaking|Blizzard|p2a: Pidgeot
|-crit|p2a: Pidgeot
|-supereffective|p2a: Pidgeot
|-damage|p2a: Pidgeot|0 fnt
|faint|p2a: Pidgeot
|choice||switch 4
|
|switch|p2a: Porygon|Porygon, L85|143\/284 frz
|turn|41
|-message|PickledBeets forfeited.
|
|win|MALESANI
|leave|PickledBeets
|player|p2
|raw|MALESANI's rating: 1443 &rarr; <strong>1454<\/strong><br \/>(+11 for winning)
|raw|PickledBeets's rating: 1270 &rarr; <strong>1257<\/strong><br \/>(-13 for losing)