|j|Naj101
|j|SinisterHFigure
|player|p1|Naj101|102
|player|p2|SinisterHFigure|269
|gametype|singles
|gen|1
|tier|[Gen 1] OU
|rated
|seed|55948,21959,33186,5941
|rule|Sleep Clause Mod: Limit one foe put to sleep
|rule|Freeze Clause Mod: Limit one foe frozen
|rule|Species Clause: Limit one of each Pokémon
|rule|OHKO Clause: OHKO moves are banned
|rule|Evasion Moves Clause: Evasion moves are banned
|rule|HP Percentage Mod: HP is shown in percentages
|
|start
|switch|p1a: Exeggutor|Exeggutor|393\/393
|switch|p2a: Dragonair|Dragonair|325\/325
|turn|1
|choice|move 3|move 1
|
|move|p2a: Dragonair|Wrap|p1a: Exeggutor
|-damage|p1a: Exeggutor|381\/393
|-activate|p1a: Exeggutor|move: Wrap|[of] p2a: Dragonair
|cant|p1a: Exeggutor|partiallytrapped
|
|turn|2
|choice|switch 5|move 1
|
|switch|p1a: Jolteon|Jolteon|333\/333
|move|p2a: Dragonair|Wrap|p1a: Jolteon
|-damage|p1a: Jolteon|317\/333
|-activate|p1a: Jolteon|move: Wrap|[of] p2a: Dragonair
|
|turn|3
|choice|move 4|move 1
|
|cant|p1a: Jolteon|partiallytrapped
|move|p2a: Dragonair|Wrap|p1a: Jolteon
|-damage|p1a: Jolteon|301\/333
|
|turn|4
|choice|move 4|move 1
|
|cant|p1a: Jolteon|partiallytrapped
|move|p2a: Dragonair|Wrap|p1a: Jolteon
|-damage|p1a: Jolteon|285\/333
|
|-end|p1a: Jolteon|Wrap|[partiallytrapped]
|turn|5
|choice|move 4|move 2
|
|move|p1a: Jolteon|Thunder Wave|p2a: Dragonair
|-status|p2a: Dragonair|par
|move|p2a: Dragonair|Thunder Wave|p1a: Jolteon
|-status|p1a: Jolteon|par
|
|turn|6
|c|★Naj101|thats a new one
|c|★Naj101|xD
|choice|switch 4|move 4
|
|switch|p1a: Golem|Golem|363\/363
|move|p2a: Dragonair|Agility|p2a: Dragonair
|-boost|p2a: Dragonair|spe|2
|
|turn|7
|choice|move 4|move 3
|
|cant|p2a: Dragonair|par
|move|p1a: Golem|Explosion|p2a: Dragonair
|-damage|p2a: Dragonair|0 fnt
|faint|p2a: Dragonair
|faint|p1a: Golem
|c|★Naj101|problem solved
|choice|switch 6|switch 4
|
|switch|p2a: Arbok|Arbok|323\/323
|switch|p1a: Slowbro|Slowbro|393\/393
|turn|8
|choice|move 4|move 2
|
|move|p2a: Arbok|Wrap|p1a: Slowbro|[miss]
|-miss|p2a: Arbok
|move|p1a: Slowbro|Thunder Wave|p2a: Arbok
|-status|p2a: Arbok|par
|
|turn|9
|choice|move 1|move 1
|
|move|p1a: Slowbro|Amnesia|p1a: Slowbro
|-boost|p1a: Slowbro|spd|2
|-boost|p1a: Slowbro|spa|2
|move|p2a: Arbok|Glare|p1a: Slowbro
|-status|p1a: Slowbro|par
|
|turn|10
|choice|move 1|move 2
|
|cant|p1a: Slowbro|par
|move|p2a: Arbok|Wrap|p1a: Slowbro
|-damage|p1a: Slowbro|382\/393 par
|-activate|p1a: Slowbro|move: Wrap|[of] p2a: Arbok
|
|turn|11
|choice|move 3|switch 3
|
|switch|p2a: Victreebel|Victreebel|363\/363
|cant|p1a: Slowbro|partiallytrapped
|
|-end|p1a: Slowbro|Wrap|[partiallytrapped]
|turn|12
|choice|move 4|move 2
|
|move|p2a: Victreebel|Wrap|p1a: Slowbro
|-damage|p1a: Slowbro|370\/393 par
|-activate|p1a: Slowbro|move: Wrap|[of] p2a: Victreebel
|cant|p1a: Slowbro|partiallytrapped
|
|turn|13
|choice|move 4|move 2
|
|move|p2a: Victreebel|Wrap|p1a: Slowbro
|-damage|p1a: Slowbro|358\/393 par
|cant|p1a: Slowbro|partiallytrapped
|
|-end|p1a: Slowbro|Wrap|[partiallytrapped]
|turn|14
|choice|move 4|move 2
|
|move|p2a: Victreebel|Wrap|p1a: Slowbro
|-crit|p1a: Slowbro
|-damage|p1a: Slowbro|334\/393 par
|-activate|p1a: Slowbro|move: Wrap|[of] p2a: Victreebel
|cant|p1a: Slowbro|partiallytrapped
|
|turn|15
|choice|switch 5|move 2
|
|switch|p1a: Exeggutor|Exeggutor|381\/393
|move|p2a: Victreebel|Wrap|p1a: Exeggutor
|-crit|p1a: Exeggutor
|-damage|p1a: Exeggutor|355\/393
|-activate|p1a: Exeggutor|move: Wrap|[of] p2a: Victreebel
|
|turn|16
|choice|move 1|move 2
|
|move|p2a: Victreebel|Wrap|p1a: Exeggutor
|-damage|p1a: Exeggutor|329\/393
|cant|p1a: Exeggutor|partiallytrapped
|
|turn|17
|choice|move 1|move 2
|
|move|p2a: Victreebel|Wrap|p1a: Exeggutor
|-damage|p1a: Exeggutor|303\/393
|cant|p1a: Exeggutor|partiallytrapped
|
|-end|p1a: Exeggutor|Wrap|[partiallytrapped]
|turn|18
|choice|switch 4|switch 3
|
|switch|p2a: Arbok|Arbok|323\/323 par
|switch|p1a: Jolteon|Jolteon|285\/333 par
|
|turn|19
|choice|move 2|move 3
|
|move|p1a: Jolteon|Pin Missile|p2a: Arbok
|-supereffective|p2a: Arbok
|-damage|p2a: Arbok|298\/323 par
|-damage|p2a: Arbok|273\/323 par
|-damage|p2a: Arbok|248\/323 par
|-hitcount|p2a: Arbok|3
|cant|p2a: Arbok|par
|
|turn|20
|choice|move 1|move 3
|
|move|p1a: Jolteon|Thunderbolt|p2a: Arbok
|-damage|p2a: Arbok|102\/323 par
|move|p2a: Arbok|Earthquake|p1a: Jolteon
|-supereffective|p1a: Jolteon
|-damage|p1a: Jolteon|101\/333 par
|
|turn|21
|choice|move 1|move 3
|
|cant|p1a: Jolteon|par
|move|p2a: Arbok|Earthquake|p1a: Jolteon
|-supereffective|p1a: Jolteon
|-damage|p1a: Jolteon|0 fnt
|faint|p1a: Jolteon
|choice|switch 3|
|
|switch|p1a: Tauros|Tauros|353\/353
|turn|22
|choice|move 2|move 1
|
|move|p1a: Tauros|Hyper Beam|p2a: Arbok
|-damage|p2a: Arbok|0 fnt
|faint|p2a: Arbok
|choice||switch 3
|
|switch|p2a: Victreebel|Victreebel|363\/363
|turn|23
|choice|move 4|move 1
|
|move|p1a: Tauros|Substitute|p1a: Tauros
|-start|p1a: Tauros|Substitute
|-damage|p1a: Tauros|265\/353
|move|p2a: Victreebel|Stun Spore|p1a: Tauros
|-status|p1a: Tauros|par
|
|turn|24
|choice|move 1|move 2
|
|move|p2a: Victreebel|Wrap|p1a: Tauros
|-activate|p1a: Tauros|move: Wrap|[of] p2a: Victreebel
|-activate|p1a: Tauros|Substitute|[damage]
|cant|p1a: Tauros|partiallytrapped
|
|turn|25
|choice|move 1|move 2
|
|move|p2a: Victreebel|Wrap|p1a: Tauros
|-activate|p1a: Tauros|Substitute|[damage]
|cant|p1a: Tauros|partiallytrapped
|
|-end|p1a: Tauros|Wrap|[partiallytrapped]
|turn|26
|choice|move 1|switch 6
|
|switch|p2a: Cloyster|Cloyster|303\/303
|move|p1a: Tauros|Body Slam|p2a: Cloyster
|-damage|p2a: Cloyster|232\/303
|
|turn|27
|choice|move 1|move 1
|
|move|p2a: Cloyster|Clamp|p1a: Tauros
|-activate|p1a: Tauros|move: Clamp|[of] p2a: Cloyster
|-activate|p1a: Tauros|Substitute|[damage]
|cant|p1a: Tauros|par
|
|turn|28
|choice|move 1|move 1
|
|move|p2a: Cloyster|Clamp|p1a: Tauros
|-end|p1a: Tauros|Substitute
|cant|p1a: Tauros|partiallytrapped
|
|-end|p1a: Tauros|Clamp|[partiallytrapped]
|turn|29
|choice|move 1|move 1
|
|move|p2a: Cloyster|Clamp|p1a: Tauros
|-damage|p1a: Tauros|217\/353 par
|-activate|p1a: Tauros|move: Clamp|[of] p2a: Cloyster
|cant|p1a: Tauros|partiallytrapped
|
|turn|30
|choice|move 1|move 1
|
|move|p2a: Cloyster|Clamp|p1a: Tauros
|-damage|p1a: Tauros|173\/353 par
|cant|p1a: Tauros|partiallytrapped
|
|-end|p1a: Tauros|Clamp|[partiallytrapped]
|turn|31
|choice|move 1|move 1
|
|move|p2a: Cloyster|Clamp|p1a: Tauros
|-damage|p1a: Tauros|129\/353 par
|-activate|p1a: Tauros|move: Clamp|[of] p2a: Cloyster
|cant|p1a: Tauros|partiallytrapped
|
|turn|32
|choice|move 1|move 1
|
|move|p2a: Cloyster|Clamp|p1a: Tauros
|-damage|p1a: Tauros|85\/353 par
|cant|p1a: Tauros|partiallytrapped
|
|turn|33
|choice|move 1|move 1
|
|move|p2a: Cloyster|Clamp|p1a: Tauros
|-damage|p1a: Tauros|41\/353 par
|cant|p1a: Tauros|partiallytrapped
|
|-end|p1a: Tauros|Clamp|[partiallytrapped]
|turn|34
|choice|move 1|move 3
|
|move|p2a: Cloyster|Surf|p1a: Tauros
|-damage|p1a: Tauros|0 fnt
|faint|p1a: Tauros
|choice|switch 2|
|
|switch|p1a: Chansey|Chansey|703\/703
|turn|35
|choice|move 4|move 1
|
|move|p2a: Cloyster|Clamp|p1a: Chansey
|-damage|p1a: Chansey|664\/703
|-activate|p1a: Chansey|move: Clamp|[of] p2a: Cloyster
|cant|p1a: Chansey|partiallytrapped
|
|turn|36
|choice|move 4|switch 2
|
|switch|p2a: Lickitung|Lickitung|383\/383
|cant|p1a: Chansey|partiallytrapped
|
|-end|p1a: Chansey|Clamp|[partiallytrapped]
|turn|37
|choice|move 4|move 3
|
|move|p1a: Chansey|Thunder Wave|p2a: Lickitung
|-status|p2a: Lickitung|par
|cant|p2a: Lickitung|par
|
|turn|38
|choice|switch 4|move 3
|
|switch|p1a: Exeggutor|Exeggutor|303\/393
|move|p2a: Lickitung|Body Slam|p1a: Exeggutor
|-damage|p1a: Exeggutor|219\/393
|
|turn|39
|choice|move 2|move 3
|
|move|p1a: Exeggutor|Mega Drain|p2a: Lickitung
|-damage|p2a: Lickitung|303\/383 par
|-heal|p1a: Exeggutor|259\/393|[from] drain|[of] p2a: Lickitung
|move|p2a: Lickitung|Body Slam|p1a: Exeggutor
|-damage|p1a: Exeggutor|181\/393
|
|turn|40
|choice|move 2|move 3
|
|move|p1a: Exeggutor|Mega Drain|p2a: Lickitung
|-crit|p2a: Lickitung
|-damage|p2a: Lickitung|146\/383 par
|-heal|p1a: Exeggutor|259\/393|[from] drain|[of] p2a: Lickitung
|move|p2a: Lickitung|Body Slam|p1a: Exeggutor
|-damage|p1a: Exeggutor|181\/393
|
|turn|41
|choice|move 2|move 3
|
|move|p1a: Exeggutor|Mega Drain|p2a: Lickitung
|-damage|p2a: Lickitung|72\/383 par
|-heal|p1a: Exeggutor|218\/393|[from] drain|[of] p2a: Lickitung
|cant|p2a: Lickitung|par
|
|turn|42
|choice|move 1|move 3
|
|move|p1a: Exeggutor|Psychic|p2a: Lickitung|[miss]
|-miss|p1a: Exeggutor
|move|p2a: Lickitung|Body Slam|p1a: Exeggutor
|-damage|p1a: Exeggutor|146\/393
|
|turn|43
|choice|move 1|move 3
|
|move|p1a: Exeggutor|Psychic|p2a: Lickitung
|-damage|p2a: Lickitung|0 fnt
|faint|p2a: Lickitung
|c|★Naj101|Gen 1 miss??
|choice||switch 2
|
|switch|p2a: Cloyster|Cloyster|232\/303
|turn|44
|choice|move 2|move 2
|
|move|p2a: Cloyster|Blizzard|p1a: Exeggutor
|-supereffective|p1a: Exeggutor
|-damage|p1a: Exeggutor|0 fnt
|faint|p1a: Exeggutor
|choice|switch 4|
|
|switch|p1a: Chansey|Chansey|664\/703
|turn|45
|choice|move 4|move 1
|
|move|p2a: Cloyster|Clamp|p1a: Chansey
|-crit|p1a: Chansey
|-damage|p1a: Chansey|597\/703
|-activate|p1a: Chansey|move: Clamp|[of] p2a: Cloyster
|cant|p1a: Chansey|partiallytrapped
|
|turn|46
|choice|move 4|switch 5
|
|switch|p2a: Dragonite|Dragonite|385\/385
|cant|p1a: Chansey|partiallytrapped
|
|-end|p1a: Chansey|Clamp|[partiallytrapped]
|turn|47
|choice|move 4|move 2
|
|move|p2a: Dragonite|Thunder Wave|p1a: Chansey
|-status|p1a: Chansey|par
|move|p1a: Chansey|Thunder Wave|p2a: Dragonite
|-status|p2a: Dragonite|par
|
|turn|48
|choice|move 2|move 4
|
|move|p2a: Dragonite|Agility|p2a: Dragonite
|-boost|p2a: Dragonite|spe|2
|cant|p1a: Chansey|par
|
|turn|49
|choice|move 2|move 1
|
|move|p2a: Dragonite|Wrap|p1a: Chansey
|-damage|p1a: Chansey|559\/703 par
|-activate|p1a: Chansey|move: Wrap|[of] p2a: Dragonite
|cant|p1a: Chansey|partiallytrapped
|
|turn|50
|choice|move 2|move 1
|
|move|p2a: Dragonite|Wrap|p1a: Chansey
|-damage|p1a: Chansey|521\/703 par
|cant|p1a: Chansey|par
|
|turn|51
|choice|move 2|move 1
|
|move|p2a: Dragonite|Wrap|p1a: Chansey
|-damage|p1a: Chansey|483\/703 par
|cant|p1a: Chansey|partiallytrapped
|
|-end|p1a: Chansey|Wrap|[partiallytrapped]
|turn|52
|choice|move 2|move 1
|
|move|p2a: Dragonite|Wrap|p1a: Chansey
|-damage|p1a: Chansey|439\/703 par
|-activate|p1a: Chansey|move: Wrap|[of] p2a: Dragonite
|cant|p1a: Chansey|par
|
|turn|53
|choice|move 2|move 1
|
|move|p2a: Dragonite|Wrap|p1a: Chansey
|-damage|p1a: Chansey|395\/703 par
|cant|p1a: Chansey|par
|
|turn|54
|choice|move 2|move 1
|
|move|p2a: Dragonite|Wrap|p1a: Chansey
|-damage|p1a: Chansey|351\/703 par
|cant|p1a: Chansey|partiallytrapped
|
|turn|55
|choice|move 2|move 1
|
|cant|p2a: Dragonite|par
|cant|p1a: Chansey|par
|
|-end|p1a: Chansey|Wrap|[partiallytrapped]
|turn|56
|choice|move 2|move 1
|
|move|p2a: Dragonite|Wrap|p1a: Chansey
|-damage|p1a: Chansey|308\/703 par
|-activate|p1a: Chansey|move: Wrap|[of] p2a: Dragonite
|cant|p1a: Chansey|partiallytrapped
|
|turn|57
|-message|Naj101 forfeited.
|
|win|SinisterHFigure
|l|Naj101
|player|p1
|raw|Naj101's rating: 1155 &rarr; <strong>1129<\/strong><br \/>(-26 for losing)
|raw|SinisterHFigure's rating: 1137 &rarr; <strong>1163<\/strong><br \/>(+26 for winning)