|j|LiloS
|j|gen1masterrony
|player|p1|LiloS|170
|player|p2|gen1masterrony|266
|gametype|singles
|gen|1
|tier|[Gen 1] OU
|rated
|seed|
|rule|Sleep Clause Mod: Limit one foe put to sleep
|rule|Freeze Clause Mod: Limit one foe frozen
|rule|Species Clause: Limit one of each Pokémon
|rule|OHKO Clause: OHKO moves are banned
|rule|Evasion Moves Clause: Evasion moves are banned
|rule|HP Percentage Mod: HP is shown in percentages
|
|start
|switch|p1a: Jolteon|Jolteon|100\/100
|switch|p2a: Hypno|Hypno|100\/100
|turn|1
|choice||
|
|move|p1a: Jolteon|Thunder Wave|p2a: Hypno
|-status|p2a: Hypno|par
|move|p2a: Hypno|Hypnosis|p1a: Jolteon
|-status|p1a: Jolteon|slp
|
|turn|2
|choice||
|
|switch|p1a: Snorlax|Snorlax|100\/100
|move|p2a: Hypno|Psychic|p1a: Snorlax
|-damage|p1a: Snorlax|71\/100
|-unboost|p1a: Snorlax|spd|1
|-unboost|p1a: Snorlax|spa|1
|
|turn|3
|choice||
|
|move|p1a: Snorlax|Body Slam|p2a: Hypno
|-damage|p2a: Hypno|71\/100 par
|cant|p2a: Hypno|par
|
|turn|4
|choice||
|
|move|p1a: Snorlax|Self-Destruct|p2a: Hypno
|-damage|p2a: Hypno|0 fnt
|faint|p2a: Hypno
|faint|p1a: Snorlax
|choice||
|
|switch|p2a: Starmie|Starmie|100\/100
|switch|p1a: Exeggutor|Exeggutor|100\/100
|turn|5
|choice||
|
|move|p2a: Starmie|Blizzard|p1a: Exeggutor
|-crit|p1a: Exeggutor
|-supereffective|p1a: Exeggutor
|-damage|p1a: Exeggutor|15\/100
|move|p1a: Exeggutor|Sleep Powder|p2a: Starmie
|-status|p2a: Starmie|slp
|
|turn|6
|choice||
|
|cant|p2a: Starmie|slp
|move|p1a: Exeggutor|Double-Edge|p2a: Starmie
|-damage|p2a: Starmie|81\/100 slp
|-damage|p1a: Exeggutor|11\/100|[from] recoil|[of] p2a: Starmie
|
|turn|7
|choice||
|
|cant|p2a: Starmie|slp
|move|p1a: Exeggutor|Double-Edge|p2a: Starmie
|-damage|p2a: Starmie|60\/100 slp
|-damage|p1a: Exeggutor|7\/100|[from] recoil|[of] p2a: Starmie
|
|turn|8
|choice||
|
|-curestatus|p2a: Starmie|slp
|move|p1a: Exeggutor|Explosion|p2a: Starmie
|-damage|p2a: Starmie|0 fnt
|faint|p2a: Starmie
|faint|p1a: Exeggutor
|choice||
|
|switch|p2a: Alakazam|Alakazam|100\/100
|switch|p1a: Chansey|Chansey|100\/100
|turn|9
|choice||
|
|move|p2a: Alakazam|Thunder Wave|p1a: Chansey
|-status|p1a: Chansey|par
|cant|p1a: Chansey|par
|
|turn|10
|choice||
|
|move|p2a: Alakazam|Psychic|p1a: Chansey
|-crit|p1a: Chansey
|-damage|p1a: Chansey|68\/100 par
|move|p1a: Chansey|Thunder Wave|p2a: Alakazam
|-status|p2a: Alakazam|par
|
|turn|11
|choice||
|
|cant|p2a: Alakazam|par
|move|p1a: Chansey|Soft-Boiled|p1a: Chansey
|-heal|p1a: Chansey|100\/100 par
|
|turn|12
|choice||
|
|move|p2a: Alakazam|Psychic|p1a: Chansey
|-damage|p1a: Chansey|83\/100 par
|cant|p1a: Chansey|par
|
|turn|13
|choice||
|
|move|p2a: Alakazam|Psychic|p1a: Chansey
|-damage|p1a: Chansey|65\/100 par
|move|p1a: Chansey|Thunderbolt|p2a: Alakazam
|-damage|p2a: Alakazam|81\/100 par
|
|turn|14
|choice||
|
|cant|p2a: Alakazam|par
|cant|p1a: Chansey|par
|
|turn|15
|choice||
|
|move|p2a: Alakazam|Psychic|p1a: Chansey
|-crit|p1a: Chansey
|-damage|p1a: Chansey|29\/100 par
|cant|p1a: Chansey|par
|
|turn|16
|choice||
|
|cant|p2a: Alakazam|par
|move|p1a: Chansey|Soft-Boiled|p1a: Chansey
|-heal|p1a: Chansey|79\/100 par
|
|turn|17
|choice||
|
|cant|p2a: Alakazam|par
|move|p1a: Chansey|Thunderbolt|p2a: Alakazam
|-crit|p2a: Alakazam
|-damage|p2a: Alakazam|44\/100 par
|
|turn|18
|choice||
|
|move|p2a: Alakazam|Recover|p2a: Alakazam
|-heal|p2a: Alakazam|94\/100 par
|move|p1a: Chansey|Thunderbolt|p2a: Alakazam
|-damage|p2a: Alakazam|76\/100 par
|
|turn|19
|choice||
|
|switch|p2a: Exeggutor|Exeggutor|100\/100
|move|p1a: Chansey|Thunderbolt|p2a: Exeggutor
|-resisted|p2a: Exeggutor
|-damage|p2a: Exeggutor|93\/100
|
|turn|20
|choice||
|
|move|p2a: Exeggutor|Psychic|p1a: Chansey
|-damage|p1a: Chansey|63\/100 par
|move|p1a: Chansey|Thunder Wave|p2a: Exeggutor
|-status|p2a: Exeggutor|par
|
|turn|21
|choice||
|
|move|p2a: Exeggutor|Psychic|p1a: Chansey
|-damage|p1a: Chansey|47\/100 par
|-unboost|p1a: Chansey|spd|1
|-unboost|p1a: Chansey|spa|1
|move|p1a: Chansey|Ice Beam|p2a: Exeggutor
|-crit|p2a: Exeggutor
|-supereffective|p2a: Exeggutor
|-damage|p2a: Exeggutor|27\/100 par
|
|turn|22
|choice||
|
|cant|p2a: Exeggutor|par
|move|p1a: Chansey|Ice Beam|p2a: Exeggutor
|-supereffective|p2a: Exeggutor
|-damage|p2a: Exeggutor|5\/100 par
|
|turn|23
|choice||
|
|move|p2a: Exeggutor|Explosion|p1a: Chansey|[miss]
|-miss|p2a: Exeggutor
|faint|p2a: Exeggutor
|choice||
|
|switch|p2a: Tauros|Tauros|100\/100
|turn|24
|choice||
|
|move|p2a: Tauros|Hyper Beam|p1a: Chansey
|-damage|p1a: Chansey|0 fnt
|faint|p1a: Chansey
|choice||
|
|switch|p1a: Jolteon|Jolteon|100\/100 slp
|turn|25
|choice||
|
|cant|p1a: Jolteon|slp
|move|p2a: Tauros|Earthquake|p1a: Jolteon
|-crit|p1a: Jolteon
|-supereffective|p1a: Jolteon
|-damage|p1a: Jolteon|0 fnt
|faint|p1a: Jolteon
|choice||
|
|switch|p1a: Tauros|Tauros|100\/100
|turn|26
|choice||
|
|move|p1a: Tauros|Blizzard|p2a: Tauros
|-damage|p2a: Tauros|75\/100
|move|p2a: Tauros|Body Slam|p1a: Tauros
|-crit|p1a: Tauros
|-damage|p1a: Tauros|44\/100
|
|turn|27
|choice||
|
|move|p2a: Tauros|Hyper Beam|p1a: Tauros
|-damage|p1a: Tauros|0 fnt
|faint|p1a: Tauros
|choice||
|
|switch|p1a: Dragonite|Dragonite|100\/100
|turn|28
|choice||
|
|move|p2a: Tauros|Blizzard|p1a: Dragonite
|-crit|p1a: Dragonite
|-supereffective|p1a: Dragonite
|-damage|p1a: Dragonite|0 fnt
|faint|p1a: Dragonite
|
|win|gen1masterrony
|player|p1
|player|p2
|raw|LiloS's rating: 1173 &rarr; <strong>1143<\/strong><br \/>(-30 for losing)
|raw|gen1masterrony's rating: 1104 &rarr; <strong>1133<\/strong><br \/>(+29 for winning)