|j|MexBakker
|j|GhostlyGastly92
|player|p1|MexBakker|164
|player|p2|GhostlyGastly92|20
|gametype|singles
|gen|1
|tier|[Gen 1] OU
|rated
|seed|
|rule|Sleep Clause Mod: Limit one foe put to sleep
|rule|Freeze Clause Mod: Limit one foe frozen
|rule|Species Clause: Limit one of each Pokémon
|rule|OHKO Clause: OHKO moves are banned
|rule|Evasion Moves Clause: Evasion moves are banned
|rule|HP Percentage Mod: HP is shown in percentages
|
|start
|switch|p1a: Alakazam|Alakazam|100\/100
|switch|p2a: Alakazam|Alakazam|100\/100
|turn|1
|choice||
|
|switch|p1a: Chansey|Chansey|100\/100
|switch|p2a: Chansey|Chansey|100\/100
|
|turn|2
|choice||
|
|switch|p2a: Exeggutor|Exeggutor|100\/100
|move|p1a: Chansey|Ice Beam|p2a: Exeggutor
|-supereffective|p2a: Exeggutor
|-damage|p2a: Exeggutor|66\/100
|
|turn|3
|choice||
|
|switch|p1a: Alakazam|Alakazam|100\/100
|move|p2a: Exeggutor|Sleep Powder|p1a: Alakazam|[miss]
|-miss|p2a: Exeggutor
|
|turn|4
|choice||
|
|switch|p2a: Chansey|Chansey|100\/100
|move|p1a: Alakazam|Psychic|p2a: Chansey
|-damage|p2a: Chansey|81\/100
|
|turn|5
|choice||
|
|switch|p1a: Chansey|Chansey|100\/100
|move|p2a: Chansey|Ice Beam|p1a: Chansey
|-damage|p1a: Chansey|89\/100
|
|turn|6
|choice||
|
|move|p1a: Chansey|Ice Beam|p2a: Chansey
|-damage|p2a: Chansey|71\/100
|move|p2a: Chansey|Ice Beam|p1a: Chansey
|-damage|p1a: Chansey|78\/100
|
|turn|7
|choice||
|
|move|p1a: Chansey|Ice Beam|p2a: Chansey
|-damage|p2a: Chansey|60\/100
|move|p2a: Chansey|Ice Beam|p1a: Chansey
|-damage|p1a: Chansey|68\/100
|
|turn|8
|choice||
|
|switch|p2a: Exeggutor|Exeggutor|66\/100
|move|p1a: Chansey|Ice Beam|p2a: Exeggutor
|-supereffective|p2a: Exeggutor
|-damage|p2a: Exeggutor|32\/100
|
|turn|9
|choice||
|
|switch|p1a: Alakazam|Alakazam|100\/100
|move|p2a: Exeggutor|Sleep Powder|p1a: Alakazam
|-status|p1a: Alakazam|slp
|
|turn|10
|choice||
|
|switch|p1a: Exeggutor|Exeggutor|100\/100
|move|p2a: Exeggutor|Psychic|p1a: Exeggutor
|-resisted|p1a: Exeggutor
|-damage|p1a: Exeggutor|86\/100
|-unboost|p1a: Exeggutor|spd|1
|-unboost|p1a: Exeggutor|spa|1
|
|turn|11
|choice||
|
|move|p1a: Exeggutor|Sleep Powder|p2a: Exeggutor|[miss]
|-miss|p1a: Exeggutor
|move|p2a: Exeggutor|Explosion|p1a: Exeggutor
|-damage|p1a: Exeggutor|18\/100
|faint|p2a: Exeggutor
|choice||
|
|switch|p2a: Tauros|Tauros|100\/100
|turn|12
|choice||
|
|move|p2a: Tauros|Body Slam|p1a: Exeggutor
|-damage|p1a: Exeggutor|0 fnt
|faint|p1a: Exeggutor
|choice||
|
|switch|p1a: Snorlax|Snorlax|100\/100
|turn|13
|choice||
|
|switch|p2a: Snorlax|Snorlax|100\/100
|move|p1a: Snorlax|Body Slam|p2a: Snorlax
|-damage|p2a: Snorlax|74\/100
|
|turn|14
|choice||
|
|move|p2a: Snorlax|Body Slam|p1a: Snorlax
|-damage|p1a: Snorlax|75\/100
|move|p1a: Snorlax|Body Slam|p2a: Snorlax
|-damage|p2a: Snorlax|48\/100
|
|turn|15
|choice||
|
|move|p1a: Snorlax|Body Slam|p2a: Snorlax
|-damage|p2a: Snorlax|23\/100
|move|p2a: Snorlax|Self-Destruct|p1a: Snorlax
|-damage|p1a: Snorlax|0 fnt
|faint|p1a: Snorlax
|faint|p2a: Snorlax
|choice||
|
|switch|p2a: Tauros|Tauros|100\/100
|switch|p1a: Chansey|Chansey|68\/100
|turn|16
|choice||
|
|switch|p2a: Chansey|Chansey|60\/100
|move|p1a: Chansey|Soft-Boiled|p1a: Chansey
|-heal|p1a: Chansey|100\/100
|
|turn|17
|choice||
|
|move|p2a: Chansey|Ice Beam|p1a: Chansey
|-damage|p1a: Chansey|89\/100
|move|p1a: Chansey|Ice Beam|p2a: Chansey
|-damage|p2a: Chansey|50\/100
|
|turn|18
|choice||
|
|switch|p2a: Alakazam|Alakazam|100\/100
|move|p1a: Chansey|Ice Beam|p2a: Alakazam
|-damage|p2a: Alakazam|81\/100
|
|turn|19
|choice||
|
|switch|p1a: Alakazam|Alakazam|100\/100 slp
|move|p2a: Alakazam|Psychic|p1a: Alakazam
|-resisted|p1a: Alakazam
|-damage|p1a: Alakazam|83\/100 slp
|-unboost|p1a: Alakazam|spd|1
|-unboost|p1a: Alakazam|spa|1
|
|turn|20
|choice||
|
|cant|p1a: Alakazam|slp
|move|p2a: Alakazam|Seismic Toss|p1a: Alakazam
|-damage|p1a: Alakazam|51\/100 slp
|
|turn|21
|choice||
|
|move|p2a: Alakazam|Seismic Toss|p1a: Alakazam
|-damage|p1a: Alakazam|19\/100 slp
|cant|p1a: Alakazam|slp
|
|turn|22
|choice||
|
|move|p2a: Alakazam|Seismic Toss|p1a: Alakazam
|-damage|p1a: Alakazam|0 fnt
|faint|p1a: Alakazam
|choice||
|
|switch|p1a: Chansey|Chansey|89\/100
|turn|23
|choice||
|
|switch|p2a: Chansey|Chansey|50\/100
|move|p1a: Chansey|Thunder Wave|p2a: Chansey
|-status|p2a: Chansey|par
|
|turn|24
|choice||
|
|move|p1a: Chansey|Thunderbolt|p2a: Chansey
|-damage|p2a: Chansey|40\/100 par
|move|p2a: Chansey|Soft-Boiled|p2a: Chansey
|-heal|p2a: Chansey|90\/100 par
|
|turn|25
|choice||
|
|move|p1a: Chansey|Thunderbolt|p2a: Chansey
|-damage|p2a: Chansey|80\/100 par
|move|p2a: Chansey|Ice Beam|p1a: Chansey
|-damage|p1a: Chansey|79\/100
|
|turn|26
|choice||
|
|move|p1a: Chansey|Thunderbolt|p2a: Chansey
|-damage|p2a: Chansey|68\/100 par
|move|p2a: Chansey|Soft-Boiled|p2a: Chansey
|-heal|p2a: Chansey|100\/100 par
|
|turn|27
|choice||
|
|move|p1a: Chansey|Thunderbolt|p2a: Chansey
|-damage|p2a: Chansey|90\/100 par
|move|p2a: Chansey|Ice Beam|p1a: Chansey
|-damage|p1a: Chansey|69\/100
|
|turn|28
|choice||
|
|move|p1a: Chansey|Thunderbolt|p2a: Chansey
|-damage|p2a: Chansey|79\/100 par
|move|p2a: Chansey|Ice Beam|p1a: Chansey
|-damage|p1a: Chansey|59\/100
|
|turn|29
|choice||
|
|move|p1a: Chansey|Thunderbolt|p2a: Chansey
|-damage|p2a: Chansey|69\/100 par
|move|p2a: Chansey|Ice Beam|p1a: Chansey
|-crit|p1a: Chansey
|-damage|p1a: Chansey|39\/100
|
|turn|30
|j|Ban homosexuality
|choice||
|
|switch|p1a: Tauros|Tauros|100\/100
|move|p2a: Chansey|Soft-Boiled|p2a: Chansey
|-heal|p2a: Chansey|100\/100 par
|
|turn|31
|choice||
|
|move|p1a: Tauros|Earthquake|p2a: Chansey
|-damage|p2a: Chansey|71\/100 par
|cant|p2a: Chansey|par
|
|turn|32
|choice||
|
|move|p1a: Tauros|Earthquake|p2a: Chansey
|-damage|p2a: Chansey|38\/100 par
|move|p2a: Chansey|Thunder Wave|p1a: Tauros
|-status|p1a: Tauros|par
|
|turn|33
|choice||
|
|switch|p2a: Tauros|Tauros|100\/100
|move|p1a: Tauros|Body Slam|p2a: Tauros
|-damage|p2a: Tauros|74\/100
|
|turn|34
|choice||
|
|move|p2a: Tauros|Body Slam|p1a: Tauros
|-damage|p1a: Tauros|74\/100 par
|move|p1a: Tauros|Body Slam|p2a: Tauros
|-damage|p2a: Tauros|43\/100
|
|turn|35
|choice||
|
|switch|p2a: Golem|Golem|100\/100
|move|p1a: Tauros|Body Slam|p2a: Golem
|-resisted|p2a: Golem
|-damage|p2a: Golem|89\/100
|-status|p2a: Golem|par
|
|turn|36
|choice||
|
|switch|p2a: Alakazam|Alakazam|81\/100
|move|p1a: Tauros|Blizzard|p2a: Alakazam|[miss]
|-miss|p1a: Tauros
|
|turn|37
|choice||
|
|switch|p1a: Chansey|Chansey|39\/100
|move|p2a: Alakazam|Psychic|p1a: Chansey
|-crit|p1a: Chansey
|-damage|p1a: Chansey|4\/100
|
|turn|38
|choice||
|
|move|p2a: Alakazam|Psychic|p1a: Chansey
|-damage|p1a: Chansey|0 fnt
|faint|p1a: Chansey
|choice||
|
|switch|p1a: Tauros|Tauros|74\/100 par
|turn|39
|choice||
|
|move|p2a: Alakazam|Psychic|p1a: Tauros
|-damage|p1a: Tauros|30\/100 par
|cant|p1a: Tauros|par
|
|turn|40
|choice||
|
|move|p2a: Alakazam|Psychic|p1a: Tauros
|-damage|p1a: Tauros|0 fnt
|faint|p1a: Tauros
|choice||
|
|switch|p1a: Golem|Golem|100\/100
|turn|41
|choice||
|
|move|p2a: Alakazam|Psychic|p1a: Golem
|-damage|p1a: Golem|49\/100
|move|p1a: Golem|Explosion|p2a: Alakazam
|-damage|p2a: Alakazam|0 fnt
|faint|p2a: Alakazam
|faint|p1a: Golem
|
|win|GhostlyGastly92
|player|p1
|player|p2
|c|★MexBakker|gg
|raw|MexBakker's rating: 1362 &rarr; <strong>1345<\/strong><br \/>(-17 for losing)
|raw|GhostlyGastly92's rating: 1413 &rarr; <strong>1430<\/strong><br \/>(+17 for winning)
|c|★GhostlyGastly92|gg
|l|MexBakker