|j|MALESANI
|j|Brendonfa
|player|p1|MALESANI|238
|player|p2|Brendonfa|229
|gametype|singles
|gen|1
|tier|[Gen 1] Random Battle
|rated
|seed|20146,38233,38884,50446
|rule|Sleep Clause Mod: Limit one foe put to sleep
|rule|Freeze Clause Mod: Limit one foe frozen
|rule|HP Percentage Mod: HP is shown in percentages
|
|start
|switch|p1a: Victreebel|Victreebel, L85|310\/310
|switch|p2a: Gloom|Gloom, L90|291\/291
|turn|1
|choice|move 3|move 1
|
|move|p1a: Victreebel|Body Slam|p2a: Gloom
|-damage|p2a: Gloom|222\/291
|move|p2a: Gloom|Swords Dance|p2a: Gloom
|-boost|p2a: Gloom|atk|2
|
|turn|2
|choice|move 3|move 4
|
|move|p1a: Victreebel|Body Slam|p2a: Gloom
|-damage|p2a: Gloom|156\/291
|move|p2a: Gloom|Double-Edge|p1a: Victreebel
|-crit|p1a: Victreebel
|-damage|p1a: Victreebel|162\/310
|-damage|p2a: Gloom|119\/291|[from] recoil|[of] p1a: Victreebel
|
|turn|3
|choice|move 4|move 4
|
|move|p1a: Victreebel|Hyper Beam|p2a: Gloom
|-damage|p2a: Gloom|4\/291
|move|p2a: Gloom|Double-Edge|p1a: Victreebel
|-damage|p1a: Victreebel|15\/310
|-damage|p2a: Gloom|0 fnt|[from] recoil|[of] p1a: Victreebel
|faint|p2a: Gloom
|choice||switch 2
|
|switch|p2a: Dewgong|Dewgong, L85|327\/327
|turn|4
|-mustrecharge|p1a: Victreebel
|-mustrecharge|p1a: Victreebel
|choice|move 1|move 2
|
|cant|p1a: Victreebel|recharge
|move|p2a: Dewgong|Mimic|p1a: Victreebel
|-start|p2a: Dewgong|Mimic|Hyper Beam
|
|turn|5
|choice|move 1|move 4
|
|move|p2a: Dewgong|Body Slam|p1a: Victreebel
|-damage|p1a: Victreebel|0 fnt
|faint|p1a: Victreebel
|choice|switch 6|
|
|switch|p1a: Electabuzz|Electabuzz, L85|284\/284
|turn|6
|choice|move 1|switch 6
|
|switch|p2a: Marowak|Marowak, L90|291\/291
|move|p1a: Electabuzz|Thunder Wave|p2a: Marowak
|-immune|p2a: Marowak|[msg]
|
|turn|7
|choice|switch 4|move 4
|
|switch|p1a: Gyarados|Gyarados, L85|335\/335
|move|p2a: Marowak|Body Slam|p1a: Gyarados
|-damage|p1a: Gyarados|270\/335
|
|turn|8
|choice|move 4|switch 4
|
|switch|p2a: Weezing|Weezing, L90|300\/300
|move|p1a: Gyarados|Thunderbolt|p2a: Weezing
|-damage|p2a: Weezing|232\/300
|
|turn|9
|choice|switch 5|move 2
|
|switch|p1a: Arbok|Arbok, L90|291\/291
|move|p2a: Weezing|Thunderbolt|p1a: Arbok
|-damage|p1a: Arbok|207\/291
|
|turn|10
|choice|move 4|move 3
|
|move|p1a: Arbok|Earthquake|p2a: Weezing
|-supereffective|p2a: Weezing
|-damage|p2a: Weezing|119\/300
|move|p2a: Weezing|Fire Blast|p1a: Arbok
|-damage|p1a: Arbok|99\/291
|-status|p1a: Arbok|brn
|
|turn|11
|choice|move 4|move 3
|
|move|p1a: Arbok|Earthquake|p2a: Weezing
|-supereffective|p2a: Weezing
|-damage|p2a: Weezing|64\/300
|-damage|p1a: Arbok|81\/291 brn|[from] brn|[of] p2a: Weezing
|move|p2a: Weezing|Fire Blast|p1a: Arbok
|-damage|p1a: Arbok|0 fnt
|faint|p1a: Arbok
|choice|switch 4|
|
|switch|p1a: Electabuzz|Electabuzz, L85|284\/284
|turn|12
|choice|move 2|switch 4
|
|switch|p2a: Marowak|Marowak, L90|291\/291
|move|p1a: Electabuzz|Seismic Toss|p2a: Marowak
|-damage|p2a: Marowak|206\/291
|
|turn|13
|choice|switch 5|move 4
|
|switch|p1a: Gyarados|Gyarados, L85|270\/335
|move|p2a: Marowak|Body Slam|p1a: Gyarados
|-damage|p1a: Gyarados|204\/335
|-status|p1a: Gyarados|par
|
|turn|14
|choice|move 1|switch 3
|
|switch|p2a: Wigglytuff|Wigglytuff, L90|435\/435
|move|p1a: Gyarados|Surf|p2a: Wigglytuff
|-damage|p2a: Wigglytuff|308\/435
|
|turn|15
|choice|move 1|move 2
|
|move|p2a: Wigglytuff|Double-Edge|p1a: Gyarados
|-damage|p1a: Gyarados|93\/335 par
|-damage|p2a: Wigglytuff|281\/435|[from] recoil|[of] p1a: Gyarados
|move|p1a: Gyarados|Surf|p2a: Wigglytuff
|-crit|p2a: Wigglytuff
|-damage|p2a: Wigglytuff|6\/435
|
|turn|16
|choice|move 3|move 1
|
|move|p2a: Wigglytuff|Blizzard|p1a: Gyarados
|-crit|p1a: Gyarados
|-damage|p1a: Gyarados|0 fnt
|faint|p1a: Gyarados
|choice|switch 2|
|
|switch|p1a: Jynx|Jynx, L79|265\/265
|turn|17
|choice|move 1|move 3
|
|move|p1a: Jynx|Psychic|p2a: Wigglytuff
|-damage|p2a: Wigglytuff|0 fnt
|faint|p2a: Wigglytuff
|choice||switch 5
|
|switch|p2a: Mewtwo|Mewtwo, L70|293\/293
|turn|18
|choice|move 2|move 3
|
|move|p2a: Mewtwo|Body Slam|p1a: Jynx
|-damage|p1a: Jynx|187\/265
|move|p1a: Jynx|Lovely Kiss|p2a: Mewtwo
|-status|p2a: Mewtwo|slp
|
|turn|19
|choice|switch 3|switch 6
|
|switch|p2a: Dewgong|Dewgong, L85|327\/327
|switch|p1a: Zapdos|Zapdos, L79|304\/304
|
|turn|20
|choice|move 1|switch 3
|
|switch|p2a: Marowak|Marowak, L90|206\/291
|move|p1a: Zapdos|Thunderbolt|p2a: Marowak
|-immune|p2a: Marowak|[msg]
|
|turn|21
|choice|move 3|move 3
|
|move|p1a: Zapdos|Drill Peck|p2a: Marowak
|-crit|p2a: Marowak
|-damage|p2a: Marowak|94\/291
|move|p2a: Marowak|Blizzard|p1a: Zapdos
|-supereffective|p1a: Zapdos
|-damage|p1a: Zapdos|192\/304
|
|turn|22
|choice|move 3|move 3
|
|move|p1a: Zapdos|Drill Peck|p2a: Marowak
|-damage|p2a: Marowak|38\/291
|move|p2a: Marowak|Blizzard|p1a: Zapdos
|-supereffective|p1a: Zapdos
|-damage|p1a: Zapdos|72\/304
|-status|p1a: Zapdos|frz
|
|turn|23
|choice|switch 3|move 2
|
|switch|p1a: Jynx|Jynx, L79|187\/265
|move|p2a: Marowak|Earthquake|p1a: Jynx
|-damage|p1a: Jynx|0 fnt
|faint|p1a: Jynx
|choice|switch 5|
|
|switch|p1a: Electabuzz|Electabuzz, L85|284\/284
|turn|24
|choice|move 2|move 4
|
|move|p1a: Electabuzz|Seismic Toss|p2a: Marowak
|-damage|p2a: Marowak|0 fnt
|faint|p2a: Marowak
|choice||switch 3
|
|switch|p2a: Dewgong|Dewgong, L85|327\/327
|turn|25
|choice|move 3|move 3
|
|move|p1a: Electabuzz|Thunderbolt|p2a: Dewgong
|-supereffective|p2a: Dewgong
|-damage|p2a: Dewgong|149\/327
|move|p2a: Dewgong|Blizzard|p1a: Electabuzz
|-damage|p1a: Electabuzz|163\/284
|
|turn|26
|choice|move 3|move 3
|
|move|p1a: Electabuzz|Thunderbolt|p2a: Dewgong
|-crit|p2a: Dewgong
|-supereffective|p2a: Dewgong
|-damage|p2a: Dewgong|0 fnt
|faint|p2a: Dewgong
|choice||switch 6
|
|switch|p2a: Mewtwo|Mewtwo, L70|293\/293 slp
|turn|27
|choice|move 2|move 1
|
|move|p1a: Electabuzz|Seismic Toss|p2a: Mewtwo
|-damage|p2a: Mewtwo|208\/293 slp
|cant|p2a: Mewtwo|slp
|
|turn|28
|choice|move 3|move 1
|
|move|p1a: Electabuzz|Thunderbolt|p2a: Mewtwo
|-damage|p2a: Mewtwo|127\/293 slp
|cant|p2a: Mewtwo|slp
|
|turn|29
|choice|move 2|move 1
|
|move|p1a: Electabuzz|Seismic Toss|p2a: Mewtwo
|-damage|p2a: Mewtwo|42\/293 slp
|cant|p2a: Mewtwo|slp
|
|turn|30
|choice|move 4|move 1
|
|move|p1a: Electabuzz|Psychic|p2a: Mewtwo
|-resisted|p2a: Mewtwo
|-damage|p2a: Mewtwo|17\/293 slp
|cant|p2a: Mewtwo|slp
|
|turn|31
|choice|move 4|move 1
|
|move|p1a: Electabuzz|Psychic|p2a: Mewtwo
|-resisted|p2a: Mewtwo
|-damage|p2a: Mewtwo|0 fnt
|faint|p2a: Mewtwo
|choice||switch 4
|
|switch|p2a: Weezing|Weezing, L90|64\/300
|turn|32
|c|★Brendonfa|shit gg
|choice|move 3|move 1
|
|move|p1a: Electabuzz|Thunderbolt|p2a: Weezing
|-damage|p2a: Weezing|0 fnt
|faint|p2a: Weezing
|
|win|MALESANI
|raw|MALESANI's rating: 1372 &rarr; <strong>1383<\/strong><br \/>(+11 for winning)
|raw|Brendonfa's rating: 1212 &rarr; <strong>1198<\/strong><br \/>(-14 for losing)