|j|AB Nickelquack
|j|AA Nickelquack
|player|p1|AB Nickelquack|15
|player|p2|AA Nickelquack|266
|gametype|singles
|gen|1
|tier|[Gen 1] OU
|seed|
|rule|Sleep Clause Mod: Limit one foe put to sleep
|rule|Freeze Clause Mod: Limit one foe frozen
|rule|Species Clause: Limit one of each Pokémon
|rule|OHKO Clause: OHKO moves are banned
|rule|Evasion Moves Clause: Evasion moves are banned
|rule|HP Percentage Mod: HP is shown in percentages
|
|start
|switch|p1a: Snorlax|Snorlax|100\/100
|switch|p2a: Snorlax|Snorlax|100\/100
|turn|1
|choice||
|
|move|p1a: Snorlax|Body Slam|p2a: Snorlax
|-crit|p2a: Snorlax
|-damage|p2a: Snorlax|49\/100
|move|p2a: Snorlax|Body Slam|p1a: Snorlax
|-damage|p1a: Snorlax|72\/100
|
|turn|2
|choice||
|
|move|p1a: Snorlax|Reflect|p1a: Snorlax
|-start|p1a: Snorlax|Reflect
|move|p2a: Snorlax|Reflect|p2a: Snorlax
|-start|p2a: Snorlax|Reflect
|
|turn|3
|choice||
|
|move|p2a: Snorlax|Body Slam|p1a: Snorlax
|-damage|p1a: Snorlax|59\/100
|move|p1a: Snorlax|Body Slam|p2a: Snorlax
|-damage|p2a: Snorlax|34\/100
|
|turn|4
|choice||
|
|move|p1a: Snorlax|Body Slam|p2a: Snorlax
|-damage|p2a: Snorlax|20\/100
|move|p2a: Snorlax|Body Slam|p1a: Snorlax
|-crit|p1a: Snorlax
|-damage|p1a: Snorlax|9\/100
|
|turn|5
|choice||
|
|move|p1a: Snorlax|Rest|p1a: Snorlax
|-status|p1a: Snorlax|slp
|-heal|p1a: Snorlax|100\/100 slp|[silent]
|-status|p1a: Snorlax|slp|[from] move: Rest
|move|p2a: Snorlax|Rest|p2a: Snorlax
|-status|p2a: Snorlax|slp
|-heal|p2a: Snorlax|100\/100 slp|[silent]
|-status|p2a: Snorlax|slp|[from] move: Rest
|
|turn|6
|choice||
|
|cant|p1a: Snorlax|slp
|cant|p2a: Snorlax|slp
|
|turn|7
|choice||
|
|-curestatus|p1a: Snorlax|slp
|-curestatus|p2a: Snorlax|slp
|
|turn|8
|choice||
|
|move|p1a: Snorlax|Body Slam|p2a: Snorlax
|-damage|p2a: Snorlax|87\/100
|move|p2a: Snorlax|Body Slam|p1a: Snorlax
|-damage|p1a: Snorlax|87\/100
|
|turn|9
|choice||
|
|move|p1a: Snorlax|Body Slam|p2a: Snorlax
|-crit|p2a: Snorlax
|-damage|p2a: Snorlax|36\/100
|move|p2a: Snorlax|Body Slam|p1a: Snorlax
|-damage|p1a: Snorlax|73\/100
|
|turn|10
|choice||
|
|move|p1a: Snorlax|Body Slam|p2a: Snorlax
|-damage|p2a: Snorlax|23\/100
|move|p2a: Snorlax|Body Slam|p1a: Snorlax
|-damage|p1a: Snorlax|59\/100
|
|turn|11
|choice||
|
|move|p2a: Snorlax|Rest|p2a: Snorlax
|-status|p2a: Snorlax|slp
|-heal|p2a: Snorlax|100\/100 slp|[silent]
|-status|p2a: Snorlax|slp|[from] move: Rest
|move|p1a: Snorlax|Body Slam|p2a: Snorlax
|-damage|p2a: Snorlax|87\/100 slp
|
|turn|12
|choice||
|
|move|p1a: Snorlax|Body Slam|p2a: Snorlax
|-damage|p2a: Snorlax|74\/100 slp
|cant|p2a: Snorlax|slp
|
|turn|13
|choice||
|
|move|p1a: Snorlax|Body Slam|p2a: Snorlax
|-damage|p2a: Snorlax|60\/100 slp
|-curestatus|p2a: Snorlax|slp
|
|turn|14
|choice||
|
|move|p1a: Snorlax|Body Slam|p2a: Snorlax
|-damage|p2a: Snorlax|45\/100
|move|p2a: Snorlax|Body Slam|p1a: Snorlax
|-damage|p1a: Snorlax|46\/100
|
|turn|15
|choice||
|
|move|p1a: Snorlax|Body Slam|p2a: Snorlax
|-damage|p2a: Snorlax|32\/100
|move|p2a: Snorlax|Body Slam|p1a: Snorlax
|-damage|p1a: Snorlax|34\/100
|
|turn|16
|choice||
|
|move|p2a: Snorlax|Body Slam|p1a: Snorlax
|-damage|p1a: Snorlax|21\/100
|move|p1a: Snorlax|Body Slam|p2a: Snorlax
|-damage|p2a: Snorlax|18\/100
|
|turn|17
|choice||
|
|move|p2a: Snorlax|Rest|p2a: Snorlax
|-status|p2a: Snorlax|slp
|-heal|p2a: Snorlax|100\/100 slp|[silent]
|-status|p2a: Snorlax|slp|[from] move: Rest
|move|p1a: Snorlax|Rest|p1a: Snorlax
|-status|p1a: Snorlax|slp
|-heal|p1a: Snorlax|100\/100 slp|[silent]
|-status|p1a: Snorlax|slp|[from] move: Rest
|
|turn|18
|choice||
|
|cant|p1a: Snorlax|slp
|cant|p2a: Snorlax|slp
|
|turn|19
|choice||
|
|-curestatus|p2a: Snorlax|slp
|-curestatus|p1a: Snorlax|slp
|
|turn|20
|choice||
|
|move|p1a: Snorlax|Body Slam|p2a: Snorlax
|-crit|p2a: Snorlax
|-damage|p2a: Snorlax|51\/100
|move|p2a: Snorlax|Body Slam|p1a: Snorlax
|-damage|p1a: Snorlax|86\/100
|
|turn|21
|choice||
|
|move|p2a: Snorlax|Body Slam|p1a: Snorlax
|-damage|p1a: Snorlax|74\/100
|move|p1a: Snorlax|Body Slam|p2a: Snorlax
|-damage|p2a: Snorlax|38\/100
|
|turn|22
|choice||
|
|move|p1a: Snorlax|Body Slam|p2a: Snorlax
|-crit|p2a: Snorlax
|-damage|p2a: Snorlax|0 fnt
|faint|p2a: Snorlax
|choice||
|
|switch|p2a: Chansey|Chansey|100\/100
|turn|23
|choice||
|
|move|p2a: Chansey|Reflect|p2a: Chansey
|-start|p2a: Chansey|Reflect
|move|p1a: Snorlax|Body Slam|p2a: Chansey
|-damage|p2a: Chansey|78\/100
|
|turn|24
|choice||
|
|move|p2a: Chansey|Substitute|p2a: Chansey
|-start|p2a: Chansey|Substitute
|-damage|p2a: Chansey|53\/100
|move|p1a: Snorlax|Body Slam|p2a: Chansey
|-activate|p2a: Chansey|Substitute|[damage]
|
|turn|25
|choice||
|
|move|p2a: Chansey|Body Slam|p1a: Snorlax
|-damage|p1a: Snorlax|69\/100
|move|p1a: Snorlax|Substitute|p1a: Snorlax
|-start|p1a: Snorlax|Substitute
|-damage|p1a: Snorlax|44\/100
|
|turn|26
|choice||
|
|move|p2a: Chansey|Body Slam|p1a: Snorlax
|-activate|p1a: Snorlax|Substitute|[damage]
|move|p1a: Snorlax|Body Slam|p2a: Chansey
|-end|p2a: Chansey|Substitute
|
|turn|27
|choice||
|
|move|p2a: Chansey|Body Slam|p1a: Snorlax
|-activate|p1a: Snorlax|Substitute|[damage]
|move|p1a: Snorlax|Body Slam|p2a: Chansey
|-damage|p2a: Chansey|33\/100
|
|turn|28
|choice||
|
|move|p2a: Chansey|Soft-Boiled|p2a: Chansey
|-heal|p2a: Chansey|82\/100
|move|p1a: Snorlax|Body Slam|p2a: Chansey
|-crit|p2a: Chansey
|-damage|p2a: Chansey|7\/100
|
|turn|29
|choice||
|
|move|p2a: Chansey|Soft-Boiled|p2a: Chansey
|-heal|p2a: Chansey|57\/100
|move|p1a: Snorlax|Body Slam|p2a: Chansey
|-damage|p2a: Chansey|37\/100
|
|turn|30
|choice||
|
|move|p2a: Chansey|Soft-Boiled|p2a: Chansey
|-heal|p2a: Chansey|87\/100
|move|p1a: Snorlax|Body Slam|p2a: Chansey
|-damage|p2a: Chansey|67\/100
|
|turn|31
|choice||
|
|move|p2a: Chansey|Body Slam|p1a: Snorlax
|-activate|p1a: Snorlax|Substitute|[damage]
|move|p1a: Snorlax|Body Slam|p2a: Chansey
|-damage|p2a: Chansey|45\/100
|
|turn|32
|choice||
|
|move|p2a: Chansey|Soft-Boiled|p2a: Chansey
|-heal|p2a: Chansey|95\/100
|move|p1a: Snorlax|Body Slam|p2a: Chansey
|-damage|p2a: Chansey|76\/100
|
|turn|33
|choice||
|
|move|p2a: Chansey|Body Slam|p1a: Snorlax
|-activate|p1a: Snorlax|Substitute|[damage]
|move|p1a: Snorlax|Substitute|p1a: Snorlax
|-fail|p1a: Snorlax|move: Substitute
|
|turn|34
|choice||
|
|move|p2a: Chansey|Body Slam|p1a: Snorlax
|-activate|p1a: Snorlax|Substitute|[damage]
|move|p1a: Snorlax|Substitute|p1a: Snorlax
|-fail|p1a: Snorlax|move: Substitute
|
|turn|35
|choice||
|
|move|p2a: Chansey|Body Slam|p1a: Snorlax
|-end|p1a: Snorlax|Substitute
|move|p1a: Snorlax|Substitute|p1a: Snorlax
|-start|p1a: Snorlax|Substitute
|-damage|p1a: Snorlax|19\/100
|
|turn|36
|choice||
|
|move|p2a: Chansey|Body Slam|p1a: Snorlax
|-activate|p1a: Snorlax|Substitute|[damage]
|move|p1a: Snorlax|Substitute|p1a: Snorlax
|-fail|p1a: Snorlax|move: Substitute
|
|turn|37
|choice||
|
|move|p2a: Chansey|Body Slam|p1a: Snorlax
|-activate|p1a: Snorlax|Substitute|[damage]
|move|p1a: Snorlax|Substitute|p1a: Snorlax
|-fail|p1a: Snorlax|move: Substitute
|
|turn|38
|choice||
|
|move|p2a: Chansey|Body Slam|p1a: Snorlax
|-activate|p1a: Snorlax|Substitute|[damage]
|move|p1a: Snorlax|Substitute|p1a: Snorlax
|-fail|p1a: Snorlax|move: Substitute
|
|turn|39
|choice||
|
|move|p2a: Chansey|Body Slam|p1a: Snorlax
|-activate|p1a: Snorlax|Substitute|[damage]
|move|p1a: Snorlax|Substitute|p1a: Snorlax
|-fail|p1a: Snorlax|move: Substitute
|
|turn|40
|choice||
|
|move|p2a: Chansey|Body Slam|p1a: Snorlax
|-activate|p1a: Snorlax|Substitute|[damage]
|move|p1a: Snorlax|Substitute|p1a: Snorlax
|-fail|p1a: Snorlax|move: Substitute
|
|turn|41
|choice||
|
|move|p2a: Chansey|Body Slam|p1a: Snorlax
|-end|p1a: Snorlax|Substitute
|move|p1a: Snorlax|Substitute|p1a: Snorlax
|-fail|p1a: Snorlax|move: Substitute|[weak]
|
|turn|42
|choice||
|
|move|p2a: Chansey|Body Slam|p1a: Snorlax
|-damage|p1a: Snorlax|15\/100
|move|p1a: Snorlax|Substitute|p1a: Snorlax
|-fail|p1a: Snorlax|move: Substitute|[weak]
|
|turn|43
|choice||
|
|move|p2a: Chansey|Body Slam|p1a: Snorlax
|-crit|p1a: Snorlax
|-damage|p1a: Snorlax|0 fnt
|faint|p1a: Snorlax
|choice||
|
|switch|p1a: Chansey|Chansey|100\/100
|turn|44
|choice||
|
|move|p2a: Chansey|Body Slam|p1a: Chansey
|-damage|p1a: Chansey|86\/100
|move|p1a: Chansey|Reflect|p1a: Chansey
|-start|p1a: Chansey|Reflect
|
|turn|45
|choice||
|
|move|p1a: Chansey|Body Slam|p2a: Chansey
|-damage|p2a: Chansey|69\/100
|move|p2a: Chansey|Body Slam|p1a: Chansey
|-damage|p1a: Chansey|79\/100
|
|turn|46
|choice||
|
|move|p1a: Chansey|Body Slam|p2a: Chansey
|-damage|p2a: Chansey|61\/100
|move|p2a: Chansey|Body Slam|p1a: Chansey
|-damage|p1a: Chansey|72\/100
|
|turn|47
|choice||
|
|move|p1a: Chansey|Body Slam|p2a: Chansey
|-damage|p2a: Chansey|54\/100
|move|p2a: Chansey|Body Slam|p1a: Chansey
|-damage|p1a: Chansey|65\/100
|
|turn|48
|choice||
|
|move|p1a: Chansey|Body Slam|p2a: Chansey
|-damage|p2a: Chansey|47\/100
|move|p2a: Chansey|Body Slam|p1a: Chansey
|-damage|p1a: Chansey|58\/100
|
|turn|49
|choice||
|
|move|p1a: Chansey|Body Slam|p2a: Chansey
|-damage|p2a: Chansey|40\/100
|move|p2a: Chansey|Body Slam|p1a: Chansey
|-damage|p1a: Chansey|51\/100
|
|turn|50
|choice||
|
|move|p2a: Chansey|Body Slam|p1a: Chansey
|-damage|p1a: Chansey|44\/100
|move|p1a: Chansey|Body Slam|p2a: Chansey
|-damage|p2a: Chansey|33\/100
|
|turn|51
|choice||
|
|move|p1a: Chansey|Body Slam|p2a: Chansey
|-damage|p2a: Chansey|26\/100
|move|p2a: Chansey|Body Slam|p1a: Chansey
|-damage|p1a: Chansey|37\/100
|
|turn|52
|choice||
|
|move|p2a: Chansey|Body Slam|p1a: Chansey
|-damage|p1a: Chansey|29\/100
|move|p1a: Chansey|Body Slam|p2a: Chansey
|-damage|p2a: Chansey|19\/100
|
|turn|53
|choice||
|
|move|p1a: Chansey|Body Slam|p2a: Chansey
|-damage|p2a: Chansey|11\/100
|move|p2a: Chansey|Soft-Boiled|p2a: Chansey
|-heal|p2a: Chansey|61\/100
|
|turn|54
|choice||
|
|move|p2a: Chansey|Substitute|p2a: Chansey
|-start|p2a: Chansey|Substitute
|-damage|p2a: Chansey|36\/100
|move|p1a: Chansey|Soft-Boiled|p1a: Chansey
|-heal|p1a: Chansey|79\/100
|
|turn|55
|choice||
|
|move|p2a: Chansey|Substitute|p2a: Chansey
|-fail|p2a: Chansey|move: Substitute
|move|p1a: Chansey|Body Slam|p2a: Chansey
|-activate|p2a: Chansey|Substitute|[damage]
|
|turn|56
|choice||
|
|move|p1a: Chansey|Body Slam|p2a: Chansey
|-crit|p2a: Chansey
|-end|p2a: Chansey|Substitute
|move|p2a: Chansey|Substitute|p2a: Chansey
|-start|p2a: Chansey|Substitute
|-damage|p2a: Chansey|11\/100
|
|turn|57
|choice||
|
|move|p1a: Chansey|Body Slam|p2a: Chansey|[miss]
|-miss|p1a: Chansey
|move|p2a: Chansey|Substitute|p2a: Chansey
|-fail|p2a: Chansey|move: Substitute
|
|turn|58
|choice||
|
|move|p1a: Chansey|Body Slam|p2a: Chansey
|-activate|p2a: Chansey|Substitute|[damage]
|move|p2a: Chansey|Substitute|p2a: Chansey
|-fail|p2a: Chansey|move: Substitute
|
|turn|59
|choice||
|
|move|p1a: Chansey|Body Slam|p2a: Chansey
|-activate|p2a: Chansey|Substitute|[damage]
|move|p2a: Chansey|Substitute|p2a: Chansey
|-fail|p2a: Chansey|move: Substitute
|
|turn|60
|choice||
|
|move|p2a: Chansey|Substitute|p2a: Chansey
|-fail|p2a: Chansey|move: Substitute
|move|p1a: Chansey|Body Slam|p2a: Chansey
|-activate|p2a: Chansey|Substitute|[damage]
|
|turn|61
|choice||
|
|move|p1a: Chansey|Body Slam|p2a: Chansey
|-end|p2a: Chansey|Substitute
|move|p2a: Chansey|Substitute|p2a: Chansey
|-fail|p2a: Chansey|move: Substitute|[weak]
|
|turn|62
|choice||
|
|move|p1a: Chansey|Body Slam|p2a: Chansey
|-damage|p2a: Chansey|4\/100
|move|p2a: Chansey|Substitute|p2a: Chansey
|-fail|p2a: Chansey|move: Substitute|[weak]
|
|turn|63
|choice||
|
|move|p2a: Chansey|Substitute|p2a: Chansey
|-fail|p2a: Chansey|move: Substitute|[weak]
|move|p1a: Chansey|Body Slam|p2a: Chansey
|-damage|p2a: Chansey|0 fnt
|faint|p2a: Chansey
|choice||
|
|switch|p2a: Persian|Persian|100\/100
|turn|64
|choice||
|
|move|p2a: Persian|Substitute|p2a: Persian
|-start|p2a: Persian|Substitute
|-damage|p2a: Persian|76\/100
|move|p1a: Chansey|Substitute|p1a: Chansey
|-start|p1a: Chansey|Substitute
|-damage|p1a: Chansey|54\/100
|
|turn|65
|choice||
|
|move|p2a: Persian|Body Slam|p1a: Chansey
|-activate|p1a: Chansey|Substitute|[damage]
|move|p1a: Chansey|Soft-Boiled|p1a: Chansey
|-heal|p1a: Chansey|100\/100
|
|turn|66
|choice||
|
|move|p2a: Persian|Body Slam|p1a: Chansey
|-end|p1a: Chansey|Substitute
|move|p1a: Chansey|Body Slam|p2a: Persian
|-activate|p2a: Persian|Substitute|[damage]
|
|turn|67
|choice||
|
|move|p2a: Persian|Body Slam|p1a: Chansey
|-damage|p1a: Chansey|84\/100
|move|p1a: Chansey|Body Slam|p2a: Persian
|-end|p2a: Persian|Substitute
|
|turn|68
|choice||
|
|move|p2a: Persian|Body Slam|p1a: Chansey
|-damage|p1a: Chansey|69\/100
|move|p1a: Chansey|Body Slam|p2a: Persian
|-damage|p2a: Persian|61\/100
|
|turn|69
|choice||
|
|move|p2a: Persian|Body Slam|p1a: Chansey
|-damage|p1a: Chansey|53\/100
|move|p1a: Chansey|Body Slam|p2a: Persian
|-damage|p2a: Persian|45\/100
|
|turn|70
|choice||
|
|move|p2a: Persian|Body Slam|p1a: Chansey
|-damage|p1a: Chansey|37\/100
|move|p1a: Chansey|Body Slam|p2a: Persian
|-damage|p2a: Persian|30\/100
|
|turn|71
|choice||
|
|move|p2a: Persian|Body Slam|p1a: Chansey
|-crit|p1a: Chansey
|-damage|p1a: Chansey|0 fnt
|faint|p1a: Chansey
|choice||
|
|switch|p1a: Persian|Persian|100\/100
|turn|72
|choice||
|
|move|p1a: Persian|Body Slam|p2a: Persian
|-damage|p2a: Persian|0 fnt
|faint|p2a: Persian
|choice||
|
|switch|p2a: Clefable|Clefable|100\/100
|turn|73
|choice||
|
|move|p1a: Persian|Body Slam|p2a: Clefable
|-damage|p2a: Clefable|74\/100
|move|p2a: Clefable|Reflect|p2a: Clefable
|-start|p2a: Clefable|Reflect
|
|turn|74
|choice||
|
|move|p1a: Persian|Body Slam|p2a: Clefable
|-crit|p2a: Clefable
|-damage|p2a: Clefable|28\/100
|move|p2a: Clefable|Body Slam|p1a: Persian
|-damage|p1a: Persian|67\/100
|
|turn|75
|choice||
|
|move|p1a: Persian|Body Slam|p2a: Clefable
|-damage|p2a: Clefable|16\/100
|move|p2a: Clefable|Rest|p2a: Clefable
|-status|p2a: Clefable|slp
|-heal|p2a: Clefable|100\/100 slp|[silent]
|-status|p2a: Clefable|slp|[from] move: Rest
|
|turn|76
|choice||
|
|move|p1a: Persian|Rest|p1a: Persian
|-status|p1a: Persian|slp
|-heal|p1a: Persian|100\/100 slp|[silent]
|-status|p1a: Persian|slp|[from] move: Rest
|cant|p2a: Clefable|slp
|
|turn|77
|choice||
|
|cant|p1a: Persian|slp
|-curestatus|p2a: Clefable|slp
|
|turn|78
|choice||
|
|-curestatus|p1a: Persian|slp
|move|p2a: Clefable|Body Slam|p1a: Persian
|-damage|p1a: Persian|69\/100
|
|turn|79
|choice||
|
|move|p1a: Persian|Body Slam|p2a: Clefable
|-damage|p2a: Clefable|88\/100
|move|p2a: Clefable|Body Slam|p1a: Persian
|-damage|p1a: Persian|34\/100
|
|turn|80
|choice||
|
|move|p1a: Persian|Body Slam|p2a: Clefable
|-damage|p2a: Clefable|76\/100
|move|p2a: Clefable|Body Slam|p1a: Persian
|-damage|p1a: Persian|2\/100
|
|turn|81
|choice||
|
|move|p1a: Persian|Rest|p1a: Persian
|-status|p1a: Persian|slp
|-heal|p1a: Persian|100\/100 slp|[silent]
|-status|p1a: Persian|slp|[from] move: Rest
|move|p2a: Clefable|Body Slam|p1a: Persian
|-damage|p1a: Persian|67\/100 slp
|
|turn|82
|choice||
|
|cant|p1a: Persian|slp
|move|p2a: Clefable|Rest|p2a: Clefable
|-status|p2a: Clefable|slp
|-heal|p2a: Clefable|100\/100 slp|[silent]
|-status|p2a: Clefable|slp|[from] move: Rest
|
|turn|83
|choice||
|
|-curestatus|p1a: Persian|slp
|cant|p2a: Clefable|slp
|
|turn|84
|choice||
|
|move|p1a: Persian|Body Slam|p2a: Clefable
|-damage|p2a: Clefable|88\/100 slp
|-curestatus|p2a: Clefable|slp
|
|turn|85
|choice||
|
|move|p1a: Persian|Body Slam|p2a: Clefable
|-damage|p2a: Clefable|75\/100
|move|p2a: Clefable|Body Slam|p1a: Persian
|-damage|p1a: Persian|33\/100
|
|turn|86
|choice||
|
|move|p1a: Persian|Body Slam|p2a: Clefable
|-damage|p2a: Clefable|64\/100
|move|p2a: Clefable|Body Slam|p1a: Persian
|-damage|p1a: Persian|2\/100
|
|turn|87
|choice||
|
|move|p1a: Persian|Rest|p1a: Persian
|-status|p1a: Persian|slp
|-heal|p1a: Persian|100\/100 slp|[silent]
|-status|p1a: Persian|slp|[from] move: Rest
|move|p2a: Clefable|Rest|p2a: Clefable
|-status|p2a: Clefable|slp
|-heal|p2a: Clefable|100\/100 slp|[silent]
|-status|p2a: Clefable|slp|[from] move: Rest
|
|turn|88
|choice||
|
|cant|p1a: Persian|slp
|cant|p2a: Clefable|slp
|
|turn|89
|choice||
|
|-curestatus|p1a: Persian|slp
|-curestatus|p2a: Clefable|slp
|
|turn|90
|choice||
|
|move|p1a: Persian|Body Slam|p2a: Clefable
|-damage|p2a: Clefable|89\/100
|move|p2a: Clefable|Body Slam|p1a: Persian
|-crit|p1a: Persian
|-damage|p1a: Persian|42\/100
|
|turn|91
|choice||
|
|move|p1a: Persian|Body Slam|p2a: Clefable
|-damage|p2a: Clefable|75\/100
|move|p2a: Clefable|Body Slam|p1a: Persian
|-damage|p1a: Persian|8\/100
|
|turn|92
|choice||
|
|move|p1a: Persian|Rest|p1a: Persian
|-status|p1a: Persian|slp
|-heal|p1a: Persian|100\/100 slp|[silent]
|-status|p1a: Persian|slp|[from] move: Rest
|move|p2a: Clefable|Body Slam|p1a: Persian
|-damage|p1a: Persian|70\/100 slp
|
|turn|93
|choice||
|
|cant|p1a: Persian|slp
|move|p2a: Clefable|Rest|p2a: Clefable
|-status|p2a: Clefable|slp
|-heal|p2a: Clefable|100\/100 slp|[silent]
|-status|p2a: Clefable|slp|[from] move: Rest
|
|turn|94
|choice||
|
|-curestatus|p1a: Persian|slp
|cant|p2a: Clefable|slp
|
|turn|95
|choice||
|
|move|p1a: Persian|Body Slam|p2a: Clefable
|-damage|p2a: Clefable|89\/100 slp
|-curestatus|p2a: Clefable|slp
|
|turn|96
|choice||
|
|move|p1a: Persian|Body Slam|p2a: Clefable
|-crit|p2a: Clefable
|-damage|p2a: Clefable|40\/100
|move|p2a: Clefable|Body Slam|p1a: Persian
|-damage|p1a: Persian|37\/100
|
|turn|97
|choice||
|
|move|p1a: Persian|Body Slam|p2a: Clefable
|-crit|p2a: Clefable
|-damage|p2a: Clefable|0 fnt
|faint|p2a: Clefable
|choice||
|
|switch|p2a: Kangaskhan|Kangaskhan|100\/100
|turn|98
|choice||
|
|move|p1a: Persian|Rest|p1a: Persian
|-status|p1a: Persian|slp
|-heal|p1a: Persian|100\/100 slp|[silent]
|-status|p1a: Persian|slp|[from] move: Rest
|move|p2a: Kangaskhan|Body Slam|p1a: Persian
|-crit|p1a: Persian
|-damage|p1a: Persian|26\/100 slp
|
|turn|99
|choice||
|
|cant|p1a: Persian|slp
|move|p2a: Kangaskhan|Rest|p2a: Kangaskhan
|-fail|p2a: Kangaskhan
|
|turn|100
|choice||
|
|-curestatus|p1a: Persian|slp
|move|p2a: Kangaskhan|Rest|p2a: Kangaskhan
|-fail|p2a: Kangaskhan
|
|turn|101
|choice||
|
|move|p1a: Persian|Rest|p1a: Persian
|-status|p1a: Persian|slp
|-heal|p1a: Persian|100\/100 slp|[silent]
|-status|p1a: Persian|slp|[from] move: Rest
|move|p2a: Kangaskhan|Rest|p2a: Kangaskhan
|-fail|p2a: Kangaskhan
|
|turn|102
|choice||
|
|cant|p1a: Persian|slp
|move|p2a: Kangaskhan|Body Slam|p1a: Persian
|-damage|p1a: Persian|62\/100 slp
|
|turn|103
|choice||
|
|-curestatus|p1a: Persian|slp
|move|p2a: Kangaskhan|Body Slam|p1a: Persian
|-crit|p1a: Persian
|-damage|p1a: Persian|0 fnt
|faint|p1a: Persian
|choice||
|
|switch|p1a: Clefable|Clefable|100\/100
|turn|104
|choice||
|
|move|p2a: Kangaskhan|Body Slam|p1a: Clefable
|-damage|p1a: Clefable|70\/100
|move|p1a: Clefable|Reflect|p1a: Clefable
|-start|p1a: Clefable|Reflect
|
|turn|105
|choice||
|
|move|p2a: Kangaskhan|Body Slam|p1a: Clefable
|-damage|p1a: Clefable|56\/100
|move|p1a: Clefable|Body Slam|p2a: Kangaskhan
|-crit|p2a: Kangaskhan
|-damage|p2a: Kangaskhan|54\/100
|
|turn|106
|choice||
|
|move|p2a: Kangaskhan|Body Slam|p1a: Clefable
|-damage|p1a: Clefable|41\/100
|move|p1a: Clefable|Body Slam|p2a: Kangaskhan
|-damage|p2a: Kangaskhan|30\/100
|
|turn|107
|choice||
|
|move|p2a: Kangaskhan|Body Slam|p1a: Clefable
|-damage|p1a: Clefable|26\/100
|move|p1a: Clefable|Body Slam|p2a: Kangaskhan
|-damage|p2a: Kangaskhan|9\/100
|
|turn|108
|choice||
|
|move|p2a: Kangaskhan|Rest|p2a: Kangaskhan
|-status|p2a: Kangaskhan|slp
|-heal|p2a: Kangaskhan|100\/100 slp|[silent]
|-status|p2a: Kangaskhan|slp|[from] move: Rest
|move|p1a: Clefable|Rest|p1a: Clefable
|-status|p1a: Clefable|slp
|-heal|p1a: Clefable|100\/100 slp|[silent]
|-status|p1a: Clefable|slp|[from] move: Rest
|
|turn|109
|choice||
|
|cant|p2a: Kangaskhan|slp
|cant|p1a: Clefable|slp
|
|turn|110
|choice||
|
|-curestatus|p2a: Kangaskhan|slp
|-curestatus|p1a: Clefable|slp
|
|turn|111
|choice||
|
|move|p2a: Kangaskhan|Body Slam|p1a: Clefable
|-damage|p1a: Clefable|85\/100
|move|p1a: Clefable|Body Slam|p2a: Kangaskhan
|-damage|p2a: Kangaskhan|79\/100
|
|turn|112
|choice||
|
|move|p2a: Kangaskhan|Body Slam|p1a: Clefable
|-damage|p1a: Clefable|69\/100
|move|p1a: Clefable|Body Slam|p2a: Kangaskhan
|-damage|p2a: Kangaskhan|56\/100
|
|turn|113
|choice||
|
|move|p2a: Kangaskhan|Body Slam|p1a: Clefable
|-damage|p1a: Clefable|54\/100
|move|p1a: Clefable|Body Slam|p2a: Kangaskhan
|-crit|p2a: Kangaskhan
|-damage|p2a: Kangaskhan|10\/100
|
|turn|114
|choice||
|
|move|p2a: Kangaskhan|Rest|p2a: Kangaskhan
|-status|p2a: Kangaskhan|slp
|-heal|p2a: Kangaskhan|100\/100 slp|[silent]
|-status|p2a: Kangaskhan|slp|[from] move: Rest
|move|p1a: Clefable|Rest|p1a: Clefable
|-status|p1a: Clefable|slp
|-heal|p1a: Clefable|100\/100 slp|[silent]
|-status|p1a: Clefable|slp|[from] move: Rest
|
|turn|115
|choice||
|
|cant|p2a: Kangaskhan|slp
|cant|p1a: Clefable|slp
|
|turn|116
|choice||
|
|-curestatus|p2a: Kangaskhan|slp
|-curestatus|p1a: Clefable|slp
|
|turn|117
|choice||
|
|move|p2a: Kangaskhan|Body Slam|p1a: Clefable
|-damage|p1a: Clefable|84\/100
|move|p1a: Clefable|Body Slam|p2a: Kangaskhan
|-damage|p2a: Kangaskhan|78\/100
|
|turn|118
|choice||
|
|move|p2a: Kangaskhan|Body Slam|p1a: Clefable
|-crit|p1a: Clefable
|-damage|p1a: Clefable|25\/100
|move|p1a: Clefable|Body Slam|p2a: Kangaskhan
|-damage|p2a: Kangaskhan|55\/100
|
|turn|119
|choice||
|
|move|p2a: Kangaskhan|Rest|p2a: Kangaskhan
|-status|p2a: Kangaskhan|slp
|-heal|p2a: Kangaskhan|100\/100 slp|[silent]
|-status|p2a: Kangaskhan|slp|[from] move: Rest
|move|p1a: Clefable|Rest|p1a: Clefable
|-status|p1a: Clefable|slp
|-heal|p1a: Clefable|100\/100 slp|[silent]
|-status|p1a: Clefable|slp|[from] move: Rest
|
|turn|120
|choice||
|
|cant|p2a: Kangaskhan|slp
|cant|p1a: Clefable|slp
|
|turn|121
|choice||
|
|-curestatus|p2a: Kangaskhan|slp
|-curestatus|p1a: Clefable|slp
|
|turn|122
|choice||
|
|move|p2a: Kangaskhan|Body Slam|p1a: Clefable
|-damage|p1a: Clefable|85\/100
|move|p1a: Clefable|Body Slam|p2a: Kangaskhan
|-damage|p2a: Kangaskhan|77\/100
|
|turn|123
|choice||
|
|move|p2a: Kangaskhan|Body Slam|p1a: Clefable
|-damage|p1a: Clefable|68\/100
|move|p1a: Clefable|Body Slam|p2a: Kangaskhan
|-damage|p2a: Kangaskhan|54\/100
|
|turn|124
|choice||
|
|move|p2a: Kangaskhan|Body Slam|p1a: Clefable
|-damage|p1a: Clefable|53\/100
|move|p1a: Clefable|Body Slam|p2a: Kangaskhan
|-damage|p2a: Kangaskhan|32\/100
|
|turn|125
|choice||
|
|move|p2a: Kangaskhan|Body Slam|p1a: Clefable
|-damage|p1a: Clefable|37\/100
|move|p1a: Clefable|Body Slam|p2a: Kangaskhan
|-damage|p2a: Kangaskhan|10\/100
|
|turn|126
|choice||
|
|move|p2a: Kangaskhan|Rest|p2a: Kangaskhan
|-status|p2a: Kangaskhan|slp
|-heal|p2a: Kangaskhan|100\/100 slp|[silent]
|-status|p2a: Kangaskhan|slp|[from] move: Rest
|move|p1a: Clefable|Rest|p1a: Clefable
|-status|p1a: Clefable|slp
|-heal|p1a: Clefable|100\/100 slp|[silent]
|-status|p1a: Clefable|slp|[from] move: Rest
|
|turn|127
|choice||
|
|cant|p2a: Kangaskhan|slp
|cant|p1a: Clefable|slp
|
|turn|128
|choice||
|
|-curestatus|p2a: Kangaskhan|slp
|-curestatus|p1a: Clefable|slp
|
|turn|129
|choice||
|
|move|p2a: Kangaskhan|Body Slam|p1a: Clefable
|-damage|p1a: Clefable|84\/100
|move|p1a: Clefable|Body Slam|p2a: Kangaskhan
|-damage|p2a: Kangaskhan|78\/100
|
|turn|130
|choice||
|
|move|p2a: Kangaskhan|Body Slam|p1a: Clefable
|-crit|p1a: Clefable
|-damage|p1a: Clefable|26\/100
|move|p1a: Clefable|Body Slam|p2a: Kangaskhan
|-crit|p2a: Kangaskhan
|-damage|p2a: Kangaskhan|33\/100
|
|turn|131
|choice||
|
|move|p2a: Kangaskhan|Body Slam|p1a: Clefable
|-damage|p1a: Clefable|11\/100
|move|p1a: Clefable|Body Slam|p2a: Kangaskhan
|-damage|p2a: Kangaskhan|11\/100
|
|turn|132
|choice||
|
|move|p2a: Kangaskhan|Rest|p2a: Kangaskhan
|-status|p2a: Kangaskhan|slp
|-heal|p2a: Kangaskhan|100\/100 slp|[silent]
|-status|p2a: Kangaskhan|slp|[from] move: Rest
|move|p1a: Clefable|Rest|p1a: Clefable
|-status|p1a: Clefable|slp
|-heal|p1a: Clefable|100\/100 slp|[silent]
|-status|p1a: Clefable|slp|[from] move: Rest
|
|turn|133
|choice||
|
|cant|p2a: Kangaskhan|slp
|cant|p1a: Clefable|slp
|
|turn|134
|choice||
|
|-curestatus|p2a: Kangaskhan|slp
|-curestatus|p1a: Clefable|slp
|
|turn|135
|choice||
|
|move|p2a: Kangaskhan|Body Slam|p1a: Clefable
|-damage|p1a: Clefable|85\/100
|move|p1a: Clefable|Body Slam|p2a: Kangaskhan
|-damage|p2a: Kangaskhan|77\/100
|
|turn|136
|choice||
|
|move|p2a: Kangaskhan|Body Slam|p1a: Clefable
|-damage|p1a: Clefable|68\/100
|move|p1a: Clefable|Body Slam|p2a: Kangaskhan
|-damage|p2a: Kangaskhan|54\/100
|
|turn|137
|choice||
|
|move|p2a: Kangaskhan|Body Slam|p1a: Clefable
|-crit|p1a: Clefable
|-damage|p1a: Clefable|9\/100
|move|p1a: Clefable|Body Slam|p2a: Kangaskhan
|-damage|p2a: Kangaskhan|32\/100
|
|turn|138
|choice||
|
|move|p2a: Kangaskhan|Rest|p2a: Kangaskhan
|-status|p2a: Kangaskhan|slp
|-heal|p2a: Kangaskhan|100\/100 slp|[silent]
|-status|p2a: Kangaskhan|slp|[from] move: Rest
|move|p1a: Clefable|Rest|p1a: Clefable
|-status|p1a: Clefable|slp
|-heal|p1a: Clefable|100\/100 slp|[silent]
|-status|p1a: Clefable|slp|[from] move: Rest
|
|turn|139
|choice||
|
|cant|p2a: Kangaskhan|slp
|cant|p1a: Clefable|slp
|
|turn|140
|choice||
|
|-curestatus|p2a: Kangaskhan|slp
|-curestatus|p1a: Clefable|slp
|
|turn|141
|j|Peasounay
|choice||
|
|move|p2a: Kangaskhan|Body Slam|p1a: Clefable
|-crit|p1a: Clefable
|-damage|p1a: Clefable|47\/100
|move|p1a: Clefable|Body Slam|p2a: Kangaskhan
|-damage|p2a: Kangaskhan|78\/100
|
|turn|142
|choice||
|
|move|p2a: Kangaskhan|Body Slam|p1a: Clefable
|-damage|p1a: Clefable|32\/100
|move|p1a: Clefable|Body Slam|p2a: Kangaskhan
|-damage|p2a: Kangaskhan|56\/100
|
|turn|143
|l|Peasounay
|choice||
|
|move|p2a: Kangaskhan|Rest|p2a: Kangaskhan
|-status|p2a: Kangaskhan|slp
|-heal|p2a: Kangaskhan|100\/100 slp|[silent]
|-status|p2a: Kangaskhan|slp|[from] move: Rest
|move|p1a: Clefable|Body Slam|p2a: Kangaskhan
|-damage|p2a: Kangaskhan|80\/100 slp
|
|turn|144
|choice||
|
|cant|p2a: Kangaskhan|slp
|move|p1a: Clefable|Body Slam|p2a: Kangaskhan
|-damage|p2a: Kangaskhan|56\/100 slp
|
|turn|145
|choice||
|
|-curestatus|p2a: Kangaskhan|slp
|move|p1a: Clefable|Body Slam|p2a: Kangaskhan
|-damage|p2a: Kangaskhan|34\/100
|
|turn|146
|choice||
|
|move|p2a: Kangaskhan|Substitute|p2a: Kangaskhan
|-start|p2a: Kangaskhan|Substitute
|-damage|p2a: Kangaskhan|9\/100
|move|p1a: Clefable|Body Slam|p2a: Kangaskhan
|-activate|p2a: Kangaskhan|Substitute|[damage]
|
|turn|147
|choice||
|
|move|p2a: Kangaskhan|Substitute|p2a: Kangaskhan
|-fail|p2a: Kangaskhan|move: Substitute
|move|p1a: Clefable|Substitute|p1a: Clefable
|-start|p1a: Clefable|Substitute
|-damage|p1a: Clefable|7\/100
|
|turn|148
|choice||
|
|move|p2a: Kangaskhan|Substitute|p2a: Kangaskhan
|-fail|p2a: Kangaskhan|move: Substitute
|move|p1a: Clefable|Substitute|p1a: Clefable
|-fail|p1a: Clefable|move: Substitute
|
|turn|149
|choice||
|
|move|p2a: Kangaskhan|Rest|p2a: Kangaskhan
|-status|p2a: Kangaskhan|slp
|-heal|p2a: Kangaskhan|100\/100 slp|[silent]
|-status|p2a: Kangaskhan|slp|[from] move: Rest
|move|p1a: Clefable|Substitute|p1a: Clefable
|-fail|p1a: Clefable|move: Substitute
|
|turn|150
|choice||
|
|cant|p2a: Kangaskhan|slp
|move|p1a: Clefable|Reflect|p1a: Clefable
|-fail|p1a: Clefable
|
|turn|151
|choice||
|
|-curestatus|p2a: Kangaskhan|slp
|move|p1a: Clefable|Reflect|p1a: Clefable
|-fail|p1a: Clefable
|
|turn|152
|choice||
|
|move|p2a: Kangaskhan|Rest|p2a: Kangaskhan
|-fail|p2a: Kangaskhan
|move|p1a: Clefable|Reflect|p1a: Clefable
|-fail|p1a: Clefable
|
|turn|153
|choice||
|
|move|p2a: Kangaskhan|Rest|p2a: Kangaskhan
|-fail|p2a: Kangaskhan
|move|p1a: Clefable|Reflect|p1a: Clefable
|-fail|p1a: Clefable
|
|turn|154
|choice||
|
|move|p2a: Kangaskhan|Rest|p2a: Kangaskhan
|-fail|p2a: Kangaskhan
|move|p1a: Clefable|Reflect|p1a: Clefable
|-fail|p1a: Clefable
|
|turn|155
|choice||
|
|move|p2a: Kangaskhan|Rest|p2a: Kangaskhan
|-fail|p2a: Kangaskhan
|move|p1a: Clefable|Reflect|p1a: Clefable
|-fail|p1a: Clefable
|
|turn|156
|choice||
|
|move|p2a: Kangaskhan|Rest|p2a: Kangaskhan
|-fail|p2a: Kangaskhan
|move|p1a: Clefable|Reflect|p1a: Clefable
|-fail|p1a: Clefable
|
|turn|157
|choice||
|
|move|p2a: Kangaskhan|Substitute|p2a: Kangaskhan
|-fail|p2a: Kangaskhan|move: Substitute
|move|p1a: Clefable|Reflect|p1a: Clefable
|-fail|p1a: Clefable
|
|turn|158
|choice||
|
|move|p2a: Kangaskhan|Substitute|p2a: Kangaskhan
|-fail|p2a: Kangaskhan|move: Substitute
|move|p1a: Clefable|Rest|p1a: Clefable
|-status|p1a: Clefable|slp
|-heal|p1a: Clefable|100\/100 slp|[silent]
|-status|p1a: Clefable|slp|[from] move: Rest
|
|turn|159
|choice||
|
|move|p2a: Kangaskhan|Substitute|p2a: Kangaskhan
|-fail|p2a: Kangaskhan|move: Substitute
|cant|p1a: Clefable|slp
|
|turn|160
|choice||
|
|move|p2a: Kangaskhan|Substitute|p2a: Kangaskhan
|-fail|p2a: Kangaskhan|move: Substitute
|-curestatus|p1a: Clefable|slp
|
|turn|161
|choice||
|
|move|p2a: Kangaskhan|Substitute|p2a: Kangaskhan
|-fail|p2a: Kangaskhan|move: Substitute
|move|p1a: Clefable|Rest|p1a: Clefable
|-fail|p1a: Clefable
|
|turn|162
|choice||
|
|move|p2a: Kangaskhan|Substitute|p2a: Kangaskhan
|-fail|p2a: Kangaskhan|move: Substitute
|move|p1a: Clefable|Rest|p1a: Clefable
|-fail|p1a: Clefable
|
|turn|163
|choice||
|
|move|p2a: Kangaskhan|Substitute|p2a: Kangaskhan
|-fail|p2a: Kangaskhan|move: Substitute
|move|p1a: Clefable|Rest|p1a: Clefable
|-fail|p1a: Clefable
|
|turn|164
|choice||
|
|move|p2a: Kangaskhan|Substitute|p2a: Kangaskhan
|-fail|p2a: Kangaskhan|move: Substitute
|move|p1a: Clefable|Rest|p1a: Clefable
|-fail|p1a: Clefable
|
|turn|165
|choice||
|
|move|p2a: Kangaskhan|Substitute|p2a: Kangaskhan
|-fail|p2a: Kangaskhan|move: Substitute
|move|p1a: Clefable|Rest|p1a: Clefable
|-fail|p1a: Clefable
|
|turn|166
|choice||
|
|move|p2a: Kangaskhan|Substitute|p2a: Kangaskhan
|-fail|p2a: Kangaskhan|move: Substitute
|move|p1a: Clefable|Rest|p1a: Clefable
|-fail|p1a: Clefable
|
|turn|167
|choice||
|
|move|p2a: Kangaskhan|Substitute|p2a: Kangaskhan
|-fail|p2a: Kangaskhan|move: Substitute
|move|p1a: Clefable|Rest|p1a: Clefable
|-fail|p1a: Clefable
|
|turn|168
|choice||
|
|move|p2a: Kangaskhan|Substitute|p2a: Kangaskhan
|-fail|p2a: Kangaskhan|move: Substitute
|move|p1a: Clefable|Rest|p1a: Clefable
|-fail|p1a: Clefable
|
|turn|169
|choice||
|
|move|p2a: Kangaskhan|Substitute|p2a: Kangaskhan
|-fail|p2a: Kangaskhan|move: Substitute
|move|p1a: Clefable|Rest|p1a: Clefable
|-fail|p1a: Clefable
|
|turn|170
|choice||
|
|move|p2a: Kangaskhan|Struggle|p1a: Clefable
|-activate|p1a: Clefable|Substitute|[damage]
|-damage|p2a: Kangaskhan|96\/100|[from] recoil|[of] p1a: Clefable
|move|p1a: Clefable|Substitute|p1a: Clefable
|-fail|p1a: Clefable|move: Substitute
|
|turn|171
|choice||
|
|move|p2a: Kangaskhan|Struggle|p1a: Clefable
|-crit|p1a: Clefable
|-end|p1a: Clefable|Substitute
|-damage|p2a: Kangaskhan|88\/100|[from] recoil|[of] p1a: Clefable
|move|p1a: Clefable|Substitute|p1a: Clefable
|-start|p1a: Clefable|Substitute
|-damage|p1a: Clefable|76\/100
|
|turn|172
|choice||
|
|move|p2a: Kangaskhan|Struggle|p1a: Clefable
|-activate|p1a: Clefable|Substitute|[damage]
|-damage|p2a: Kangaskhan|84\/100|[from] recoil|[of] p1a: Clefable
|move|p1a: Clefable|Substitute|p1a: Clefable
|-fail|p1a: Clefable|move: Substitute
|
|turn|173
|choice||
|
|move|p2a: Kangaskhan|Struggle|p1a: Clefable
|-activate|p1a: Clefable|Substitute|[damage]
|-damage|p2a: Kangaskhan|80\/100|[from] recoil|[of] p1a: Clefable
|move|p1a: Clefable|Substitute|p1a: Clefable
|-fail|p1a: Clefable|move: Substitute
|
|turn|174
|choice||
|
|move|p2a: Kangaskhan|Struggle|p1a: Clefable
|-end|p1a: Clefable|Substitute
|-damage|p2a: Kangaskhan|77\/100|[from] recoil|[of] p1a: Clefable
|move|p1a: Clefable|Reflect|p1a: Clefable
|-fail|p1a: Clefable
|
|turn|175
|choice||
|
|move|p2a: Kangaskhan|Struggle|p1a: Clefable
|-damage|p1a: Clefable|66\/100
|-damage|p2a: Kangaskhan|72\/100|[from] recoil|[of] p1a: Clefable
|move|p1a: Clefable|Reflect|p1a: Clefable
|-fail|p1a: Clefable
|
|turn|176
|choice||
|
|move|p2a: Kangaskhan|Struggle|p1a: Clefable
|-crit|p1a: Clefable
|-damage|p1a: Clefable|34\/100
|-damage|p2a: Kangaskhan|57\/100|[from] recoil|[of] p1a: Clefable
|move|p1a: Clefable|Reflect|p1a: Clefable
|-fail|p1a: Clefable
|
|turn|177
|choice||
|
|move|p2a: Kangaskhan|Struggle|p1a: Clefable
|-damage|p1a: Clefable|26\/100
|-damage|p2a: Kangaskhan|53\/100|[from] recoil|[of] p1a: Clefable
|move|p1a: Clefable|Reflect|p1a: Clefable
|-fail|p1a: Clefable
|
|turn|178
|choice||
|
|move|p2a: Kangaskhan|Struggle|p1a: Clefable
|-damage|p1a: Clefable|16\/100
|-damage|p2a: Kangaskhan|49\/100|[from] recoil|[of] p1a: Clefable
|move|p1a: Clefable|Substitute|p1a: Clefable
|-fail|p1a: Clefable|move: Substitute|[weak]
|
|turn|179
|choice||
|
|move|p2a: Kangaskhan|Struggle|p1a: Clefable
|-damage|p1a: Clefable|7\/100
|-damage|p2a: Kangaskhan|44\/100|[from] recoil|[of] p1a: Clefable
|move|p1a: Clefable|Substitute|p1a: Clefable
|-fail|p1a: Clefable|move: Substitute|[weak]
|
|turn|180
|choice||
|
|move|p2a: Kangaskhan|Struggle|p1a: Clefable
|-damage|p1a: Clefable|0 fnt
|-damage|p2a: Kangaskhan|41\/100|[from] recoil|[of] p1a: Clefable
|faint|p1a: Clefable
|choice||
|
|switch|p1a: Kangaskhan|Kangaskhan|100\/100
|turn|181
|choice||
|
|move|p1a: Kangaskhan|Body Slam|p2a: Kangaskhan
|-end|p2a: Kangaskhan|Substitute
|move|p2a: Kangaskhan|Struggle|p1a: Kangaskhan
|-damage|p1a: Kangaskhan|84\/100
|-damage|p2a: Kangaskhan|33\/100|[from] recoil|[of] p1a: Kangaskhan
|
|turn|182
|choice||
|
|move|p1a: Kangaskhan|Body Slam|p2a: Kangaskhan
|-damage|p2a: Kangaskhan|6\/100
|move|p2a: Kangaskhan|Struggle|p1a: Kangaskhan
|-damage|p1a: Kangaskhan|66\/100
|-damage|p2a: Kangaskhan|0 fnt|[from] recoil|[of] p1a: Kangaskhan
|faint|p2a: Kangaskhan
|choice||
|
|switch|p2a: Raticate|Raticate|100\/100
|turn|183
|choice||
|
|move|p2a: Raticate|Body Slam|p1a: Kangaskhan
|-damage|p1a: Kangaskhan|43\/100
|move|p1a: Kangaskhan|Body Slam|p2a: Raticate
|-damage|p2a: Raticate|61\/100
|
|turn|184
|choice||
|
|move|p2a: Raticate|Body Slam|p1a: Kangaskhan
|-damage|p1a: Kangaskhan|20\/100
|move|p1a: Kangaskhan|Body Slam|p2a: Raticate
|-damage|p2a: Raticate|17\/100
|
|turn|185
|choice||
|
|move|p2a: Raticate|Body Slam|p1a: Kangaskhan
|-damage|p1a: Kangaskhan|0 fnt
|faint|p1a: Kangaskhan
|choice||
|
|switch|p1a: Raticate|Raticate|100\/100
|turn|186
|choice||
|
|move|p1a: Raticate|Body Slam|p2a: Raticate
|-damage|p2a: Raticate|0 fnt
|faint|p2a: Raticate
|
|win|AB Nickelquack
|player|p1
|player|p2
|l|AA Nickelquack