|join|PickledBeets
|join|MagicMudkipFartz
|player|p1|PickledBeets|162
|player|p2|MagicMudkipFartz|101
|gametype|singles
|gen|1
|tier|[Gen 1] Random Battle
|rated
|seed|88,16175,74,27950
|rule|Sleep Clause Mod: Limit one foe put to sleep
|rule|Freeze Clause Mod: Limit one foe frozen
|rule|HP Percentage Mod: HP is shown in percentages
|
|start
|switch|p1a: Cubone|Cubone, L96|291\/291
|switch|p2a: Mewtwo|Mewtwo, L70|293\/293
|turn|1
|choice|move 4|move 3
|
|move|p2a: Mewtwo|Blizzard|p1a: Cubone
|-crit|p1a: Cubone
|-supereffective|p1a: Cubone
|-damage|p1a: Cubone|0 fnt
|faint|p1a: Cubone
|choice|switch 3|
|
|switch|p1a: Mewtwo|Mewtwo, L68|285\/285
|turn|2
|choice|move 2|move 4
|
|move|p2a: Mewtwo|Thunder Wave|p1a: Mewtwo
|-status|p1a: Mewtwo|par
|move|p1a: Mewtwo|Thunder Wave|p2a: Mewtwo
|-status|p2a: Mewtwo|par
|
|turn|3
|choice|move 3|move 3
|
|cant|p2a: Mewtwo|par
|move|p1a: Mewtwo|Amnesia|p1a: Mewtwo
|-boost|p1a: Mewtwo|spd|2
|-boost|p1a: Mewtwo|spa|2
|
|turn|4
|choice|move 3|switch 3
|
|switch|p2a: Weepinbell|Weepinbell, L85|284\/284
|cant|p1a: Mewtwo|par
|
|turn|5
|choice|move 3|move 4
|
|move|p2a: Weepinbell|Swords Dance|p2a: Weepinbell
|-boost|p2a: Weepinbell|atk|2
|move|p1a: Mewtwo|Amnesia|p1a: Mewtwo
|-boost|p1a: Mewtwo|spd|2
|-boost|p1a: Mewtwo|spa|2
|
|turn|6
|choice|move 1|move 2
|
|move|p2a: Weepinbell|Body Slam|p1a: Mewtwo
|-damage|p1a: Mewtwo|152\/285 par
|move|p1a: Mewtwo|Psychic|p2a: Weepinbell
|-supereffective|p2a: Weepinbell
|-damage|p2a: Weepinbell|0 fnt
|faint|p2a: Weepinbell
|choice||switch 4
|
|switch|p2a: Rhydon|Rhydon, L79|328\/328
|turn|7
|choice|move 1|move 4
|
|move|p2a: Rhydon|Substitute|p2a: Rhydon
|-start|p2a: Rhydon|Substitute
|-damage|p2a: Rhydon|246\/328
|cant|p1a: Mewtwo|par
|
|turn|8
|choice|move 1|move 2
|
|move|p2a: Rhydon|Body Slam|p1a: Mewtwo
|-damage|p1a: Mewtwo|75\/285 par
|move|p1a: Mewtwo|Psychic|p2a: Rhydon
|-end|p2a: Rhydon|Substitute
|
|turn|9
|choice|move 1|move 3
|
|move|p2a: Rhydon|Earthquake|p1a: Mewtwo
|-damage|p1a: Mewtwo|0 fnt
|faint|p1a: Mewtwo
|choice|switch 5|
|
|switch|p1a: Dewgong|Dewgong, L85|327\/327
|turn|10
|choice|move 4|move 1
|
|move|p1a: Dewgong|Surf|p2a: Rhydon
|-supereffective|p2a: Rhydon
|-damage|p2a: Rhydon|0 fnt
|faint|p2a: Rhydon
|choice||switch 5
|
|switch|p2a: Electabuzz|Electabuzz, L85|284\/284
|turn|11
|choice|switch 4|move 4
|
|switch|p1a: Victreebel|Victreebel, L85|310\/310
|move|p2a: Electabuzz|Thunderbolt|p1a: Victreebel
|-resisted|p1a: Victreebel
|-damage|p1a: Victreebel|266\/310
|
|turn|12
|choice|move 4|move 1
|
|move|p2a: Electabuzz|Psychic|p1a: Victreebel
|-supereffective|p1a: Victreebel
|-damage|p1a: Victreebel|150\/310
|-unboost|p1a: Victreebel|spd|1
|-unboost|p1a: Victreebel|spa|1
|move|p1a: Victreebel|Stun Spore|p2a: Electabuzz
|-status|p2a: Electabuzz|par
|
|turn|13
|choice|move 2|move 1
|
|move|p1a: Victreebel|Hyper Beam|p2a: Electabuzz
|-damage|p2a: Electabuzz|146\/284 par
|cant|p2a: Electabuzz|par
|
|turn|14
|-mustrecharge|p1a: Victreebel
|-mustrecharge|p1a: Victreebel
|choice|move 1|move 1
|
|cant|p1a: Victreebel|recharge
|cant|p2a: Electabuzz|par
|
|turn|15
|choice|move 2|move 4
|
|move|p1a: Victreebel|Hyper Beam|p2a: Electabuzz
|-crit|p2a: Electabuzz
|-damage|p2a: Electabuzz|0 fnt
|faint|p2a: Electabuzz
|choice||switch 2
|
|switch|p2a: Dewgong|Dewgong, L85|327\/327
|turn|16
|choice|switch 6|move 1
|
|switch|p1a: Jolteon|Jolteon, L79|265\/265
|move|p2a: Dewgong|Blizzard|p1a: Jolteon
|-crit|p1a: Jolteon
|-damage|p1a: Jolteon|32\/265
|
|turn|17
|choice|move 1|move 2
|
|move|p1a: Jolteon|Thunderbolt|p2a: Dewgong
|-supereffective|p2a: Dewgong
|-damage|p2a: Dewgong|156\/327
|move|p2a: Dewgong|Surf|p1a: Jolteon
|-crit|p1a: Jolteon
|-damage|p1a: Jolteon|0 fnt
|faint|p1a: Jolteon
|choice|switch 6|
|
|switch|p1a: Victreebel|Victreebel, L85|150\/310
|turn|18
|choice|move 1|move 1
|
|move|p2a: Dewgong|Blizzard|p1a: Victreebel
|-supereffective|p1a: Victreebel
|-damage|p1a: Victreebel|0 fnt
|faint|p1a: Victreebel
|choice|switch 4|
|
|switch|p1a: Dewgong|Dewgong, L85|327\/327
|turn|19
|choice|move 1|move 3
|
|move|p1a: Dewgong|Body Slam|p2a: Dewgong|[miss]
|-miss|p1a: Dewgong
|move|p2a: Dewgong|Body Slam|p1a: Dewgong
|-crit|p1a: Dewgong
|-damage|p1a: Dewgong|220\/327
|-status|p1a: Dewgong|par
|
|turn|20
|choice|move 1|move 3
|
|move|p2a: Dewgong|Body Slam|p1a: Dewgong
|-damage|p1a: Dewgong|171\/327 par
|cant|p1a: Dewgong|par
|
|turn|21
|choice|move 1|move 3
|
|move|p2a: Dewgong|Body Slam|p1a: Dewgong
|-damage|p1a: Dewgong|115\/327 par
|move|p1a: Dewgong|Body Slam|p2a: Dewgong
|-damage|p2a: Dewgong|103\/327
|-status|p2a: Dewgong|par
|
|turn|22
|choice|move 1|move 3
|
|move|p1a: Dewgong|Body Slam|p2a: Dewgong
|-damage|p2a: Dewgong|50\/327 par
|move|p2a: Dewgong|Body Slam|p1a: Dewgong
|-damage|p1a: Dewgong|59\/327 par
|
|turn|23
|choice|move 1|move 3
|
|move|p2a: Dewgong|Body Slam|p1a: Dewgong
|-damage|p1a: Dewgong|9\/327 par
|move|p1a: Dewgong|Body Slam|p2a: Dewgong
|-damage|p2a: Dewgong|0 fnt
|faint|p2a: Dewgong
|choice||switch 6
|
|switch|p2a: Gyarados|Gyarados, L85|335\/335
|turn|24
|choice|move 1|move 4
|
|move|p2a: Gyarados|Thunderbolt|p1a: Dewgong
|-supereffective|p1a: Dewgong
|-damage|p1a: Dewgong|0 fnt
|faint|p1a: Dewgong
|choice|switch 2|
|
|switch|p1a: Lickitung|Lickitung, L90|345\/345
|turn|25
|choice|move 1|move 2
|
|move|p2a: Gyarados|Body Slam|p1a: Lickitung
|-damage|p1a: Lickitung|265\/345
|move|p1a: Lickitung|Swords Dance|p1a: Lickitung
|-boost|p1a: Lickitung|atk|2
|
|turn|26
|choice|move 1|move 3
|
|move|p2a: Gyarados|Blizzard|p1a: Lickitung
|-damage|p1a: Lickitung|157\/345
|move|p1a: Lickitung|Swords Dance|p1a: Lickitung
|-boost|p1a: Lickitung|atk|2
|
|turn|27
|choice|move 3|move 3
|
|move|p2a: Gyarados|Blizzard|p1a: Lickitung
|-damage|p1a: Lickitung|60\/345
|move|p1a: Lickitung|Body Slam|p2a: Gyarados
|-damage|p2a: Gyarados|86\/335
|
|turn|28
|choice|move 2|move 2
|
|move|p2a: Gyarados|Body Slam|p1a: Lickitung
|-damage|p1a: Lickitung|0 fnt
|faint|p1a: Lickitung
|
|win|MagicMudkipFartz
|leave|PickledBeets
|player|p1
|c|★MagicMudkipFartz|gg
|raw|PickledBeets's rating: 1357 &rarr; <strong>1323<\/strong><br \/>(-34 for losing)
|raw|MagicMudkipFartz's rating: 1076 &rarr; <strong>1124<\/strong><br \/>(+48 for winning)