|j|LibertarianMaster
|j|gust4vo
|player|p1|LibertarianMaster|101
|player|p2|gust4vo|76
|gametype|singles
|gen|1
|tier|[Gen 1] Random Battle
|rated
|seed|55111,52151,6409,34587
|rule|Sleep Clause Mod: Limit one foe put to sleep
|rule|Freeze Clause Mod: Limit one foe frozen
|rule|HP Percentage Mod: HP is shown in percentages
|
|start
|switch|p1a: Tentacool|Tentacool, L96|272\/272
|switch|p2a: Horsea|Horsea, L96|252\/252
|turn|1
|c|★LibertarianMaster|glhf
|choice|move 3|move 2
|
|move|p1a: Tentacool|Double-Edge|p2a: Horsea
|-damage|p2a: Horsea|194\/252
|-damage|p1a: Tentacool|258\/272|[from] recoil|[of] p2a: Horsea
|move|p2a: Horsea|Mimic|p1a: Tentacool
|-start|p2a: Horsea|Mimic|Mimic
|
|turn|2
|choice|move 3|move 2
|
|move|p1a: Tentacool|Double-Edge|p2a: Horsea
|-damage|p2a: Horsea|140\/252
|-damage|p1a: Tentacool|245\/272|[from] recoil|[of] p2a: Horsea
|move|p2a: Horsea|Mimic|p1a: Tentacool
|-start|p2a: Horsea|Mimic|Double-Edge
|
|turn|3
|choice|move 3|move 2
|
|move|p1a: Tentacool|Double-Edge|p2a: Horsea
|-damage|p2a: Horsea|80\/252
|-damage|p1a: Tentacool|230\/272|[from] recoil|[of] p2a: Horsea
|move|p2a: Horsea|Double-Edge|p1a: Tentacool
|-damage|p1a: Tentacool|152\/272
|-damage|p2a: Horsea|61\/252|[from] recoil|[of] p1a: Tentacool
|
|turn|4
|choice|move 4|move 2
|
|move|p1a: Tentacool|Barrier|p1a: Tentacool
|-boost|p1a: Tentacool|def|2
|move|p2a: Horsea|Double-Edge|p1a: Tentacool
|-damage|p1a: Tentacool|113\/272
|-damage|p2a: Horsea|52\/252|[from] recoil|[of] p1a: Tentacool
|
|turn|5
|choice|move 3|move 4
|
|move|p1a: Tentacool|Double-Edge|p2a: Horsea
|-damage|p2a: Horsea|0 fnt
|-damage|p1a: Tentacool|100\/272|[from] recoil|[of] p2a: Horsea
|faint|p2a: Horsea
|choice||switch 2
|
|switch|p2a: Electabuzz|Electabuzz, L85|284\/284
|turn|6
|choice|switch 3|move 1
|
|switch|p1a: Sandslash|Sandslash, L85|301\/301
|move|p2a: Electabuzz|Psychic|p1a: Sandslash
|-damage|p1a: Sandslash|225\/301
|
|turn|7
|choice|move 1|switch 3
|
|switch|p2a: Vileplume|Vileplume, L90|318\/318
|move|p1a: Sandslash|Earthquake|p2a: Vileplume
|-damage|p2a: Vileplume|216\/318
|
|turn|8
|choice|move 1|move 3
|
|move|p1a: Sandslash|Earthquake|p2a: Vileplume
|-crit|p2a: Vileplume
|-damage|p2a: Vileplume|15\/318
|move|p2a: Vileplume|Mega Drain|p1a: Sandslash
|-supereffective|p1a: Sandslash
|-damage|p1a: Sandslash|88\/301
|-heal|p2a: Vileplume|83\/318|[from] drain|[of] p1a: Sandslash
|
|turn|9
|choice|move 1|move 3
|
|move|p1a: Sandslash|Earthquake|p2a: Vileplume
|-damage|p2a: Vileplume|0 fnt
|faint|p2a: Vileplume
|choice||switch 4
|
|switch|p2a: Jynx|Jynx, L79|265\/265
|turn|10
|j|trolecion de aldon
|l|trolecion de aldon
|choice|switch 2|move 3
|
|switch|p1a: Omanyte|Omanyte, L96|262\/262
|move|p2a: Jynx|Psychic|p1a: Omanyte
|-damage|p1a: Omanyte|184\/262
|
|turn|11
|choice|move 4|move 1
|
|move|p2a: Jynx|Lovely Kiss|p1a: Omanyte
|-status|p1a: Omanyte|slp
|cant|p1a: Omanyte|slp
|
|turn|12
|choice|switch 5|move 3
|
|switch|p1a: Persian|Persian, L79|265\/265
|move|p2a: Jynx|Psychic|p1a: Persian
|-damage|p1a: Persian|156\/265
|
|turn|13
|choice|move 1|move 3
|
|move|p1a: Persian|Slash|p2a: Jynx
|-crit|p2a: Jynx
|-damage|p2a: Jynx|75\/265
|move|p2a: Jynx|Psychic|p1a: Persian
|-damage|p1a: Persian|56\/265
|
|turn|14
|choice|move 1|switch 5
|
|switch|p2a: Onix|Onix, L90|246\/246
|move|p1a: Persian|Slash|p2a: Onix
|-crit|p2a: Onix
|-resisted|p2a: Onix
|-damage|p2a: Onix|212\/246
|
|turn|15
|choice|switch 6|move 4
|
|switch|p1a: Dragonite|Dragonite, L85|328\/328
|move|p2a: Onix|Earthquake|p1a: Dragonite
|-immune|p1a: Dragonite|[msg]
|
|turn|16
|choice|switch 3|switch 6
|
|switch|p1a: Tentacool|Tentacool, L96|100\/272
|switch|p2a: Vaporeon|Vaporeon, L85|395\/395
|
|turn|17
|choice|move 3|move 4
|
|move|p1a: Tentacool|Double-Edge|p2a: Vaporeon
|-damage|p2a: Vaporeon|331\/395
|-damage|p1a: Tentacool|84\/272|[from] recoil|[of] p2a: Vaporeon
|move|p2a: Vaporeon|Body Slam|p1a: Tentacool
|-damage|p1a: Tentacool|11\/272
|
|turn|18
|choice|move 3|move 4
|
|move|p1a: Tentacool|Double-Edge|p2a: Vaporeon
|-damage|p2a: Vaporeon|268\/395
|-damage|p1a: Tentacool|0 fnt|[from] recoil|[of] p2a: Vaporeon
|faint|p1a: Tentacool
|choice|switch 4|
|
|switch|p1a: Nidorino|Nidorino, L90|293\/293
|turn|19
|choice|move 4|move 3
|
|move|p1a: Nidorino|Thunderbolt|p2a: Vaporeon
|-supereffective|p2a: Vaporeon
|-damage|p2a: Vaporeon|181\/395
|move|p2a: Vaporeon|Hydro Pump|p1a: Nidorino
|-crit|p1a: Nidorino
|-damage|p1a: Nidorino|0 fnt
|faint|p1a: Nidorino
|choice|switch 5|
|
|switch|p1a: Omanyte|Omanyte, L96|184\/262 slp
|turn|20
|choice|move 4|move 4
|
|move|p2a: Vaporeon|Body Slam|p1a: Omanyte
|-crit|p1a: Omanyte
|-resisted|p1a: Omanyte
|-damage|p1a: Omanyte|148\/262 slp
|-curestatus|p1a: Omanyte|slp
|
|turn|21
|choice|move 3|move 4
|
|move|p2a: Vaporeon|Body Slam|p1a: Omanyte
|-crit|p1a: Omanyte
|-resisted|p1a: Omanyte
|-damage|p1a: Omanyte|112\/262
|-status|p1a: Omanyte|par
|move|p1a: Omanyte|Rest|p1a: Omanyte
|-status|p1a: Omanyte|slp
|-heal|p1a: Omanyte|262\/262 slp|[silent]
|-status|p1a: Omanyte|slp|[from] move: Rest
|
|turn|22
|choice|move 4|move 1
|
|move|p2a: Vaporeon|Rest|p2a: Vaporeon
|-status|p2a: Vaporeon|slp
|-heal|p2a: Vaporeon|395\/395 slp|[silent]
|-status|p2a: Vaporeon|slp|[from] move: Rest
|cant|p1a: Omanyte|slp
|
|turn|23
|choice|switch 2|move 4
|
|switch|p1a: Sandslash|Sandslash, L85|88\/301
|cant|p2a: Vaporeon|slp
|
|turn|24
|choice|move 2|move 3
|
|-curestatus|p2a: Vaporeon|slp
|move|p1a: Sandslash|Substitute|p1a: Sandslash
|-start|p1a: Sandslash|Substitute
|-damage|p1a: Sandslash|13\/301
|
|turn|25
|choice|move 1|move 3
|
|move|p1a: Sandslash|Earthquake|p2a: Vaporeon
|-crit|p2a: Vaporeon
|-damage|p2a: Vaporeon|138\/395
|move|p2a: Vaporeon|Hydro Pump|p1a: Sandslash
|-supereffective|p1a: Sandslash
|-end|p1a: Sandslash|Substitute
|
|turn|26
|choice|switch 2|move 3
|
|switch|p1a: Omanyte|Omanyte, L96|262\/262 slp
|move|p2a: Vaporeon|Hydro Pump|p1a: Omanyte|[miss]
|-miss|p2a: Vaporeon
|
|turn|27
|choice|move 2|move 1
|
|move|p2a: Vaporeon|Rest|p2a: Vaporeon
|-status|p2a: Vaporeon|slp
|-heal|p2a: Vaporeon|395\/395 slp|[silent]
|-status|p2a: Vaporeon|slp|[from] move: Rest
|-curestatus|p1a: Omanyte|slp
|
|turn|28
|choice|switch 3|move 4
|
|switch|p1a: Dragonite|Dragonite, L85|328\/328
|cant|p2a: Vaporeon|slp
|
|turn|29
|choice|move 3|move 4
|
|move|p1a: Dragonite|Substitute|p1a: Dragonite
|-start|p1a: Dragonite|Substitute
|-damage|p1a: Dragonite|246\/328
|-curestatus|p2a: Vaporeon|slp
|
|turn|30
|choice|move 1|move 3
|
|move|p1a: Dragonite|Thunder|p2a: Vaporeon
|-supereffective|p2a: Vaporeon
|-damage|p2a: Vaporeon|237\/395
|move|p2a: Vaporeon|Hydro Pump|p1a: Dragonite
|-resisted|p1a: Dragonite
|-activate|p1a: Dragonite|Substitute|[damage]
|
|turn|31
|choice|move 1|move 4
|
|move|p1a: Dragonite|Thunder|p2a: Vaporeon
|-supereffective|p2a: Vaporeon
|-damage|p2a: Vaporeon|88\/395
|move|p2a: Vaporeon|Body Slam|p1a: Dragonite
|-end|p1a: Dragonite|Substitute
|
|turn|32
|choice|move 2|switch 6
|
|switch|p2a: Onix|Onix, L90|212\/246
|move|p1a: Dragonite|Body Slam|p2a: Onix
|-crit|p2a: Onix
|-resisted|p2a: Onix
|-damage|p2a: Onix|166\/246
|-status|p2a: Onix|par
|
|turn|33
|choice|switch 3|move 2
|
|switch|p1a: Omanyte|Omanyte, L96|262\/262
|move|p2a: Onix|Rock Slide|p1a: Omanyte|[miss]
|-miss|p2a: Onix
|
|turn|34
|choice|move 1|switch 3
|
|switch|p2a: Electabuzz|Electabuzz, L85|284\/284
|move|p1a: Omanyte|Blizzard|p2a: Electabuzz
|-damage|p2a: Electabuzz|188\/284
|
|turn|35
|choice|move 1|move 2
|
|move|p2a: Electabuzz|Seismic Toss|p1a: Omanyte
|-damage|p1a: Omanyte|177\/262
|move|p1a: Omanyte|Blizzard|p2a: Electabuzz
|-damage|p2a: Electabuzz|78\/284
|
|turn|36
|choice|switch 3|move 3
|
|switch|p1a: Dragonite|Dragonite, L85|246\/328
|move|p2a: Electabuzz|Thunderbolt|p1a: Dragonite
|-crit|p1a: Dragonite
|-damage|p1a: Dragonite|92\/328
|-status|p1a: Dragonite|par
|
|turn|37
|choice|move 2|move 2
|
|move|p2a: Electabuzz|Seismic Toss|p1a: Dragonite
|-damage|p1a: Dragonite|7\/328 par
|move|p1a: Dragonite|Body Slam|p2a: Electabuzz
|-damage|p2a: Electabuzz|0 fnt
|faint|p2a: Electabuzz
|choice||switch 6
|
|switch|p2a: Vaporeon|Vaporeon, L85|88\/395
|turn|38
|choice|move 2|move 4
|
|move|p2a: Vaporeon|Body Slam|p1a: Dragonite
|-damage|p1a: Dragonite|0 fnt
|faint|p1a: Dragonite
|choice|switch 6|
|
|switch|p1a: Persian|Persian, L79|56\/265
|turn|39
|choice|move 1|move 3
|
|move|p1a: Persian|Slash|p2a: Vaporeon
|-crit|p2a: Vaporeon
|-damage|p2a: Vaporeon|0 fnt
|faint|p2a: Vaporeon
|choice||switch 3
|
|switch|p2a: Onix|Onix, L90|166\/246 par
|turn|40
|choice|switch 3|move 4
|
|switch|p1a: Omanyte|Omanyte, L96|177\/262
|move|p2a: Onix|Earthquake|p1a: Omanyte
|-supereffective|p1a: Omanyte
|-damage|p1a: Omanyte|60\/262
|
|turn|41
|choice|move 1|move 4
|
|move|p1a: Omanyte|Blizzard|p2a: Onix
|-supereffective|p2a: Onix
|-damage|p2a: Onix|0 fnt
|faint|p2a: Onix
|choice||switch 5
|
|switch|p2a: Jynx|Jynx, L79|75\/265
|turn|42
|choice|move 3|move 3
|
|move|p2a: Jynx|Psychic|p1a: Omanyte
|-damage|p1a: Omanyte|0 fnt
|faint|p1a: Omanyte
|choice|switch 3|
|
|switch|p1a: Persian|Persian, L79|56\/265
|turn|43
|choice|move 1|move 1
|
|move|p1a: Persian|Slash|p2a: Jynx
|-crit|p2a: Jynx
|-damage|p2a: Jynx|0 fnt
|faint|p2a: Jynx
|
|win|LibertarianMaster
|player|p1
|player|p2
|raw|LibertarianMaster's rating: 1343 &rarr; <strong>1355<\/strong><br \/>(+12 for winning)
|raw|gust4vo's rating: 1185 &rarr; <strong>1171<\/strong><br \/>(-14 for losing)
|l|gust4vo