|j|polo1
|j|littlestrategist
|player|p1|polo1|70
|player|p2|littlestrategist|92
|gametype|singles
|gen|1
|tier|[Gen 1] OU
|rated
|seed|
|rule|Sleep Clause Mod: Limit one foe put to sleep
|rule|Freeze Clause Mod: Limit one foe frozen
|rule|Species Clause: Limit one of each Pokémon
|rule|OHKO Clause: OHKO moves are banned
|rule|Evasion Moves Clause: Evasion moves are banned
|rule|HP Percentage Mod: HP is shown in percentages
|
|start
|switch|p1a: Jynx|Jynx|100\/100
|switch|p2a: Gengar|Gengar|100\/100
|turn|1
|choice||
|
|move|p2a: Gengar|Hypnosis|p1a: Jynx
|-status|p1a: Jynx|slp
|cant|p1a: Jynx|slp
|
|turn|2
|choice||
|
|move|p2a: Gengar|Substitute|p2a: Gengar
|-start|p2a: Gengar|Substitute
|-damage|p2a: Gengar|76\/100
|cant|p1a: Jynx|slp
|
|turn|3
|choice||
|
|move|p2a: Gengar|Dream Eater|p1a: Jynx
|-resisted|p1a: Jynx
|-damage|p1a: Jynx|87\/100 slp
|-heal|p2a: Gengar|83\/100|[from] drain|[of] p1a: Jynx
|cant|p1a: Jynx|slp
|
|turn|4
|choice||
|
|move|p2a: Gengar|Dream Eater|p1a: Jynx
|-resisted|p1a: Jynx
|-damage|p1a: Jynx|71\/100 slp
|-heal|p2a: Gengar|91\/100|[from] drain|[of] p1a: Jynx
|cant|p1a: Jynx|slp
|
|turn|5
|choice||
|
|move|p2a: Gengar|Thunder|p1a: Jynx
|-damage|p1a: Jynx|38\/100 slp
|cant|p1a: Jynx|slp
|
|turn|6
|choice||
|
|move|p2a: Gengar|Dream Eater|p1a: Jynx
|-crit|p1a: Jynx
|-resisted|p1a: Jynx
|-damage|p1a: Jynx|9\/100 slp
|-heal|p2a: Gengar|100\/100|[from] drain|[of] p1a: Jynx
|-curestatus|p1a: Jynx|slp
|
|turn|7
|choice||
|
|move|p2a: Gengar|Thunder|p1a: Jynx|[miss]
|-miss|p2a: Gengar
|move|p1a: Jynx|Psychic|p2a: Gengar
|-crit|p2a: Gengar
|-supereffective|p2a: Gengar
|-end|p2a: Gengar|Substitute
|
|turn|8
|choice||
|
|move|p2a: Gengar|Thunder|p1a: Jynx|[miss]
|-miss|p2a: Gengar
|move|p1a: Jynx|Psychic|p2a: Gengar
|-supereffective|p2a: Gengar
|-damage|p2a: Gengar|47\/100
|
|turn|9
|choice||
|
|move|p2a: Gengar|Thunder|p1a: Jynx
|-damage|p1a: Jynx|0 fnt
|faint|p1a: Jynx
|choice||
|
|switch|p1a: Alakazam|Alakazam|100\/100
|turn|10
|choice||
|
|move|p1a: Alakazam|Psychic|p2a: Gengar
|-supereffective|p2a: Gengar
|-damage|p2a: Gengar|0 fnt
|faint|p2a: Gengar
|choice||
|
|switch|p2a: Exeggutor|Exeggutor|100\/100
|turn|11
|choice||
|
|switch|p1a: Snorlax|Snorlax|100\/100
|move|p2a: Exeggutor|Sleep Powder|p1a: Snorlax
|-status|p1a: Snorlax|slp
|
|turn|12
|choice||
|
|move|p2a: Exeggutor|Psychic|p1a: Snorlax
|-damage|p1a: Snorlax|69\/100 slp
|cant|p1a: Snorlax|slp
|
|turn|13
|choice||
|
|switch|p1a: Chansey|Chansey|100\/100
|move|p2a: Exeggutor|Psychic|p1a: Chansey
|-damage|p1a: Chansey|82\/100
|
|turn|14
|choice||
|
|switch|p2a: Slowbro|Slowbro|100\/100
|move|p1a: Chansey|Counter|p2a: Slowbro
|-fail|p1a: Chansey
|
|turn|15
|choice||
|
|switch|p1a: Alakazam|Alakazam|100\/100
|move|p2a: Slowbro|Amnesia|p2a: Slowbro
|-boost|p2a: Slowbro|spd|2
|-boost|p2a: Slowbro|spa|2
|
|turn|16
|choice||
|
|move|p1a: Alakazam|Thunder Wave|p2a: Slowbro
|-status|p2a: Slowbro|par
|cant|p2a: Slowbro|par
|
|turn|17
|choice||
|
|move|p1a: Alakazam|Seismic Toss|p2a: Slowbro
|-damage|p2a: Slowbro|75\/100 par
|move|p2a: Slowbro|Amnesia|p2a: Slowbro
|-boost|p2a: Slowbro|spd|2
|-boost|p2a: Slowbro|spa|2
|
|turn|18
|choice||
|
|move|p1a: Alakazam|Seismic Toss|p2a: Slowbro
|-damage|p2a: Slowbro|50\/100 par
|move|p2a: Slowbro|Amnesia|p2a: Slowbro
|-boost|p2a: Slowbro|spd|2
|-boost|p2a: Slowbro|spa|2
|
|turn|19
|choice||
|
|move|p1a: Alakazam|Seismic Toss|p2a: Slowbro
|-damage|p2a: Slowbro|24\/100 par
|move|p2a: Slowbro|Rest|p2a: Slowbro
|-status|p2a: Slowbro|slp
|-heal|p2a: Slowbro|100\/100 slp|[silent]
|-status|p2a: Slowbro|slp|[from] move: Rest
|
|turn|20
|choice||
|
|move|p1a: Alakazam|Seismic Toss|p2a: Slowbro
|-damage|p2a: Slowbro|75\/100 slp
|cant|p2a: Slowbro|slp
|
|turn|21
|choice||
|
|move|p1a: Alakazam|Seismic Toss|p2a: Slowbro
|-damage|p2a: Slowbro|50\/100 slp
|-curestatus|p2a: Slowbro|slp
|
|turn|22
|choice||
|
|move|p1a: Alakazam|Seismic Toss|p2a: Slowbro
|-damage|p2a: Slowbro|24\/100
|move|p2a: Slowbro|Ice Beam|p1a: Alakazam
|-damage|p1a: Alakazam|37\/100
|
|turn|23
|choice||
|
|move|p1a: Alakazam|Seismic Toss|p2a: Slowbro
|-damage|p2a: Slowbro|0 fnt
|faint|p2a: Slowbro
|choice||
|
|switch|p2a: Starmie|Starmie|100\/100
|turn|24
|choice||
|
|switch|p1a: Chansey|Chansey|82\/100
|move|p2a: Starmie|Ice Beam|p1a: Chansey
|-damage|p1a: Chansey|71\/100
|
|turn|25
|choice||
|
|move|p2a: Starmie|Light Screen|p2a: Starmie
|-start|p2a: Starmie|Light Screen
|move|p1a: Chansey|Thunderbolt|p2a: Starmie
|-supereffective|p2a: Starmie
|-damage|p2a: Starmie|78\/100
|
|turn|26
|choice||
|
|move|p2a: Starmie|Psychic|p1a: Chansey
|-damage|p1a: Chansey|58\/100
|move|p1a: Chansey|Soft-Boiled|p1a: Chansey
|-heal|p1a: Chansey|100\/100
|
|turn|27
|choice||
|
|switch|p2a: Exeggutor|Exeggutor|100\/100
|move|p1a: Chansey|Thunderbolt|p2a: Exeggutor
|-resisted|p2a: Exeggutor
|-damage|p2a: Exeggutor|92\/100
|
|turn|28
|choice||
|
|move|p2a: Exeggutor|Sleep Powder|p1a: Chansey
|-message|Sleep Clause Mod activated.
|move|p1a: Chansey|Ice Beam|p2a: Exeggutor
|-supereffective|p2a: Exeggutor
|-damage|p2a: Exeggutor|61\/100
|
|turn|29
|choice||
|
|move|p2a: Exeggutor|Egg Bomb|p1a: Chansey
|-damage|p1a: Chansey|69\/100
|move|p1a: Chansey|Ice Beam|p2a: Exeggutor
|-supereffective|p2a: Exeggutor
|-damage|p2a: Exeggutor|27\/100
|
|turn|30
|choice||
|
|switch|p2a: Electrode|Electrode|100\/100
|move|p1a: Chansey|Soft-Boiled|p1a: Chansey
|-heal|p1a: Chansey|100\/100
|
|turn|31
|choice||
|
|switch|p1a: Rhydon|Rhydon|100\/100
|move|p2a: Electrode|Light Screen|p2a: Electrode
|-start|p2a: Electrode|Light Screen
|
|turn|32
|choice||
|
|switch|p2a: Starmie|Starmie|78\/100
|move|p1a: Rhydon|Body Slam|p2a: Starmie
|-damage|p2a: Starmie|48\/100
|
|turn|33
|choice||
|
|switch|p1a: Chansey|Chansey|100\/100
|move|p2a: Starmie|Recover|p2a: Starmie
|-heal|p2a: Starmie|98\/100
|
|turn|34
|choice||
|
|switch|p2a: Electrode|Electrode|100\/100
|move|p1a: Chansey|Thunderbolt|p2a: Electrode
|-resisted|p2a: Electrode
|-damage|p2a: Electrode|86\/100
|
|turn|35
|choice||
|
|switch|p1a: Rhydon|Rhydon|100\/100
|move|p2a: Electrode|Thunderbolt|p1a: Rhydon
|-immune|p1a: Rhydon|[msg]
|
|turn|36
|choice||
|
|switch|p2a: Starmie|Starmie|98\/100
|move|p1a: Rhydon|Body Slam|p2a: Starmie
|-damage|p2a: Starmie|70\/100
|
|turn|37
|choice||
|
|switch|p1a: Chansey|Chansey|100\/100
|move|p2a: Starmie|Ice Beam|p1a: Chansey
|-damage|p1a: Chansey|91\/100
|
|turn|38
|choice||
|
|move|p2a: Starmie|Recover|p2a: Starmie
|-heal|p2a: Starmie|100\/100
|move|p1a: Chansey|Thunderbolt|p2a: Starmie
|-supereffective|p2a: Starmie
|-damage|p2a: Starmie|54\/100
|
|turn|39
|choice||
|
|move|p2a: Starmie|Light Screen|p2a: Starmie
|-start|p2a: Starmie|Light Screen
|move|p1a: Chansey|Thunderbolt|p2a: Starmie
|-supereffective|p2a: Starmie
|-damage|p2a: Starmie|29\/100
|
|turn|40
|choice||
|
|move|p2a: Starmie|Recover|p2a: Starmie
|-heal|p2a: Starmie|79\/100
|move|p1a: Chansey|Thunderbolt|p2a: Starmie
|-supereffective|p2a: Starmie
|-damage|p2a: Starmie|56\/100
|
|turn|41
|choice||
|
|move|p2a: Starmie|Recover|p2a: Starmie
|-heal|p2a: Starmie|100\/100
|move|p1a: Chansey|Thunderbolt|p2a: Starmie
|-supereffective|p2a: Starmie
|-damage|p2a: Starmie|74\/100
|
|turn|42
|choice||
|
|move|p2a: Starmie|Ice Beam|p1a: Chansey
|-damage|p1a: Chansey|81\/100
|move|p1a: Chansey|Thunderbolt|p2a: Starmie
|-supereffective|p2a: Starmie
|-damage|p2a: Starmie|49\/100
|
|turn|43
|choice||
|
|switch|p1a: Snorlax|Snorlax|69\/100 slp
|move|p2a: Starmie|Ice Beam|p1a: Snorlax
|-damage|p1a: Snorlax|50\/100 slp
|
|turn|44
|choice||
|
|move|p2a: Starmie|Recover|p2a: Starmie
|-heal|p2a: Starmie|99\/100
|cant|p1a: Snorlax|slp
|
|turn|45
|choice||
|
|move|p2a: Starmie|Psychic|p1a: Snorlax
|-damage|p1a: Snorlax|22\/100 slp
|-unboost|p1a: Snorlax|spd|1
|-unboost|p1a: Snorlax|spa|1
|cant|p1a: Snorlax|slp
|
|turn|46
|choice||
|
|switch|p1a: Alakazam|Alakazam|37\/100
|move|p2a: Starmie|Psychic|p1a: Alakazam
|-crit|p1a: Alakazam
|-resisted|p1a: Alakazam
|-damage|p1a: Alakazam|11\/100
|-unboost|p1a: Alakazam|spd|1
|-unboost|p1a: Alakazam|spa|1
|
|turn|47
|choice||
|
|move|p1a: Alakazam|Recover|p1a: Alakazam
|-heal|p1a: Alakazam|61\/100
|move|p2a: Starmie|Psychic|p1a: Alakazam
|-resisted|p1a: Alakazam
|-damage|p1a: Alakazam|41\/100
|
|turn|48
|choice||
|
|move|p1a: Alakazam|Recover|p1a: Alakazam
|-heal|p1a: Alakazam|91\/100
|move|p2a: Starmie|Ice Beam|p1a: Alakazam
|-damage|p1a: Alakazam|63\/100
|-status|p1a: Alakazam|frz
|
|turn|49
|choice||
|
|switch|p1a: Chansey|Chansey|81\/100
|move|p2a: Starmie|Psychic|p1a: Chansey
|-damage|p1a: Chansey|66\/100
|
|turn|50
|choice||
|
|move|p2a: Starmie|Ice Beam|p1a: Chansey
|-damage|p1a: Chansey|56\/100
|move|p1a: Chansey|Thunderbolt|p2a: Starmie
|-crit|p2a: Starmie
|-supereffective|p2a: Starmie
|-damage|p2a: Starmie|8\/100
|-status|p2a: Starmie|par
|
|turn|51
|choice||
|
|move|p1a: Chansey|Thunderbolt|p2a: Starmie
|-supereffective|p2a: Starmie
|-damage|p2a: Starmie|0 fnt
|faint|p2a: Starmie
|choice||
|
|switch|p2a: Dugtrio|Dugtrio|100\/100
|turn|52
|choice||
|
|switch|p1a: Alakazam|Alakazam|63\/100 frz
|move|p2a: Dugtrio|Hyper Beam|p1a: Alakazam
|-damage|p1a: Alakazam|12\/100 frz
|
|turn|53
|-mustrecharge|p2a: Dugtrio
|-mustrecharge|p2a: Dugtrio
|choice||
|
|switch|p1a: Tauros|Tauros|100\/100
|cant|p2a: Dugtrio|recharge
|
|turn|54
|choice||
|
|move|p2a: Dugtrio|Substitute|p2a: Dugtrio
|-start|p2a: Dugtrio|Substitute
|-damage|p2a: Dugtrio|76\/100
|move|p1a: Tauros|Blizzard|p2a: Dugtrio
|-supereffective|p2a: Dugtrio
|-end|p2a: Dugtrio|Substitute
|
|turn|55
|choice||
|
|move|p2a: Dugtrio|Earthquake|p1a: Tauros
|-damage|p1a: Tauros|71\/100
|move|p1a: Tauros|Blizzard|p2a: Dugtrio
|-supereffective|p2a: Dugtrio
|-damage|p2a: Dugtrio|10\/100
|
|turn|56
|choice||
|
|move|p2a: Dugtrio|Hyper Beam|p1a: Tauros
|-damage|p1a: Tauros|42\/100
|move|p1a: Tauros|Body Slam|p2a: Dugtrio
|-crit|p2a: Dugtrio
|-damage|p2a: Dugtrio|0 fnt
|faint|p2a: Dugtrio
|choice||
|
|switch|p2a: Electrode|Electrode|86\/100
|turn|57
|choice||
|
|switch|p1a: Rhydon|Rhydon|100\/100
|move|p2a: Electrode|Thunderbolt|p1a: Rhydon
|-immune|p1a: Rhydon|[msg]
|
|turn|58
|choice||
|
|switch|p2a: Exeggutor|Exeggutor|27\/100
|move|p1a: Rhydon|Body Slam|p2a: Exeggutor
|-damage|p2a: Exeggutor|3\/100
|-status|p2a: Exeggutor|par
|
|turn|59
|choice||
|
|move|p1a: Rhydon|Body Slam|p2a: Exeggutor
|-damage|p2a: Exeggutor|0 fnt
|faint|p2a: Exeggutor
|choice||
|
|switch|p2a: Electrode|Electrode|86\/100
|turn|60
|choice||
|
|move|p2a: Electrode|Substitute|p2a: Electrode
|-start|p2a: Electrode|Substitute
|-damage|p2a: Electrode|61\/100
|move|p1a: Rhydon|Earthquake|p2a: Electrode
|-crit|p2a: Electrode
|-supereffective|p2a: Electrode
|-end|p2a: Electrode|Substitute
|
|turn|61
|choice||
|
|move|p2a: Electrode|Explosion|p1a: Rhydon
|-resisted|p1a: Rhydon
|-damage|p1a: Rhydon|81\/100
|faint|p2a: Electrode
|
|win|polo1
|player|p1
|player|p2
|raw|polo1's rating: 1158 &rarr; <strong>1179<\/strong><br \/>(+21 for winning)
|raw|littlestrategist's rating: 1106 &rarr; <strong>1085<\/strong><br \/>(-21 for losing)