|join|MALESANI
|join|xiaze1991
|player|p1|MALESANI|238
|player|p2|xiaze1991|156
|gametype|singles
|gen|1
|tier|[Gen 1] Random Battle
|rated
|seed|34098,6971,63999,11535
|rule|Sleep Clause Mod: Limit one foe put to sleep
|rule|Freeze Clause Mod: Limit one foe frozen
|rule|HP Percentage Mod: HP is shown in percentages
|
|start
|switch|p1a: Magnemite|Magnemite, L96|243\/243
|switch|p2a: Squirtle|Squirtle, L96|279\/279
|turn|1
|choice|move 2|switch 2
|
|switch|p2a: Tangela|Tangela, L85|284\/284
|move|p1a: Magnemite|Mimic|p2a: Tangela
|-start|p1a: Magnemite|Mimic|Growth
|
|turn|2
|choice|move 1|move 2
|
|move|p2a: Tangela|Sleep Powder|p1a: Magnemite
|-status|p1a: Magnemite|slp
|cant|p1a: Magnemite|slp
|
|turn|3
|choice|switch 2|move 1
|
|switch|p1a: Spearow|Spearow, L96|272\/272
|move|p2a: Tangela|Growth|p2a: Tangela
|-boost|p2a: Tangela|spa|1
|-boost|p2a: Tangela|spd|1
|
|turn|4
|choice|move 4|switch 3
|
|switch|p2a: Aerodactyl|Aerodactyl, L90|327\/327
|move|p1a: Spearow|Drill Peck|p2a: Aerodactyl
|-resisted|p2a: Aerodactyl
|-damage|p2a: Aerodactyl|278\/327
|
|turn|5
|choice|switch 5|switch 3
|
|switch|p2a: Tangela|Tangela, L85|284\/284
|switch|p1a: Kabutops|Kabutops, L85|276\/276
|
|turn|6
|choice|switch 5|move 3
|
|switch|p1a: Spearow|Spearow, L96|272\/272
|move|p2a: Tangela|Mega Drain|p1a: Spearow
|-resisted|p1a: Spearow
|-damage|p1a: Spearow|241\/272
|
|turn|7
|choice|move 1|switch 3
|
|switch|p2a: Aerodactyl|Aerodactyl, L90|278\/327
|move|p1a: Spearow|Agility|p1a: Spearow
|-boost|p1a: Spearow|spe|2
|
|turn|8
|choice|move 3|move 4
|
|move|p1a: Spearow|Double-Edge|p2a: Aerodactyl
|-crit|p2a: Aerodactyl
|-resisted|p2a: Aerodactyl
|-damage|p2a: Aerodactyl|159\/327
|-damage|p1a: Spearow|212\/272|[from] recoil|[of] p2a: Aerodactyl
|move|p2a: Aerodactyl|Double-Edge|p1a: Spearow
|-damage|p1a: Spearow|89\/272
|-damage|p2a: Aerodactyl|129\/327|[from] recoil|[of] p1a: Spearow
|
|turn|9
|choice|switch 5|move 4
|
|switch|p1a: Kabutops|Kabutops, L85|276\/276
|move|p2a: Aerodactyl|Double-Edge|p1a: Kabutops
|-resisted|p1a: Kabutops
|-damage|p1a: Kabutops|239\/276
|-damage|p2a: Aerodactyl|120\/327|[from] recoil|[of] p1a: Kabutops
|
|turn|10
|choice|move 2|switch 3
|
|switch|p2a: Tangela|Tangela, L85|284\/284
|move|p1a: Kabutops|Surf|p2a: Tangela
|-resisted|p2a: Tangela
|-damage|p2a: Tangela|248\/284
|
|turn|11
|choice|switch 5|switch 3
|
|switch|p1a: Spearow|Spearow, L96|89\/272
|switch|p2a: Aerodactyl|Aerodactyl, L90|120\/327
|
|turn|12
|choice|move 4|switch 6
|
|switch|p2a: Magneton|Magneton, L90|273\/273
|move|p1a: Spearow|Drill Peck|p2a: Magneton
|-resisted|p2a: Magneton
|-damage|p2a: Magneton|239\/273
|
|turn|13
|choice|switch 4|move 1
|
|switch|p1a: Marowak|Marowak, L90|291\/291
|move|p2a: Magneton|Thunderbolt|p1a: Marowak
|-immune|p1a: Marowak|[msg]
|
|turn|14
|choice|move 4|switch 3
|
|switch|p2a: Tangela|Tangela, L85|248\/284
|move|p1a: Marowak|Blizzard|p2a: Tangela
|-supereffective|p2a: Tangela
|-damage|p2a: Tangela|119\/284
|
|turn|15
|choice|switch 4|switch 2
|
|switch|p2a: Squirtle|Squirtle, L96|279\/279
|switch|p1a: Spearow|Spearow, L96|89\/272
|
|turn|16
|choice|move 3|move 4
|
|move|p1a: Spearow|Double-Edge|p2a: Squirtle
|-damage|p2a: Squirtle|168\/279
|-damage|p1a: Spearow|62\/272|[from] recoil|[of] p2a: Squirtle
|move|p2a: Squirtle|Surf|p1a: Spearow
|-damage|p1a: Spearow|0 fnt
|faint|p1a: Spearow
|choice|switch 3|
|
|switch|p1a: Primeape|Primeape, L90|300\/300
|turn|17
|choice|move 4|move 4
|
|move|p1a: Primeape|Mega Kick|p2a: Squirtle
|-damage|p2a: Squirtle|55\/279
|move|p2a: Squirtle|Surf|p1a: Primeape
|-damage|p1a: Primeape|202\/300
|
|turn|18
|choice|move 1|move 4
|
|move|p1a: Primeape|Body Slam|p2a: Squirtle
|-crit|p2a: Squirtle
|-damage|p2a: Squirtle|0 fnt
|faint|p2a: Squirtle
|choice||switch 5
|
|switch|p2a: Muk|Muk, L90|372\/372
|turn|19
|choice|move 1|move 2
|
|move|p1a: Primeape|Body Slam|p2a: Muk
|-damage|p2a: Muk|302\/372
|-status|p2a: Muk|par
|cant|p2a: Muk|par
|
|turn|20
|choice|move 4|move 2
|
|move|p1a: Primeape|Mega Kick|p2a: Muk
|-damage|p2a: Muk|194\/372 par
|move|p2a: Muk|Body Slam|p1a: Primeape
|-damage|p1a: Primeape|113\/300
|-status|p1a: Primeape|par
|
|turn|21
|choice|move 4|move 3
|
|move|p1a: Primeape|Mega Kick|p2a: Muk
|-damage|p2a: Muk|79\/372 par
|move|p2a: Muk|Sludge|p1a: Primeape
|-damage|p1a: Primeape|14\/300 par
|
|turn|22
|choice|move 1|switch 6
|
|switch|p2a: Aerodactyl|Aerodactyl, L90|120\/327
|cant|p1a: Primeape|par
|
|turn|23
|choice|move 1|move 4
|
|move|p2a: Aerodactyl|Double-Edge|p1a: Primeape
|-damage|p1a: Primeape|0 fnt
|-damage|p2a: Aerodactyl|117\/327|[from] recoil|[of] p1a: Primeape
|faint|p1a: Primeape
|choice|switch 5|
|
|switch|p1a: Kabutops|Kabutops, L85|239\/276
|turn|24
|choice|move 2|switch 2
|
|switch|p2a: Tangela|Tangela, L85|119\/284
|move|p1a: Kabutops|Surf|p2a: Tangela
|-resisted|p2a: Tangela
|-damage|p2a: Tangela|79\/284
|
|turn|25
|choice|switch 6|move 3
|
|switch|p1a: Rapidash|Rapidash, L90|300\/300
|move|p2a: Tangela|Mega Drain|p1a: Rapidash
|-resisted|p1a: Rapidash
|-damage|p1a: Rapidash|277\/300
|-heal|p2a: Tangela|90\/284|[from] drain|[of] p1a: Rapidash
|
|turn|26
|choice|move 1|switch 6
|
|switch|p2a: Muk|Muk, L90|79\/372 par
|move|p1a: Rapidash|Fire Blast|p2a: Muk
|-damage|p2a: Muk|0 fnt
|faint|p2a: Muk
|choice||switch 2
|
|switch|p2a: Aerodactyl|Aerodactyl, L90|117\/327
|turn|27
|choice|switch 6|move 3
|
|switch|p1a: Kabutops|Kabutops, L85|239\/276
|move|p2a: Aerodactyl|Sky Attack|p1a: Kabutops|[still]
|-prepare|p2a: Aerodactyl|Sky Attack|p1a: Kabutops
|
|turn|28
|choice|move 2|move 1
|
|move|p2a: Aerodactyl|Sky Attack|p1a: Kabutops
|-resisted|p1a: Kabutops
|-damage|p1a: Kabutops|163\/276
|move|p1a: Kabutops|Surf|p2a: Aerodactyl
|-supereffective|p2a: Aerodactyl
|-damage|p2a: Aerodactyl|0 fnt
|faint|p2a: Aerodactyl
|choice||switch 6
|
|switch|p2a: Tangela|Tangela, L85|90\/284
|turn|29
|choice|switch 6|switch 3
|
|switch|p1a: Rapidash|Rapidash, L90|277\/300
|switch|p2a: Magneton|Magneton, L90|239\/273
|
|turn|30
|choice|switch 4|switch 4
|
|switch|p1a: Marowak|Marowak, L90|291\/291
|switch|p2a: Rapidash|Rapidash, L90|300\/300
|
|turn|31
|choice|move 3|move 1
|
|move|p2a: Rapidash|Fire Blast|p1a: Marowak
|-damage|p1a: Marowak|118\/291
|-status|p1a: Marowak|brn
|move|p1a: Marowak|Earthquake|p2a: Rapidash
|-supereffective|p2a: Rapidash
|-damage|p2a: Rapidash|183\/300
|-damage|p1a: Marowak|100\/291 brn|[from] brn|[of] p2a: Rapidash
|
|turn|32
|choice|switch 4|move 1
|
|switch|p1a: Rapidash|Rapidash, L90|277\/300
|move|p2a: Rapidash|Fire Blast|p1a: Rapidash
|-resisted|p1a: Rapidash
|-damage|p1a: Rapidash|210\/300
|
|turn|33
|choice|move 4|move 2
|
|move|p2a: Rapidash|Body Slam|p1a: Rapidash
|-damage|p1a: Rapidash|138\/300
|move|p1a: Rapidash|Agility|p1a: Rapidash
|-boost|p1a: Rapidash|spe|2
|
|turn|34
|choice|move 1|move 2
|
|move|p1a: Rapidash|Fire Blast|p2a: Rapidash|[miss]
|-miss|p1a: Rapidash
|move|p2a: Rapidash|Body Slam|p1a: Rapidash
|-crit|p1a: Rapidash
|-damage|p1a: Rapidash|0 fnt
|faint|p1a: Rapidash
|choice|switch 6|
|
|switch|p1a: Kabutops|Kabutops, L85|163\/276
|turn|35
|choice|move 2|switch 3
|
|switch|p2a: Tangela|Tangela, L85|90\/284
|move|p1a: Kabutops|Surf|p2a: Tangela
|-resisted|p2a: Tangela
|-damage|p2a: Tangela|53\/284
|
|turn|36
|choice|move 3|move 3
|
|move|p1a: Kabutops|Hyper Beam|p2a: Tangela
|-damage|p2a: Tangela|0 fnt
|faint|p2a: Tangela
|choice||switch 4
|
|switch|p2a: Magneton|Magneton, L90|239\/273
|turn|37
|choice|switch 2|move 4
|
|switch|p1a: Magnemite|Magnemite, L96|243\/243 slp
|move|p2a: Magneton|Mimic|p1a: Magnemite
|-start|p2a: Magneton|Mimic|Double-Edge
|
|turn|38
|choice|move 1|switch 3
|
|switch|p2a: Rapidash|Rapidash, L90|183\/300
|cant|p1a: Magnemite|slp
|
|turn|39
|choice|move 1|move 1
|
|move|p2a: Rapidash|Fire Blast|p1a: Magnemite
|-damage|p1a: Magnemite|137\/243 slp
|cant|p1a: Magnemite|slp
|
|turn|40
|choice|move 1|move 1
|
|move|p2a: Rapidash|Fire Blast|p1a: Magnemite
|-damage|p1a: Magnemite|36\/243 slp
|-curestatus|p1a: Magnemite|slp
|
|turn|41
|choice|move 1|move 2
|
|move|p2a: Rapidash|Body Slam|p1a: Magnemite
|-damage|p1a: Magnemite|0 fnt
|faint|p1a: Magnemite
|choice|switch 2|
|
|switch|p1a: Kabutops|Kabutops, L85|163\/276
|turn|42
|choice|move 2|switch 3
|
|switch|p2a: Magneton|Magneton, L90|239\/273
|move|p1a: Kabutops|Surf|p2a: Magneton
|-damage|p2a: Magneton|176\/273
|
|turn|43
|choice|switch 4|move 4
|
|switch|p1a: Marowak|Marowak, L90|100\/291 brn
|-damage|p1a: Marowak|82\/291 brn|[from] brn
|move|p2a: Magneton|Mimic|p1a: Marowak
|-start|p2a: Magneton|Mimic|Blizzard
|
|turn|44
|choice|move 3|move 4
|
|move|p2a: Magneton|Blizzard|p1a: Marowak
|-supereffective|p1a: Marowak
|-damage|p1a: Marowak|0 fnt
|faint|p1a: Marowak
|choice|switch 4|
|
|switch|p1a: Kabutops|Kabutops, L85|163\/276
|turn|45
|choice|move 3|move 1
|
|move|p1a: Kabutops|Hyper Beam|p2a: Magneton
|-damage|p2a: Magneton|69\/273
|move|p2a: Magneton|Thunderbolt|p1a: Kabutops
|-supereffective|p1a: Kabutops
|-damage|p1a: Kabutops|0 fnt
|faint|p1a: Kabutops
|
|win|xiaze1991
|raw|MALESANI's rating: 1252 &rarr; <strong>1230<\/strong><br \/>(-22 for losing)
|raw|xiaze1991's rating: 1298 &rarr; <strong>1320<\/strong><br \/>(+22 for winning)
|leave|MALESANI
|player|p1