|j|Groudon80
|j|GhostlyGastly92
|player|p1|Groudon80|223
|player|p2|GhostlyGastly92|20
|gametype|singles
|gen|1
|tier|[Gen 1] OU
|seed|
|rule|Sleep Clause Mod: Limit one foe put to sleep
|rule|Freeze Clause Mod: Limit one foe frozen
|rule|Species Clause: Limit one of each Pokémon
|rule|OHKO Clause: OHKO moves are banned
|rule|Evasion Moves Clause: Evasion moves are banned
|rule|HP Percentage Mod: HP is shown in percentages
|
|start
|switch|p1a: Gengar|Gengar|100\/100
|switch|p2a: Alakazam|Alakazam|100\/100
|turn|1
|choice||
|
|switch|p1a: Exeggutor|Exeggutor|100\/100
|move|p2a: Alakazam|Psychic|p1a: Exeggutor
|-resisted|p1a: Exeggutor
|-damage|p1a: Exeggutor|88\/100
|-unboost|p1a: Exeggutor|spd|1
|-unboost|p1a: Exeggutor|spa|1
|
|turn|2
|j|Diegolh
|choice||
|
|move|p2a: Alakazam|Thunder Wave|p1a: Exeggutor
|-status|p1a: Exeggutor|par
|move|p1a: Exeggutor|Sleep Powder|p2a: Alakazam
|-status|p2a: Alakazam|slp
|
|turn|3
|choice||
|
|switch|p2a: Chansey|Chansey|100\/100
|switch|p1a: Snorlax|Snorlax|100\/100
|
|turn|4
|c|★GhostlyGastly92|mm
|choice||
|
|switch|p1a: Chansey|Chansey|100\/100
|move|p2a: Chansey|Ice Beam|p1a: Chansey
|-damage|p1a: Chansey|91\/100
|
|turn|5
|choice||
|
|move|p1a: Chansey|Ice Beam|p2a: Chansey
|-damage|p2a: Chansey|89\/100
|move|p2a: Chansey|Ice Beam|p1a: Chansey
|-crit|p1a: Chansey
|-damage|p1a: Chansey|70\/100
|-status|p1a: Chansey|frz
|
|turn|6
|choice||
|
|switch|p1a: Snorlax|Snorlax|100\/100
|move|p2a: Chansey|Thunder Wave|p1a: Snorlax
|-status|p1a: Snorlax|par
|
|turn|7
|j|Mista Jay
|choice||
|
|switch|p2a: Exeggutor|Exeggutor|100\/100
|move|p1a: Snorlax|Body Slam|p2a: Exeggutor
|-damage|p2a: Exeggutor|72\/100
|-status|p2a: Exeggutor|par
|
|turn|8
|choice||
|
|move|p2a: Exeggutor|Psychic|p1a: Snorlax
|-damage|p1a: Snorlax|71\/100 par
|move|p1a: Snorlax|Body Slam|p2a: Exeggutor
|-damage|p2a: Exeggutor|41\/100 par
|
|turn|9
|choice||
|
|switch|p1a: Chansey|Chansey|70\/100 frz
|move|p2a: Exeggutor|Psychic|p1a: Chansey
|-damage|p1a: Chansey|51\/100 frz
|-unboost|p1a: Chansey|spd|1
|-unboost|p1a: Chansey|spa|1
|
|turn|10
|choice||
|
|switch|p1a: Exeggutor|Exeggutor|88\/100 par
|cant|p2a: Exeggutor|par
|
|turn|11
|choice||
|
|move|p2a: Exeggutor|Psychic|p1a: Exeggutor
|-resisted|p1a: Exeggutor
|-damage|p1a: Exeggutor|74\/100 par
|-unboost|p1a: Exeggutor|spd|1
|-unboost|p1a: Exeggutor|spa|1
|move|p1a: Exeggutor|Psychic|p2a: Exeggutor
|-resisted|p2a: Exeggutor
|-damage|p2a: Exeggutor|33\/100 par
|
|turn|12
|choice||
|
|switch|p1a: Starmie|Starmie|100\/100
|cant|p2a: Exeggutor|par
|
|turn|13
|choice||
|
|switch|p2a: Chansey|Chansey|89\/100
|move|p1a: Starmie|Blizzard|p2a: Chansey
|-damage|p2a: Chansey|76\/100
|
|turn|14
|choice||
|
|switch|p1a: Exeggutor|Exeggutor|74\/100 par
|move|p2a: Chansey|Thunderbolt|p1a: Exeggutor
|-crit|p1a: Exeggutor
|-resisted|p1a: Exeggutor
|-damage|p1a: Exeggutor|57\/100 par
|
|turn|15
|choice||
|
|switch|p2a: Exeggutor|Exeggutor|33\/100 par
|cant|p1a: Exeggutor|par
|
|turn|16
|choice||
|
|switch|p1a: Starmie|Starmie|100\/100
|move|p2a: Exeggutor|Sleep Powder|p1a: Starmie
|-status|p1a: Starmie|slp
|
|turn|17
|choice||
|
|cant|p1a: Starmie|slp
|move|p2a: Exeggutor|Psychic|p1a: Starmie
|-resisted|p1a: Starmie
|-damage|p1a: Starmie|83\/100 slp
|
|turn|18
|choice||
|
|switch|p2a: Chansey|Chansey|76\/100
|cant|p1a: Starmie|slp
|
|turn|19
|choice||
|
|cant|p1a: Starmie|slp
|move|p2a: Chansey|Ice Beam|p1a: Starmie
|-resisted|p1a: Starmie
|-damage|p1a: Starmie|70\/100 slp
|
|turn|20
|choice||
|
|switch|p1a: Snorlax|Snorlax|71\/100 par
|move|p2a: Chansey|Thunderbolt|p1a: Snorlax
|-damage|p1a: Snorlax|50\/100 par
|
|turn|21
|choice||
|
|switch|p2a: Exeggutor|Exeggutor|33\/100 par
|cant|p1a: Snorlax|par
|
|turn|22
|c|★GhostlyGastly92|was thinking that jynx is awesome
|c|★Groudon80|if played well, it's good
|c|★GhostlyGastly92|maybe is the best sleeper althought is less fast than gengar!
|c|★Groudon80|yeah cause SP has higher accuracy sleeper move
|choice||
|
|switch|p1a: Starmie|Starmie|70\/100 slp
|move|p2a: Exeggutor|Psychic|p1a: Starmie
|-resisted|p1a: Starmie
|-damage|p1a: Starmie|51\/100 slp
|-unboost|p1a: Starmie|spd|1
|-unboost|p1a: Starmie|spa|1
|
|turn|23
|choice||
|
|switch|p2a: Chansey|Chansey|76\/100
|cant|p1a: Starmie|slp
|
|turn|24
|choice||
|
|switch|p1a: Chansey|Chansey|51\/100 frz
|move|p2a: Chansey|Ice Beam|p1a: Chansey
|-damage|p1a: Chansey|41\/100 frz
|
|turn|25
|choice||
|
|switch|p1a: Snorlax|Snorlax|50\/100 par
|move|p2a: Chansey|Thunderbolt|p1a: Snorlax
|-damage|p1a: Snorlax|30\/100 par
|
|turn|26
|choice||
|
|switch|p2a: Golem|Golem|100\/100
|move|p1a: Snorlax|Self-Destruct|p2a: Golem
|-resisted|p2a: Golem
|-damage|p2a: Golem|62\/100
|faint|p1a: Snorlax
|choice||
|
|switch|p1a: Exeggutor|Exeggutor|57\/100 par
|turn|27
|choice||
|
|switch|p2a: Exeggutor|Exeggutor|33\/100 par
|move|p1a: Exeggutor|Psychic|p2a: Exeggutor
|-resisted|p2a: Exeggutor
|-damage|p2a: Exeggutor|21\/100 par
|-unboost|p2a: Exeggutor|spd|1
|-unboost|p2a: Exeggutor|spa|1
|
|turn|28
|choice||
|
|switch|p1a: Gengar|Gengar|100\/100
|move|p2a: Exeggutor|Psychic|p1a: Gengar
|-supereffective|p1a: Gengar
|-damage|p1a: Gengar|56\/100
|-unboost|p1a: Gengar|spd|1
|-unboost|p1a: Gengar|spa|1
|
|turn|29
|choice||
|
|move|p1a: Gengar|Night Shade|p2a: Exeggutor
|-damage|p2a: Exeggutor|0 fnt
|faint|p2a: Exeggutor
|choice||
|
|switch|p2a: Snorlax|Snorlax|100\/100
|turn|30
|choice||
|
|switch|p1a: Chansey|Chansey|41\/100 frz
|move|p2a: Snorlax|Earthquake|p1a: Chansey
|-damage|p1a: Chansey|10\/100 frz
|
|turn|31
|choice||
|
|cant|p1a: Chansey|frz
|move|p2a: Snorlax|Body Slam|p1a: Chansey
|-damage|p1a: Chansey|0 fnt
|faint|p1a: Chansey
|choice||
|
|switch|p1a: Exeggutor|Exeggutor|57\/100 par
|turn|32
|choice||
|
|switch|p2a: Alakazam|Alakazam|100\/100 slp
|move|p1a: Exeggutor|Explosion|p2a: Alakazam
|-damage|p2a: Alakazam|0 fnt
|faint|p2a: Alakazam
|faint|p1a: Exeggutor
|choice||
|
|switch|p1a: Tauros|Tauros|100\/100
|switch|p2a: Snorlax|Snorlax|100\/100
|turn|33
|choice||
|
|switch|p1a: Gengar|Gengar|56\/100
|move|p2a: Snorlax|Earthquake|p1a: Gengar
|-supereffective|p1a: Gengar
|-damage|p1a: Gengar|0 fnt
|faint|p1a: Gengar
|-message|Groudon80 forfeited.
|
|win|GhostlyGastly92
|player|p1
|player|p2
|l|Groudon80