|j|dfghjkm
|j|MALESANI
|player|p1|dfghjkm|92
|player|p2|MALESANI|238
|gametype|singles
|gen|1
|tier|[Gen 1] Random Battle
|rated
|seed|11794,52511,43518,46994
|rule|Sleep Clause Mod: Limit one foe put to sleep
|rule|Freeze Clause Mod: Limit one foe frozen
|rule|HP Percentage Mod: HP is shown in percentages
|
|start
|switch|p1a: Koffing|Koffing, L96|272\/272
|switch|p2a: Dragonite|Dragonite, L85|328\/328
|turn|1
|choice|move 4|move 4
|
|move|p2a: Dragonite|Thunder|p1a: Koffing
|-damage|p1a: Koffing|172\/272
|move|p1a: Koffing|Sludge|p2a: Dragonite
|-damage|p2a: Dragonite|264\/328
|-status|p2a: Dragonite|psn
|
|turn|2
|choice|move 3|move 1
|
|move|p2a: Dragonite|Hyper Beam|p1a: Koffing|[miss]
|-miss|p2a: Dragonite
|-damage|p2a: Dragonite|244\/328 psn|[from] psn|[of] p1a: Koffing
|move|p1a: Koffing|Thunderbolt|p2a: Dragonite
|-damage|p2a: Dragonite|189\/328 psn
|
|turn|3
|choice|move 1|move 1
|
|move|p2a: Dragonite|Hyper Beam|p1a: Koffing
|-damage|p1a: Koffing|68\/272
|-damage|p2a: Dragonite|169\/328 psn|[from] psn|[of] p1a: Koffing
|move|p1a: Koffing|Explosion|p2a: Dragonite
|-damage|p2a: Dragonite|0 fnt
|faint|p2a: Dragonite
|faint|p1a: Koffing
|choice|switch 2|switch 4
|
|switch|p1a: Scyther|Scyther, L90|309\/309
|switch|p2a: Alakazam|Alakazam, L79|249\/249
|turn|4
|choice|move 2|switch 5
|
|switch|p2a: Electrode|Electrode, L90|291\/291
|move|p1a: Scyther|Agility|p1a: Scyther
|-boost|p1a: Scyther|spe|2
|
|turn|5
|choice|move 3|move 4
|
|move|p1a: Scyther|Slash|p2a: Electrode
|-crit|p2a: Electrode
|-damage|p2a: Electrode|159\/291
|move|p2a: Electrode|Thunder Wave|p1a: Scyther
|-status|p1a: Scyther|par
|
|turn|6
|choice|move 3|move 2
|
|move|p2a: Electrode|Thunder|p1a: Scyther
|-crit|p1a: Scyther
|-supereffective|p1a: Scyther
|-damage|p1a: Scyther|0 fnt
|faint|p1a: Scyther
|choice|switch 6|
|
|switch|p1a: Raichu|Raichu, L85|276\/276
|turn|7
|choice|move 4|move 4
|
|move|p2a: Electrode|Thunder Wave|p1a: Raichu
|-status|p1a: Raichu|par
|cant|p1a: Raichu|par
|
|turn|8
|choice|move 3|switch 2
|
|switch|p2a: Nidoran-F|Nidoran-F, L96|300\/300
|cant|p1a: Raichu|par
|
|turn|9
|choice|switch 3|move 2
|
|switch|p1a: Aerodactyl|Aerodactyl, L90|327\/327
|move|p2a: Nidoran-F|Double-Edge|p1a: Aerodactyl
|-resisted|p1a: Aerodactyl
|-damage|p1a: Aerodactyl|297\/327
|-damage|p2a: Nidoran-F|293\/300|[from] recoil|[of] p1a: Aerodactyl
|
|turn|10
|choice|move 2|switch 6
|
|switch|p2a: Vaporeon|Vaporeon, L85|395\/395
|move|p1a: Aerodactyl|Sky Attack|p2a: Vaporeon|[still]
|-prepare|p1a: Aerodactyl|Sky Attack|p2a: Vaporeon
|
|turn|11
|choice|move 1|move 1
|
|move|p1a: Aerodactyl|Sky Attack|p2a: Vaporeon
|-damage|p2a: Vaporeon|175\/395
|move|p2a: Vaporeon|Surf|p1a: Aerodactyl
|-supereffective|p1a: Aerodactyl
|-damage|p1a: Aerodactyl|24\/327
|
|turn|12
|choice|move 1|move 1
|
|move|p1a: Aerodactyl|Hyper Beam|p2a: Vaporeon
|-damage|p2a: Vaporeon|19\/395
|move|p2a: Vaporeon|Surf|p1a: Aerodactyl
|-supereffective|p1a: Aerodactyl
|-damage|p1a: Aerodactyl|0 fnt
|faint|p1a: Aerodactyl
|choice|switch 4|
|
|switch|p1a: Hitmonlee|Hitmonlee, L90|273\/273
|turn|13
|choice|move 4|switch 2
|
|switch|p2a: Electrode|Electrode, L90|159\/291
|move|p1a: Hitmonlee|Seismic Toss|p2a: Electrode
|-damage|p2a: Electrode|69\/291
|
|turn|14
|choice|move 4|move 4
|
|move|p2a: Electrode|Thunder Wave|p1a: Hitmonlee
|-status|p1a: Hitmonlee|par
|cant|p1a: Hitmonlee|par
|
|turn|15
|choice|move 1|switch 6
|
|switch|p2a: Nidoran-F|Nidoran-F, L96|293\/300
|cant|p1a: Hitmonlee|par
|
|turn|16
|choice|move 1|move 2
|
|move|p2a: Nidoran-F|Double-Edge|p1a: Hitmonlee
|-damage|p1a: Hitmonlee|197\/273 par
|-damage|p2a: Nidoran-F|274\/300|[from] recoil|[of] p1a: Hitmonlee
|move|p1a: Hitmonlee|Body Slam|p2a: Nidoran-F
|-damage|p2a: Nidoran-F|183\/300
|-status|p2a: Nidoran-F|par
|
|turn|17
|choice|move 1|move 2
|
|move|p1a: Hitmonlee|Body Slam|p2a: Nidoran-F
|-crit|p2a: Nidoran-F
|-damage|p2a: Nidoran-F|0 fnt
|faint|p2a: Nidoran-F
|choice||switch 5
|
|switch|p2a: Alakazam|Alakazam, L79|249\/249
|turn|18
|choice|move 1|move 1
|
|move|p2a: Alakazam|Psychic|p1a: Hitmonlee
|-supereffective|p1a: Hitmonlee
|-damage|p1a: Hitmonlee|0 fnt
|faint|p1a: Hitmonlee
|choice|switch 5|
|
|switch|p1a: Raticate|Raticate, L85|267\/267
|turn|19
|choice|move 2|move 3
|
|move|p2a: Alakazam|Thunder Wave|p1a: Raticate
|-status|p1a: Raticate|par
|move|p1a: Raticate|Body Slam|p2a: Alakazam
|-damage|p2a: Alakazam|115\/249
|-status|p2a: Alakazam|par
|
|turn|20
|choice|move 2|switch 3
|
|switch|p2a: Charmander|Charmander, L96|270\/270
|move|p1a: Raticate|Body Slam|p2a: Charmander
|-damage|p2a: Charmander|168\/270
|
|turn|21
|choice|switch 3|move 2
|
|switch|p1a: Raichu|Raichu, L85|276\/276 par
|move|p2a: Charmander|Fire Blast|p1a: Raichu
|-damage|p1a: Raichu|168\/276 par
|
|turn|22
|choice|move 1|move 1
|
|move|p2a: Charmander|Slash|p1a: Raichu
|-crit|p1a: Raichu
|-damage|p1a: Raichu|57\/276 par
|move|p1a: Raichu|Surf|p2a: Charmander
|-crit|p2a: Charmander
|-supereffective|p2a: Charmander
|-damage|p2a: Charmander|0 fnt
|faint|p2a: Charmander
|choice||switch 2
|
|switch|p2a: Vaporeon|Vaporeon, L85|19\/395
|turn|23
|choice|move 2|move 1
|
|move|p2a: Vaporeon|Surf|p1a: Raichu
|-damage|p1a: Raichu|0 fnt
|faint|p1a: Raichu
|choice|switch 3|
|
|switch|p1a: Raticate|Raticate, L85|267\/267 par
|turn|24
|choice|move 2|move 1
|
|move|p2a: Vaporeon|Surf|p1a: Raticate
|-damage|p1a: Raticate|112\/267 par
|cant|p1a: Raticate|par
|
|turn|25
|choice|move 2|move 1
|
|move|p2a: Vaporeon|Surf|p1a: Raticate
|-damage|p1a: Raticate|0 fnt
|faint|p1a: Raticate
|
|win|MALESANI
|raw|dfghjkm's rating: 1177 &rarr; <strong>1164<\/strong><br \/>(-13 for losing)
|raw|MALESANI's rating: 1361 &rarr; <strong>1371<\/strong><br \/>(+10 for winning)