|join|Broncosfan88
|join|iwinuluz
|player|p1|Broncosfan88|170
|player|p2|iwinuluz|22
|gametype|singles
|gen|1
|tier|[Gen 1] Random Battle
|rated
|rule|Sleep Clause Mod: Limit one foe put to sleep
|rule|Freeze Clause Mod: Limit one foe frozen
|rule|HP Percentage Mod: HP is shown in percentages
|
|start
|switch|p1a: Victreebel|Victreebel, L85|310\/310
|switch|p2a: Blastoise|Blastoise, L85|308\/308
|turn|1
|
|switch|p2a: Muk|Muk, L90|372\/372
|move|p1a: Victreebel|Razor Leaf|p2a: Muk
|-crit|p2a: Muk
|-resisted|p2a: Muk
|-damage|p2a: Muk|301\/372
|
|turn|2
|
|switch|p1a: Golem|Golem, L79|288\/288
|move|p2a: Muk|Explosion|p1a: Golem
|-resisted|p1a: Golem
|-damage|p1a: Golem|167\/288
|faint|p2a: Muk
|
|switch|p2a: Blastoise|Blastoise, L85|308\/308
|turn|3
|
|switch|p1a: Jolteon|Jolteon, L79|265\/265
|move|p2a: Blastoise|Surf|p1a: Jolteon
|-damage|p1a: Jolteon|177\/265
|
|turn|4
|
|switch|p2a: Rhydon|Rhydon, L79|328\/328
|move|p1a: Jolteon|Thunderbolt|p2a: Rhydon
|-immune|p2a: Rhydon|[msg]
|
|turn|5
|
|switch|p1a: Victreebel|Victreebel, L85|310\/310
|move|p2a: Rhydon|Earthquake|p1a: Victreebel
|-damage|p1a: Victreebel|166\/310
|
|turn|6
|
|switch|p2a: Rattata|Rattata, L96|252\/252
|move|p1a: Victreebel|Razor Leaf|p2a: Rattata
|-crit|p2a: Rattata
|-damage|p2a: Rattata|69\/252
|
|turn|7
|
|switch|p1a: Tauros|Tauros, L79|280\/280
|move|p2a: Rattata|Blizzard|p1a: Tauros
|-damage|p1a: Tauros|212\/280
|
|turn|8
|
|move|p1a: Tauros|Body Slam|p2a: Rattata
|-damage|p2a: Rattata|0 fnt
|faint|p2a: Rattata
|
|switch|p2a: Rhydon|Rhydon, L79|328\/328
|turn|9
|
|move|p1a: Tauros|Blizzard|p2a: Rhydon
|-supereffective|p2a: Rhydon
|-damage|p2a: Rhydon|138\/328
|move|p2a: Rhydon|Earthquake|p1a: Tauros
|-damage|p1a: Tauros|107\/280
|
|turn|10
|
|move|p1a: Tauros|Blizzard|p2a: Rhydon
|-supereffective|p2a: Rhydon
|-damage|p2a: Rhydon|0 fnt
|faint|p2a: Rhydon
|
|switch|p2a: Kadabra|Kadabra, L85|242\/242
|turn|11
|
|switch|p1a: Chansey|Chansey, L79|557\/557
|move|p2a: Kadabra|Psychic|p1a: Chansey
|-damage|p1a: Chansey|450\/557
|-unboost|p1a: Chansey|spd|1
|-unboost|p1a: Chansey|spa|1
|
|turn|12
|
|move|p2a: Kadabra|Thunder Wave|p1a: Chansey
|-status|p1a: Chansey|par
|move|p1a: Chansey|Ice Beam|p2a: Kadabra
|-damage|p2a: Kadabra|209\/242
|
|turn|13
|
|move|p2a: Kadabra|Recover|p2a: Kadabra
|-heal|p2a: Kadabra|242\/242
|cant|p1a: Chansey|par
|
|turn|14
|
|move|p2a: Kadabra|Psychic|p1a: Chansey
|-damage|p1a: Chansey|283\/557 par
|move|p1a: Chansey|Ice Beam|p2a: Kadabra
|-damage|p2a: Kadabra|207\/242
|
|turn|15
|
|switch|p1a: Victreebel|Victreebel, L85|166\/310
|move|p2a: Kadabra|Recover|p2a: Kadabra
|-heal|p2a: Kadabra|242\/242
|
|turn|16
|
|move|p2a: Kadabra|Psychic|p1a: Victreebel
|-supereffective|p1a: Victreebel
|-damage|p1a: Victreebel|0 fnt
|faint|p1a: Victreebel
|
|switch|p1a: Jolteon|Jolteon, L79|177\/265
|turn|17
|
|move|p1a: Jolteon|Thunder Wave|p2a: Kadabra
|-status|p2a: Kadabra|par
|move|p2a: Kadabra|Thunder Wave|p1a: Jolteon
|-status|p1a: Jolteon|par
|
|turn|18
|
|switch|p1a: Chansey|Chansey, L79|283\/557 par
|cant|p2a: Kadabra|par
|
|turn|19
|
|move|p2a: Kadabra|Psychic|p1a: Chansey
|-damage|p1a: Chansey|167\/557 par
|-unboost|p1a: Chansey|spd|1
|-unboost|p1a: Chansey|spa|1
|move|p1a: Chansey|Soft-Boiled|p1a: Chansey
|-heal|p1a: Chansey|445\/557 par
|
|turn|20
|
|move|p2a: Kadabra|Psychic|p1a: Chansey
|-crit|p1a: Chansey
|-damage|p1a: Chansey|254\/557 par
|-unboost|p1a: Chansey|spd|1
|-unboost|p1a: Chansey|spa|1
|cant|p1a: Chansey|par
|
|turn|21
|
|switch|p1a: Tauros|Tauros, L79|107\/280
|move|p2a: Kadabra|Psychic|p1a: Tauros
|-damage|p1a: Tauros|0 fnt
|faint|p1a: Tauros
|
|switch|p1a: Mankey|Mankey, L96|272\/272
|turn|22
|
|move|p1a: Mankey|Body Slam|p2a: Kadabra
|-damage|p2a: Kadabra|123\/242 par
|move|p2a: Kadabra|Psychic|p1a: Mankey
|-crit|p1a: Mankey
|-supereffective|p1a: Mankey
|-damage|p1a: Mankey|0 fnt
|faint|p1a: Mankey
|
|switch|p1a: Golem|Golem, L79|167\/288
|turn|23
|
|move|p1a: Golem|Earthquake|p2a: Kadabra
|-crit|p2a: Kadabra
|-damage|p2a: Kadabra|0 fnt
|faint|p2a: Kadabra
|
|switch|p2a: Blastoise|Blastoise, L85|308\/308
|turn|24
|
|switch|p1a: Chansey|Chansey, L79|254\/557 par
|move|p2a: Blastoise|Surf|p1a: Chansey
|-damage|p1a: Chansey|162\/557 par
|
|turn|25
|
|move|p2a: Blastoise|Earthquake|p1a: Chansey
|-damage|p1a: Chansey|0 fnt
|faint|p1a: Chansey
|
|switch|p1a: Jolteon|Jolteon, L79|177\/265 par
|turn|26
|
|move|p2a: Blastoise|Earthquake|p1a: Jolteon
|-supereffective|p1a: Jolteon
|-damage|p1a: Jolteon|0 fnt
|faint|p1a: Jolteon
|c|★Broncosfan88|gg
|-message|Broncosfan88 forfeited.
|
|win|iwinuluz
|leave|Broncosfan88
|player|p1
|raw|Broncosfan88's rating: 1485 &rarr; <strong>1455<\/strong><br \/>(-30 for losing)
|raw|iwinuluz's rating: 1280 &rarr; <strong>1318<\/strong><br \/>(+38 for winning)