|j|Snap5
|j|mikec094
|player|p1|Snap5|1
|player|p2|mikec094|266
|gametype|singles
|gen|1
|tier|[Gen 1] Random Battle
|rated
|seed|12302,34600,4200,41439
|rule|Sleep Clause Mod: Limit one foe put to sleep
|rule|Freeze Clause Mod: Limit one foe frozen
|rule|HP Percentage Mod: HP is shown in percentages
|
|start
|switch|p1a: Golbat|Golbat, L90|318\/318
|switch|p2a: Victreebel|Victreebel, L85|310\/310
|turn|1
|choice|move 2|move 2
|
|move|p1a: Golbat|Confuse Ray|p2a: Victreebel
|-start|p2a: Victreebel|confusion
|-activate|p2a: Victreebel|confusion
|move|p2a: Victreebel|Body Slam|p1a: Golbat
|-damage|p1a: Golbat|248\/318
|-status|p1a: Golbat|par
|
|turn|2
|choice|move 3|move 2
|
|-activate|p2a: Victreebel|confusion
|move|p2a: Victreebel|Body Slam|p1a: Golbat
|-damage|p1a: Golbat|183\/318 par
|move|p1a: Golbat|Double-Edge|p2a: Victreebel
|-damage|p2a: Victreebel|224\/310
|-damage|p1a: Golbat|162\/318 par|[from] recoil|[of] p2a: Victreebel
|
|turn|3
|choice|move 4|move 2
|
|-end|p2a: Victreebel|confusion
|move|p2a: Victreebel|Body Slam|p1a: Golbat
|-damage|p1a: Golbat|95\/318 par
|move|p1a: Golbat|Hyper Beam|p2a: Victreebel
|-damage|p2a: Victreebel|98\/310
|
|turn|4
|-mustrecharge|p1a: Golbat
|-mustrecharge|p1a: Golbat
|choice|move 1|move 2
|
|move|p2a: Victreebel|Body Slam|p1a: Golbat
|-damage|p1a: Golbat|18\/318 par
|cant|p1a: Golbat|recharge
|
|turn|5
|j|Daddy's Milk
|choice|move 4|move 2
|
|move|p2a: Victreebel|Body Slam|p1a: Golbat
|-damage|p1a: Golbat|0 fnt
|faint|p1a: Golbat
|choice|switch 6|
|
|switch|p1a: Nidorino|Nidorino, L90|293\/293
|turn|6
|choice|move 1|move 2
|
|move|p1a: Nidorino|Blizzard|p2a: Victreebel
|-supereffective|p2a: Victreebel
|-damage|p2a: Victreebel|0 fnt
|faint|p2a: Victreebel
|choice||switch 6
|
|switch|p2a: Raticate|Raticate, L85|267\/267
|turn|7
|choice|move 1|move 2
|
|move|p2a: Raticate|Blizzard|p1a: Nidorino
|-damage|p1a: Nidorino|219\/293
|move|p1a: Nidorino|Blizzard|p2a: Raticate
|-damage|p2a: Raticate|172\/267
|
|turn|8
|choice|move 2|move 2
|
|move|p2a: Raticate|Blizzard|p1a: Nidorino
|-damage|p1a: Nidorino|149\/293
|-status|p1a: Nidorino|frz
|cant|p1a: Nidorino|frz
|
|turn|9
|choice|switch 4|move 4
|
|switch|p1a: Cloyster|Cloyster, L83|253\/253
|move|p2a: Raticate|Body Slam|p1a: Cloyster
|-damage|p1a: Cloyster|199\/253
|
|turn|10
|choice|move 2|move 1
|
|move|p2a: Raticate|Super Fang|p1a: Cloyster
|-damage|p1a: Cloyster|100\/253
|move|p1a: Cloyster|Blizzard|p2a: Raticate
|-damage|p2a: Raticate|9\/267
|
|turn|11
|choice|switch 4|move 3
|
|switch|p1a: Nidorino|Nidorino, L90|149\/293 frz
|move|p2a: Raticate|Hyper Beam|p1a: Nidorino
|-damage|p1a: Nidorino|0 fnt
|faint|p1a: Nidorino
|choice|switch 3|
|
|switch|p1a: Kadabra|Kadabra, L85|242\/242
|turn|12
|choice|move 1|move 2
|
|move|p1a: Kadabra|Psychic|p2a: Raticate
|-crit|p2a: Raticate
|-damage|p2a: Raticate|0 fnt
|faint|p2a: Raticate
|choice||switch 4
|
|switch|p2a: Slowbro|Slowbro, L79|312\/312
|turn|13
|choice|switch 4|move 1
|
|switch|p1a: Cloyster|Cloyster, L83|100\/253
|move|p2a: Slowbro|Thunder Wave|p1a: Cloyster
|-status|p1a: Cloyster|par
|
|turn|14
|choice|move 4|move 4
|
|move|p2a: Slowbro|Amnesia|p2a: Slowbro
|-boost|p2a: Slowbro|spd|2
|-boost|p2a: Slowbro|spa|2
|move|p1a: Cloyster|Toxic|p2a: Slowbro
|-status|p2a: Slowbro|tox
|
|turn|15
|choice|move 3|move 4
|
|move|p2a: Slowbro|Amnesia|p2a: Slowbro
|-boost|p2a: Slowbro|spd|2
|-boost|p2a: Slowbro|spa|2
|-damage|p2a: Slowbro|293\/312 tox|[from] psn
|cant|p1a: Cloyster|par
|
|turn|16
|choice|move 3|move 4
|
|move|p2a: Slowbro|Amnesia|p2a: Slowbro
|-boost|p2a: Slowbro|spd|2
|-boost|p2a: Slowbro|spa|2
|-damage|p2a: Slowbro|255\/312 tox|[from] psn
|cant|p1a: Cloyster|par
|
|turn|17
|choice|move 3|move 3
|
|move|p2a: Slowbro|Surf|p1a: Cloyster
|-resisted|p1a: Cloyster
|-damage|p1a: Cloyster|0 fnt
|faint|p1a: Cloyster
|choice|switch 2|
|
|switch|p1a: Golem|Golem, L79|288\/288
|turn|18
|choice|move 3|move 3
|
|move|p1a: Golem|Explosion|p2a: Slowbro
|-crit|p2a: Slowbro
|-damage|p2a: Slowbro|0 fnt
|faint|p2a: Slowbro
|faint|p1a: Golem
|c| Daddy's Milk|crit haha
|c| Daddy's Milk|skill*
|c|★Snap5|3 paralisis on cluster
|c|★Snap5|seems leggit
|choice|switch 4|switch 3
|
|switch|p1a: Kadabra|Kadabra, L85|242\/242
|switch|p2a: Porygon|Porygon, L85|284\/284
|turn|19
|choice|move 1|move 3
|
|move|p1a: Kadabra|Psychic|p2a: Porygon
|-damage|p2a: Porygon|169\/284
|-unboost|p2a: Porygon|spd|1
|-unboost|p2a: Porygon|spa|1
|move|p2a: Porygon|Blizzard|p1a: Kadabra
|-damage|p1a: Kadabra|205\/242
|
|turn|20
|c| Daddy's Milk|legit*
|c| Daddy's Milk|english motherfucker
|choice|move 1|move 3
|
|move|p1a: Kadabra|Psychic|p2a: Porygon
|-damage|p2a: Porygon|0 fnt
|faint|p2a: Porygon
|c| Daddy's Milk|do u speak it
|choice||switch 2
|
|switch|p2a: Graveler|Graveler, L85|267\/267
|turn|21
|c|★Snap5|i speak 4 languages\stfu
|choice|switch 5|move 2
|
|switch|p1a: Tauros|Tauros, L79|280\/280
|move|p2a: Graveler|Earthquake|p1a: Tauros
|-damage|p1a: Tauros|173\/280
|
|turn|22
|c| Daddy's Milk|what languages?
|choice|move 3|switch 5
|
|switch|p2a: Kadabra|Kadabra, L85|242\/242
|move|p1a: Tauros|Blizzard|p2a: Kadabra
|-crit|p2a: Kadabra
|-damage|p2a: Kadabra|152\/242
|
|turn|23
|choice|move 1|move 2
|
|move|p2a: Kadabra|Thunder Wave|p1a: Tauros
|-status|p1a: Tauros|par
|move|p1a: Tauros|Earthquake|p2a: Kadabra
|-damage|p2a: Kadabra|43\/242
|
|turn|24
|choice|move 4|move 1
|
|move|p2a: Kadabra|Psychic|p1a: Tauros
|-damage|p1a: Tauros|23\/280 par
|cant|p1a: Tauros|par
|
|turn|25
|choice|switch 5|move 1
|
|switch|p1a: Kadabra|Kadabra, L85|205\/242
|move|p2a: Kadabra|Psychic|p1a: Kadabra
|-crit|p1a: Kadabra
|-resisted|p1a: Kadabra
|-damage|p1a: Kadabra|123\/242
|
|turn|26
|choice|move 3|move 2
|
|move|p2a: Kadabra|Thunder Wave|p1a: Kadabra
|-status|p1a: Kadabra|par
|move|p1a: Kadabra|Seismic Toss|p2a: Kadabra
|-damage|p2a: Kadabra|0 fnt
|faint|p2a: Kadabra
|c| Daddy's Milk|?
|c| Daddy's Milk|exactly
|choice||switch 5
|
|switch|p2a: Graveler|Graveler, L85|267\/267
|turn|27
|c|★Snap5|italian french english greek
|choice|move 1|move 2
|
|move|p2a: Graveler|Earthquake|p1a: Kadabra
|-damage|p1a: Kadabra|0 fnt
|faint|p1a: Kadabra
|choice|switch 5|
|
|switch|p1a: Tauros|Tauros, L79|23\/280 par
|turn|28
|c| Daddy's Milk|nice dude. you obviously grew up uk
|choice|move 3|move 2
|
|move|p2a: Graveler|Earthquake|p1a: Tauros
|-damage|p1a: Tauros|0 fnt
|faint|p1a: Tauros
|
|win|mikec094
|player|p1
|player|p2
|raw|Snap5's rating: 1415 &rarr; <strong>1386<\/strong><br \/>(-29 for losing)
|raw|mikec094's rating: 1247 &rarr; <strong>1283<\/strong><br \/>(+36 for winning)
|c|★Snap5|the main reason of wins and looses
|c|★Snap5|paralisis
|c|★Snap5|gen1
|l|Snap5
|l|Daddy's Milk