|j|cgyc
|j|26thBaam
|player|p1|cgyc|168
|player|p2|26thBaam|2
|gametype|singles
|gen|1
|tier|[Gen 1] Random Battle
|rated
|seed|49960,52423,40242,28626
|rule|Sleep Clause Mod: Limit one foe put to sleep
|rule|Freeze Clause Mod: Limit one foe frozen
|rule|HP Percentage Mod: HP is shown in percentages
|
|start
|switch|p1a: Seadra|Seadra, L90|282\/282
|switch|p2a: Dratini|Dratini, L96|274\/274
|turn|1
|choice|move 1|move 1
|
|move|p1a: Seadra|Blizzard|p2a: Dratini|[miss]
|-miss|p1a: Seadra
|move|p2a: Dratini|Thunder Wave|p1a: Seadra
|-status|p1a: Seadra|par
|
|turn|2
|choice|move 1|switch 6
|
|switch|p2a: Mewtwo|Mewtwo, L70|293\/293
|move|p1a: Seadra|Blizzard|p2a: Mewtwo
|-crit|p2a: Mewtwo
|-damage|p2a: Mewtwo|152\/293
|
|turn|3
|choice|move 1|move 4
|
|move|p2a: Mewtwo|Recover|p2a: Mewtwo
|-heal|p2a: Mewtwo|293\/293
|move|p1a: Seadra|Blizzard|p2a: Mewtwo
|-damage|p2a: Mewtwo|221\/293
|
|turn|4
|choice|move 1|move 3
|
|move|p2a: Mewtwo|Thunderbolt|p1a: Seadra
|-supereffective|p1a: Seadra
|-damage|p1a: Seadra|158\/282 par
|move|p1a: Seadra|Blizzard|p2a: Mewtwo
|-damage|p2a: Mewtwo|139\/293
|
|turn|5
|choice|move 1|move 4
|
|move|p2a: Mewtwo|Recover|p2a: Mewtwo
|-heal|p2a: Mewtwo|285\/293
|move|p1a: Seadra|Blizzard|p2a: Mewtwo
|-damage|p2a: Mewtwo|213\/293
|
|turn|6
|choice|move 1|move 3
|
|move|p2a: Mewtwo|Thunderbolt|p1a: Seadra
|-supereffective|p1a: Seadra
|-damage|p1a: Seadra|42\/282 par
|cant|p1a: Seadra|par
|
|turn|7
|choice|move 1|move 4
|
|move|p2a: Mewtwo|Recover|p2a: Mewtwo
|-heal|p2a: Mewtwo|293\/293
|move|p1a: Seadra|Blizzard|p2a: Mewtwo
|-damage|p2a: Mewtwo|220\/293
|
|turn|8
|choice|move 1|move 4
|
|move|p2a: Mewtwo|Recover|p2a: Mewtwo
|-heal|p2a: Mewtwo|293\/293
|move|p1a: Seadra|Blizzard|p2a: Mewtwo|[miss]
|-miss|p1a: Seadra
|
|turn|9
|choice|move 1|move 3
|
|move|p2a: Mewtwo|Thunderbolt|p1a: Seadra
|-supereffective|p1a: Seadra
|-damage|p1a: Seadra|0 fnt
|faint|p1a: Seadra
|choice|switch 5|
|
|switch|p1a: Mew|Mew, L74|300\/300
|turn|10
|c|★cgyc|xD
|c|★26thBaam|NOOOOOO WAYYYY
|c|★26thBaam|1 v 2
|c|★26thBaam|EPIC
|choice|move 3|move 3
|
|move|p2a: Mewtwo|Thunderbolt|p1a: Mew
|-damage|p1a: Mew|231\/300
|move|p1a: Mew|Horn Drill|p2a: Mewtwo
|-immune|p2a: Mewtwo|[ohko]
|
|turn|11
|c|★cgyc|Why did that not work?
|choice|move 4|move 3
|
|move|p2a: Mewtwo|Thunderbolt|p1a: Mew
|-damage|p1a: Mew|166\/300
|move|p1a: Mew|Thunder Wave|p2a: Mewtwo
|-status|p2a: Mewtwo|par
|
|turn|12
|choice|move 1|move 3
|
|move|p1a: Mew|Earthquake|p2a: Mewtwo
|-damage|p2a: Mewtwo|233\/293 par
|move|p2a: Mewtwo|Thunderbolt|p1a: Mew
|-damage|p1a: Mew|96\/300
|
|turn|13
|choice|move 1|move 3
|
|move|p1a: Mew|Earthquake|p2a: Mewtwo
|-damage|p2a: Mewtwo|171\/293 par
|cant|p2a: Mewtwo|par
|
|turn|14
|choice|move 1|move 4
|
|move|p1a: Mew|Earthquake|p2a: Mewtwo
|-crit|p2a: Mewtwo
|-damage|p2a: Mewtwo|38\/293 par
|move|p2a: Mewtwo|Recover|p2a: Mewtwo
|-fail|p2a: Mewtwo
|
|turn|15
|c|★26thBaam|WHY
|c|★26thBaam|did it fail!
|c|★cgyc|No idea
|c|★cgyc|Same thing happened with Horn Drill
|c|★26thBaam|never seen that before
|c|★26thBaam|yeah weird
|c|★cgyc|Yeah
|choice|move 1|move 3
|
|move|p1a: Mew|Earthquake|p2a: Mewtwo
|-damage|p2a: Mewtwo|0 fnt
|faint|p2a: Mewtwo
|choice||switch 5
|
|switch|p2a: Electabuzz|Electabuzz, L85|284\/284
|turn|16
|choice|move 4|move 2
|
|move|p2a: Electabuzz|Thunderbolt|p1a: Mew
|-damage|p1a: Mew|0 fnt
|faint|p1a: Mew
|choice|switch 6|
|
|switch|p1a: Rhydon|Rhydon, L79|328\/328
|turn|17
|choice|move 3|switch 6
|
|switch|p2a: Dratini|Dratini, L96|274\/274
|move|p1a: Rhydon|Earthquake|p2a: Dratini
|-damage|p2a: Dratini|141\/274
|
|turn|18
|c|★26thBaam|why do you not know water moves ugh
|choice|move 3|move 3
|
|move|p2a: Dratini|Surf|p1a: Rhydon
|-supereffective|p1a: Rhydon
|-damage|p1a: Rhydon|0 fnt
|faint|p1a: Rhydon
|c|★26thBaam|jk
|choice|switch 3|
|
|switch|p1a: Jynx|Jynx, L79|265\/265
|turn|19
|choice|move 1|switch 3
|
|switch|p2a: Sandslash|Sandslash, L85|301\/301
|move|p1a: Jynx|Blizzard|p2a: Sandslash
|-supereffective|p2a: Sandslash
|-damage|p2a: Sandslash|30\/301
|
|turn|20
|choice|move 4|move 3
|
|move|p1a: Jynx|Psychic|p2a: Sandslash
|-crit|p2a: Sandslash
|-damage|p2a: Sandslash|0 fnt
|faint|p2a: Sandslash
|choice||switch 6
|
|switch|p2a: Electabuzz|Electabuzz, L85|284\/284
|turn|21
|choice|move 1|move 4
|
|move|p2a: Electabuzz|Thunder Wave|p1a: Jynx
|-status|p1a: Jynx|par
|move|p1a: Jynx|Blizzard|p2a: Electabuzz
|-damage|p2a: Electabuzz|167\/284
|
|turn|22
|choice|move 1|move 2
|
|move|p2a: Electabuzz|Thunderbolt|p1a: Jynx
|-damage|p1a: Jynx|162\/265 par
|move|p1a: Jynx|Blizzard|p2a: Electabuzz
|-damage|p2a: Electabuzz|64\/284
|
|turn|23
|choice|move 4|move 2
|
|move|p2a: Electabuzz|Thunderbolt|p1a: Jynx
|-damage|p1a: Jynx|72\/265 par
|cant|p1a: Jynx|par
|
|turn|24
|choice|move 4|move 2
|
|move|p2a: Electabuzz|Thunderbolt|p1a: Jynx
|-damage|p1a: Jynx|0 fnt
|faint|p1a: Jynx
|choice|switch 4|
|
|switch|p1a: Gengar|Gengar, L79|257\/257
|turn|25
|c|★cgyc|My last Poke though...
|choice|move 2|move 2
|
|move|p2a: Electabuzz|Thunderbolt|p1a: Gengar
|-crit|p1a: Gengar
|-damage|p1a: Gengar|96\/257
|move|p1a: Gengar|Psychic|p2a: Electabuzz
|-damage|p2a: Electabuzz|0 fnt
|faint|p2a: Electabuzz
|choice||switch 4
|
|switch|p2a: Raichu|Raichu, L85|276\/276
|turn|26
|choice|move 1|move 3
|
|move|p2a: Raichu|Thunder Wave|p1a: Gengar
|-status|p1a: Gengar|par
|move|p1a: Gengar|Hypnosis|p2a: Raichu|[miss]
|-miss|p1a: Gengar
|
|turn|27
|choice|move 1|move 4
|
|move|p2a: Raichu|Thunderbolt|p1a: Gengar
|-damage|p1a: Gengar|17\/257 par
|cant|p1a: Gengar|par
|
|turn|28
|choice|move 1|move 1
|
|move|p2a: Raichu|Surf|p1a: Gengar
|-damage|p1a: Gengar|0 fnt
|faint|p1a: Gengar
|choice|switch 2|
|
|switch|p1a: Magikarp|Magikarp, L99|240\/240
|turn|29
|c|★cgyc|xD
|c|★cgyc|lol
|choice|move 2|move 4
|
|move|p1a: Magikarp|Dragon Rage|p2a: Raichu
|-damage|p2a: Raichu|236\/276
|move|p2a: Raichu|Thunderbolt|p1a: Magikarp
|-supereffective|p1a: Magikarp
|-damage|p1a: Magikarp|0 fnt
|faint|p1a: Magikarp
|
|win|26thBaam
|player|p1
|player|p2
|raw|cgyc's rating: 1000 &rarr; <strong>1000<\/strong><br \/>(+0 for losing)
|raw|26thBaam's rating: 1195 &rarr; <strong>1208<\/strong><br \/>(+13 for winning)