|join|blgh
|join|Isael50
|player|p1|blgh|135
|player|p2|Isael50|264
|gametype|singles
|gen|1
|tier|[Gen 1] Random Battle
|rated
|rule|Sleep Clause Mod: Limit one foe put to sleep
|rule|Freeze Clause Mod: Limit one foe frozen
|rule|HP Percentage Mod: HP is shown in percentages
|
|start
|switch|p1a: Flareon|Flareon, L85|284\/284
|switch|p2a: Blastoise|Blastoise, L85|308\/308
|turn|1
|
|switch|p1a: Alakazam|Alakazam, L79|249\/249
|move|p2a: Blastoise|Hydro Pump|p1a: Alakazam|[miss]
|-miss|p2a: Blastoise
|
|turn|2
|
|move|p1a: Alakazam|Psychic|p2a: Blastoise
|-crit|p2a: Blastoise
|-damage|p2a: Blastoise|96\/308
|move|p2a: Blastoise|Hydro Pump|p1a: Alakazam
|-damage|p1a: Alakazam|146\/249
|
|turn|3
|
|switch|p2a: Mew|Mew, L74|300\/300
|move|p1a: Alakazam|Psychic|p2a: Mew
|-resisted|p2a: Mew
|-damage|p2a: Mew|247\/300
|
|turn|4
|
|move|p1a: Alakazam|Seismic Toss|p2a: Mew
|-damage|p2a: Mew|168\/300
|move|p2a: Mew|Earthquake|p1a: Alakazam
|-damage|p1a: Alakazam|55\/249
|
|turn|5
|
|move|p1a: Alakazam|Recover|p1a: Alakazam
|-heal|p1a: Alakazam|179\/249
|move|p2a: Mew|Earthquake|p1a: Alakazam
|-damage|p1a: Alakazam|87\/249
|
|turn|6
|
|move|p1a: Alakazam|Reflect|p1a: Alakazam
|-start|p1a: Alakazam|Reflect
|move|p2a: Mew|Swords Dance|p2a: Mew
|-boost|p2a: Mew|atk|2
|
|turn|7
|
|move|p1a: Alakazam|Seismic Toss|p2a: Mew
|-damage|p2a: Mew|89\/300
|move|p2a: Mew|Soft-Boiled|p2a: Mew
|-heal|p2a: Mew|239\/300
|
|turn|8
|
|switch|p1a: Hypno|Hypno, L85|318\/318
|move|p2a: Mew|Swords Dance|p2a: Mew
|-boost|p2a: Mew|atk|2
|
|turn|9
|
|move|p2a: Mew|Earthquake|p1a: Hypno
|-damage|p1a: Hypno|116\/318
|move|p1a: Hypno|Hypnosis|p2a: Mew
|-status|p2a: Mew|slp
|
|turn|10
|
|cant|p2a: Mew|slp
|move|p1a: Hypno|Psychic|p2a: Mew
|-resisted|p2a: Mew
|-damage|p2a: Mew|185\/300 slp
|
|turn|11
|
|cant|p2a: Mew|slp
|move|p1a: Hypno|Psychic|p2a: Mew
|-resisted|p2a: Mew
|-damage|p2a: Mew|129\/300 slp
|
|turn|12
|
|switch|p2a: Wigglytuff|Wigglytuff, L85|412\/412
|move|p1a: Hypno|Psychic|p2a: Wigglytuff
|-damage|p2a: Wigglytuff|255\/412
|
|turn|13
|
|switch|p1a: Hitmonchan|Hitmonchan, L85|259\/259
|move|p2a: Wigglytuff|Thunder Wave|p1a: Hitmonchan
|-status|p1a: Hitmonchan|par
|
|turn|14
|
|switch|p2a: Sandslash|Sandslash, L85|301\/301
|move|p1a: Hitmonchan|Body Slam|p2a: Sandslash
|-damage|p2a: Sandslash|242\/301
|
|turn|15
|
|move|p2a: Sandslash|Earthquake|p1a: Hitmonchan
|-damage|p1a: Hitmonchan|143\/259 par
|move|p1a: Hitmonchan|Body Slam|p2a: Sandslash
|-damage|p2a: Sandslash|181\/301
|
|turn|16
|
|move|p2a: Sandslash|Earthquake|p1a: Hitmonchan
|-crit|p1a: Hitmonchan
|-damage|p1a: Hitmonchan|0 fnt
|faint|p1a: Hitmonchan
|
|switch|p1a: Onix|Onix, L85|233\/233
|turn|17
|
|switch|p2a: Hitmonchan|Hitmonchan, L85|259\/259
|move|p1a: Onix|Explosion|p2a: Hitmonchan
|-damage|p2a: Hitmonchan|86\/259
|faint|p1a: Onix
|
|switch|p1a: Alakazam|Alakazam, L79|87\/249
|turn|18
|
|switch|p2a: Mew|Mew, L74|129\/300 slp
|move|p1a: Alakazam|Psychic|p2a: Mew
|-crit|p2a: Mew
|-resisted|p2a: Mew
|-damage|p2a: Mew|21\/300 slp
|
|turn|19
|
|move|p1a: Alakazam|Recover|p1a: Alakazam
|-heal|p1a: Alakazam|211\/249
|cant|p2a: Mew|slp
|
|turn|20
|
|switch|p2a: Wigglytuff|Wigglytuff, L85|255\/412
|move|p1a: Alakazam|Seismic Toss|p2a: Wigglytuff
|-damage|p2a: Wigglytuff|176\/412
|
|turn|21
|
|move|p1a: Alakazam|Reflect|p1a: Alakazam
|-start|p1a: Alakazam|Reflect
|move|p2a: Wigglytuff|Thunder Wave|p1a: Alakazam
|-status|p1a: Alakazam|par
|
|turn|22
|
|move|p2a: Wigglytuff|Body Slam|p1a: Alakazam
|-damage|p1a: Alakazam|155\/249 par
|move|p1a: Alakazam|Psychic|p2a: Wigglytuff
|-crit|p2a: Wigglytuff
|-damage|p2a: Wigglytuff|0 fnt
|faint|p2a: Wigglytuff
|
|switch|p2a: Hitmonchan|Hitmonchan, L85|86\/259
|turn|23
|
|move|p2a: Hitmonchan|Submission|p1a: Alakazam
|-crit|p1a: Alakazam
|-resisted|p1a: Alakazam
|-damage|p1a: Alakazam|23\/249 par
|-damage|p2a: Hitmonchan|53\/259|[from] recoil|[of] p1a: Alakazam
|move|p1a: Alakazam|Recover|p1a: Alakazam
|-heal|p1a: Alakazam|147\/249 par
|
|turn|24
|
|move|p2a: Hitmonchan|Submission|p1a: Alakazam
|-resisted|p1a: Alakazam
|-damage|p1a: Alakazam|112\/249 par
|-damage|p2a: Hitmonchan|45\/259|[from] recoil|[of] p1a: Alakazam
|cant|p1a: Alakazam|par
|
|turn|25
|
|move|p2a: Hitmonchan|Body Slam|p1a: Alakazam
|-damage|p1a: Alakazam|62\/249 par
|move|p1a: Alakazam|Recover|p1a: Alakazam
|-heal|p1a: Alakazam|186\/249 par
|
|turn|26
|
|move|p2a: Hitmonchan|Body Slam|p1a: Alakazam
|-damage|p1a: Alakazam|137\/249 par
|move|p1a: Alakazam|Recover|p1a: Alakazam
|-heal|p1a: Alakazam|249\/249 par
|
|turn|27
|
|move|p2a: Hitmonchan|Body Slam|p1a: Alakazam
|-damage|p1a: Alakazam|199\/249 par
|cant|p1a: Alakazam|par
|
|turn|28
|
|move|p2a: Hitmonchan|Body Slam|p1a: Alakazam
|-damage|p1a: Alakazam|151\/249 par
|move|p1a: Alakazam|Seismic Toss|p2a: Hitmonchan
|-damage|p2a: Hitmonchan|0 fnt
|faint|p2a: Hitmonchan
|
|switch|p2a: Sandslash|Sandslash, L85|181\/301
|turn|29
|
|move|p2a: Sandslash|Earthquake|p1a: Alakazam
|-crit|p1a: Alakazam
|-damage|p1a: Alakazam|0 fnt
|faint|p1a: Alakazam
|
|switch|p1a: Hypno|Hypno, L85|116\/318
|turn|30
|
|move|p1a: Hypno|Psychic|p2a: Sandslash
|-crit|p2a: Sandslash
|-damage|p2a: Sandslash|0 fnt
|faint|p2a: Sandslash
|
|switch|p2a: Moltres|Moltres, L85|327\/327
|turn|31
|
|move|p2a: Moltres|Hyper Beam|p1a: Hypno
|-crit|p1a: Hypno
|-damage|p1a: Hypno|0 fnt
|faint|p1a: Hypno
|
|switch|p1a: Flareon|Flareon, L85|284\/284
|turn|32
|
|move|p2a: Moltres|Reflect|p2a: Moltres
|-start|p2a: Moltres|Reflect
|move|p1a: Flareon|Body Slam|p2a: Moltres
|-damage|p2a: Moltres|291\/327
|-status|p2a: Moltres|par
|
|turn|33
|
|move|p1a: Flareon|Body Slam|p2a: Moltres
|-damage|p2a: Moltres|252\/327 par
|cant|p2a: Moltres|par
|
|turn|34
|
|move|p1a: Flareon|Body Slam|p2a: Moltres
|-damage|p2a: Moltres|215\/327 par
|cant|p2a: Moltres|par
|
|turn|35
|
|move|p1a: Flareon|Body Slam|p2a: Moltres
|-damage|p2a: Moltres|178\/327 par
|move|p2a: Moltres|Agility|p2a: Moltres
|-boost|p2a: Moltres|spe|2
|
|turn|36
|
|move|p2a: Moltres|Fire Blast|p1a: Flareon
|-crit|p1a: Flareon
|-resisted|p1a: Flareon
|-damage|p1a: Flareon|153\/284
|move|p1a: Flareon|Body Slam|p2a: Moltres
|-damage|p2a: Moltres|138\/327 par
|
|turn|37
|
|move|p2a: Moltres|Fire Blast|p1a: Flareon
|-resisted|p1a: Flareon
|-damage|p1a: Flareon|83\/284
|move|p1a: Flareon|Body Slam|p2a: Moltres
|-damage|p2a: Moltres|103\/327 par
|
|turn|38
|
|move|p2a: Moltres|Fire Blast|p1a: Flareon|[miss]
|-miss|p2a: Moltres
|move|p1a: Flareon|Body Slam|p2a: Moltres
|-damage|p2a: Moltres|65\/327 par
|
|turn|39
|
|move|p2a: Moltres|Hyper Beam|p1a: Flareon
|-damage|p1a: Flareon|0 fnt
|faint|p1a: Flareon
|
|switch|p1a: Ponyta|Ponyta, L96|291\/291
|turn|40
|
|move|p2a: Moltres|Hyper Beam|p1a: Ponyta
|-crit|p1a: Ponyta
|-damage|p1a: Ponyta|52\/291
|move|p1a: Ponyta|Fire Blast|p2a: Moltres
|-resisted|p2a: Moltres
|-damage|p2a: Moltres|14\/327 par
|
|turn|41
|
|cant|p2a: Moltres|recharge
|move|p1a: Ponyta|Fire Blast|p2a: Moltres
|-resisted|p2a: Moltres
|-damage|p2a: Moltres|0 fnt
|faint|p2a: Moltres
|
|switch|p2a: Blastoise|Blastoise, L85|96\/308
|turn|42
|
|move|p1a: Ponyta|Fire Blast|p2a: Blastoise|[miss]
|-miss|p1a: Ponyta
|move|p2a: Blastoise|Hyper Beam|p1a: Ponyta
|-damage|p1a: Ponyta|0 fnt
|faint|p1a: Ponyta
|
|win|Isael50
|raw|Ladder updating...
|raw|blgh's rating: 1214 &rarr; <strong>1193<\/strong><br \/>(-21 for losing)
|raw|Isael50's rating: 1262 &rarr; <strong>1284<\/strong><br \/>(+22 for winning)
|leave|blgh
|player|p1