|j|Mirabel_
|j|Whoremaster
|player|p1|Mirabel_|260
|player|p2|Whoremaster|43
|gametype|singles
|gen|1
|tier|[Gen 1] OU
|seed|55598,5543,13186,46033
|rule|Sleep Clause Mod: Limit one foe put to sleep
|rule|Freeze Clause Mod: Limit one foe frozen
|rule|Species Clause: Limit one of each Pokémon
|rule|OHKO Clause: OHKO moves are banned
|rule|Evasion Moves Clause: Evasion moves are banned
|rule|HP Percentage Mod: HP is shown in percentages
|
|start
|switch|p1a: Haunter|Haunter|293\/293
|switch|p2a: Hypno|Hypno|373\/373
|turn|1
|choice|move 1|move 2
|
|move|p1a: Haunter|Hypnosis|p2a: Hypno
|-status|p2a: Hypno|slp
|cant|p2a: Hypno|slp
|
|turn|2
|c|★Whoremaster|curses
|j|Ch01W0n5h1n
|choice|move 3|switch 5
|
|switch|p2a: Kadabra|Kadabra|283\/283
|move|p1a: Haunter|Thunderbolt|p2a: Kadabra
|-damage|p2a: Kadabra|213\/283
|
|turn|3
|choice|move 4|move 1
|
|move|p2a: Kadabra|Psychic|p1a: Haunter
|-supereffective|p1a: Haunter
|-damage|p1a: Haunter|74\/293
|-unboost|p1a: Haunter|spd|1
|-unboost|p1a: Haunter|spa|1
|move|p1a: Haunter|Explosion|p2a: Kadabra
|-damage|p2a: Kadabra|0 fnt
|faint|p2a: Kadabra
|faint|p1a: Haunter
|choice|switch 5|switch 2
|
|switch|p1a: Kadabra|Kadabra|283\/283
|switch|p2a: Raichu|Raichu|323\/323
|turn|4
|choice|move 4|move 2
|
|move|p1a: Kadabra|Thunder Wave|p2a: Raichu
|-status|p2a: Raichu|par
|move|p2a: Raichu|Thunder Wave|p1a: Kadabra
|-status|p1a: Kadabra|par
|
|turn|5
|choice|move 3|move 4
|
|move|p1a: Kadabra|Reflect|p1a: Kadabra
|-start|p1a: Kadabra|Reflect
|move|p2a: Raichu|Body Slam|p1a: Kadabra
|-damage|p1a: Kadabra|224\/283 par
|
|turn|6
|choice|move 1|move 1
|
|move|p1a: Kadabra|Psychic|p2a: Raichu
|-damage|p2a: Raichu|186\/323 par
|-unboost|p2a: Raichu|spd|1
|-unboost|p2a: Raichu|spa|1
|move|p2a: Raichu|Thunderbolt|p1a: Kadabra
|-damage|p1a: Kadabra|165\/283 par
|
|turn|7
|c|★Whoremaster|ouch
|choice|move 1|switch 5
|
|switch|p2a: Hypno|Hypno|373\/373 slp
|cant|p1a: Kadabra|par
|
|turn|8
|choice|switch 4|switch 4
|
|switch|p2a: Persian|Persian|333\/333
|switch|p1a: Kangaskhan|Kangaskhan|413\/413
|
|turn|9
|choice|move 1|move 1
|
|move|p2a: Persian|Slash|p1a: Kangaskhan
|-crit|p1a: Kangaskhan
|-damage|p1a: Kangaskhan|255\/413
|move|p1a: Kangaskhan|Body Slam|p2a: Persian
|-damage|p2a: Persian|210\/333
|
|turn|10
|choice|move 1|move 1
|
|move|p2a: Persian|Slash|p1a: Kangaskhan
|-crit|p1a: Kangaskhan
|-damage|p1a: Kangaskhan|108\/413
|move|p1a: Kangaskhan|Body Slam|p2a: Persian
|-damage|p2a: Persian|72\/333
|
|turn|11
|choice|move 1|move 1
|
|move|p2a: Persian|Slash|p1a: Kangaskhan
|-crit|p1a: Kangaskhan
|-damage|p1a: Kangaskhan|0 fnt
|faint|p1a: Kangaskhan
|choice|switch 2|
|
|switch|p1a: Hypno|Hypno|373\/373
|turn|12
|choice|move 4|switch 5
|
|switch|p2a: Raichu|Raichu|186\/323 par
|move|p1a: Hypno|Psychic|p2a: Raichu
|-damage|p2a: Raichu|69\/323 par
|
|turn|13
|c|★Whoremaster|man raichu cannot take hits
|choice|move 4|move 2
|
|move|p1a: Hypno|Psychic|p2a: Raichu
|-damage|p2a: Raichu|0 fnt
|faint|p2a: Raichu
|choice||switch 6
|
|switch|p2a: Gyarados|Gyarados|393\/393
|turn|14
|choice|move 2|move 2
|
|move|p2a: Gyarados|Body Slam|p1a: Hypno
|-damage|p1a: Hypno|275\/373
|move|p1a: Hypno|Thunder Wave|p2a: Gyarados|[miss]
|-miss|p1a: Hypno
|
|turn|15
|c|★Mirabel_|DAT 255
|c|★Whoremaster|excellent
|j|Scepunny
|choice|move 2|switch 4
|
|switch|p2a: Hypno|Hypno|373\/373 slp
|move|p1a: Hypno|Thunder Wave|p2a: Hypno
|-fail|p2a: Hypno
|
|turn|16
|choice|move 4|switch 5
|
|switch|p2a: Persian|Persian|72\/333
|move|p1a: Hypno|Psychic|p2a: Persian
|-crit|p2a: Persian
|-damage|p2a: Persian|0 fnt
|faint|p2a: Persian
|c|★Whoremaster|lol
|c|★Whoremaster|didnt think itd work twice
|c|★Mirabel_|WHAT DID YOU expect
|c|★Mirabel_|some kinda switchout
|choice||switch 4
|
|switch|p2a: Gyarados|Gyarados|393\/393
|turn|17
|c|★Whoremaster|m8 im just having fun
|c|★Whoremaster|no need to raise your cases
|c|★Mirabel_|yo who isn't
|c|★Mirabel_|im sry
|c|★Mirabel_|it was occipotal
|c| Scepunny|only if gyara got the water\/dragon typing in gen 1
|c|★Mirabel_|Gyara is a baller mon as is
|choice|move 2|move 2
|
|move|p2a: Gyarados|Body Slam|p1a: Hypno
|-damage|p1a: Hypno|168\/373
|-status|p1a: Hypno|par
|move|p1a: Hypno|Thunder Wave|p2a: Gyarados
|-status|p2a: Gyarados|par
|
|turn|18
|choice|move 3|move 1
|
|move|p2a: Gyarados|Blizzard|p1a: Hypno
|-damage|p1a: Hypno|87\/373 par
|move|p1a: Hypno|Rest|p1a: Hypno
|-status|p1a: Hypno|slp
|-heal|p1a: Hypno|373\/373 slp|[silent]
|-status|p1a: Hypno|slp|[from] move: Rest
|
|turn|19
|choice|switch 3|switch 3
|
|switch|p2a: Rhydon|Rhydon|413\/413
|switch|p1a: Raichu|Raichu|323\/323
|
|turn|20
|choice|move 2|switch 5
|
|switch|p2a: Hypno|Hypno|373\/373 slp
|move|p1a: Raichu|Surf|p2a: Hypno
|-crit|p2a: Hypno
|-damage|p2a: Hypno|246\/373 slp
|
|turn|21
|c| Scepunny|but he just needs that little push to not being weak to any moves in gen 1
|c|★Mirabel_|I'M FILLING MY WATER WITH WATER
|choice|move 1|move 2
|
|move|p1a: Raichu|Thunderbolt|p2a: Hypno
|-damage|p2a: Hypno|152\/373 slp
|-curestatus|p2a: Hypno|slp
|
|turn|22
|choice|switch 4|move 3
|
|switch|p1a: Kadabra|Kadabra|165\/283 par
|move|p2a: Hypno|Thunder Wave|p1a: Kadabra
|-fail|p1a: Kadabra|par
|
|turn|23
|choice|move 1|move 4
|
|move|p2a: Hypno|Rest|p2a: Hypno
|-status|p2a: Hypno|slp
|-heal|p2a: Hypno|373\/373 slp|[silent]
|-status|p2a: Hypno|slp|[from] move: Rest
|move|p1a: Kadabra|Psychic|p2a: Hypno
|-resisted|p2a: Hypno
|-damage|p2a: Hypno|316\/373 slp
|-unboost|p2a: Hypno|spd|1
|-unboost|p2a: Hypno|spa|1
|
|turn|24
|choice|move 1|move 2
|
|cant|p2a: Hypno|slp
|move|p1a: Kadabra|Psychic|p2a: Hypno
|-resisted|p2a: Hypno
|-damage|p2a: Hypno|239\/373 slp
|
|turn|25
|choice|move 1|move 4
|
|-curestatus|p2a: Hypno|slp
|move|p1a: Kadabra|Psychic|p2a: Hypno
|-resisted|p2a: Hypno
|-damage|p2a: Hypno|154\/373
|
|turn|26
|l|Scepunny
|c|★Whoremaster|rest doesnt cure stat changes ay?
|choice|move 1|move 4
|
|move|p2a: Hypno|Rest|p2a: Hypno
|-status|p2a: Hypno|slp
|-heal|p2a: Hypno|373\/373 slp|[silent]
|-status|p2a: Hypno|slp|[from] move: Rest
|cant|p1a: Kadabra|par
|
|turn|27
|choice|move 1|move 4
|
|cant|p2a: Hypno|slp
|move|p1a: Kadabra|Psychic|p2a: Hypno
|-resisted|p2a: Hypno
|-damage|p2a: Hypno|288\/373 slp
|
|turn|28
|choice|move 2|move 4
|
|-curestatus|p2a: Hypno|slp
|move|p1a: Kadabra|Recover|p1a: Kadabra
|-heal|p1a: Kadabra|283\/283 par
|
|turn|29
|c|★Mirabel_|NOPE
|choice|move 3|move 2
|
|move|p2a: Hypno|Psychic|p1a: Kadabra
|-resisted|p1a: Kadabra
|-damage|p1a: Kadabra|251\/283 par
|move|p1a: Kadabra|Reflect|p1a: Kadabra
|-start|p1a: Kadabra|Reflect
|
|turn|30
|choice|switch 3|move 2
|
|switch|p1a: Hypno|Hypno|373\/373 slp
|move|p2a: Hypno|Psychic|p1a: Hypno
|-crit|p1a: Hypno
|-resisted|p1a: Hypno
|-damage|p1a: Hypno|267\/373 slp
|-unboost|p1a: Hypno|spd|1
|-unboost|p1a: Hypno|spa|1
|
|turn|31
|choice|switch 3|move 2
|
|switch|p1a: Kadabra|Kadabra|251\/283 par
|move|p2a: Hypno|Psychic|p1a: Kadabra
|-resisted|p1a: Kadabra
|-damage|p1a: Kadabra|217\/283 par
|-unboost|p1a: Kadabra|spd|1
|-unboost|p1a: Kadabra|spa|1
|
|turn|32
|choice|move 2|switch 5
|
|switch|p2a: Rhydon|Rhydon|413\/413
|cant|p1a: Kadabra|par
|
|turn|33
|choice|switch 6|move 2
|
|switch|p1a: Sandslash|Sandslash|353\/353
|move|p2a: Rhydon|Earthquake|p1a: Sandslash
|-damage|p1a: Sandslash|224\/353
|
|turn|34
|c|★Whoremaster|iirc
|c|★Whoremaster|this guy beats me outright
|choice|move 2|switch 3
|
|switch|p2a: Gyarados|Gyarados|393\/393 par
|move|p1a: Sandslash|Swords Dance|p1a: Sandslash
|-boost|p1a: Sandslash|atk|2
|
|turn|35
|c|★Mirabel_|eh, not in this particular situation
|choice|move 3|move 1
|
|move|p1a: Sandslash|Hyper Beam|p2a: Gyarados
|-crit|p2a: Gyarados
|-damage|p2a: Gyarados|147\/393 par
|move|p2a: Gyarados|Blizzard|p1a: Sandslash
|-supereffective|p1a: Sandslash
|-damage|p1a: Sandslash|0 fnt
|faint|p1a: Sandslash
|choice|switch 4|
|
|switch|p1a: Raichu|Raichu|323\/323
|turn|36
|choice|move 1|move 1
|
|move|p1a: Raichu|Thunderbolt|p2a: Gyarados
|-supereffective|p2a: Gyarados
|-damage|p2a: Gyarados|0 fnt
|faint|p2a: Gyarados
|j|Ratdoto Bestdoto
|c|★Mirabel_|only in neutral situation
|choice||switch 5
|
|switch|p2a: Hypno|Hypno|288\/373
|turn|37
|choice|switch 3|move 2
|
|switch|p1a: Hypno|Hypno|267\/373 slp
|move|p2a: Hypno|Psychic|p1a: Hypno
|-resisted|p1a: Hypno
|-damage|p1a: Hypno|213\/373 slp
|
|turn|38
|choice|move 1|switch 3
|
|switch|p2a: Rhydon|Rhydon|413\/413
|cant|p1a: Hypno|slp
|
|turn|39
|c|★Mirabel_|you see why hypno is good though
|choice|move 1|move 4
|
|-curestatus|p1a: Hypno|slp
|move|p2a: Rhydon|Substitute|p2a: Rhydon
|-start|p2a: Rhydon|Substitute
|-damage|p2a: Rhydon|310\/413
|
|turn|40
|c|★Whoremaster|yeah hes cool
|c|★Mirabel_|he's like egg
|c|★Whoremaster|whyd u have to wake right then m8
|c|★Whoremaster|have some respect
|choice|move 1|move 2
|
|move|p1a: Hypno|Hypnosis|p2a: Rhydon
|-status|p2a: Rhydon|slp
|cant|p2a: Rhydon|slp
|
|turn|41
|c|★Mirabel_|I mean I'm counting the rest turns dude
|c|★Whoremaster|oh right my dudes not asleep
|choice|move 4|move 2
|
|move|p1a: Hypno|Psychic|p2a: Rhydon
|-end|p2a: Rhydon|Substitute
|cant|p2a: Rhydon|slp
|
|turn|42
|choice|move 4|switch 3
|
|switch|p2a: Hypno|Hypno|288\/373
|move|p1a: Hypno|Psychic|p2a: Hypno
|-resisted|p2a: Hypno
|-damage|p2a: Hypno|233\/373
|
|turn|43
|choice|move 2|move 1
|
|move|p1a: Hypno|Thunder Wave|p2a: Hypno
|-status|p2a: Hypno|par
|move|p2a: Hypno|Hypnosis|p1a: Hypno
|-status|p1a: Hypno|slp
|
|turn|44
|choice|move 4|move 2
|
|-curestatus|p1a: Hypno|slp
|move|p2a: Hypno|Psychic|p1a: Hypno
|-resisted|p1a: Hypno
|-damage|p1a: Hypno|165\/373
|-unboost|p1a: Hypno|spd|1
|-unboost|p1a: Hypno|spa|1
|
|turn|45
|choice|move 3|move 2
|
|move|p1a: Hypno|Rest|p1a: Hypno
|-status|p1a: Hypno|slp
|-heal|p1a: Hypno|373\/373 slp|[silent]
|-status|p1a: Hypno|slp|[from] move: Rest
|move|p2a: Hypno|Psychic|p1a: Hypno
|-resisted|p1a: Hypno
|-damage|p1a: Hypno|294\/373 slp
|
|turn|46
|choice|switch 6|move 2
|
|switch|p1a: Kadabra|Kadabra|217\/283 par
|move|p2a: Hypno|Psychic|p1a: Kadabra
|-crit|p1a: Kadabra
|-resisted|p1a: Kadabra
|-damage|p1a: Kadabra|122\/283 par
|
|turn|47
|choice|move 2|move 2
|
|move|p1a: Kadabra|Recover|p1a: Kadabra
|-heal|p1a: Kadabra|263\/283 par
|cant|p2a: Hypno|par
|
|turn|48
|choice|move 1|move 4
|
|move|p1a: Kadabra|Psychic|p2a: Hypno
|-resisted|p2a: Hypno
|-damage|p2a: Hypno|180\/373 par
|-unboost|p2a: Hypno|spd|1
|-unboost|p2a: Hypno|spa|1
|move|p2a: Hypno|Rest|p2a: Hypno
|-status|p2a: Hypno|slp
|-heal|p2a: Hypno|373\/373 slp|[silent]
|-status|p2a: Hypno|slp|[from] move: Rest
|
|turn|49
|choice|move 1|move 2
|
|move|p1a: Kadabra|Psychic|p2a: Hypno
|-resisted|p2a: Hypno
|-damage|p2a: Hypno|286\/373 slp
|cant|p2a: Hypno|slp
|
|turn|50
|choice|move 1|move 4
|
|cant|p1a: Kadabra|par
|-curestatus|p2a: Hypno|slp
|
|turn|51
|choice|move 1|move 2
|
|move|p1a: Kadabra|Psychic|p2a: Hypno
|-resisted|p2a: Hypno
|-damage|p2a: Hypno|206\/373
|move|p2a: Hypno|Psychic|p1a: Kadabra
|-resisted|p1a: Kadabra
|-damage|p1a: Kadabra|228\/283 par
|
|turn|52
|choice|move 1|switch 3
|
|switch|p2a: Rhydon|Rhydon|310\/413 slp
|move|p1a: Kadabra|Psychic|p2a: Rhydon
|-damage|p2a: Rhydon|128\/413 slp
|-unboost|p2a: Rhydon|spd|1
|-unboost|p2a: Rhydon|spa|1
|
|turn|53
|choice|move 1|switch 3
|
|switch|p2a: Hypno|Hypno|206\/373
|cant|p1a: Kadabra|par
|
|turn|54
|choice|move 4|move 4
|
|move|p2a: Hypno|Rest|p2a: Hypno
|-status|p2a: Hypno|slp
|-heal|p2a: Hypno|373\/373 slp|[silent]
|-status|p2a: Hypno|slp|[from] move: Rest
|move|p1a: Kadabra|Thunder Wave|p2a: Hypno
|-fail|p2a: Hypno
|
|turn|55
|choice|move 1|move 2
|
|cant|p2a: Hypno|slp
|move|p1a: Kadabra|Psychic|p2a: Hypno
|-crit|p2a: Hypno
|-resisted|p2a: Hypno
|-damage|p2a: Hypno|265\/373 slp
|
|turn|56
|choice|move 1|move 2
|
|-curestatus|p2a: Hypno|slp
|move|p1a: Kadabra|Psychic|p2a: Hypno
|-resisted|p2a: Hypno
|-damage|p2a: Hypno|212\/373
|
|turn|57
|choice|move 3|move 2
|
|move|p2a: Hypno|Psychic|p1a: Kadabra
|-resisted|p1a: Kadabra
|-damage|p1a: Kadabra|175\/283 par
|move|p1a: Kadabra|Reflect|p1a: Kadabra
|-start|p1a: Kadabra|Reflect
|
|turn|58
|choice|move 2|move 3
|
|move|p2a: Hypno|Thunder Wave|p1a: Kadabra
|-fail|p1a: Kadabra|par
|move|p1a: Kadabra|Recover|p1a: Kadabra
|-heal|p1a: Kadabra|283\/283 par
|
|turn|59
|choice|move 4|move 4
|
|move|p2a: Hypno|Rest|p2a: Hypno
|-status|p2a: Hypno|slp
|-heal|p2a: Hypno|373\/373 slp|[silent]
|-status|p2a: Hypno|slp|[from] move: Rest
|cant|p1a: Kadabra|par
|
|turn|60
|choice|move 4|move 2
|
|cant|p2a: Hypno|slp
|cant|p1a: Kadabra|par
|
|turn|61
|choice|move 1|move 3
|
|-curestatus|p2a: Hypno|slp
|move|p1a: Kadabra|Psychic|p2a: Hypno
|-resisted|p2a: Hypno
|-damage|p2a: Hypno|321\/373
|-unboost|p2a: Hypno|spd|1
|-unboost|p2a: Hypno|spa|1
|
|turn|62
|choice|move 4|move 2
|
|move|p2a: Hypno|Psychic|p1a: Kadabra
|-resisted|p1a: Kadabra
|-damage|p1a: Kadabra|247\/283 par
|move|p1a: Kadabra|Thunder Wave|p2a: Hypno
|-status|p2a: Hypno|par
|
|turn|63
|choice|move 4|move 2
|
|cant|p1a: Kadabra|par
|cant|p2a: Hypno|par
|
|turn|64
|choice|move 4|move 4
|
|move|p1a: Kadabra|Thunder Wave|p2a: Hypno
|-fail|p2a: Hypno|par
|move|p2a: Hypno|Rest|p2a: Hypno
|-status|p2a: Hypno|slp
|-heal|p2a: Hypno|373\/373 slp|[silent]
|-status|p2a: Hypno|slp|[from] move: Rest
|
|turn|65
|c|★Whoremaster|hypno got a hard road ahead
|choice|move 1|move 3
|
|move|p1a: Kadabra|Psychic|p2a: Hypno
|-crit|p2a: Hypno
|-resisted|p2a: Hypno
|-damage|p2a: Hypno|273\/373 slp
|cant|p2a: Hypno|slp
|
|turn|66
|choice|move 1|move 3
|
|move|p1a: Kadabra|Psychic|p2a: Hypno
|-resisted|p2a: Hypno
|-damage|p2a: Hypno|195\/373 slp
|-unboost|p2a: Hypno|spd|1
|-unboost|p2a: Hypno|spa|1
|-curestatus|p2a: Hypno|slp
|
|turn|67
|c|★Whoremaster|id like it if i got a spec fall on you for a change lol
|choice|move 1|switch 3
|
|switch|p2a: Rhydon|Rhydon|128\/413 slp
|move|p1a: Kadabra|Psychic|p2a: Rhydon
|-damage|p2a: Rhydon|0 fnt
|faint|p2a: Rhydon
|c|★Mirabel_|moment of truth
|choice||switch 3
|
|switch|p2a: Hypno|Hypno|195\/373
|turn|68
|choice|move 4|move 4
|
|move|p2a: Hypno|Rest|p2a: Hypno
|-status|p2a: Hypno|slp
|-heal|p2a: Hypno|373\/373 slp|[silent]
|-status|p2a: Hypno|slp|[from] move: Rest
|move|p1a: Kadabra|Thunder Wave|p2a: Hypno
|-fail|p2a: Hypno
|
|turn|69
|choice|move 4|move 2
|
|cant|p2a: Hypno|slp
|move|p1a: Kadabra|Thunder Wave|p2a: Hypno
|-fail|p2a: Hypno
|
|turn|70
|choice|move 4|move 2
|
|-curestatus|p2a: Hypno|slp
|move|p1a: Kadabra|Thunder Wave|p2a: Hypno
|-status|p2a: Hypno|par
|
|turn|71
|choice|move 1|move 1
|
|cant|p1a: Kadabra|par
|move|p2a: Hypno|Hypnosis|p1a: Kadabra|[miss]
|-miss|p2a: Hypno
|
|turn|72
|c|★Mirabel_|remember when I said this tier was fast paced
|c|★Whoremaster|u were wrong
|c|★Mirabel_|this isn't such a common scenario
|c|★Mirabel_|:<
|c|★Whoremaster|to make up for this disgusting game
|c|★Mirabel_|also I gotta run my usual team
|c|★Whoremaster|u must smogon uu me
|choice|move 1|move 3
|
|move|p1a: Kadabra|Psychic|p2a: Hypno
|-resisted|p2a: Hypno
|-damage|p2a: Hypno|322\/373 par
|move|p2a: Hypno|Thunder Wave|p1a: Kadabra
|-fail|p1a: Kadabra|par
|
|turn|73
|c|★Mirabel_|I don't have a UU team
|c|★Whoremaster|make one m8
|choice|switch 6|move 3
|
|switch|p1a: Hypno|Hypno|294\/373 slp
|cant|p2a: Hypno|par
|
|turn|74
|choice|move 4|move 1
|
|cant|p1a: Hypno|slp
|move|p2a: Hypno|Hypnosis|p1a: Hypno|[miss]
|-miss|p2a: Hypno
|
|turn|75
|choice|move 4|move 1
|
|-curestatus|p1a: Hypno|slp
|move|p2a: Hypno|Hypnosis|p1a: Hypno
|-status|p1a: Hypno|slp
|
|turn|76
|c|★Whoremaster|pp stall life
|c|★Mirabel_|I'll make one later
|c|★Mirabel_|tired af
|choice|move 4|move 2
|
|cant|p1a: Hypno|slp
|move|p2a: Hypno|Psychic|p1a: Hypno
|-resisted|p1a: Hypno
|-damage|p1a: Hypno|239\/373 slp
|
|turn|77
|choice|move 4|move 3
|
|cant|p1a: Hypno|slp
|cant|p2a: Hypno|par
|
|turn|78
|c|★Mirabel_|also I gotta remake my Victreebel Dugtrio team
|c|★Whoremaster|smogon uu is the shit imo
|c|★Mirabel_|it's hype
|choice|move 4|move 3
|
|cant|p1a: Hypno|slp
|cant|p2a: Hypno|par
|
|turn|79
|c|★Whoremaster|none of those wankers
|choice|move 3|move 3
|
|-curestatus|p1a: Hypno|slp
|move|p2a: Hypno|Thunder Wave|p1a: Hypno
|-status|p1a: Hypno|par
|
|turn|80
|choice|move 4|move 3
|
|move|p2a: Hypno|Thunder Wave|p1a: Hypno
|-fail|p1a: Hypno|par
|move|p1a: Hypno|Psychic|p2a: Hypno
|-crit|p2a: Hypno
|-resisted|p2a: Hypno
|-damage|p2a: Hypno|228\/373 par
|
|turn|81
|choice|move 4|move 2
|
|move|p2a: Hypno|Psychic|p1a: Hypno
|-resisted|p1a: Hypno
|-damage|p1a: Hypno|183\/373 par
|-unboost|p1a: Hypno|spd|1
|-unboost|p1a: Hypno|spa|1
|move|p1a: Hypno|Psychic|p2a: Hypno
|-crit|p2a: Hypno
|-resisted|p2a: Hypno
|-damage|p2a: Hypno|123\/373 par
|
|turn|82
|choice|move 4|move 4
|
|move|p2a: Hypno|Rest|p2a: Hypno
|-status|p2a: Hypno|slp
|-heal|p2a: Hypno|373\/373 slp|[silent]
|-status|p2a: Hypno|slp|[from] move: Rest
|move|p1a: Hypno|Psychic|p2a: Hypno
|-resisted|p2a: Hypno
|-damage|p2a: Hypno|338\/373 slp
|
|turn|83
|choice|move 4|move 4
|
|cant|p2a: Hypno|slp
|move|p1a: Hypno|Psychic|p2a: Hypno
|-resisted|p2a: Hypno
|-damage|p2a: Hypno|301\/373 slp
|
|turn|84
|choice|move 1|move 4
|
|-curestatus|p2a: Hypno|slp
|move|p1a: Hypno|Hypnosis|p2a: Hypno
|-status|p2a: Hypno|slp
|
|turn|85
|choice|move 4|move 4
|
|cant|p2a: Hypno|slp
|cant|p1a: Hypno|par
|
|turn|86
|choice|move 4|move 4
|
|cant|p2a: Hypno|slp
|move|p1a: Hypno|Psychic|p2a: Hypno
|-resisted|p2a: Hypno
|-damage|p2a: Hypno|269\/373 slp
|
|turn|87
|choice|move 4|move 4
|
|cant|p2a: Hypno|slp
|move|p1a: Hypno|Psychic|p2a: Hypno
|-resisted|p2a: Hypno
|-damage|p2a: Hypno|233\/373 slp
|
|turn|88
|choice|move 4|move 4
|
|-curestatus|p2a: Hypno|slp
|cant|p1a: Hypno|par
|
|turn|89
|c|★Mirabel_|cmon i need that 30
|choice|move 1|move 4
|
|move|p2a: Hypno|Rest|p2a: Hypno
|-status|p2a: Hypno|slp
|-heal|p2a: Hypno|373\/373 slp|[silent]
|-status|p2a: Hypno|slp|[from] move: Rest
|move|p1a: Hypno|Hypnosis|p2a: Hypno
|-fail|p2a: Hypno|slp
|
|turn|90
|choice|move 4|move 3
|
|cant|p2a: Hypno|slp
|move|p1a: Hypno|Psychic|p2a: Hypno
|-resisted|p2a: Hypno
|-damage|p2a: Hypno|337\/373 slp
|
|turn|91
|choice|move 4|move 4
|
|-curestatus|p2a: Hypno|slp
|move|p1a: Hypno|Psychic|p2a: Hypno
|-resisted|p2a: Hypno
|-damage|p2a: Hypno|305\/373
|
|turn|92
|c|★Mirabel_|fak, where's my spec drops
|c|★Whoremaster|u used up all 100 of them earlier
|choice|move 4|move 4
|
|move|p2a: Hypno|Rest|p2a: Hypno
|-status|p2a: Hypno|slp
|-heal|p2a: Hypno|373\/373 slp|[silent]
|-status|p2a: Hypno|slp|[from] move: Rest
|move|p1a: Hypno|Psychic|p2a: Hypno
|-resisted|p2a: Hypno
|-damage|p2a: Hypno|338\/373 slp
|-unboost|p2a: Hypno|spd|1
|-unboost|p2a: Hypno|spa|1
|
|turn|93
|choice|move 4|move 2
|
|cant|p2a: Hypno|slp
|move|p1a: Hypno|Psychic|p2a: Hypno
|-crit|p2a: Hypno
|-resisted|p2a: Hypno
|-damage|p2a: Hypno|230\/373 slp
|
|turn|94
|c|★Mirabel_|there now you're significantly less special
|choice|move 4|move 4
|
|-curestatus|p2a: Hypno|slp
|move|p1a: Hypno|Psychic|p2a: Hypno
|-resisted|p2a: Hypno
|-damage|p2a: Hypno|177\/373
|
|turn|95
|c|★Mirabel_|welcome to the rice fields mothafucka
|choice|move 1|move 3
|
|move|p2a: Hypno|Thunder Wave|p1a: Hypno
|-fail|p1a: Hypno|par
|cant|p1a: Hypno|par
|
|turn|96
|choice|move 1|move 4
|
|move|p2a: Hypno|Rest|p2a: Hypno
|-status|p2a: Hypno|slp
|-heal|p2a: Hypno|373\/373 slp|[silent]
|-status|p2a: Hypno|slp|[from] move: Rest
|move|p1a: Hypno|Hypnosis|p2a: Hypno
|-fail|p2a: Hypno|slp
|
|turn|97
|choice|move 3|move 3
|
|cant|p2a: Hypno|slp
|cant|p1a: Hypno|par
|
|turn|98
|choice|move 1|move 3
|
|-curestatus|p2a: Hypno|slp
|move|p1a: Hypno|Hypnosis|p2a: Hypno
|-status|p2a: Hypno|slp
|
|turn|99
|choice|switch 3|move 2
|
|switch|p1a: Raichu|Raichu|323\/323
|cant|p2a: Hypno|slp
|
|turn|100
|choice|move 1|move 2
|
|move|p1a: Raichu|Thunderbolt|p2a: Hypno
|-damage|p2a: Hypno|219\/373 slp
|-curestatus|p2a: Hypno|slp
|
|turn|101
|choice|move 1|move 1
|
|move|p1a: Raichu|Thunderbolt|p2a: Hypno
|-damage|p2a: Hypno|75\/373
|move|p2a: Hypno|Hypnosis|p1a: Raichu|[miss]
|-miss|p2a: Hypno
|
|turn|102
|c|★Whoremaster|:(
|c|★Whoremaster|255 miss comon
|choice|move 3|move 1
|
|move|p1a: Raichu|Hyper Beam|p2a: Hypno
|-damage|p2a: Hypno|0 fnt
|faint|p2a: Hypno
|
|win|Mirabel_
|player|p1
|player|p2
|c|★Whoremaster|id like to say gg
|l|Ch01W0n5h1n
|c|★Mirabel_|I'll say wp
|j|tr0m
|c|★Whoremaster|ty for giving me a new respect for hypno
|l|tr0m
|c|★Whoremaster|and a hatred for kadabra the fragile bitch