|j|Golden Gyarados
|j|qht
|player|p1|Golden Gyarados|37
|player|p2|qht|2
|gametype|singles
|gen|1
|tier|[Gen 1] OU
|rated
|seed|
|rule|Sleep Clause Mod: Limit one foe put to sleep
|rule|Freeze Clause Mod: Limit one foe frozen
|rule|Species Clause: Limit one of each Pokémon
|rule|OHKO Clause: OHKO moves are banned
|rule|Evasion Moves Clause: Evasion moves are banned
|rule|HP Percentage Mod: HP is shown in percentages
|
|start
|switch|p1a: Jynx|Jynx|100\/100
|switch|p2a: Gengar|Gengar|100\/100
|turn|1
|choice||
|
|move|p2a: Gengar|Hypnosis|p1a: Jynx|[miss]
|-miss|p2a: Gengar
|move|p1a: Jynx|Lovely Kiss|p2a: Gengar
|-status|p2a: Gengar|slp
|
|turn|2
|choice||
|
|switch|p2a: Alakazam|Alakazam|100\/100
|move|p1a: Jynx|Blizzard|p2a: Alakazam
|-crit|p2a: Alakazam
|-damage|p2a: Alakazam|35\/100
|
|turn|3
|choice||
|
|move|p2a: Alakazam|Recover|p2a: Alakazam
|-heal|p2a: Alakazam|85\/100
|move|p1a: Jynx|Blizzard|p2a: Alakazam
|-damage|p2a: Alakazam|50\/100
|
|turn|4
|choice||
|
|switch|p1a: Exeggutor|Exeggutor, M|100\/100
|move|p2a: Alakazam|Thunder Wave|p1a: Exeggutor
|-status|p1a: Exeggutor|par
|
|turn|5
|choice||
|
|move|p2a: Alakazam|Recover|p2a: Alakazam
|-heal|p2a: Alakazam|99\/100
|cant|p1a: Exeggutor|par
|
|turn|6
|choice||
|
|move|p2a: Alakazam|Seismic Toss|p1a: Exeggutor
|-damage|p1a: Exeggutor|75\/100 par
|move|p1a: Exeggutor|Stun Spore|p2a: Alakazam
|-status|p2a: Alakazam|par
|
|turn|7
|choice||
|
|move|p2a: Alakazam|Thunder Wave|p1a: Exeggutor
|-fail|p1a: Exeggutor|par
|move|p1a: Exeggutor|Psychic|p2a: Alakazam
|-resisted|p2a: Alakazam
|-damage|p2a: Alakazam|83\/100 par
|-unboost|p2a: Alakazam|spd|1
|-unboost|p2a: Alakazam|spa|1
|
|turn|8
|choice||
|
|move|p1a: Exeggutor|Psychic|p2a: Alakazam
|-crit|p2a: Alakazam
|-resisted|p2a: Alakazam
|-damage|p2a: Alakazam|50\/100 par
|-unboost|p2a: Alakazam|spd|1
|-unboost|p2a: Alakazam|spa|1
|move|p2a: Alakazam|Seismic Toss|p1a: Exeggutor
|-damage|p1a: Exeggutor|50\/100 par
|
|turn|9
|choice||
|
|switch|p1a: Golem|Golem, M|100\/100
|switch|p2a: Snorlax|Snorlax|100\/100
|
|turn|10
|j|SkyMarshal
|choice||
|
|move|p1a: Golem|Earthquake|p2a: Snorlax
|-damage|p2a: Snorlax|68\/100
|move|p2a: Snorlax|Body Slam|p1a: Golem
|-resisted|p1a: Golem
|-damage|p1a: Golem|88\/100
|
|turn|11
|choice||
|
|move|p1a: Golem|Earthquake|p2a: Snorlax
|-damage|p2a: Snorlax|34\/100
|move|p2a: Snorlax|Reflect|p2a: Snorlax
|-start|p2a: Snorlax|Reflect
|
|turn|12
|choice||
|
|move|p1a: Golem|Earthquake|p2a: Snorlax
|-damage|p2a: Snorlax|19\/100
|move|p2a: Snorlax|Body Slam|p1a: Golem
|-resisted|p1a: Golem
|-damage|p1a: Golem|76\/100
|
|turn|13
|choice||
|
|move|p1a: Golem|Earthquake|p2a: Snorlax
|-damage|p2a: Snorlax|4\/100
|move|p2a: Snorlax|Rest|p2a: Snorlax
|-status|p2a: Snorlax|slp
|-heal|p2a: Snorlax|100\/100 slp|[silent]
|-status|p2a: Snorlax|slp|[from] move: Rest
|
|turn|14
|choice||
|
|switch|p1a: Jynx|Jynx|100\/100
|cant|p2a: Snorlax|slp
|
|turn|15
|choice||
|
|move|p1a: Jynx|Blizzard|p2a: Snorlax|[miss]
|-miss|p1a: Jynx
|-curestatus|p2a: Snorlax|slp
|
|turn|16
|choice||
|
|move|p1a: Jynx|Blizzard|p2a: Snorlax
|-damage|p2a: Snorlax|66\/100
|move|p2a: Snorlax|Body Slam|p1a: Jynx
|-damage|p1a: Jynx|44\/100
|
|turn|17
|choice||
|
|move|p1a: Jynx|Blizzard|p2a: Snorlax
|-damage|p2a: Snorlax|32\/100
|-status|p2a: Snorlax|frz
|cant|p2a: Snorlax|frz
|
|turn|18
|choice||
|
|move|p1a: Jynx|Psychic|p2a: Snorlax
|-damage|p2a: Snorlax|9\/100 frz
|cant|p2a: Snorlax|frz
|
|turn|19
|choice||
|
|move|p1a: Jynx|Psychic|p2a: Snorlax
|-crit|p2a: Snorlax
|-damage|p2a: Snorlax|0 fnt
|faint|p2a: Snorlax
|choice||
|
|switch|p2a: Tauros|Tauros|100\/100
|turn|20
|choice||
|
|switch|p1a: Golem|Golem, M|76\/100
|move|p2a: Tauros|Body Slam|p1a: Golem
|-resisted|p1a: Golem
|-damage|p1a: Golem|65\/100
|-status|p1a: Golem|par
|
|turn|21
|choice||
|
|switch|p2a: Gengar|Gengar|100\/100 slp
|move|p1a: Golem|Explosion|p2a: Gengar
|-immune|p2a: Gengar|[msg]
|faint|p1a: Golem
|choice||
|
|switch|p1a: Tauros|Tauros|100\/100
|turn|22
|choice||
|
|switch|p2a: Dragonite|Dragonite|100\/100
|move|p1a: Tauros|Earthquake|p2a: Dragonite
|-immune|p2a: Dragonite|[msg]
|
|turn|23
|choice||
|
|move|p1a: Tauros|Blizzard|p2a: Dragonite
|-supereffective|p2a: Dragonite
|-damage|p2a: Dragonite|26\/100
|move|p2a: Dragonite|Agility|p2a: Dragonite
|-boost|p2a: Dragonite|spe|2
|
|turn|24
|choice||
|
|move|p2a: Dragonite|Wrap|p1a: Tauros
|-damage|p1a: Tauros|96\/100
|cant|p1a: Tauros|partiallytrapped
|
|turn|25
|choice||
|
|move|p2a: Dragonite|Wrap|p1a: Tauros|[from]Wrap
|-damage|p1a: Tauros|92\/100
|cant|p1a: Tauros|partiallytrapped
|
|turn|26
|choice||
|
|move|p2a: Dragonite|Wrap|p1a: Tauros|[from]Wrap
|-damage|p1a: Tauros|88\/100
|cant|p1a: Tauros|partiallytrapped
|
|turn|27
|choice||
|
|move|p2a: Dragonite|Wrap|p1a: Tauros|[miss]
|-miss|p2a: Dragonite
|move|p1a: Tauros|Body Slam|p2a: Dragonite
|-damage|p2a: Dragonite|0 fnt
|faint|p2a: Dragonite
|choice||
|
|switch|p2a: Jolteon|Jolteon|100\/100
|turn|28
|choice||
|
|switch|p1a: Chansey|Chansey|100\/100
|move|p2a: Jolteon|Thunderbolt|p1a: Chansey
|-damage|p1a: Chansey|86\/100
|-status|p1a: Chansey|par
|
|turn|29
|choice||
|
|move|p2a: Jolteon|Double Kick|p1a: Chansey
|-supereffective|p1a: Chansey
|-damage|p1a: Chansey|71\/100 par
|-damage|p1a: Chansey|56\/100 par
|-hitcount|p1a: Chansey|2
|move|p1a: Chansey|Thunder Wave|p2a: Jolteon
|-status|p2a: Jolteon|par
|
|turn|30
|choice||
|
|move|p2a: Jolteon|Double Kick|p1a: Chansey
|-crit|p1a: Chansey
|-supereffective|p1a: Chansey
|-damage|p1a: Chansey|30\/100 par
|-damage|p1a: Chansey|3\/100 par
|-hitcount|p1a: Chansey|2
|move|p1a: Chansey|Soft-Boiled|p1a: Chansey
|-heal|p1a: Chansey|53\/100 par
|
|turn|31
|choice||
|
|move|p2a: Jolteon|Double Kick|p1a: Chansey
|-crit|p1a: Chansey
|-supereffective|p1a: Chansey
|-damage|p1a: Chansey|26\/100 par
|-damage|p1a: Chansey|0 fnt
|-hitcount|p1a: Chansey|2
|faint|p1a: Chansey
|choice||
|
|switch|p1a: Tauros|Tauros|88\/100
|turn|32
|choice||
|
|move|p1a: Tauros|Earthquake|p2a: Jolteon
|-supereffective|p2a: Jolteon
|-damage|p2a: Jolteon|35\/100 par
|move|p2a: Jolteon|Thunder Wave|p1a: Tauros
|-status|p1a: Tauros|par
|
|turn|33
|choice||
|
|move|p2a: Jolteon|Thunderbolt|p1a: Tauros
|-damage|p1a: Tauros|48\/100 par
|move|p1a: Tauros|Earthquake|p2a: Jolteon
|-supereffective|p2a: Jolteon
|-damage|p2a: Jolteon|0 fnt
|faint|p2a: Jolteon
|choice||
|
|switch|p2a: Tauros|Tauros|100\/100
|turn|34
|choice||
|
|move|p2a: Tauros|Body Slam|p1a: Tauros
|-damage|p1a: Tauros|19\/100 par
|move|p1a: Tauros|Hyper Beam|p2a: Tauros
|-damage|p2a: Tauros|46\/100
|
|turn|35
|-mustrecharge|p1a: Tauros
|-mustrecharge|p1a: Tauros
|choice||
|
|move|p2a: Tauros|Body Slam|p1a: Tauros
|-damage|p1a: Tauros|0 fnt
|faint|p1a: Tauros
|choice||
|
|switch|p1a: Exeggutor|Exeggutor, M|50\/100 par
|turn|36
|choice||
|
|move|p2a: Tauros|Hyper Beam|p1a: Exeggutor|[miss]
|-miss|p2a: Tauros
|cant|p1a: Exeggutor|par
|
|turn|37
|choice||
|
|move|p2a: Tauros|Hyper Beam|p1a: Exeggutor
|-damage|p1a: Exeggutor|1\/100 par
|cant|p1a: Exeggutor|par
|
|turn|38
|-mustrecharge|p2a: Tauros
|-mustrecharge|p2a: Tauros
|choice||
|
|cant|p2a: Tauros|recharge
|move|p1a: Exeggutor|Psychic|p2a: Tauros
|-damage|p2a: Tauros|4\/100
|
|turn|39
|c|★qht|that does 45-53 right
|choice||
|
|move|p2a: Tauros|Body Slam|p1a: Exeggutor
|-damage|p1a: Exeggutor|0 fnt
|faint|p1a: Exeggutor
|choice||
|
|switch|p1a: Zapdos|Zapdos|100\/100
|turn|40
|choice||
|
|move|p2a: Tauros|Blizzard|p1a: Zapdos
|-crit|p1a: Zapdos
|-supereffective|p1a: Zapdos
|-damage|p1a: Zapdos|33\/100
|move|p1a: Zapdos|Drill Peck|p2a: Tauros
|-damage|p2a: Tauros|0 fnt
|faint|p2a: Tauros
|choice||
|
|switch|p2a: Alakazam|Alakazam|50\/100 par
|turn|41
|choice||
|
|move|p1a: Zapdos|Drill Peck|p2a: Alakazam
|-damage|p2a: Alakazam|7\/100 par
|move|p2a: Alakazam|Thunder Wave|p1a: Zapdos
|-status|p1a: Zapdos|par
|
|turn|42
|choice||
|
|move|p2a: Alakazam|Recover|p2a: Alakazam
|-heal|p2a: Alakazam|57\/100 par
|move|p1a: Zapdos|Drill Peck|p2a: Alakazam
|-damage|p2a: Alakazam|16\/100 par
|
|turn|43
|choice||
|
|cant|p2a: Alakazam|par
|move|p1a: Zapdos|Drill Peck|p2a: Alakazam
|-damage|p2a: Alakazam|0 fnt
|faint|p2a: Alakazam
|choice||
|
|switch|p2a: Gengar|Gengar|100\/100 slp
|turn|44
|choice||
|
|-curestatus|p2a: Gengar|slp
|move|p1a: Zapdos|Thunderbolt|p2a: Gengar
|-damage|p2a: Gengar|68\/100
|
|turn|45
|choice||
|
|move|p2a: Gengar|Confuse Ray|p1a: Zapdos
|-start|p1a: Zapdos|confusion
|-activate|p1a: Zapdos|confusion
|-damage|p1a: Zapdos|24\/100 par|[from] confusion
|
|turn|46
|choice||
|
|move|p2a: Gengar|Night Shade|p1a: Zapdos
|-damage|p1a: Zapdos|0 fnt
|faint|p1a: Zapdos
|choice||
|
|switch|p1a: Jynx|Jynx|44\/100
|turn|47
|choice||
|
|move|p2a: Gengar|Hypnosis|p1a: Jynx
|-status|p1a: Jynx|slp
|cant|p1a: Jynx|slp
|
|turn|48
|choice||
|
|move|p2a: Gengar|Night Shade|p1a: Jynx
|-damage|p1a: Jynx|14\/100 slp
|cant|p1a: Jynx|slp
|
|turn|49
|-message|Golden Gyarados forfeited.
|
|win|qht
|player|p1
|player|p2
|l|Golden Gyarados
|raw|Golden Gyarados's rating: 1448 &rarr; <strong>1428<\/strong><br \/>(-20 for losing)
|raw|qht's rating: 1444 &rarr; <strong>1464<\/strong><br \/>(+20 for winning)
|c|★qht|gg
|c| SkyMarshal|vgg
|l|SkyMarshal