|join|Peasounay
|join|gen1masterrony
|player|p1|Peasounay|101
|player|p2|gen1masterrony|101
|gametype|singles
|gen|1
|tier|[Gen 1] OU
|rated
|rule|Sleep Clause Mod: Limit one foe put to sleep
|rule|Freeze Clause Mod: Limit one foe frozen
|rule|Species Clause: Limit one of each Pokémon
|rule|OHKO Clause: OHKO moves are banned
|rule|Evasion Moves Clause: Evasion moves are banned
|rule|HP Percentage Mod: HP is shown in percentages
|
|start
|switch|p1a: Shoooryuken!|Starmie|323\/323
|switch|p2a: Hypno|Hypno|373\/373
|turn|1
|
|move|p1a: Shoooryuken!|Blizzard|p2a: Hypno
|-damage|p2a: Hypno|283\/373
|move|p2a: Hypno|Hypnosis|p1a: Shoooryuken!|[miss]
|-miss|p2a: Hypno
|
|turn|2
|
|move|p1a: Shoooryuken!|Thunder Wave|p2a: Hypno
|-status|p2a: Hypno|par
|cant|p2a: Hypno|par
|
|turn|3
|
|move|p1a: Shoooryuken!|Blizzard|p2a: Hypno
|-crit|p2a: Hypno
|-damage|p2a: Hypno|112\/373 par
|cant|p2a: Hypno|par
|
|turn|4
|
|move|p1a: Shoooryuken!|Blizzard|p2a: Hypno
|-damage|p2a: Hypno|26\/373 par
|move|p2a: Hypno|Thunder Wave|p1a: Shoooryuken!
|-status|p1a: Shoooryuken!|par
|
|turn|5
|
|cant|p1a: Shoooryuken!|par
|move|p2a: Hypno|Hyper Beam|p1a: Shoooryuken!|[miss]
|-miss|p2a: Hypno
|
|turn|6
|
|move|p1a: Shoooryuken!|Blizzard|p2a: Hypno
|-damage|p2a: Hypno|0 fnt
|faint|p2a: Hypno
|
|switch|p2a: Starmie|Starmie|323\/323
|turn|7
|
|switch|p1a: I Own RBY|Chansey|703\/703
|move|p2a: Starmie|Thunderbolt|p1a: I Own RBY
|-damage|p1a: I Own RBY|628\/703
|
|turn|8
|
|switch|p2a: Exeggutor|Exeggutor|393\/393
|move|p1a: I Own RBY|Ice Beam|p2a: Exeggutor
|-supereffective|p2a: Exeggutor
|-damage|p2a: Exeggutor|271\/393
|
|turn|9
|
|switch|p1a: Shoooryuken!|Starmie|323\/323 par
|move|p2a: Exeggutor|Mega Drain|p1a: Shoooryuken!
|-supereffective|p1a: Shoooryuken!
|-damage|p1a: Shoooryuken!|204\/323 par
|-heal|p2a: Exeggutor|330\/393|[from] drain|[of] p1a: Shoooryuken!
|
|turn|10
|
|switch|p1a: Wear Candoms Kid|Exeggutor|393\/393
|move|p2a: Exeggutor|Mega Drain|p1a: Wear Candoms Kid
|-resisted|p1a: Wear Candoms Kid
|-damage|p1a: Wear Candoms Kid|368\/393
|-heal|p2a: Exeggutor|342\/393|[from] drain|[of] p1a: Wear Candoms Kid
|
|turn|11
|
|move|p1a: Wear Candoms Kid|Sleep Powder|p2a: Exeggutor
|-status|p2a: Exeggutor|slp
|cant|p2a: Exeggutor|slp
|
|turn|12
|c|★gen1masterrony|wtf ????
|c|★Peasounay|?
|c|★gen1masterrony|how are you faster ?
|c|★Peasounay|i'm not
|c|★Peasounay|we have same speed
|c|★Peasounay|so it's just like a coin toss basically
|
|switch|p1a: I'm Annoying|Jolteon|333\/333
|switch|p2a: Starmie|Starmie|323\/323
|
|turn|13
|
|move|p1a: I'm Annoying|Thunderbolt|p2a: Starmie
|-supereffective|p2a: Starmie
|-damage|p2a: Starmie|65\/323
|move|p2a: Starmie|Thunder Wave|p1a: I'm Annoying
|-status|p1a: I'm Annoying|par
|
|turn|14
|
|switch|p2a: Alakazam|Alakazam|313\/313
|move|p1a: I'm Annoying|Thunderbolt|p2a: Alakazam
|-crit|p2a: Alakazam
|-damage|p2a: Alakazam|139\/313
|
|turn|15
|
|move|p2a: Alakazam|Recover|p2a: Alakazam
|-heal|p2a: Alakazam|295\/313
|cant|p1a: I'm Annoying|par
|
|turn|16
|
|switch|p1a: Wear Candoms Kid|Exeggutor|368\/393
|move|p2a: Alakazam|Psychic|p1a: Wear Candoms Kid
|-crit|p1a: Wear Candoms Kid
|-resisted|p1a: Wear Candoms Kid
|-damage|p1a: Wear Candoms Kid|265\/393
|-unboost|p1a: Wear Candoms Kid|spd|1
|-unboost|p1a: Wear Candoms Kid|spa|1
|
|turn|17
|
|switch|p2a: Exeggutor|Exeggutor|342\/393 slp
|move|p1a: Wear Candoms Kid|Double-Edge|p2a: Exeggutor
|-damage|p2a: Exeggutor|264\/393 slp
|-damage|p1a: Wear Candoms Kid|246\/393|[from] recoil|[of] p2a: Exeggutor
|
|turn|18
|
|switch|p1a: Shoooryuken!|Starmie|204\/323 par
|cant|p2a: Exeggutor|slp
|
|turn|19
|
|switch|p2a: Starmie|Starmie|65\/323
|switch|p1a: I'm Annoying|Jolteon|333\/333 par
|
|turn|20
|
|switch|p2a: Exeggutor|Exeggutor|264\/393 slp
|move|p1a: I'm Annoying|Thunderbolt|p2a: Exeggutor
|-crit|p2a: Exeggutor
|-resisted|p2a: Exeggutor
|-damage|p2a: Exeggutor|164\/393 slp
|
|turn|21
|
|cant|p2a: Exeggutor|slp
|cant|p1a: I'm Annoying|par
|
|turn|22
|
|-curestatus|p2a: Exeggutor|slp
|move|p1a: I'm Annoying|Pin Missile|p2a: Exeggutor
|-crit|p2a: Exeggutor
|-supereffective|p2a: Exeggutor
|-damage|p2a: Exeggutor|89\/393
|-damage|p2a: Exeggutor|14\/393
|-damage|p2a: Exeggutor|0 fnt
|-hitcount|p2a: Exeggutor|3
|faint|p2a: Exeggutor
|
|switch|p2a: Tauros|Tauros|353\/353
|turn|23
|
|switch|p1a: Wear Candoms Kid|Exeggutor|246\/393
|move|p2a: Tauros|Body Slam|p1a: Wear Candoms Kid
|-damage|p1a: Wear Candoms Kid|133\/393
|-status|p1a: Wear Candoms Kid|par
|
|turn|24
|
|move|p2a: Tauros|Hyper Beam|p1a: Wear Candoms Kid
|-damage|p1a: Wear Candoms Kid|0 fnt
|faint|p1a: Wear Candoms Kid
|
|switch|p1a: ShowMeUrAss|Tauros|353\/353
|turn|25
|
|move|p2a: Tauros|Body Slam|p1a: ShowMeUrAss
|-crit|p1a: ShowMeUrAss
|-damage|p1a: ShowMeUrAss|166\/353
|move|p1a: ShowMeUrAss|Body Slam|p2a: Tauros
|-damage|p2a: Tauros|243\/353
|
|turn|26
|
|switch|p1a: I Own RBY|Chansey|628\/703
|move|p2a: Tauros|Hyper Beam|p1a: I Own RBY|[miss]
|-miss|p2a: Tauros
|
|turn|27
|
|move|p2a: Tauros|Body Slam|p1a: I Own RBY
|-damage|p1a: I Own RBY|368\/703
|move|p1a: I Own RBY|Thunder Wave|p2a: Tauros
|-status|p2a: Tauros|par
|
|turn|28
|
|move|p1a: I Own RBY|Soft-Boiled|p1a: I Own RBY
|-heal|p1a: I Own RBY|703\/703
|cant|p2a: Tauros|par
|
|turn|29
|
|move|p2a: Tauros|Hyper Beam|p1a: I Own RBY
|-damage|p1a: I Own RBY|212\/703
|move|p1a: I Own RBY|Counter|p2a: Tauros
|-damage|p2a: Tauros|0 fnt
|faint|p2a: Tauros
|
|switch|p2a: Machamp|Machamp|383\/383
|turn|30
|
|switch|p1a: Shoooryuken!|Starmie|204\/323 par
|move|p2a: Machamp|Low Kick|p1a: Shoooryuken!
|-crit|p1a: Shoooryuken!
|-resisted|p1a: Shoooryuken!
|-damage|p1a: Shoooryuken!|128\/323 par
|
|turn|31
|
|move|p2a: Machamp|Hyper Beam|p1a: Shoooryuken!
|-damage|p1a: Shoooryuken!|0 fnt
|faint|p1a: Shoooryuken!
|
|switch|p1a: I'm Annoying|Jolteon|333\/333 par
|turn|32
|
|move|p2a: Machamp|Earthquake|p1a: I'm Annoying
|-supereffective|p1a: I'm Annoying
|-damage|p1a: I'm Annoying|69\/333 par
|move|p1a: I'm Annoying|Thunderbolt|p2a: Machamp
|-damage|p2a: Machamp|221\/383
|
|turn|33
|
|move|p2a: Machamp|Earthquake|p1a: I'm Annoying
|-supereffective|p1a: I'm Annoying
|-damage|p1a: I'm Annoying|0 fnt
|faint|p1a: I'm Annoying
|
|switch|p1a: Yo Momma|Snorlax|523\/523
|turn|34
|
|move|p2a: Machamp|Low Kick|p1a: Yo Momma
|-supereffective|p1a: Yo Momma
|-damage|p1a: Yo Momma|353\/523
|cant|p1a: Yo Momma|flinch
|
|turn|35
|
|move|p2a: Machamp|Low Kick|p1a: Yo Momma
|-supereffective|p1a: Yo Momma
|-damage|p1a: Yo Momma|175\/523
|move|p1a: Yo Momma|Self-Destruct|p2a: Machamp
|-damage|p2a: Machamp|0 fnt
|faint|p2a: Machamp
|faint|p1a: Yo Momma
|
|switch|p2a: Starmie|Starmie|65\/323
|switch|p1a: I Own RBY|Chansey|212\/703
|turn|36
|
|move|p2a: Starmie|Blizzard|p1a: I Own RBY
|-damage|p1a: I Own RBY|127\/703
|move|p1a: I Own RBY|Soft-Boiled|p1a: I Own RBY
|-heal|p1a: I Own RBY|478\/703
|
|turn|37
|
|move|p2a: Starmie|Blizzard|p1a: I Own RBY
|-crit|p1a: I Own RBY
|-damage|p1a: I Own RBY|293\/703
|move|p1a: I Own RBY|Soft-Boiled|p1a: I Own RBY
|-heal|p1a: I Own RBY|644\/703
|
|turn|38
|
|move|p2a: Starmie|Recover|p2a: Starmie
|-heal|p2a: Starmie|226\/323
|move|p1a: I Own RBY|Ice Beam|p2a: Starmie
|-resisted|p2a: Starmie
|-damage|p2a: Starmie|186\/323
|-status|p2a: Starmie|frz
|
|turn|39
|
|switch|p2a: Alakazam|Alakazam|295\/313
|move|p1a: I Own RBY|Thunder Wave|p2a: Alakazam
|-status|p2a: Alakazam|par
|
|turn|40
|
|move|p1a: I Own RBY|Ice Beam|p2a: Alakazam
|-damage|p2a: Alakazam|233\/313 par
|move|p2a: Alakazam|Reflect|p2a: Alakazam
|-start|p2a: Alakazam|Reflect
|
|turn|41
|
|move|p1a: I Own RBY|Ice Beam|p2a: Alakazam
|-damage|p2a: Alakazam|174\/313 par
|cant|p2a: Alakazam|par
|
|turn|42
|
|move|p1a: I Own RBY|Ice Beam|p2a: Alakazam
|-damage|p2a: Alakazam|109\/313 par
|cant|p2a: Alakazam|par
|
|turn|43
|
|move|p1a: I Own RBY|Ice Beam|p2a: Alakazam
|-damage|p2a: Alakazam|48\/313 par
|move|p2a: Alakazam|Recover|p2a: Alakazam
|-heal|p2a: Alakazam|204\/313 par
|
|turn|44
|c|★gen1masterrony|you have beren lucky
|
|move|p1a: I Own RBY|Ice Beam|p2a: Alakazam
|-damage|p2a: Alakazam|138\/313 par
|move|p2a: Alakazam|Recover|p2a: Alakazam
|-heal|p2a: Alakazam|294\/313 par
|
|turn|45
|c|★Peasounay|happens
|
|move|p1a: I Own RBY|Ice Beam|p2a: Alakazam
|-damage|p2a: Alakazam|232\/313 par
|move|p2a: Alakazam|Thunder Wave|p1a: I Own RBY
|-status|p1a: I Own RBY|par
|
|turn|46
|
|move|p2a: Alakazam|Recover|p2a: Alakazam
|-heal|p2a: Alakazam|313\/313 par
|move|p1a: I Own RBY|Ice Beam|p2a: Alakazam
|-crit|p2a: Alakazam
|-damage|p2a: Alakazam|199\/313 par
|
|turn|47
|
|move|p2a: Alakazam|Recover|p2a: Alakazam
|-heal|p2a: Alakazam|313\/313 par
|move|p1a: I Own RBY|Ice Beam|p2a: Alakazam
|-damage|p2a: Alakazam|249\/313 par
|
|turn|48
|
|move|p2a: Alakazam|Psychic|p1a: I Own RBY
|-crit|p1a: I Own RBY
|-damage|p1a: I Own RBY|385\/703 par
|cant|p1a: I Own RBY|par
|
|turn|49
|
|move|p2a: Alakazam|Psychic|p1a: I Own RBY
|-crit|p1a: I Own RBY
|-damage|p1a: I Own RBY|125\/703 par
|move|p1a: I Own RBY|Soft-Boiled|p1a: I Own RBY
|-heal|p1a: I Own RBY|476\/703 par
|
|turn|50
|
|move|p2a: Alakazam|Psychic|p1a: I Own RBY
|-damage|p1a: I Own RBY|348\/703 par
|move|p1a: I Own RBY|Soft-Boiled|p1a: I Own RBY
|-heal|p1a: I Own RBY|699\/703 par
|
|turn|51
|
|cant|p2a: Alakazam|par
|cant|p1a: I Own RBY|par
|
|turn|52
|
|move|p2a: Alakazam|Recover|p2a: Alakazam
|-heal|p2a: Alakazam|313\/313 par
|move|p1a: I Own RBY|Ice Beam|p2a: Alakazam
|-damage|p2a: Alakazam|247\/313 par
|
|turn|53
|
|move|p2a: Alakazam|Recover|p2a: Alakazam
|-heal|p2a: Alakazam|313\/313 par
|move|p1a: I Own RBY|Ice Beam|p2a: Alakazam
|-damage|p2a: Alakazam|248\/313 par
|
|turn|54
|
|move|p2a: Alakazam|Psychic|p1a: I Own RBY
|-crit|p1a: I Own RBY
|-damage|p1a: I Own RBY|462\/703 par
|move|p1a: I Own RBY|Ice Beam|p2a: Alakazam
|-damage|p2a: Alakazam|186\/313 par
|
|turn|55
|
|move|p2a: Alakazam|Psychic|p1a: I Own RBY
|-damage|p1a: I Own RBY|339\/703 par
|-unboost|p1a: I Own RBY|spd|1
|-unboost|p1a: I Own RBY|spa|1
|move|p1a: I Own RBY|Soft-Boiled|p1a: I Own RBY
|-heal|p1a: I Own RBY|690\/703 par
|
|turn|56
|
|move|p2a: Alakazam|Psychic|p1a: I Own RBY
|-crit|p1a: I Own RBY
|-damage|p1a: I Own RBY|427\/703 par
|-unboost|p1a: I Own RBY|spd|1
|-unboost|p1a: I Own RBY|spa|1
|cant|p1a: I Own RBY|par
|
|turn|57
|
|move|p2a: Alakazam|Psychic|p1a: I Own RBY
|-damage|p1a: I Own RBY|177\/703 par
|-unboost|p1a: I Own RBY|spd|1
|-unboost|p1a: I Own RBY|spa|1
|move|p1a: I Own RBY|Soft-Boiled|p1a: I Own RBY
|-heal|p1a: I Own RBY|528\/703 par
|
|turn|58
|
|move|p2a: Alakazam|Psychic|p1a: I Own RBY
|-damage|p1a: I Own RBY|219\/703 par
|move|p1a: I Own RBY|Soft-Boiled|p1a: I Own RBY
|-heal|p1a: I Own RBY|570\/703 par
|
|turn|59
|
|cant|p2a: Alakazam|par
|move|p1a: I Own RBY|Soft-Boiled|p1a: I Own RBY
|-heal|p1a: I Own RBY|703\/703 par
|
|turn|60
|
|move|p2a: Alakazam|Recover|p2a: Alakazam
|-heal|p2a: Alakazam|313\/313 par
|move|p1a: I Own RBY|Soft-Boiled|p1a: I Own RBY
|-fail|p1a: I Own RBY
|
|turn|61
|
|move|p2a: Alakazam|Recover|p2a: Alakazam
|-fail|p2a: Alakazam
|move|p1a: I Own RBY|Soft-Boiled|p1a: I Own RBY
|-fail|p1a: I Own RBY
|
|turn|62
|
|cant|p2a: Alakazam|par
|move|p1a: I Own RBY|Ice Beam|p2a: Alakazam
|-damage|p2a: Alakazam|288\/313 par
|
|turn|63
|
|move|p2a: Alakazam|Psychic|p1a: I Own RBY
|-crit|p1a: I Own RBY
|-damage|p1a: I Own RBY|452\/703 par
|move|p1a: I Own RBY|Ice Beam|p2a: Alakazam
|-crit|p2a: Alakazam
|-damage|p2a: Alakazam|156\/313 par
|
|turn|64
|
|cant|p2a: Alakazam|par
|move|p1a: I Own RBY|Soft-Boiled|p1a: I Own RBY
|-heal|p1a: I Own RBY|703\/703 par
|
|turn|65
|
|move|p2a: Alakazam|Recover|p2a: Alakazam
|-heal|p2a: Alakazam|312\/313 par
|cant|p1a: I Own RBY|par
|
|turn|66
|
|cant|p2a: Alakazam|par
|move|p1a: I Own RBY|Thunder Wave|p2a: Alakazam
|-fail|p2a: Alakazam|par
|
|turn|67
|
|move|p2a: Alakazam|Thunder Wave|p1a: I Own RBY
|-fail|p1a: I Own RBY|par
|cant|p1a: I Own RBY|par
|
|turn|68
|
|move|p2a: Alakazam|Thunder Wave|p1a: I Own RBY
|-fail|p1a: I Own RBY|par
|cant|p1a: I Own RBY|par
|
|turn|69
|
|move|p2a: Alakazam|Psychic|p1a: I Own RBY
|-damage|p1a: I Own RBY|361\/703 par
|-unboost|p1a: I Own RBY|spd|1
|-unboost|p1a: I Own RBY|spa|1
|move|p1a: I Own RBY|Thunder Wave|p2a: Alakazam
|-fail|p2a: Alakazam|par
|
|turn|70
|
|move|p2a: Alakazam|Psychic|p1a: I Own RBY
|-damage|p1a: I Own RBY|0 fnt
|faint|p1a: I Own RBY
|
|switch|p1a: ShowMeUrAss|Tauros|166\/353
|turn|71
|
|move|p1a: ShowMeUrAss|Body Slam|p2a: Alakazam
|-damage|p2a: Alakazam|233\/313 par
|move|p2a: Alakazam|Psychic|p1a: ShowMeUrAss
|-damage|p1a: ShowMeUrAss|5\/353
|
|turn|72
|
|move|p1a: ShowMeUrAss|Hyper Beam|p2a: Alakazam
|-damage|p2a: Alakazam|90\/313 par
|move|p2a: Alakazam|Psychic|p1a: ShowMeUrAss
|-damage|p1a: ShowMeUrAss|0 fnt
|faint|p1a: ShowMeUrAss
|
|win|gen1masterrony
|c|★Peasounay|gg
|c|★gen1masterrony|gg
|leave|Peasounay
|player|p1
|raw|Peasounay's rating: 1302 &rarr; <strong>1271<\/strong><br \/>(-31 for losing)
|raw|gen1masterrony's rating: 1083 &rarr; <strong>1126<\/strong><br \/>(+43 for winning)