|join|XianJu
|join|Ebolg
|player|p1|XianJu|130
|player|p2|Ebolg|2
|gametype|singles
|gen|1
|tier|[Gen 1] OU
|rated
|seed|54161,38365,3370,19783
|rule|Sleep Clause Mod: Limit one foe put to sleep
|rule|Freeze Clause Mod: Limit one foe frozen
|rule|Species Clause: Limit one of each Pokémon
|rule|OHKO Clause: OHKO moves are banned
|rule|Evasion Moves Clause: Evasion moves are banned
|rule|HP Percentage Mod: HP is shown in percentages
|
|start
|switch|p1a: Alakazam|Alakazam|313\/313
|switch|p2a: Gengar|Gengar|323\/323
|turn|1
|choice|move 1|switch 3
|
|switch|p2a: Chansey|Chansey|703\/703
|move|p1a: Alakazam|Psychic|p2a: Chansey
|-damage|p2a: Chansey|578\/703
|
|turn|2
|choice|switch 3|move 2
|
|switch|p1a: Chansey|Chansey|703\/703
|move|p2a: Chansey|Thunder Wave|p1a: Chansey
|-status|p1a: Chansey|par
|
|turn|3
|join|JustHacks
|choice|move 1|move 4
|
|move|p2a: Chansey|Thunderbolt|p1a: Chansey
|-damage|p1a: Chansey|625\/703 par
|move|p1a: Chansey|Ice Beam|p2a: Chansey
|-damage|p2a: Chansey|509\/703
|
|turn|4
|choice|move 1|move 4
|
|move|p2a: Chansey|Thunderbolt|p1a: Chansey
|-crit|p1a: Chansey
|-damage|p1a: Chansey|488\/703 par
|move|p1a: Chansey|Ice Beam|p2a: Chansey
|-damage|p2a: Chansey|430\/703
|
|turn|5
|choice|move 1|move 4
|
|move|p2a: Chansey|Thunderbolt|p1a: Chansey
|-damage|p1a: Chansey|419\/703 par
|move|p1a: Chansey|Ice Beam|p2a: Chansey
|-damage|p2a: Chansey|350\/703
|
|turn|6
|choice|move 1|move 1
|
|move|p2a: Chansey|Soft-Boiled|p2a: Chansey
|-heal|p2a: Chansey|701\/703
|move|p1a: Chansey|Ice Beam|p2a: Chansey
|-damage|p2a: Chansey|627\/703
|
|turn|7
|choice|move 1|switch 2
|
|switch|p2a: Cloyster|Cloyster|303\/303
|move|p1a: Chansey|Ice Beam|p2a: Cloyster
|-crit|p2a: Cloyster
|-resisted|p2a: Cloyster
|-damage|p2a: Cloyster|265\/303
|
|turn|8
|choice|switch 5|move 3
|
|switch|p1a: Starmie|Starmie|323\/323
|move|p2a: Cloyster|Clamp|p1a: Starmie
|-resisted|p1a: Starmie
|-damage|p1a: Starmie|305\/323
|-activate|p1a: Starmie|move: Clamp|[of] p2a: Cloyster
|
|turn|9
|choice|move 2|move 3
|
|cant|p1a: Starmie|partiallytrapped
|move|p2a: Cloyster|Clamp|p1a: Starmie
|-damage|p1a: Starmie|287\/323
|
|turn|10
|choice|move 2|move 3
|
|cant|p1a: Starmie|partiallytrapped
|move|p2a: Cloyster|Clamp|p1a: Starmie
|-damage|p1a: Starmie|269\/323
|
|turn|11
|choice|move 2|move 3
|
|cant|p1a: Starmie|partiallytrapped
|move|p2a: Cloyster|Clamp|p1a: Starmie
|-damage|p1a: Starmie|251\/323
|
|-end|p1a: Starmie|Clamp|[partiallytrapped]
|turn|12
|choice|move 2|switch 2
|
|switch|p2a: Chansey|Chansey|627\/703
|move|p1a: Starmie|Thunderbolt|p2a: Chansey
|-crit|p2a: Chansey
|-damage|p2a: Chansey|485\/703
|
|turn|13
|choice|move 1|switch 6
|
|switch|p2a: Tauros|Tauros|353\/353
|move|p1a: Starmie|Surf|p2a: Tauros
|-crit|p2a: Tauros
|-damage|p2a: Tauros|86\/353
|
|turn|14
|choice|move 2|switch 6
|
|switch|p2a: Chansey|Chansey|485\/703
|move|p1a: Starmie|Thunderbolt|p2a: Chansey
|-damage|p2a: Chansey|416\/703
|
|turn|15
|choice|switch 5|move 1
|
|switch|p1a: Chansey|Chansey|419\/703 par
|move|p2a: Chansey|Soft-Boiled|p2a: Chansey
|-heal|p2a: Chansey|703\/703
|
|turn|16
|choice|move 2|switch 2
|
|switch|p2a: Cloyster|Cloyster|265\/303
|cant|p1a: Chansey|par
|
|turn|17
|leave|JustHacks
|choice|switch 5|move 3
|
|switch|p1a: Starmie|Starmie|251\/323
|move|p2a: Cloyster|Clamp|p1a: Starmie
|-resisted|p1a: Starmie
|-damage|p1a: Starmie|234\/323
|-activate|p1a: Starmie|move: Clamp|[of] p2a: Cloyster
|
|turn|18
|choice|move 2|move 3
|
|cant|p1a: Starmie|partiallytrapped
|move|p2a: Cloyster|Clamp|p1a: Starmie
|-damage|p1a: Starmie|217\/323
|
|-end|p1a: Starmie|Clamp|[partiallytrapped]
|turn|19
|choice|move 3|move 3
|
|move|p1a: Starmie|Recover|p1a: Starmie
|-heal|p1a: Starmie|323\/323
|move|p2a: Cloyster|Clamp|p1a: Starmie
|-resisted|p1a: Starmie
|-damage|p1a: Starmie|303\/323
|-activate|p1a: Starmie|move: Clamp|[of] p2a: Cloyster
|
|turn|20
|choice|move 2|move 3
|
|cant|p1a: Starmie|partiallytrapped
|move|p2a: Cloyster|Clamp|p1a: Starmie
|-damage|p1a: Starmie|283\/323
|
|-end|p1a: Starmie|Clamp|[partiallytrapped]
|turn|21
|choice|move 2|switch 2
|
|switch|p2a: Chansey|Chansey|703\/703
|move|p1a: Starmie|Thunderbolt|p2a: Chansey
|-crit|p2a: Chansey
|-damage|p2a: Chansey|563\/703
|
|turn|22
|choice|move 1|move 2
|
|move|p1a: Starmie|Surf|p2a: Chansey
|-crit|p2a: Chansey
|-damage|p2a: Chansey|340\/703
|move|p2a: Chansey|Thunder Wave|p1a: Starmie
|-status|p1a: Starmie|par
|
|turn|23
|choice|move 1|move 1
|
|move|p2a: Chansey|Soft-Boiled|p2a: Chansey
|-heal|p2a: Chansey|691\/703
|cant|p1a: Starmie|par
|
|turn|24
|choice|switch 6|move 4
|
|switch|p1a: Gengar|Gengar|323\/323
|move|p2a: Chansey|Thunderbolt|p1a: Gengar
|-damage|p1a: Gengar|258\/323
|
|turn|25
|choice|move 1|move 2
|
|move|p1a: Gengar|Hypnosis|p2a: Chansey|[miss]
|-miss|p1a: Gengar
|move|p2a: Chansey|Thunder Wave|p1a: Gengar
|-status|p1a: Gengar|par
|
|turn|26
|choice|move 1|move 4
|
|move|p2a: Chansey|Thunderbolt|p1a: Gengar
|-damage|p1a: Gengar|194\/323 par
|move|p1a: Gengar|Hypnosis|p2a: Chansey
|-status|p2a: Chansey|slp
|
|turn|27
|choice|switch 2|switch 3
|
|switch|p2a: Gengar|Gengar|323\/323
|switch|p1a: Rhydon|Rhydon|413\/413
|
|turn|28
|choice|move 1|switch 2
|
|switch|p2a: Cloyster|Cloyster|265\/303
|move|p1a: Rhydon|Earthquake|p2a: Cloyster
|-crit|p2a: Cloyster
|-damage|p2a: Cloyster|98\/303
|
|turn|29
|choice|switch 6|move 1
|
|switch|p1a: Starmie|Starmie|283\/323 par
|move|p2a: Cloyster|Explosion|p1a: Starmie
|-crit|p1a: Starmie
|-damage|p1a: Starmie|0 fnt
|faint|p1a: Starmie
|faint|p2a: Cloyster
|choice|switch 3|switch 3
|
|switch|p1a: Alakazam|Alakazam|313\/313
|switch|p2a: Chansey|Chansey|691\/703 slp
|turn|30
|choice|switch 6|move 3
|
|switch|p1a: Rhydon|Rhydon|413\/413
|cant|p2a: Chansey|slp
|
|turn|31
|choice|move 3|move 3
|
|-curestatus|p2a: Chansey|slp
|move|p1a: Rhydon|Substitute|p1a: Rhydon
|-start|p1a: Rhydon|Substitute
|-damage|p1a: Rhydon|310\/413
|
|turn|32
|choice|move 1|move 3
|
|move|p2a: Chansey|Ice Beam|p1a: Rhydon
|-supereffective|p1a: Rhydon
|-end|p1a: Rhydon|Substitute
|move|p1a: Rhydon|Earthquake|p2a: Chansey
|-damage|p2a: Chansey|310\/703
|
|turn|33
|choice|move 1|move 3
|
|move|p2a: Chansey|Ice Beam|p1a: Rhydon
|-supereffective|p1a: Rhydon
|-damage|p1a: Rhydon|58\/413
|move|p1a: Rhydon|Earthquake|p2a: Chansey
|-damage|p2a: Chansey|0 fnt
|faint|p2a: Chansey
|choice||switch 6
|
|switch|p2a: Tauros|Tauros|86\/353
|turn|34
|choice|switch 6|move 4
|
|switch|p1a: Alakazam|Alakazam|313\/313
|move|p2a: Tauros|Blizzard|p1a: Alakazam
|-damage|p1a: Alakazam|249\/313
|
|turn|35
|choice|move 1|switch 5
|
|switch|p2a: Zapdos|Zapdos|383\/383
|move|p1a: Alakazam|Psychic|p2a: Zapdos
|-damage|p2a: Zapdos|262\/383
|
|turn|36
|choice|move 3|move 1
|
|move|p1a: Alakazam|Thunder Wave|p2a: Zapdos
|-status|p2a: Zapdos|par
|move|p2a: Zapdos|Drill Peck|p1a: Alakazam
|-damage|p1a: Alakazam|100\/313
|
|turn|37
|choice|switch 6|move 3
|
|switch|p1a: Rhydon|Rhydon|58\/413
|cant|p2a: Zapdos|par
|
|turn|38
|choice|move 2|switch 2
|
|switch|p2a: Gengar|Gengar|323\/323
|move|p1a: Rhydon|Rock Slide|p2a: Gengar
|-damage|p2a: Gengar|186\/323
|
|turn|39
|choice|switch 2|move 4
|
|switch|p1a: Gengar|Gengar|194\/323 par
|move|p2a: Gengar|Mega Drain|p1a: Gengar
|-resisted|p1a: Gengar
|-damage|p1a: Gengar|179\/323 par
|-heal|p2a: Gengar|193\/323|[from] drain|[of] p1a: Gengar
|
|turn|40
|choice|move 1|move 3
|
|move|p2a: Gengar|Thunderbolt|p1a: Gengar
|-damage|p1a: Gengar|101\/323 par
|move|p1a: Gengar|Hypnosis|p2a: Gengar|[miss]
|-miss|p1a: Gengar
|
|turn|41
|choice|move 1|move 3
|
|move|p2a: Gengar|Thunderbolt|p1a: Gengar
|-damage|p1a: Gengar|26\/323 par
|move|p1a: Gengar|Hypnosis|p2a: Gengar|[miss]
|-miss|p1a: Gengar
|
|turn|42
|c|★Ebolg|sorry
|choice|switch 6|move 3
|
|switch|p1a: Alakazam|Alakazam|100\/313
|move|p2a: Gengar|Thunderbolt|p1a: Alakazam
|-damage|p1a: Alakazam|26\/313
|
|turn|43
|choice|move 1|move 2
|
|move|p1a: Alakazam|Psychic|p2a: Gengar
|-crit|p2a: Gengar
|-supereffective|p2a: Gengar
|-damage|p2a: Gengar|0 fnt
|faint|p2a: Gengar
|c|★XianJu|sorry
|c|★Ebolg|lol
|choice||switch 2
|
|switch|p2a: Zapdos|Zapdos|262\/383 par
|turn|44
|choice|switch 2|move 3
|
|switch|p1a: Rhydon|Rhydon|58\/413
|move|p2a: Zapdos|Thunder Wave|p1a: Rhydon
|-immune|p1a: Rhydon|[msg]
|
|turn|45
|choice|move 2|move 1
|
|move|p1a: Rhydon|Rock Slide|p2a: Zapdos
|-supereffective|p2a: Zapdos
|-damage|p2a: Zapdos|28\/383 par
|cant|p2a: Zapdos|par
|
|turn|46
|choice|move 4|move 1
|
|move|p1a: Rhydon|Body Slam|p2a: Zapdos
|-damage|p2a: Zapdos|0 fnt
|faint|p2a: Zapdos
|choice||switch 5
|
|switch|p2a: Tauros|Tauros|86\/353
|turn|47
|choice|move 4|move 3
|
|move|p2a: Tauros|Earthquake|p1a: Rhydon
|-supereffective|p1a: Rhydon
|-damage|p1a: Rhydon|0 fnt
|faint|p1a: Rhydon
|choice|switch 2|
|
|switch|p1a: Alakazam|Alakazam|26\/313
|turn|48
|choice|move 1|move 2
|
|move|p1a: Alakazam|Psychic|p2a: Tauros
|-damage|p2a: Tauros|0 fnt
|faint|p2a: Tauros
|choice||switch 4
|
|switch|p2a: Dragonite|Dragonite|385\/385
|turn|49
|choice|move 2|move 1
|
|move|p1a: Alakazam|Recover|p1a: Alakazam
|-heal|p1a: Alakazam|182\/313
|move|p2a: Dragonite|Agility|p2a: Dragonite
|-boost|p2a: Dragonite|spe|2
|
|turn|50
|choice|move 3|move 4
|
|move|p2a: Dragonite|Wrap|p1a: Alakazam|[miss]
|-miss|p2a: Dragonite
|move|p1a: Alakazam|Thunder Wave|p2a: Dragonite
|-status|p2a: Dragonite|par
|
|turn|51
|choice|move 2|move 4
|
|move|p1a: Alakazam|Recover|p1a: Alakazam
|-heal|p1a: Alakazam|313\/313
|move|p2a: Dragonite|Wrap|p1a: Alakazam|[miss]
|-miss|p2a: Dragonite
|
|turn|52
|choice|move 1|move 4
|
|move|p1a: Alakazam|Psychic|p2a: Dragonite
|-damage|p2a: Dragonite|252\/385 par
|move|p2a: Dragonite|Wrap|p1a: Alakazam
|-damage|p1a: Alakazam|290\/313
|-activate|p1a: Alakazam|move: Wrap|[of] p2a: Dragonite
|
|turn|53
|choice|move 1|move 4
|
|cant|p1a: Alakazam|partiallytrapped
|cant|p2a: Dragonite|par
|
|-end|p1a: Alakazam|Wrap|[partiallytrapped]
|turn|54
|choice|move 1|move 4
|
|move|p1a: Alakazam|Psychic|p2a: Dragonite
|-crit|p2a: Dragonite
|-damage|p2a: Dragonite|5\/385 par
|cant|p2a: Dragonite|par
|
|turn|55
|choice|move 1|move 4
|
|move|p1a: Alakazam|Psychic|p2a: Dragonite
|-crit|p2a: Dragonite
|-damage|p2a: Dragonite|0 fnt
|faint|p2a: Dragonite
|
|win|XianJu
|leave|Ebolg
|player|p2
|raw|XianJu's rating: 1314 &rarr; <strong>1322<\/strong><br \/>(+8 for winning)
|raw|Ebolg's rating: 1074 &rarr; <strong>1066<\/strong><br \/>(-8 for losing)