|j|Run Me a Hot Bath
|j|Clauciu
|player|p1|Run Me a Hot Bath|92
|player|p2|Clauciu|169
|gametype|singles
|gen|1
|tier|[Gen 1] OU
|rated
|seed|3846,13411,39084,45137
|rule|Sleep Clause Mod: Limit one foe put to sleep
|rule|Freeze Clause Mod: Limit one foe frozen
|rule|Species Clause: Limit one of each Pokémon
|rule|OHKO Clause: OHKO moves are banned
|rule|Evasion Moves Clause: Evasion moves are banned
|rule|HP Percentage Mod: HP is shown in percentages
|
|start
|switch|p1a: Jynx|Jynx|333\/333
|switch|p2a: Gengar|Gengar|323\/323
|turn|1
|choice|move 2|move 1
|
|move|p2a: Gengar|Night Shade|p1a: Jynx
|-damage|p1a: Jynx|233\/333
|move|p1a: Jynx|Psychic|p2a: Gengar
|-supereffective|p2a: Gengar
|-damage|p2a: Gengar|151\/323
|
|turn|2
|choice|move 2|switch 4
|
|switch|p2a: Tauros|Tauros|353\/353
|move|p1a: Jynx|Psychic|p2a: Tauros
|-damage|p2a: Tauros|220\/353
|-unboost|p2a: Tauros|spd|1
|-unboost|p2a: Tauros|spa|1
|
|turn|3
|choice|move 3|move 1
|
|move|p2a: Tauros|Earthquake|p1a: Jynx
|-damage|p1a: Jynx|84\/333
|move|p1a: Jynx|Blizzard|p2a: Tauros
|-damage|p2a: Tauros|0 fnt
|faint|p2a: Tauros
|choice||switch 2
|
|switch|p2a: Jolteon|Jolteon|333\/333
|turn|4
|choice|switch 5|move 2
|
|switch|p1a: Chansey|Chansey|703\/703
|move|p2a: Jolteon|Thunder|p1a: Chansey
|-crit|p1a: Chansey
|-damage|p1a: Chansey|414\/703
|-status|p1a: Chansey|par
|
|turn|5
|choice|move 2|move 3
|
|move|p2a: Jolteon|Substitute|p2a: Jolteon
|-start|p2a: Jolteon|Substitute
|-damage|p2a: Jolteon|250\/333
|cant|p1a: Chansey|par
|
|turn|6
|choice|move 1|move 4
|
|move|p2a: Jolteon|Quick Attack|p1a: Chansey
|-crit|p1a: Chansey
|-damage|p1a: Chansey|292\/703 par
|move|p1a: Chansey|Soft-Boiled|p1a: Chansey
|-heal|p1a: Chansey|643\/703 par
|
|turn|7
|choice|move 3|move 4
|
|move|p2a: Jolteon|Quick Attack|p1a: Chansey
|-crit|p1a: Chansey
|-damage|p1a: Chansey|522\/703 par
|move|p1a: Chansey|Ice Beam|p2a: Jolteon
|-activate|p2a: Jolteon|Substitute|[damage]
|
|turn|8
|choice|move 3|move 1
|
|move|p2a: Jolteon|Thunderbolt|p1a: Chansey
|-damage|p1a: Chansey|403\/703 par
|move|p1a: Chansey|Ice Beam|p2a: Jolteon
|-end|p2a: Jolteon|Substitute
|
|turn|9
|choice|move 1|move 3
|
|move|p2a: Jolteon|Substitute|p2a: Jolteon
|-start|p2a: Jolteon|Substitute
|-damage|p2a: Jolteon|167\/333
|move|p1a: Chansey|Soft-Boiled|p1a: Chansey
|-heal|p1a: Chansey|703\/703 par
|
|turn|10
|choice|move 3|move 4
|
|move|p2a: Jolteon|Quick Attack|p1a: Chansey
|-damage|p1a: Chansey|636\/703 par
|cant|p1a: Chansey|par
|
|turn|11
|choice|move 4|switch 3
|
|switch|p2a: Articuno|Articuno|383\/383
|move|p1a: Chansey|Reflect|p1a: Chansey
|-start|p1a: Chansey|Reflect
|
|turn|12
|choice|move 3|move 1
|
|move|p2a: Articuno|Blizzard|p1a: Chansey
|-crit|p1a: Chansey
|-damage|p1a: Chansey|308\/703 par
|move|p1a: Chansey|Ice Beam|p2a: Articuno
|-damage|p2a: Articuno|322\/383
|
|turn|13
|choice|move 1|move 2
|
|move|p2a: Articuno|Ice Beam|p1a: Chansey
|-crit|p1a: Chansey
|-damage|p1a: Chansey|46\/703 par
|move|p1a: Chansey|Soft-Boiled|p1a: Chansey
|-heal|p1a: Chansey|397\/703 par
|
|turn|14
|choice|move 1|move 1
|
|move|p2a: Articuno|Blizzard|p1a: Chansey
|-damage|p1a: Chansey|234\/703 par
|move|p1a: Chansey|Soft-Boiled|p1a: Chansey
|-heal|p1a: Chansey|585\/703 par
|
|turn|15
|choice|move 1|move 4
|
|move|p2a: Articuno|Double-Edge|p1a: Chansey
|-damage|p1a: Chansey|485\/703 par
|-damage|p2a: Articuno|297\/383|[from] recoil|[of] p1a: Chansey
|cant|p1a: Chansey|par
|
|turn|16
|choice|move 1|switch 6
|
|switch|p2a: Alakazam|Alakazam|313\/313
|move|p1a: Chansey|Soft-Boiled|p1a: Chansey
|-heal|p1a: Chansey|703\/703 par
|
|turn|17
|choice|move 2|move 4
|
|move|p2a: Alakazam|Hyper Beam|p1a: Chansey
|-damage|p1a: Chansey|593\/703 par
|move|p1a: Chansey|Thunder Wave|p2a: Alakazam
|-status|p2a: Alakazam|par
|
|turn|18
|-mustrecharge|p2a: Alakazam
|-mustrecharge|p2a: Alakazam
|choice|move 3|move 1
|
|cant|p2a: Alakazam|recharge
|move|p1a: Chansey|Ice Beam|p2a: Alakazam
|-damage|p2a: Alakazam|252\/313 par
|
|turn|19
|choice|move 3|move 1
|
|move|p2a: Alakazam|Psychic|p1a: Chansey
|-crit|p1a: Chansey
|-damage|p1a: Chansey|365\/703 par
|move|p1a: Chansey|Ice Beam|p2a: Alakazam
|-damage|p2a: Alakazam|186\/313 par
|
|turn|20
|choice|move 1|move 1
|
|cant|p2a: Alakazam|par
|cant|p1a: Chansey|par
|
|turn|21
|choice|move 1|move 1
|
|move|p2a: Alakazam|Psychic|p1a: Chansey
|-damage|p1a: Chansey|235\/703 par
|move|p1a: Chansey|Soft-Boiled|p1a: Chansey
|-heal|p1a: Chansey|586\/703 par
|
|turn|22
|choice|move 3|move 2
|
|cant|p2a: Alakazam|par
|move|p1a: Chansey|Ice Beam|p2a: Alakazam
|-damage|p2a: Alakazam|128\/313 par
|
|turn|23
|choice|switch 3|move 3
|
|switch|p1a: Snorlax|Snorlax|523\/523
|move|p2a: Alakazam|Recover|p2a: Alakazam
|-heal|p2a: Alakazam|284\/313 par
|
|turn|24
|choice|move 2|move 1
|
|move|p1a: Snorlax|Amnesia|p1a: Snorlax
|-boost|p1a: Snorlax|spd|2
|-boost|p1a: Snorlax|spa|2
|move|p2a: Alakazam|Psychic|p1a: Snorlax
|-damage|p1a: Snorlax|438\/523
|
|turn|25
|-message|Clauciu forfeited.
|
|win|Run Me a Hot Bath
|l|Clauciu
|player|p2
|raw|Run Me a Hot Bath's rating: 1134 &rarr; <strong>1150<\/strong><br \/>(+16 for winning)
|raw|Clauciu's rating: 1000 &rarr; <strong>1000<\/strong><br \/>(+0 for losing)