|join|Whoremaster
|join|biswajit
|player|p1|Whoremaster|43
|player|p2|biswajit|2
|gametype|singles
|gen|1
|tier|[Gen 1] OU (beta)
|rated
|rule|Sleep Clause Mod: Limit one foe put to sleep
|rule|Species Clause: Limit one of each Pokemon
|rule|OHKO Clause: OHKO moves are banned
|rule|Moody Clause: Moody is banned
|rule|Swagger Clause: Swagger is banned
|rule|Evasion Moves Clause: Evasion moves are banned
|rule|Endless Battle Clause: Forcing endless battles is banned
|rule|HP Percentage Mod: HP is reported as percentages
|
|start
|switch|p1a: Alakazam|Alakazam|313\/313
|switch|p2a: Jolteon|Jolteon|333\/333
|turn|1
|
|move|p2a: Jolteon|Pin Missile|p1a: Alakazam
|-supereffective|p1a: Alakazam
|-damage|p1a: Alakazam|283\/313
|-damage|p1a: Alakazam|253\/313
|-hitcount|p1a: Alakazam|2
|move|p1a: Alakazam|Thunder Wave|p2a: Jolteon
|-status|p2a: Jolteon|par
|
|turn|2
|
|move|p1a: Alakazam|Psychic|p2a: Jolteon
|-damage|p2a: Jolteon|218\/333 par
|move|p2a: Jolteon|Pin Missile|p1a: Alakazam
|-supereffective|p1a: Alakazam
|-damage|p1a: Alakazam|226\/313
|-damage|p1a: Alakazam|199\/313
|-damage|p1a: Alakazam|172\/313
|-damage|p1a: Alakazam|145\/313
|-damage|p1a: Alakazam|118\/313
|-hitcount|p1a: Alakazam|5
|
|turn|3
|
|move|p1a: Alakazam|Recover|p1a: Alakazam
|-heal|p1a: Alakazam|274\/313
|cant|p2a: Jolteon|par
|
|turn|4
|
|move|p1a: Alakazam|Psychic|p2a: Jolteon
|-damage|p2a: Jolteon|88\/333 par
|move|p2a: Jolteon|Pin Missile|p1a: Alakazam
|-supereffective|p1a: Alakazam
|-damage|p1a: Alakazam|247\/313
|-damage|p1a: Alakazam|220\/313
|-damage|p1a: Alakazam|193\/313
|-hitcount|p1a: Alakazam|3
|
|turn|5
|
|move|p1a: Alakazam|Psychic|p2a: Jolteon
|-damage|p2a: Jolteon|0 fnt
|faint|p2a: Jolteon
|
|
|switch|p2a: Golem|Golem|363\/363
|turn|6
|
|move|p1a: Alakazam|Psychic|p2a: Golem
|-damage|p2a: Golem|188\/363
|move|p2a: Golem|Earthquake|p1a: Alakazam
|-damage|p1a: Alakazam|0 fnt
|faint|p1a: Alakazam
|
|
|switch|p1a: Exeggutor|Exeggutor|393\/393
|turn|7
|
|move|p1a: Exeggutor|Psychic|p2a: Golem
|-damage|p2a: Golem|16\/363
|move|p2a: Golem|Rock Slide|p1a: Exeggutor
|-damage|p1a: Exeggutor|297\/393
|
|turn|8
|
|move|p1a: Exeggutor|Psychic|p2a: Golem
|-damage|p2a: Golem|0 fnt
|faint|p2a: Golem
|
|
|switch|p2a: Dragonite|Dragonite|385\/385
|turn|9
|
|move|p2a: Dragonite|Fire Blast|p1a: Exeggutor
|-supereffective|p1a: Exeggutor
|-damage|p1a: Exeggutor|143\/393
|-status|p1a: Exeggutor|brn
|move|p1a: Exeggutor|Sleep Powder|p2a: Dragonite|[miss]
|-miss|p1a: Exeggutor
|-damage|p1a: Exeggutor|119\/393 brn|[from] brn|[of] p2a: Dragonite
|
|turn|10
|
|switch|p1a: Golem|Golem|363\/363
|move|p2a: Dragonite|Fire Blast|p1a: Golem
|-resisted|p1a: Golem
|-damage|p1a: Golem|301\/363
|-status|p1a: Golem|brn
|
|turn|11
|
|move|p2a: Dragonite|Ice Beam|p1a: Golem
|-supereffective|p1a: Golem
|-damage|p1a: Golem|88\/363 brn
|move|p1a: Golem|Rock Slide|p2a: Dragonite
|-supereffective|p2a: Dragonite
|-damage|p2a: Dragonite|282\/385
|-damage|p1a: Golem|66\/363 brn|[from] brn|[of] p2a: Dragonite
|
|turn|12
|
|switch|p1a: Bitch Tits|Chansey|703\/703
|move|p2a: Dragonite|Ice Beam|p1a: Bitch Tits
|-crit|p1a: Bitch Tits
|-damage|p1a: Bitch Tits|555\/703
|
|turn|13
|
|move|p2a: Dragonite|Wrap|p1a: Bitch Tits
|-damage|p1a: Bitch Tits|514\/703
|-activate|p1a: Bitch Tits|move: Wrap|[of] p2a: Dragonite
|cant|p1a: Bitch Tits|partiallytrapped
|
|turn|14
|
|move|p2a: Dragonite|Wrap|p1a: Bitch Tits
|-damage|p1a: Bitch Tits|473\/703
|cant|p1a: Bitch Tits|partiallytrapped
|
|turn|15
|
|move|p2a: Dragonite|Wrap|p1a: Bitch Tits
|-damage|p1a: Bitch Tits|432\/703
|cant|p1a: Bitch Tits|partiallytrapped
|
|-end|p1a: Bitch Tits|Wrap|[partiallytrapped]
|turn|16
|
|move|p2a: Dragonite|Wrap|p1a: Bitch Tits
|-damage|p1a: Bitch Tits|392\/703
|-activate|p1a: Bitch Tits|move: Wrap|[of] p2a: Dragonite
|cant|p1a: Bitch Tits|partiallytrapped
|
|turn|17
|
|move|p2a: Dragonite|Wrap|p1a: Bitch Tits
|-damage|p1a: Bitch Tits|352\/703
|cant|p1a: Bitch Tits|partiallytrapped
|
|-end|p1a: Bitch Tits|Wrap|[partiallytrapped]
|turn|18
|
|switch|p1a: Tauros|Tauros|353\/353
|move|p2a: Dragonite|Wrap|p1a: Tauros
|-damage|p1a: Tauros|338\/353
|-activate|p1a: Tauros|move: Wrap|[of] p2a: Dragonite
|
|turn|19
|
|cant|p1a: Tauros|partiallytrapped
|move|p2a: Dragonite|Wrap|p1a: Tauros
|-damage|p1a: Tauros|323\/353
|
|turn|20
|
|cant|p1a: Tauros|partiallytrapped
|move|p2a: Dragonite|Wrap|p1a: Tauros
|-damage|p1a: Tauros|308\/353
|
|-end|p1a: Tauros|Wrap|[partiallytrapped]
|turn|21
|
|move|p1a: Tauros|Body Slam|p2a: Dragonite
|-crit|p2a: Dragonite
|-damage|p2a: Dragonite|80\/385
|move|p2a: Dragonite|Wrap|p1a: Tauros|[miss]
|-miss|p2a: Dragonite
|
|turn|22
|join|Turtlebyte
|
|switch|p2a: Alakazam|Alakazam|313\/313
|move|p1a: Tauros|Body Slam|p2a: Alakazam
|-damage|p2a: Alakazam|157\/313
|
|turn|23
|
|move|p2a: Alakazam|Recover|p2a: Alakazam
|-heal|p2a: Alakazam|313\/313
|move|p1a: Tauros|Hyper Beam|p2a: Alakazam|[miss]
|-miss|p1a: Tauros
|
|turn|24
|leave|Turtlebyte
|
|switch|p1a: Exeggutor|Exeggutor|119\/393 brn
|-damage|p1a: Exeggutor|95\/393 brn|[from] brn
|move|p2a: Alakazam|Confusion|p1a: Exeggutor
|-resisted|p1a: Exeggutor
|-damage|p1a: Exeggutor|62\/393 brn
|
|turn|25
|
|move|p2a: Alakazam|Psychic|p1a: Exeggutor
|-resisted|p1a: Exeggutor
|-damage|p1a: Exeggutor|2\/393 brn
|-unboost|p1a: Exeggutor|spd|1
|-unboost|p1a: Exeggutor|spa|1
|move|p1a: Exeggutor|Explosion|p2a: Alakazam
|-damage|p2a: Alakazam|115\/313
|faint|p1a: Exeggutor
|
|switch|p1a: Tauros|Tauros|308\/353
|turn|26
|
|move|p2a: Alakazam|Recover|p2a: Alakazam
|-heal|p2a: Alakazam|271\/313
|move|p1a: Tauros|Hyper Beam|p2a: Alakazam
|-damage|p2a: Alakazam|4\/313
|
|turn|27
|
|move|p2a: Alakazam|Recover|p2a: Alakazam
|-heal|p2a: Alakazam|160\/313
|cant|p1a: Tauros|recharge
|
|turn|28
|
|move|p2a: Alakazam|Recover|p2a: Alakazam
|-heal|p2a: Alakazam|313\/313
|move|p1a: Tauros|Hyper Beam|p2a: Alakazam|[miss]
|-miss|p1a: Tauros
|
|turn|29
|
|switch|p1a: Cloyster|Cloyster|303\/303
|move|p2a: Alakazam|Psychic|p1a: Cloyster
|-damage|p1a: Cloyster|167\/303
|
|turn|30
|
|move|p2a: Alakazam|Psychic|p1a: Cloyster
|-damage|p1a: Cloyster|18\/303
|move|p1a: Cloyster|Clamp|p2a: Alakazam
|-damage|p2a: Alakazam|283\/313
|-activate|p2a: Alakazam|move: Clamp|[of] p1a: Cloyster
|
|turn|31
|
|cant|p2a: Alakazam|partiallytrapped
|move|p1a: Cloyster|Clamp|p2a: Alakazam
|-damage|p2a: Alakazam|253\/313
|
|-end|p2a: Alakazam|Clamp|[partiallytrapped]
|turn|32
|
|move|p2a: Alakazam|Psychic|p1a: Cloyster
|-damage|p1a: Cloyster|0 fnt
|faint|p1a: Cloyster
|
|
|switch|p1a: Bitch Tits|Chansey|352\/703
|turn|33
|
|move|p2a: Alakazam|Psybeam|p1a: Bitch Tits
|-damage|p1a: Bitch Tits|257\/703
|move|p1a: Bitch Tits|Thunder Wave|p2a: Alakazam
|-status|p2a: Alakazam|par
|
|turn|34
|
|move|p1a: Bitch Tits|Soft-Boiled|p1a: Bitch Tits
|-heal|p1a: Bitch Tits|608\/703
|cant|p2a: Alakazam|par
|
|turn|35
|
|switch|p2a: Gengar|Gengar|323\/323
|move|p1a: Bitch Tits|Ice Beam|p2a: Gengar
|-damage|p2a: Gengar|260\/323
|
|turn|36
|join|Capital_Ben
|
|move|p2a: Gengar|Hypnosis|p1a: Bitch Tits|[miss]
|-miss|p2a: Gengar
|move|p1a: Bitch Tits|Thunderbolt|p2a: Gengar
|-damage|p2a: Gengar|197\/323
|
|turn|37
|
|switch|p1a: Golem|Golem|66\/363 brn
|-damage|p1a: Golem|44\/363 brn|[from] brn
|move|p2a: Gengar|Hypnosis|p1a: Golem|[miss]
|-miss|p2a: Gengar
|
|turn|38
|
|switch|p2a: Dragonite|Dragonite|80\/385
|move|p1a: Golem|Earthquake|p2a: Dragonite
|-immune|p2a: Dragonite|[msg]
|-damage|p1a: Golem|22\/363 brn|[from] brn|[of] p2a: Dragonite
|
|turn|39
|chat|Capital_Ben|who!
|chat|Whoremaster|yo
|chat|Whoremaster|cover you eyes
|chat|Whoremaster|i dont want you to see my like this
|
|move|p2a: Dragonite|Ice Beam|p1a: Golem
|-supereffective|p1a: Golem
|-damage|p1a: Golem|0 fnt
|faint|p1a: Golem
|
|
|switch|p1a: Tauros|Tauros|308\/353
|turn|40
|
|move|p1a: Tauros|Body Slam|p2a: Dragonite
|-damage|p2a: Dragonite|0 fnt
|faint|p2a: Dragonite
|
|
|switch|p2a: Charizard|Charizard|359\/359
|turn|41
|chat|Capital_Ben|i saw it!
|
|move|p1a: Tauros|Body Slam|p2a: Charizard
|-damage|p2a: Charizard|240\/359
|move|p2a: Charizard|Fire Blast|p1a: Tauros|[miss]
|-miss|p2a: Charizard
|
|turn|42
|
|move|p1a: Tauros|Hyper Beam|p2a: Charizard
|-damage|p2a: Charizard|40\/359
|move|p2a: Charizard|Fire Blast|p1a: Tauros
|-damage|p1a: Tauros|136\/353
|
|turn|43
|chat|Capital_Ben|double edge who!
|
|cant|p1a: Tauros|recharge
|move|p2a: Charizard|Fire Blast|p1a: Tauros
|-crit|p1a: Tauros
|-damage|p1a: Tauros|0 fnt
|faint|p1a: Tauros
|
|
|switch|p1a: Bitch Tits|Chansey|608\/703
|turn|44
|chat|Whoremaster|oh shiiitt
|
|move|p2a: Charizard|Fire Blast|p1a: Bitch Tits
|-damage|p1a: Bitch Tits|481\/703
|-status|p1a: Bitch Tits|brn
|move|p1a: Bitch Tits|Ice Beam|p2a: Charizard
|-supereffective|p2a: Charizard
|-damage|p2a: Charizard|0 fnt
|-damage|p1a: Bitch Tits|438\/703 brn|[from] brn|[of] p2a: Charizard
|faint|p2a: Charizard
|
|
|switch|p2a: Alakazam|Alakazam|253\/313 par
|turn|45
|
|move|p1a: Bitch Tits|Thunderbolt|p2a: Alakazam
|-damage|p2a: Alakazam|188\/313 par
|-damage|p1a: Bitch Tits|395\/703 brn|[from] brn|[of] p2a: Alakazam
|cant|p2a: Alakazam|par
|
|turn|46
|
|move|p1a: Bitch Tits|Thunderbolt|p2a: Alakazam
|-damage|p2a: Alakazam|122\/313 par
|-damage|p1a: Bitch Tits|352\/703 brn|[from] brn|[of] p2a: Alakazam
|cant|p2a: Alakazam|par
|
|turn|47
|
|move|p1a: Bitch Tits|Thunderbolt|p2a: Alakazam
|-damage|p2a: Alakazam|63\/313 par
|-damage|p1a: Bitch Tits|309\/703 brn|[from] brn|[of] p2a: Alakazam
|move|p2a: Alakazam|Psychic|p1a: Bitch Tits
|-damage|p1a: Bitch Tits|173\/703 brn
|-unboost|p1a: Bitch Tits|spd|1
|-unboost|p1a: Bitch Tits|spa|1
|
|turn|48
|
|move|p1a: Bitch Tits|Soft-Boiled|p1a: Bitch Tits
|-heal|p1a: Bitch Tits|524\/703 brn
|-damage|p1a: Bitch Tits|481\/703 brn|[from] brn
|move|p2a: Alakazam|Psychic|p1a: Bitch Tits
|-damage|p1a: Bitch Tits|303\/703 brn
|-unboost|p1a: Bitch Tits|spd|1
|-unboost|p1a: Bitch Tits|spa|1
|
|turn|49
|
|move|p1a: Bitch Tits|Thunderbolt|p2a: Alakazam
|-damage|p2a: Alakazam|32\/313 par
|-damage|p1a: Bitch Tits|260\/703 brn|[from] brn|[of] p2a: Alakazam
|move|p2a: Alakazam|Recover|p2a: Alakazam
|-heal|p2a: Alakazam|188\/313 par
|
|turn|50
|
|move|p1a: Bitch Tits|Thunderbolt|p2a: Alakazam
|-damage|p2a: Alakazam|156\/313 par
|-damage|p1a: Bitch Tits|217\/703 brn|[from] brn|[of] p2a: Alakazam
|cant|p2a: Alakazam|par
|
|turn|51
|
|move|p1a: Bitch Tits|Thunderbolt|p2a: Alakazam
|-damage|p2a: Alakazam|124\/313 par
|-damage|p1a: Bitch Tits|174\/703 brn|[from] brn|[of] p2a: Alakazam
|cant|p2a: Alakazam|par
|
|turn|52
|
|move|p1a: Bitch Tits|Soft-Boiled|p1a: Bitch Tits
|-heal|p1a: Bitch Tits|525\/703 brn
|-damage|p1a: Bitch Tits|482\/703 brn|[from] brn
|move|p2a: Alakazam|Psybeam|p1a: Bitch Tits
|-damage|p1a: Bitch Tits|300\/703 brn
|
|turn|53
|
|move|p1a: Bitch Tits|Soft-Boiled|p1a: Bitch Tits
|-heal|p1a: Bitch Tits|651\/703 brn
|-damage|p1a: Bitch Tits|608\/703 brn|[from] brn
|move|p2a: Alakazam|Psybeam|p1a: Bitch Tits
|-crit|p1a: Bitch Tits
|-damage|p1a: Bitch Tits|407\/703 brn
|-start|p1a: Bitch Tits|confusion
|
|turn|54
|
|-activate|p1a: Bitch Tits|confusion
|move|p1a: Bitch Tits|Soft-Boiled|p1a: Bitch Tits
|-heal|p1a: Bitch Tits|703\/703 brn
|-damage|p1a: Bitch Tits|660\/703 brn|[from] brn
|move|p2a: Alakazam|Psybeam|p1a: Bitch Tits
|-damage|p1a: Bitch Tits|490\/703 brn
|
|turn|55
|
|-activate|p1a: Bitch Tits|confusion
|-damage|p1a: Bitch Tits|473\/703 brn|[from] confusion
|-damage|p1a: Bitch Tits|430\/703 brn|[from] brn
|move|p2a: Alakazam|Psybeam|p1a: Bitch Tits
|-damage|p1a: Bitch Tits|250\/703 brn
|
|turn|56
|
|-activate|p1a: Bitch Tits|confusion
|-damage|p1a: Bitch Tits|233\/703 brn|[from] confusion
|-damage|p1a: Bitch Tits|190\/703 brn|[from] brn
|move|p2a: Alakazam|Psybeam|p1a: Bitch Tits
|-damage|p1a: Bitch Tits|4\/703 brn
|
|turn|57
|chat|biswajit|ur goin down
|chat|Whoremaster|gg looser
|
|-activate|p1a: Bitch Tits|confusion
|-damage|p1a: Bitch Tits|0 fnt|[from] confusion
|faint|p1a: Bitch Tits
|
|win|biswajit
|raw|Ladder updating...
|raw|Whoremaster's rating: 1246 &rarr; <strong>1208<\/strong><br \/>(-38 for losing)
|raw|biswajit's rating: 1055 &rarr; <strong>1103<\/strong><br \/>(+48 for winning)
|chat|Whoremaster|ben its tiem
|leave|Whoremaster
|player|p1
|chat|biswajit|fuck off[