|join|victwo
|join|byyyst
|player|p1|victwo|164
|player|p2|byyyst|266
|gametype|singles
|gen|1
|tier|[Gen 1] Random Battle
|rated
|seed|25929,46986,46377,16412
|rule|Sleep Clause Mod: Limit one foe put to sleep
|rule|Freeze Clause Mod: Limit one foe frozen
|rule|HP Percentage Mod: HP is shown in percentages
|
|start
|switch|p1a: Charmeleon|Charmeleon, L85|272\/272
|switch|p2a: Venomoth|Venomoth, L85|293\/293
|turn|1
|choice|move 3|move 4
|
|move|p2a: Venomoth|Sleep Powder|p1a: Charmeleon|[miss]
|-miss|p2a: Venomoth
|move|p1a: Charmeleon|Body Slam|p2a: Venomoth
|-crit|p2a: Venomoth
|-damage|p2a: Venomoth|180\/293
|
|turn|2
|c|★byyyst|pls
|choice|move 1|move 4
|
|move|p2a: Venomoth|Sleep Powder|p1a: Charmeleon
|-status|p1a: Charmeleon|slp
|cant|p1a: Charmeleon|slp
|
|turn|3
|choice|move 3|move 3
|
|move|p2a: Venomoth|Psychic|p1a: Charmeleon
|-damage|p1a: Charmeleon|198\/272 slp
|cant|p1a: Charmeleon|slp
|
|turn|4
|choice|move 3|move 3
|
|move|p2a: Venomoth|Psychic|p1a: Charmeleon
|-damage|p1a: Charmeleon|124\/272 slp
|cant|p1a: Charmeleon|slp
|
|turn|5
|choice|switch 6|move 3
|
|switch|p1a: Chansey|Chansey, L79|557\/557
|move|p2a: Venomoth|Psychic|p1a: Chansey
|-damage|p1a: Chansey|495\/557
|
|turn|6
|choice|move 3|switch 4
|
|switch|p2a: Ditto|Ditto, L99|296\/296
|move|p1a: Chansey|Ice Beam|p2a: Ditto
|-damage|p2a: Ditto|221\/296
|
|turn|7
|choice|move 4|move 1
|
|move|p2a: Ditto|Transform|p1a: Chansey
|-transform|p2a: Ditto|p1a: Chansey
|move|p1a: Chansey|Reflect|p1a: Chansey
|-start|p1a: Chansey|Reflect
|
|turn|8
|choice|move 3|move 3
|
|move|p2a: Ditto|Ice Beam|p1a: Chansey
|-crit|p1a: Chansey
|-damage|p1a: Chansey|340\/557
|move|p1a: Chansey|Ice Beam|p2a: Ditto
|-damage|p2a: Ditto|149\/296
|-status|p2a: Ditto|frz
|
|turn|9
|choice|move 1|switch 5
|
|switch|p2a: Jynx|Jynx, L79|265\/265
|move|p1a: Chansey|Soft-Boiled|p1a: Chansey
|-heal|p1a: Chansey|557\/557
|
|turn|10
|choice|move 3|move 2
|
|move|p2a: Jynx|Psychic|p1a: Chansey
|-crit|p1a: Chansey
|-damage|p1a: Chansey|416\/557
|-unboost|p1a: Chansey|spd|1
|-unboost|p1a: Chansey|spa|1
|move|p1a: Chansey|Ice Beam|p2a: Jynx
|-resisted|p2a: Jynx
|-damage|p2a: Jynx|245\/265
|
|turn|11
|choice|switch 3|move 2
|
|switch|p1a: Vaporeon|Vaporeon, L85|395\/395
|move|p2a: Jynx|Psychic|p1a: Vaporeon
|-damage|p1a: Vaporeon|320\/395
|
|turn|12
|choice|move 4|move 2
|
|move|p2a: Jynx|Psychic|p1a: Vaporeon
|-damage|p1a: Vaporeon|244\/395
|-unboost|p1a: Vaporeon|spd|1
|-unboost|p1a: Vaporeon|spa|1
|move|p1a: Vaporeon|Body Slam|p2a: Jynx
|-damage|p2a: Jynx|156\/265
|-status|p2a: Jynx|par
|
|turn|13
|choice|move 4|move 2
|
|move|p1a: Vaporeon|Body Slam|p2a: Jynx
|-crit|p2a: Jynx
|-damage|p2a: Jynx|0 fnt
|faint|p2a: Jynx
|c|★byyyst|for fucks sake
|c|★byyyst|so lucky
|choice||switch 4
|
|switch|p2a: Venomoth|Venomoth, L85|180\/293
|turn|14
|choice|move 1|move 1
|
|move|p2a: Venomoth|Mega Drain|p1a: Vaporeon
|-supereffective|p1a: Vaporeon
|-damage|p1a: Vaporeon|165\/395
|-heal|p2a: Venomoth|219\/293|[from] drain|[of] p1a: Vaporeon
|move|p1a: Vaporeon|Blizzard|p2a: Venomoth
|-damage|p2a: Venomoth|160\/293
|-message|Freeze Clause activated.
|
|turn|15
|choice|move 4|move 1
|
|move|p2a: Venomoth|Mega Drain|p1a: Vaporeon
|-supereffective|p1a: Vaporeon
|-damage|p1a: Vaporeon|94\/395
|-heal|p2a: Venomoth|195\/293|[from] drain|[of] p1a: Vaporeon
|move|p1a: Vaporeon|Body Slam|p2a: Venomoth
|-damage|p2a: Venomoth|134\/293
|
|turn|16
|choice|switch 4|move 1
|
|switch|p1a: Victreebel|Victreebel, L85|310\/310
|move|p2a: Venomoth|Mega Drain|p1a: Victreebel
|-resisted|p1a: Victreebel
|-damage|p1a: Victreebel|304\/310
|-heal|p2a: Venomoth|137\/293|[from] drain|[of] p1a: Victreebel
|
|turn|17
|choice|move 2|move 3
|
|move|p2a: Venomoth|Psychic|p1a: Victreebel
|-supereffective|p1a: Victreebel
|-damage|p1a: Victreebel|183\/310
|move|p1a: Victreebel|Body Slam|p2a: Venomoth
|-crit|p2a: Venomoth
|-damage|p2a: Venomoth|0 fnt
|faint|p2a: Venomoth
|c|★byyyst|.......
|choice||switch 3
|
|switch|p2a: Magmar|Magmar, L90|300\/300
|turn|18
|choice|move 4|move 4
|
|move|p2a: Magmar|Fire Blast|p1a: Victreebel|[miss]
|-miss|p2a: Magmar
|move|p1a: Victreebel|Hyper Beam|p2a: Magmar
|-damage|p2a: Magmar|158\/300
|
|turn|19
|-mustrecharge|p1a: Victreebel
|-mustrecharge|p1a: Victreebel
|c|★byyyst|o my fucking god
|c|★byyyst|pleeeeeease
|choice|move 1|move 4
|
|move|p2a: Magmar|Fire Blast|p1a: Victreebel|[miss]
|-miss|p2a: Magmar
|cant|p1a: Victreebel|recharge
|
|turn|20
|c|★byyyst|wefniwjenfwf
|choice|move 4|move 4
|
|move|p2a: Magmar|Fire Blast|p1a: Victreebel|[miss]
|-miss|p2a: Magmar
|move|p1a: Victreebel|Hyper Beam|p2a: Magmar
|-damage|p2a: Magmar|19\/300
|
|turn|21
|-mustrecharge|p1a: Victreebel
|c|★byyyst|this is so fucking stupid
|-mustrecharge|p1a: Victreebel
|choice|move 1|move 4
|
|move|p2a: Magmar|Fire Blast|p1a: Victreebel
|-supereffective|p1a: Victreebel
|-damage|p1a: Victreebel|0 fnt
|faint|p1a: Victreebel
|choice|switch 6|
|
|switch|p1a: Charmeleon|Charmeleon, L85|124\/272 slp
|turn|22
|choice|move 3|move 2
|
|move|p2a: Magmar|Body Slam|p1a: Charmeleon
|-damage|p1a: Charmeleon|37\/272 slp
|-curestatus|p1a: Charmeleon|slp
|
|turn|23
|choice|move 3|move 2
|
|move|p2a: Magmar|Body Slam|p1a: Charmeleon
|-damage|p1a: Charmeleon|0 fnt
|faint|p1a: Charmeleon
|choice|switch 2|
|
|switch|p1a: Poliwhirl|Poliwhirl, L85|284\/284
|turn|24
|choice|move 2|move 2
|
|move|p2a: Magmar|Body Slam|p1a: Poliwhirl
|-damage|p1a: Poliwhirl|199\/284
|move|p1a: Poliwhirl|Surf|p2a: Magmar
|-supereffective|p2a: Magmar
|-damage|p2a: Magmar|0 fnt
|faint|p2a: Magmar
|choice||switch 2
|
|switch|p2a: Dugtrio|Dugtrio, L85|233\/233
|turn|25
|choice|move 4|move 1
|
|move|p2a: Dugtrio|Earthquake|p1a: Poliwhirl
|-damage|p1a: Poliwhirl|85\/284
|move|p1a: Poliwhirl|Hypnosis|p2a: Dugtrio
|-status|p2a: Dugtrio|slp
|
|turn|26
|c|★byyyst|lmfao
|c|★byyyst|and you hit a hypnosis
|c|★byyyst|after all that
|c|★byyyst|i cant get a 40% hyp miss
|c|★byyyst|such a shit game
|choice|move 2|move 1
|
|cant|p2a: Dugtrio|slp
|move|p1a: Poliwhirl|Surf|p2a: Dugtrio
|-supereffective|p2a: Dugtrio
|-damage|p2a: Dugtrio|81\/233 slp
|
|turn|27
|choice|move 2|move 1
|
|cant|p2a: Dugtrio|slp
|move|p1a: Poliwhirl|Surf|p2a: Dugtrio
|-supereffective|p2a: Dugtrio
|-damage|p2a: Dugtrio|0 fnt
|faint|p2a: Dugtrio
|choice||switch 6
|
|switch|p2a: Articuno|Articuno, L79|304\/304
|turn|28
|choice|move 4|move 2
|
|move|p1a: Poliwhirl|Hypnosis|p2a: Articuno|[miss]
|-miss|p1a: Poliwhirl
|move|p2a: Articuno|Blizzard|p1a: Poliwhirl
|-resisted|p1a: Poliwhirl
|-damage|p1a: Poliwhirl|0 fnt
|faint|p1a: Poliwhirl
|choice|switch 4|
|
|switch|p1a: Vaporeon|Vaporeon, L85|94\/395
|turn|29
|choice|move 4|move 2
|
|move|p2a: Articuno|Blizzard|p1a: Vaporeon
|-resisted|p1a: Vaporeon
|-damage|p1a: Vaporeon|34\/395
|move|p1a: Vaporeon|Body Slam|p2a: Articuno
|-damage|p2a: Articuno|256\/304
|
|turn|30
|choice|move 3|move 2
|
|move|p2a: Articuno|Blizzard|p1a: Vaporeon
|-resisted|p1a: Vaporeon
|-damage|p1a: Vaporeon|0 fnt
|faint|p1a: Vaporeon
|choice|switch 3|
|
|switch|p1a: Chansey|Chansey, L79|416\/557
|turn|31
|choice|move 4|move 1
|
|move|p2a: Articuno|Mimic|p1a: Chansey
|-start|p2a: Articuno|Mimic|Soft-Boiled
|move|p1a: Chansey|Reflect|p1a: Chansey
|-start|p1a: Chansey|Reflect
|
|turn|32
|choice|move 3|move 2
|
|move|p2a: Articuno|Blizzard|p1a: Chansey
|-crit|p1a: Chansey
|-damage|p1a: Chansey|190\/557
|-status|p1a: Chansey|frz
|cant|p1a: Chansey|frz
|
|turn|33
|choice|move 1|move 4
|
|move|p2a: Articuno|Reflect|p2a: Articuno
|-start|p2a: Articuno|Reflect
|cant|p1a: Chansey|frz
|
|turn|34
|choice|move 1|move 2
|
|move|p2a: Articuno|Blizzard|p1a: Chansey
|-damage|p1a: Chansey|72\/557 frz
|cant|p1a: Chansey|frz
|
|turn|35
|choice|move 1|move 2
|
|move|p2a: Articuno|Blizzard|p1a: Chansey
|-damage|p1a: Chansey|0 fnt
|faint|p1a: Chansey
|choice|switch 5|
|
|switch|p1a: Onix|Onix, L90|246\/246
|turn|36
|choice|move 4|move 2
|
|move|p1a: Onix|Rock Slide|p2a: Articuno
|-crit|p2a: Articuno
|-supereffective|p2a: Articuno
|-damage|p2a: Articuno|0 fnt
|faint|p2a: Articuno
|c|★byyyst|NO WAY
|c|★byyyst|ALL that
|c|★byyyst|and i STILL get haxed to death
|c|★byyyst|holy SHIT
|c|★victwo|XD
|choice||switch 5
|
|switch|p2a: Ditto|Ditto, L99|149\/296 frz
|turn|37
|choice|move 4|move 1
|
|move|p1a: Onix|Rock Slide|p2a: Ditto
|-damage|p2a: Ditto|80\/296 frz
|cant|p2a: Ditto|frz
|
|turn|38
|choice|move 3|move 1
|
|move|p1a: Onix|Earthquake|p2a: Ditto
|-damage|p2a: Ditto|0 fnt
|faint|p2a: Ditto
|
|win|victwo
|raw|victwo's rating: 1240 &rarr; <strong>1275<\/strong><br \/>(+35 for winning)
|raw|byyyst's rating: 1387 &rarr; <strong>1359<\/strong><br \/>(-28 for losing)
|leave|victwo
|player|p1