|j|ssacchet
|j|b1ackjack94
|player|p1|ssacchet|1
|player|p2|b1ackjack94|204
|gametype|singles
|gen|1
|tier|[Gen 1] Random Battle
|rated
|seed|
|rule|Sleep Clause Mod: Limit one foe put to sleep
|rule|Freeze Clause Mod: Limit one foe frozen
|rule|HP Percentage Mod: HP is shown in percentages
|
|start
|switch|p1a: Moltres|Moltres, L85|100\/100
|switch|p2a: Mankey|Mankey, L96|100\/100
|turn|1
|choice||
|
|switch|p1a: Weezing|Weezing, L90|100\/100
|move|p2a: Mankey|Rock Slide|p1a: Weezing
|-damage|p1a: Weezing|84\/100
|
|turn|2
|choice||
|
|move|p2a: Mankey|Body Slam|p1a: Weezing
|-damage|p1a: Weezing|67\/100
|move|p1a: Weezing|Fire Blast|p2a: Mankey
|-damage|p2a: Mankey|56\/100
|-status|p2a: Mankey|brn
|
|turn|3
|choice||
|
|move|p2a: Mankey|Body Slam|p1a: Weezing
|-damage|p1a: Weezing|58\/100
|-status|p1a: Weezing|par
|-damage|p2a: Mankey|50\/100 brn|[from] brn|[of] p1a: Weezing
|move|p1a: Weezing|Sludge|p2a: Mankey
|-damage|p2a: Mankey|8\/100 brn
|
|turn|4
|choice||
|
|move|p2a: Mankey|Mega Kick|p1a: Weezing
|-crit|p1a: Weezing
|-damage|p1a: Weezing|12\/100 par
|-damage|p2a: Mankey|2\/100 brn|[from] brn|[of] p1a: Weezing
|move|p1a: Weezing|Sludge|p2a: Mankey
|-damage|p2a: Mankey|0 fnt
|faint|p2a: Mankey
|choice||
|
|switch|p2a: Graveler|Graveler, L85|100\/100
|turn|5
|choice||
|
|move|p2a: Graveler|Body Slam|p1a: Weezing
|-damage|p1a: Weezing|0 fnt
|faint|p1a: Weezing
|choice||
|
|switch|p1a: Kabutops|Kabutops, L85|100\/100
|turn|6
|choice||
|
|switch|p2a: Zapdos|Zapdos, L79|100\/100
|move|p1a: Kabutops|Surf|p2a: Zapdos
|-damage|p2a: Zapdos|78\/100
|
|turn|7
|choice||
|
|switch|p1a: Magneton|Magneton, L90|100\/100
|move|p2a: Zapdos|Thunderbolt|p1a: Magneton
|-resisted|p1a: Magneton
|-damage|p1a: Magneton|85\/100
|
|turn|8
|choice||
|
|switch|p2a: Graveler|Graveler, L85|100\/100
|switch|p1a: Kabutops|Kabutops, L85|100\/100
|
|turn|9
|choice||
|
|switch|p2a: Zapdos|Zapdos, L79|78\/100
|move|p1a: Kabutops|Surf|p2a: Zapdos
|-damage|p2a: Zapdos|56\/100
|
|turn|10
|choice||
|
|move|p2a: Zapdos|Thunder Wave|p1a: Kabutops
|-status|p1a: Kabutops|par
|move|p1a: Kabutops|Body Slam|p2a: Zapdos
|-damage|p2a: Zapdos|30\/100
|
|turn|11
|choice||
|
|switch|p1a: Magneton|Magneton, L90|85\/100
|move|p2a: Zapdos|Thunderbolt|p1a: Magneton
|-resisted|p1a: Magneton
|-damage|p1a: Magneton|72\/100
|
|turn|12
|choice||
|
|move|p2a: Zapdos|Thunder Wave|p1a: Magneton
|-status|p1a: Magneton|par
|move|p1a: Magneton|Thunderbolt|p2a: Zapdos
|-damage|p2a: Zapdos|0 fnt
|faint|p2a: Zapdos
|choice||
|
|switch|p2a: Mr. Mime|Mr. Mime, L85|100\/100
|turn|13
|choice||
|
|move|p2a: Mr. Mime|Psychic|p1a: Magneton
|-damage|p1a: Magneton|46\/100 par
|-unboost|p1a: Magneton|spd|1
|-unboost|p1a: Magneton|spa|1
|move|p1a: Magneton|Thunder Wave|p2a: Mr. Mime
|-status|p2a: Mr. Mime|par
|
|turn|14
|choice||
|
|move|p2a: Mr. Mime|Psychic|p1a: Magneton
|-damage|p1a: Magneton|4\/100 par
|-unboost|p1a: Magneton|spd|1
|-unboost|p1a: Magneton|spa|1
|cant|p1a: Magneton|par
|
|turn|15
|choice||
|
|move|p2a: Mr. Mime|Seismic Toss|p1a: Magneton
|-damage|p1a: Magneton|0 fnt
|faint|p1a: Magneton
|choice||
|
|switch|p1a: Rattata|Rattata, L96|100\/100
|turn|16
|choice||
|
|move|p1a: Rattata|Super Fang|p2a: Mr. Mime
|-damage|p2a: Mr. Mime|50\/100 par
|cant|p2a: Mr. Mime|par
|
|turn|17
|choice||
|
|move|p1a: Rattata|Body Slam|p2a: Mr. Mime
|-damage|p2a: Mr. Mime|12\/100 par
|move|p2a: Mr. Mime|Psychic|p1a: Rattata
|-damage|p1a: Rattata|40\/100
|-unboost|p1a: Rattata|spd|1
|-unboost|p1a: Rattata|spa|1
|
|turn|18
|choice||
|
|switch|p2a: Graveler|Graveler, L85|100\/100
|move|p1a: Rattata|Body Slam|p2a: Graveler
|-resisted|p2a: Graveler
|-damage|p2a: Graveler|87\/100
|-status|p2a: Graveler|par
|
|turn|19
|choice||
|
|move|p1a: Rattata|Bubble Beam|p2a: Graveler
|-crit|p2a: Graveler
|-supereffective|p2a: Graveler
|-damage|p2a: Graveler|0 fnt
|faint|p2a: Graveler
|choice||
|
|switch|p2a: Mr. Mime|Mr. Mime, L85|12\/100 par
|turn|20
|choice||
|
|move|p1a: Rattata|Body Slam|p2a: Mr. Mime
|-damage|p2a: Mr. Mime|0 fnt
|faint|p2a: Mr. Mime
|choice||
|
|switch|p2a: Clefairy|Clefairy, L95|100\/100
|turn|21
|choice||
|
|switch|p1a: Kabutops|Kabutops, L85|100\/100 par
|move|p2a: Clefairy|Counter|p1a: Kabutops
|-damage|p1a: Kabutops|80\/100 par
|
|turn|22
|choice||
|
|move|p2a: Clefairy|Metronome|p2a: Clefairy
|move|p2a: Clefairy|Hyper Beam|p1a: Kabutops|[from]Metronome
|-resisted|p1a: Kabutops
|-damage|p1a: Kabutops|61\/100 par
|cant|p1a: Kabutops|par
|
|turn|23
|-mustrecharge|p2a: Clefairy
|-mustrecharge|p2a: Clefairy
|choice||
|
|cant|p2a: Clefairy|recharge
|cant|p1a: Kabutops|par
|
|turn|24
|choice||
|
|move|p1a: Kabutops|Surf|p2a: Clefairy
|-damage|p2a: Clefairy|73\/100
|move|p2a: Clefairy|Counter|p1a: Kabutops
|-fail|p2a: Clefairy
|
|turn|25
|choice||
|
|move|p2a: Clefairy|Metronome|p2a: Clefairy
|move|p2a: Clefairy|Focus Energy|p2a: Clefairy|[from]Metronome
|-start|p2a: Clefairy|move: Focus Energy
|cant|p1a: Kabutops|par
|
|turn|26
|choice||
|
|move|p2a: Clefairy|Metronome|p2a: Clefairy
|move|p2a: Clefairy|Poison Powder|p1a: Kabutops|[from]Metronome
|-fail|p1a: Kabutops
|move|p1a: Kabutops|Surf|p2a: Clefairy
|-damage|p2a: Clefairy|43\/100
|
|turn|27
|choice||
|
|move|p2a: Clefairy|Metronome|p2a: Clefairy
|move|p2a: Clefairy|Stomp|p1a: Kabutops|[from]Metronome
|-resisted|p1a: Kabutops
|-damage|p1a: Kabutops|52\/100 par
|cant|p1a: Kabutops|flinch
|
|turn|28
|choice||
|
|move|p2a: Clefairy|Metronome|p2a: Clefairy
|move|p2a: Clefairy|Rock Throw|p1a: Kabutops|[from]Metronome
|-damage|p1a: Kabutops|42\/100 par
|cant|p1a: Kabutops|par
|
|turn|29
|choice||
|
|move|p2a: Clefairy|Metronome|p2a: Clefairy
|move|p2a: Clefairy|Leer|p1a: Kabutops|[from]Metronome
|-unboost|p1a: Kabutops|def|1
|move|p1a: Kabutops|Surf|p2a: Clefairy
|-damage|p2a: Clefairy|16\/100
|
|turn|30
|choice||
|
|move|p2a: Clefairy|Metronome|p2a: Clefairy
|move|p2a: Clefairy|Headbutt|p1a: Kabutops|[from]Metronome
|-resisted|p1a: Kabutops
|-damage|p1a: Kabutops|26\/100 par
|cant|p1a: Kabutops|flinch
|
|turn|31
|choice||
|
|move|p2a: Clefairy|Blizzard|p1a: Kabutops
|-resisted|p1a: Kabutops
|-damage|p1a: Kabutops|11\/100 par
|move|p1a: Kabutops|Surf|p2a: Clefairy
|-damage|p2a: Clefairy|0 fnt
|faint|p2a: Clefairy
|choice||
|
|switch|p2a: Flareon|Flareon, L90|100\/100
|turn|32
|choice||
|
|move|p2a: Flareon|Body Slam|p1a: Kabutops
|-resisted|p1a: Kabutops
|-damage|p1a: Kabutops|0 fnt
|faint|p1a: Kabutops
|choice||
|
|switch|p1a: Electrode|Electrode, L90|100\/100
|turn|33
|choice||
|
|move|p1a: Electrode|Screech|p2a: Flareon
|-unboost|p2a: Flareon|def|2
|move|p2a: Flareon|Body Slam|p1a: Electrode
|-damage|p1a: Electrode|69\/100
|-status|p1a: Electrode|par
|
|turn|34
|choice||
|
|move|p2a: Flareon|Fire Blast|p1a: Electrode
|-damage|p1a: Electrode|16\/100 par
|cant|p1a: Electrode|par
|
|turn|35
|choice||
|
|move|p2a: Flareon|Body Slam|p1a: Electrode
|-damage|p1a: Electrode|0 fnt
|faint|p1a: Electrode
|choice||
|
|switch|p1a: Rattata|Rattata, L96|40\/100
|turn|36
|choice||
|
|move|p2a: Flareon|Quick Attack|p1a: Rattata
|-damage|p1a: Rattata|18\/100
|move|p1a: Rattata|Body Slam|p2a: Flareon
|-damage|p2a: Flareon|38\/100
|
|turn|37
|choice||
|
|move|p2a: Flareon|Quick Attack|p1a: Rattata
|-damage|p1a: Rattata|0 fnt
|faint|p1a: Rattata
|choice||
|
|switch|p1a: Moltres|Moltres, L85|100\/100
|turn|38
|choice||
|
|move|p1a: Moltres|Sky Attack|p2a: Flareon|[still]
|-prepare|p1a: Moltres|Sky Attack|p2a: Flareon
|move|p2a: Flareon|Body Slam|p1a: Moltres
|-damage|p1a: Moltres|77\/100
|-status|p1a: Moltres|par
|
|turn|39
|choice||
|
|move|p2a: Flareon|Hyper Beam|p1a: Moltres
|-crit|p1a: Moltres
|-damage|p1a: Moltres|0 fnt
|faint|p1a: Moltres
|
|win|b1ackjack94
|player|p1
|player|p2
|raw|ssacchet's rating: 1450 &rarr; <strong>1428<\/strong><br \/>(-22 for losing)
|raw|b1ackjack94's rating: 1410 &rarr; <strong>1432<\/strong><br \/>(+22 for winning)
|c|★ssacchet|wow, gg
|l|ssacchet