|join|poopitypoo
|join|gen1masterrony
|player|p1|poopitypoo|263
|player|p2|gen1masterrony|169
|gametype|singles
|gen|1
|tier|[Gen 1] Random Battle
|rated
|rule|Sleep Clause Mod: Limit one foe put to sleep
|rule|Freeze Clause Mod: Limit one foe frozen
|rule|HP Percentage Mod: HP is shown in percentages
|
|start
|switch|p1a: Poliwrath|Poliwrath, L85|327\/327
|switch|p2a: Pidgeot|Pidgeot, L85|315\/315
|turn|1
|
|move|p2a: Pidgeot|Agility|p2a: Pidgeot
|-boost|p2a: Pidgeot|spe|2
|move|p1a: Poliwrath|Hypnosis|p2a: Pidgeot
|-status|p2a: Pidgeot|slp
|
|turn|2
|
|switch|p2a: Hypno|Hypno, L85|318\/318
|switch|p1a: Raichu|Raichu, L85|276\/276
|
|turn|3
|
|move|p1a: Raichu|Thunder|p2a: Hypno
|-damage|p2a: Hypno|220\/318
|move|p2a: Hypno|Hypnosis|p1a: Raichu|[miss]
|-miss|p2a: Hypno
|
|turn|4
|
|move|p1a: Raichu|Thunder|p2a: Hypno
|-damage|p2a: Hypno|117\/318
|move|p2a: Hypno|Hypnosis|p1a: Raichu|[miss]
|-miss|p2a: Hypno
|
|turn|5
|
|move|p1a: Raichu|Thunder|p2a: Hypno
|-damage|p2a: Hypno|9\/318
|move|p2a: Hypno|Hypnosis|p1a: Raichu|[miss]
|-miss|p2a: Hypno
|
|turn|6
|c|★gen1masterrony|wtf ??????????????????????
|
|move|p1a: Raichu|Thunderbolt|p2a: Hypno
|-damage|p2a: Hypno|0 fnt
|faint|p2a: Hypno
|
|switch|p2a: Gloom|Gloom, L85|276\/276
|turn|7
|
|switch|p1a: Butterfree|Butterfree, L85|276\/276
|move|p2a: Gloom|Sleep Powder|p1a: Butterfree|[miss]
|-miss|p2a: Gloom
|
|turn|8
|
|move|p1a: Butterfree|Psychic|p2a: Gloom
|-supereffective|p2a: Gloom
|-damage|p2a: Gloom|157\/276
|move|p2a: Gloom|Sleep Powder|p1a: Butterfree|[miss]
|-miss|p2a: Gloom
|
|turn|9
|c|★gen1masterrony|u fucking bastard
|
|move|p1a: Butterfree|Psychic|p2a: Gloom
|-supereffective|p2a: Gloom
|-damage|p2a: Gloom|44\/276
|move|p2a: Gloom|Sleep Powder|p1a: Butterfree
|-status|p1a: Butterfree|slp
|
|turn|10
|
|cant|p1a: Butterfree|slp
|-curestatus|p1a: Butterfree|slp
|move|p2a: Gloom|Swords Dance|p2a: Gloom
|-boost|p2a: Gloom|atk|2
|
|turn|11
|
|move|p1a: Butterfree|Psychic|p2a: Gloom
|-supereffective|p2a: Gloom
|-damage|p2a: Gloom|0 fnt
|faint|p2a: Gloom
|
|switch|p2a: Ditto|Ditto, L99|296\/296
|turn|12
|
|move|p1a: Butterfree|Sleep Powder|p2a: Ditto
|-message|Sleep Clause Mod activated.
|move|p2a: Ditto|Transform|p1a: Butterfree
|-transform|p2a: Ditto|p1a: Butterfree
|
|turn|13
|
|move|p2a: Ditto|Sleep Powder|p1a: Butterfree
|-status|p1a: Butterfree|slp
|cant|p1a: Butterfree|slp
|
|turn|14
|
|move|p2a: Ditto|Psychic|p1a: Butterfree
|-damage|p1a: Butterfree|204\/276 slp
|cant|p1a: Butterfree|slp
|
|turn|15
|
|cant|p1a: Butterfree|slp
|move|p2a: Ditto|Psychic|p1a: Butterfree
|-damage|p1a: Butterfree|131\/276 slp
|
|turn|16
|
|move|p2a: Ditto|Psychic|p1a: Butterfree
|-damage|p1a: Butterfree|66\/276 slp
|cant|p1a: Butterfree|slp
|
|turn|17
|
|cant|p1a: Butterfree|slp
|move|p2a: Ditto|Psychic|p1a: Butterfree
|-damage|p1a: Butterfree|0 fnt
|faint|p1a: Butterfree
|
|switch|p1a: Machamp|Machamp, L85|327\/327
|turn|18
|
|move|p2a: Ditto|Sleep Powder|p1a: Machamp
|-status|p1a: Machamp|slp
|cant|p1a: Machamp|slp
|
|turn|19
|
|move|p2a: Ditto|Psychic|p1a: Machamp
|-supereffective|p1a: Machamp
|-damage|p1a: Machamp|163\/327 slp
|-unboost|p1a: Machamp|spd|1
|-unboost|p1a: Machamp|spa|1
|cant|p1a: Machamp|slp
|
|turn|20
|
|switch|p2a: Mewtwo|Mewtwo, L70|293\/293
|cant|p1a: Machamp|slp
|-curestatus|p1a: Machamp|slp
|
|turn|21
|
|move|p2a: Mewtwo|Psychic|p1a: Machamp
|-supereffective|p1a: Machamp
|-damage|p1a: Machamp|0 fnt
|faint|p1a: Machamp
|
|switch|p1a: Venomoth|Venomoth, L85|293\/293
|turn|22
|
|move|p2a: Mewtwo|Psychic|p1a: Venomoth
|-crit|p1a: Venomoth
|-supereffective|p1a: Venomoth
|-damage|p1a: Venomoth|0 fnt
|faint|p1a: Venomoth
|
|switch|p1a: Kingler|Kingler, L85|267\/267
|turn|23
|
|move|p2a: Mewtwo|Thunderbolt|p1a: Kingler
|-supereffective|p1a: Kingler
|-damage|p1a: Kingler|88\/267
|-status|p1a: Kingler|par
|cant|p1a: Kingler|par
|
|turn|24
|-message|poopitypoo forfeited.
|
|win|gen1masterrony
|raw|Ladder updating...
|leave|poopitypoo
|player|p1
|raw|poopitypoo's rating: 1094 &rarr; <strong>1077<\/strong><br \/>(-17 for losing)
|raw|gen1masterrony's rating: 1201 &rarr; <strong>1219<\/strong><br \/>(+18 for winning)
|leave|gen1masterrony
|player|p2
|join|gen1masterrony