|join|Squadra di golbat
|join|khygku
|player|p1|Squadra di golbat|115
|player|p2|khygku|169
|gametype|singles
|gen|1
|tier|[Gen 1] Random Battle
|rated
|rule|Sleep Clause Mod: Limit one foe put to sleep
|rule|Freeze Clause Mod: Limit one foe frozen
|rule|HP Percentage Mod: HP is shown in percentages
|
|start
|switch|p1a: Caterpie|Caterpie, L99|290\/290
|switch|p2a: Electabuzz|Electabuzz, L85|284\/284
|turn|1
|
|move|p2a: Electabuzz|Psychic|p1a: Caterpie
|-damage|p1a: Caterpie|191\/290
|move|p1a: Caterpie|String Shot|p2a: Electabuzz
|-unboost|p2a: Electabuzz|spe|1
|
|turn|2
|
|move|p1a: Caterpie|String Shot|p2a: Electabuzz
|-unboost|p2a: Electabuzz|spe|1
|move|p2a: Electabuzz|Thunderbolt|p1a: Caterpie
|-damage|p1a: Caterpie|21\/290
|
|turn|3
|
|move|p1a: Caterpie|Tackle|p2a: Electabuzz
|-damage|p2a: Electabuzz|259\/284
|move|p2a: Electabuzz|Thunderbolt|p1a: Caterpie
|-damage|p1a: Caterpie|0 fnt
|faint|p1a: Caterpie
|
|switch|p1a: Snorlax|Snorlax, L79|415\/415
|turn|4
|
|move|p2a: Electabuzz|Thunderbolt|p1a: Snorlax
|-crit|p1a: Snorlax
|-damage|p1a: Snorlax|186\/415
|move|p1a: Snorlax|Earthquake|p2a: Electabuzz
|-supereffective|p2a: Electabuzz
|-damage|p2a: Electabuzz|74\/284
|
|turn|5
|
|move|p2a: Electabuzz|Thunderbolt|p1a: Snorlax
|-damage|p1a: Snorlax|61\/415
|move|p1a: Snorlax|Earthquake|p2a: Electabuzz
|-supereffective|p2a: Electabuzz
|-damage|p2a: Electabuzz|0 fnt
|faint|p2a: Electabuzz
|
|switch|p2a: Electrode|Electrode, L90|291\/291
|turn|6
|
|move|p2a: Electrode|Thunderbolt|p1a: Snorlax
|-damage|p1a: Snorlax|0 fnt
|faint|p1a: Snorlax
|
|switch|p1a: Mew|Mew, L74|300\/300
|turn|7
|
|move|p2a: Electrode|Thunderbolt|p1a: Mew
|-damage|p1a: Mew|191\/300
|move|p1a: Mew|Fissure|p2a: Electrode
|-immune|p2a: Electrode|[ohko]
|
|turn|8
|
|move|p2a: Electrode|Thunderbolt|p1a: Mew
|-damage|p1a: Mew|84\/300
|move|p1a: Mew|Soft-Boiled|p1a: Mew
|-heal|p1a: Mew|234\/300
|
|turn|9
|
|move|p2a: Electrode|Thunderbolt|p1a: Mew
|-damage|p1a: Mew|133\/300
|move|p1a: Mew|Psychic|p2a: Electrode
|-damage|p2a: Electrode|221\/291
|
|turn|10
|
|move|p2a: Electrode|Thunderbolt|p1a: Mew
|-damage|p1a: Mew|28\/300
|move|p1a: Mew|Soft-Boiled|p1a: Mew
|-heal|p1a: Mew|178\/300
|
|turn|11
|
|move|p2a: Electrode|Thunderbolt|p1a: Mew
|-damage|p1a: Mew|75\/300
|move|p1a: Mew|Soft-Boiled|p1a: Mew
|-heal|p1a: Mew|225\/300
|
|turn|12
|
|move|p2a: Electrode|Thunderbolt|p1a: Mew
|-damage|p1a: Mew|119\/300
|move|p1a: Mew|Soft-Boiled|p1a: Mew
|-heal|p1a: Mew|269\/300
|
|turn|13
|
|move|p2a: Electrode|Thunderbolt|p1a: Mew
|-damage|p1a: Mew|161\/300
|move|p1a: Mew|Psychic|p2a: Electrode
|-damage|p2a: Electrode|141\/291
|
|turn|14
|
|move|p2a: Electrode|Thunderbolt|p1a: Mew
|-damage|p1a: Mew|50\/300
|move|p1a: Mew|Soft-Boiled|p1a: Mew
|-heal|p1a: Mew|200\/300
|
|turn|15
|
|move|p2a: Electrode|Thunderbolt|p1a: Mew
|-crit|p1a: Mew
|-damage|p1a: Mew|0 fnt
|faint|p1a: Mew
|
|switch|p1a: Primeape|Primeape, L90|300\/300
|turn|16
|
|move|p2a: Electrode|Explosion|p1a: Primeape
|-crit|p1a: Primeape
|-damage|p1a: Primeape|0 fnt
|faint|p1a: Primeape
|faint|p2a: Electrode
|
|switch|p1a: Golbat|Golbat, L90|318\/318
|switch|p2a: Parasect|Parasect, L90|291\/291
|turn|17
|
|move|p1a: Golbat|Confuse Ray|p2a: Parasect
|-start|p2a: Parasect|confusion
|-activate|p2a: Parasect|confusion
|move|p2a: Parasect|Double-Edge|p1a: Golbat
|-crit|p1a: Golbat
|-damage|p1a: Golbat|153\/318
|-damage|p2a: Parasect|250\/291|[from] recoil|[of] p1a: Golbat
|
|turn|18
|
|switch|p1a: Lapras|Lapras, L79|367\/367
|-end|p2a: Parasect|confusion
|move|p2a: Parasect|Double-Edge|p1a: Lapras
|-damage|p1a: Lapras|280\/367
|-damage|p2a: Parasect|229\/291|[from] recoil|[of] p1a: Lapras
|
|turn|19
|
|move|p1a: Lapras|Blizzard|p2a: Parasect
|-supereffective|p2a: Parasect
|-damage|p2a: Parasect|0 fnt
|faint|p2a: Parasect
|
|switch|p2a: Ditto|Ditto, L99|296\/296
|turn|20
|
|move|p2a: Ditto|Transform|p1a: Lapras
|-transform|p2a: Ditto|p1a: Lapras
|move|p1a: Lapras|Ice Beam|p2a: Ditto
|-resisted|p2a: Ditto
|-damage|p2a: Ditto|271\/296
|
|turn|21
|
|move|p2a: Ditto|Thunderbolt|p1a: Lapras
|-supereffective|p1a: Lapras
|-damage|p1a: Lapras|153\/367
|move|p1a: Lapras|Thunderbolt|p2a: Ditto
|-supereffective|p2a: Ditto
|-damage|p2a: Ditto|137\/296
|-status|p2a: Ditto|par
|
|turn|22
|
|move|p1a: Lapras|Thunderbolt|p2a: Ditto
|-supereffective|p2a: Ditto
|-damage|p2a: Ditto|2\/296 par
|move|p2a: Ditto|Thunderbolt|p1a: Lapras
|-supereffective|p1a: Lapras
|-damage|p1a: Lapras|32\/367
|
|turn|23
|
|move|p1a: Lapras|Rest|p1a: Lapras
|-status|p1a: Lapras|slp
|-heal|p1a: Lapras|367\/367 slp|[silent]
|-status|p1a: Lapras|slp|[from] move: Rest
|cant|p2a: Ditto|par
|
|turn|24
|
|cant|p1a: Lapras|slp
|move|p2a: Ditto|Thunderbolt|p1a: Lapras
|-supereffective|p1a: Lapras
|-damage|p1a: Lapras|248\/367 slp
|
|turn|25
|
|-curestatus|p1a: Lapras|slp
|move|p2a: Ditto|Thunderbolt|p1a: Lapras
|-supereffective|p1a: Lapras
|-damage|p1a: Lapras|123\/367
|-status|p1a: Lapras|par
|
|turn|26
|
|move|p2a: Ditto|Thunderbolt|p1a: Lapras
|-supereffective|p1a: Lapras
|-damage|p1a: Lapras|0 fnt
|faint|p1a: Lapras
|
|switch|p1a: Golbat|Golbat, L90|153\/318
|turn|27
|
|move|p1a: Golbat|Mega Drain|p2a: Ditto
|-supereffective|p2a: Ditto
|-damage|p2a: Ditto|0 fnt
|-heal|p1a: Golbat|154\/318|[from] drain|[of] p2a: Ditto
|faint|p2a: Ditto
|
|switch|p2a: Onix|Onix, L90|246\/246
|turn|28
|
|move|p1a: Golbat|Mega Drain|p2a: Onix
|-crit|p2a: Onix
|-supereffective|p2a: Onix
|-damage|p2a: Onix|0 fnt
|-heal|p1a: Golbat|277\/318|[from] drain|[of] p2a: Onix
|faint|p2a: Onix
|
|switch|p2a: Wartortle|Wartortle, L85|274\/274
|turn|29
|
|move|p1a: Golbat|Mega Drain|p2a: Wartortle
|-supereffective|p2a: Wartortle
|-damage|p2a: Wartortle|210\/274
|-heal|p1a: Golbat|309\/318|[from] drain|[of] p2a: Wartortle
|move|p2a: Wartortle|Hydro Pump|p1a: Golbat
|-damage|p1a: Golbat|197\/318
|
|turn|30
|
|move|p1a: Golbat|Mega Drain|p2a: Wartortle
|-supereffective|p2a: Wartortle
|-damage|p2a: Wartortle|146\/274
|-heal|p1a: Golbat|229\/318|[from] drain|[of] p2a: Wartortle
|move|p2a: Wartortle|Body Slam|p1a: Golbat
|-damage|p1a: Golbat|177\/318
|
|turn|31
|
|move|p1a: Golbat|Mega Drain|p2a: Wartortle
|-supereffective|p2a: Wartortle
|-damage|p2a: Wartortle|80\/274
|-heal|p1a: Golbat|210\/318|[from] drain|[of] p2a: Wartortle
|move|p2a: Wartortle|Blizzard|p1a: Golbat
|-supereffective|p1a: Golbat
|-damage|p1a: Golbat|56\/318
|
|turn|32
|
|move|p1a: Golbat|Mega Drain|p2a: Wartortle
|-crit|p2a: Wartortle
|-supereffective|p2a: Wartortle
|-damage|p2a: Wartortle|0 fnt
|-heal|p1a: Golbat|96\/318|[from] drain|[of] p2a: Wartortle
|faint|p2a: Wartortle
|
|win|Squadra di golbat
|raw|Squadra di golbat's rating: 1124 &rarr; <strong>1140<\/strong><br \/>(+16 for winning)
|raw|khygku's rating: 1000 &rarr; <strong>1000<\/strong><br \/>(+0 for losing)
|leave|khygku
|player|p2