|join|MALESANI
|join|xelex
|player|p1|MALESANI|238
|player|p2|xelex|101
|gametype|singles
|gen|1
|tier|[Gen 1] Random Battle
|rated
|seed|24609,24817,43008,19115
|rule|Sleep Clause Mod: Limit one foe put to sleep
|rule|Freeze Clause Mod: Limit one foe frozen
|rule|HP Percentage Mod: HP is shown in percentages
|
|start
|switch|p1a: Gengar|Gengar, L79|257\/257
|switch|p2a: Venusaur|Venusaur, L85|310\/310
|turn|1
|choice|move 2|move 4
|
|move|p1a: Gengar|Psychic|p2a: Venusaur
|-supereffective|p2a: Venusaur
|-damage|p2a: Venusaur|192\/310
|-unboost|p2a: Venusaur|spd|1
|-unboost|p2a: Venusaur|spa|1
|move|p2a: Venusaur|Swords Dance|p2a: Venusaur
|-boost|p2a: Venusaur|atk|2
|
|turn|2
|choice|move 2|move 2
|
|move|p1a: Gengar|Psychic|p2a: Venusaur
|-supereffective|p2a: Venusaur
|-damage|p2a: Venusaur|16\/310
|move|p2a: Venusaur|Razor Leaf|p1a: Gengar
|-crit|p1a: Gengar
|-resisted|p1a: Gengar
|-damage|p1a: Gengar|206\/257
|
|turn|3
|choice|move 3|move 1
|
|move|p1a: Gengar|Mega Drain|p2a: Venusaur
|-crit|p2a: Venusaur
|-resisted|p2a: Venusaur
|-damage|p2a: Venusaur|3\/310
|-heal|p1a: Gengar|212\/257|[from] drain|[of] p2a: Venusaur
|move|p2a: Venusaur|Body Slam|p1a: Gengar
|-immune|p1a: Gengar|[msg]
|
|turn|4
|choice|move 3|move 2
|
|move|p1a: Gengar|Mega Drain|p2a: Venusaur
|-resisted|p2a: Venusaur
|-damage|p2a: Venusaur|0 fnt
|-heal|p1a: Gengar|213\/257|[from] drain|[of] p2a: Venusaur
|faint|p2a: Venusaur
|join|TassiQuinn
|choice||switch 2
|
|switch|p2a: Electrode|Electrode, L90|291\/291
|turn|5
|choice|move 1|move 2
|
|move|p2a: Electrode|Thunder Wave|p1a: Gengar
|-status|p1a: Gengar|par
|move|p1a: Gengar|Hypnosis|p2a: Electrode
|-status|p2a: Electrode|slp
|
|turn|6
|choice|move 2|move 4
|
|cant|p2a: Electrode|slp
|cant|p1a: Gengar|par
|
|turn|7
|choice|move 2|move 3
|
|cant|p2a: Electrode|slp
|move|p1a: Gengar|Psychic|p2a: Electrode
|-damage|p2a: Electrode|222\/291 slp
|
|turn|8
|choice|move 2|move 3
|
|cant|p2a: Electrode|slp
|move|p1a: Gengar|Psychic|p2a: Electrode
|-damage|p2a: Electrode|156\/291 slp
|
|turn|9
|choice|move 2|move 3
|
|cant|p2a: Electrode|slp
|move|p1a: Gengar|Psychic|p2a: Electrode
|-damage|p2a: Electrode|93\/291 slp
|
|turn|10
|choice|move 3|move 3
|
|-curestatus|p2a: Electrode|slp
|move|p1a: Gengar|Mega Drain|p2a: Electrode
|-damage|p2a: Electrode|62\/291
|-heal|p1a: Gengar|228\/257 par|[from] drain|[of] p2a: Electrode
|
|turn|11
|choice|move 2|move 3
|
|move|p2a: Electrode|Thunder|p1a: Gengar
|-damage|p1a: Gengar|121\/257 par
|move|p1a: Gengar|Psychic|p2a: Electrode
|-crit|p2a: Electrode
|-damage|p2a: Electrode|0 fnt
|faint|p2a: Electrode
|choice||switch 6
|
|switch|p2a: Mew|Mew, L74|300\/300
|turn|12
|choice|move 1|move 3
|
|move|p2a: Mew|Thunderbolt|p1a: Gengar
|-damage|p1a: Gengar|77\/257 par
|move|p1a: Gengar|Hypnosis|p2a: Mew|[miss]
|-miss|p1a: Gengar
|
|turn|13
|choice|move 4|move 3
|
|move|p2a: Mew|Thunderbolt|p1a: Gengar
|-damage|p1a: Gengar|30\/257 par
|move|p1a: Gengar|Explosion|p2a: Mew
|-damage|p2a: Mew|125\/300
|faint|p1a: Gengar
|choice|switch 3|
|
|switch|p1a: Persian|Persian, L79|265\/265
|turn|14
|choice|move 1|move 4
|
|move|p1a: Persian|Slash|p2a: Mew
|-crit|p2a: Mew
|-damage|p2a: Mew|20\/300
|move|p2a: Mew|Explosion|p1a: Persian
|-damage|p1a: Persian|23\/265
|faint|p2a: Mew
|choice||switch 5
|
|switch|p2a: Scyther|Scyther, L90|309\/309
|turn|15
|choice|switch 6|move 3
|
|switch|p1a: Hitmonchan|Hitmonchan, L90|273\/273
|move|p2a: Scyther|Slash|p1a: Hitmonchan
|-crit|p1a: Hitmonchan
|-damage|p1a: Hitmonchan|148\/273
|
|turn|16
|choice|move 1|move 2
|
|move|p2a: Scyther|Swords Dance|p2a: Scyther
|-boost|p2a: Scyther|atk|2
|move|p1a: Hitmonchan|Counter|p2a: Scyther
|-fail|p1a: Hitmonchan
|
|turn|17
|choice|move 3|move 3
|
|move|p2a: Scyther|Slash|p1a: Hitmonchan
|-crit|p1a: Hitmonchan
|-damage|p1a: Hitmonchan|35\/273
|move|p1a: Hitmonchan|Body Slam|p2a: Scyther
|-damage|p2a: Scyther|243\/309
|-status|p2a: Scyther|par
|
|turn|18
|choice|move 4|move 3
|
|move|p1a: Hitmonchan|Seismic Toss|p2a: Scyther
|-damage|p2a: Scyther|153\/309 par
|move|p2a: Scyther|Slash|p1a: Hitmonchan
|-crit|p1a: Hitmonchan
|-damage|p1a: Hitmonchan|0 fnt
|faint|p1a: Hitmonchan
|choice|switch 6|
|
|switch|p1a: Persian|Persian, L79|23\/265
|turn|19
|choice|move 3|move 3
|
|move|p1a: Persian|Thunderbolt|p2a: Scyther
|-crit|p2a: Scyther
|-supereffective|p2a: Scyther
|-damage|p2a: Scyther|0 fnt
|faint|p2a: Scyther
|choice||switch 3
|
|switch|p2a: Hitmonlee|Hitmonlee, L90|273\/273
|turn|20
|choice|switch 5|move 1
|
|switch|p1a: Slowbro|Slowbro, L79|312\/312
|move|p2a: Hitmonlee|High Jump Kick|p1a: Slowbro
|-resisted|p1a: Slowbro
|-damage|p1a: Slowbro|262\/312
|
|turn|21
|choice|move 3|move 2
|
|move|p2a: Hitmonlee|Mimic|p1a: Slowbro
|-start|p2a: Hitmonlee|Mimic|Thunder Wave
|move|p1a: Slowbro|Thunder Wave|p2a: Hitmonlee
|-status|p2a: Hitmonlee|par
|
|turn|22
|choice|move 2|move 2
|
|move|p1a: Slowbro|Amnesia|p1a: Slowbro
|-boost|p1a: Slowbro|spd|2
|-boost|p1a: Slowbro|spa|2
|move|p2a: Hitmonlee|Thunder Wave|p1a: Slowbro
|-status|p1a: Slowbro|par
|
|turn|23
|choice|move 4|move 3
|
|move|p1a: Slowbro|Surf|p2a: Hitmonlee
|-damage|p2a: Hitmonlee|50\/273 par
|cant|p2a: Hitmonlee|par
|
|turn|24
|choice|move 4|move 1
|
|move|p1a: Slowbro|Surf|p2a: Hitmonlee
|-damage|p2a: Hitmonlee|0 fnt
|faint|p2a: Hitmonlee
|choice||switch 4
|
|switch|p2a: Drowzee|Drowzee, L96|310\/310
|turn|25
|choice|move 3|move 4
|
|move|p1a: Slowbro|Thunder Wave|p2a: Drowzee
|-status|p2a: Drowzee|par
|move|p2a: Drowzee|Counter|p1a: Slowbro
|-fail|p2a: Drowzee
|
|turn|26
|leave|TassiQuinn
|choice|switch 4|move 4
|
|switch|p1a: Meowth|Meowth, L96|272\/272
|cant|p2a: Drowzee|par
|
|turn|27
|choice|switch 2|move 1
|
|switch|p1a: Mewtwo|Mewtwo, L70|293\/293
|cant|p2a: Drowzee|par
|
|turn|28
|choice|move 1|move 1
|
|move|p1a: Mewtwo|Psychic|p2a: Drowzee
|-resisted|p2a: Drowzee
|-damage|p2a: Drowzee|265\/310 par
|move|p2a: Drowzee|Thunder Wave|p1a: Mewtwo
|-status|p1a: Mewtwo|par
|
|turn|29
|choice|move 4|move 3
|
|move|p1a: Mewtwo|Amnesia|p1a: Mewtwo
|-boost|p1a: Mewtwo|spd|2
|-boost|p1a: Mewtwo|spa|2
|cant|p2a: Drowzee|par
|
|turn|30
|choice|move 1|move 3
|
|move|p1a: Mewtwo|Psychic|p2a: Drowzee
|-resisted|p2a: Drowzee
|-damage|p2a: Drowzee|189\/310 par
|move|p2a: Drowzee|Rest|p2a: Drowzee
|-status|p2a: Drowzee|slp
|-heal|p2a: Drowzee|310\/310 slp|[silent]
|-status|p2a: Drowzee|slp|[from] move: Rest
|
|turn|31
|choice|move 4|move 3
|
|move|p1a: Mewtwo|Amnesia|p1a: Mewtwo
|-boost|p1a: Mewtwo|spd|2
|-boost|p1a: Mewtwo|spa|2
|cant|p2a: Drowzee|slp
|
|turn|32
|-message|xelex forfeited.
|
|win|MALESANI
|leave|xelex
|player|p2
|raw|MALESANI's rating: 1282 &rarr; <strong>1300<\/strong><br \/>(+18 for winning)
|raw|xelex's rating: 1177 &rarr; <strong>1159<\/strong><br \/>(-18 for losing)