|j|Tendoh
|j|Rawmanau
|player|p1|Tendoh|2
|player|p2|Rawmanau|161
|gametype|singles
|gen|1
|tier|[Gen 1] OU
|rated
|seed|
|rule|Sleep Clause Mod: Limit one foe put to sleep
|rule|Freeze Clause Mod: Limit one foe frozen
|rule|Species Clause: Limit one of each Pokémon
|rule|OHKO Clause: OHKO moves are banned
|rule|Evasion Moves Clause: Evasion moves are banned
|rule|HP Percentage Mod: HP is shown in percentages
|
|start
|switch|p1a: Luma|Starmie|100\/100
|switch|p2a: Jean Jarre|Gengar|100\/100
|turn|1
|choice||
|
|move|p1a: Luma|Blizzard|p2a: Jean Jarre
|-crit|p2a: Jean Jarre
|-damage|p2a: Jean Jarre|54\/100
|move|p2a: Jean Jarre|Hypnosis|p1a: Luma
|-status|p1a: Luma|slp
|
|turn|2
|choice||
|
|switch|p1a: Kim Peek|Alakazam|100\/100
|move|p2a: Jean Jarre|Mega Drain|p1a: Kim Peek
|-damage|p1a: Kim Peek|91\/100
|-heal|p2a: Jean Jarre|58\/100|[from] drain|[of] p1a: Kim Peek
|
|turn|3
|choice||
|
|switch|p2a: Fishlax|Snorlax|100\/100
|move|p1a: Kim Peek|Psychic|p2a: Fishlax
|-damage|p2a: Fishlax|66\/100
|-unboost|p2a: Fishlax|spd|1
|-unboost|p2a: Fishlax|spa|1
|
|turn|4
|choice||
|
|move|p1a: Kim Peek|Psychic|p2a: Fishlax
|-crit|p2a: Fishlax
|-damage|p2a: Fishlax|0 fnt
|faint|p2a: Fishlax
|choice||
|
|switch|p2a: The Rock|Tauros|100\/100
|turn|5
|choice||
|
|move|p1a: Kim Peek|Psychic|p2a: The Rock
|-damage|p2a: The Rock|57\/100
|-unboost|p2a: The Rock|spd|1
|-unboost|p2a: The Rock|spa|1
|move|p2a: The Rock|Body Slam|p1a: Kim Peek
|-damage|p1a: Kim Peek|44\/100
|
|turn|6
|choice||
|
|switch|p2a: Moustachos|Alakazam|100\/100
|move|p1a: Kim Peek|Psychic|p2a: Moustachos
|-crit|p2a: Moustachos
|-resisted|p2a: Moustachos
|-damage|p2a: Moustachos|68\/100
|-unboost|p2a: Moustachos|spd|1
|-unboost|p2a: Moustachos|spa|1
|
|turn|7
|j|deuterium127
|choice||
|
|switch|p1a: Whorey|Chansey|100\/100
|move|p2a: Moustachos|Thunder Wave|p1a: Whorey
|-status|p1a: Whorey|par
|
|turn|8
|choice||
|
|switch|p2a: Tobybro|Slowbro|100\/100
|move|p1a: Whorey|Ice Beam|p2a: Tobybro
|-resisted|p2a: Tobybro
|-damage|p2a: Tobybro|89\/100
|
|turn|9
|choice||
|
|switch|p2a: John Cena|Machamp|100\/100
|move|p1a: Whorey|Sing|p2a: John Cena|[miss]
|-miss|p1a: Whorey
|
|turn|10
|choice||
|
|switch|p1a: Digitamamon|Exeggutor|100\/100
|move|p2a: John Cena|Submission|p1a: Digitamamon
|-resisted|p1a: Digitamamon
|-damage|p1a: Digitamamon|85\/100
|-damage|p2a: John Cena|97\/100|[from] recoil|[of] p1a: Digitamamon
|
|turn|11
|choice||
|
|switch|p2a: Jean Jarre|Gengar|58\/100
|move|p1a: Digitamamon|Psychic|p2a: Jean Jarre
|-supereffective|p2a: Jean Jarre
|-damage|p2a: Jean Jarre|0 fnt
|faint|p2a: Jean Jarre
|choice||
|
|switch|p2a: The Rock|Tauros|57\/100
|turn|12
|choice||
|
|move|p2a: The Rock|Blizzard|p1a: Digitamamon
|-supereffective|p1a: Digitamamon
|-damage|p1a: Digitamamon|51\/100
|move|p1a: Digitamamon|Sleep Powder|p2a: The Rock
|-status|p2a: The Rock|slp
|
|turn|13
|choice||
|
|switch|p2a: Moustachos|Alakazam|68\/100
|move|p1a: Digitamamon|Psychic|p2a: Moustachos
|-resisted|p2a: Moustachos
|-damage|p2a: Moustachos|51\/100
|
|turn|14
|choice||
|
|move|p2a: Moustachos|Recover|p2a: Moustachos
|-heal|p2a: Moustachos|100\/100
|move|p1a: Digitamamon|Double-Edge|p2a: Moustachos
|-damage|p2a: Moustachos|61\/100
|-damage|p1a: Digitamamon|43\/100|[from] recoil|[of] p2a: Moustachos
|
|turn|15
|choice||
|
|move|p2a: Moustachos|Thunder Wave|p1a: Digitamamon
|-status|p1a: Digitamamon|par
|move|p1a: Digitamamon|Explosion|p2a: Moustachos
|-damage|p2a: Moustachos|0 fnt
|faint|p2a: Moustachos
|faint|p1a: Digitamamon
|choice||
|
|switch|p1a: Corrida|Tauros|100\/100
|switch|p2a: John Cena|Machamp|97\/100
|turn|16
|choice||
|
|move|p1a: Corrida|Body Slam|p2a: John Cena
|-damage|p2a: John Cena|64\/100
|move|p2a: John Cena|Counter|p1a: Corrida
|-damage|p1a: Corrida|31\/100
|
|turn|17
|choice||
|
|switch|p1a: Kim Peek|Alakazam|44\/100
|switch|p2a: Tobybro|Slowbro|89\/100
|
|turn|18
|choice||
|
|move|p1a: Kim Peek|Thunder Wave|p2a: Tobybro
|-status|p2a: Tobybro|par
|cant|p2a: Tobybro|par
|
|turn|19
|choice||
|
|move|p1a: Kim Peek|Recover|p1a: Kim Peek
|-heal|p1a: Kim Peek|93\/100
|cant|p2a: Tobybro|par
|
|turn|20
|choice||
|
|move|p1a: Kim Peek|Seismic Toss|p2a: Tobybro
|-damage|p2a: Tobybro|63\/100 par
|move|p2a: Tobybro|Thunder Wave|p1a: Kim Peek
|-status|p1a: Kim Peek|par
|
|turn|21
|choice||
|
|switch|p1a: Denver|Dragonite|100\/100
|move|p2a: Tobybro|Rest|p2a: Tobybro
|-status|p2a: Tobybro|slp
|-heal|p2a: Tobybro|100\/100 slp|[silent]
|-status|p2a: Tobybro|slp|[from] move: Rest
|
|turn|22
|choice||
|
|switch|p2a: The Rock|Tauros|57\/100 slp
|move|p1a: Denver|Agility|p1a: Denver
|-boost|p1a: Denver|spe|2
|
|turn|23
|choice||
|
|switch|p2a: Tobybro|Slowbro|100\/100 slp
|move|p1a: Denver|Blizzard|p2a: Tobybro
|-resisted|p2a: Tobybro
|-damage|p2a: Tobybro|88\/100 slp
|
|turn|24
|choice||
|
|move|p1a: Denver|Blizzard|p2a: Tobybro|[miss]
|-miss|p1a: Denver
|cant|p2a: Tobybro|slp
|
|turn|25
|choice||
|
|move|p1a: Denver|Hyper Beam|p2a: Tobybro
|-damage|p2a: Tobybro|51\/100 slp
|-curestatus|p2a: Tobybro|slp
|
|turn|26
|-mustrecharge|p1a: Denver
|-mustrecharge|p1a: Denver
|choice||
|
|cant|p1a: Denver|recharge
|move|p2a: Tobybro|Thunder Wave|p1a: Denver
|-status|p1a: Denver|par
|
|turn|27
|choice||
|
|switch|p1a: Corrida|Tauros|31\/100
|move|p2a: Tobybro|Rest|p2a: Tobybro
|-status|p2a: Tobybro|slp
|-heal|p2a: Tobybro|100\/100 slp|[silent]
|-status|p2a: Tobybro|slp|[from] move: Rest
|
|turn|28
|choice||
|
|move|p1a: Corrida|Body Slam|p2a: Tobybro
|-damage|p2a: Tobybro|79\/100 slp
|cant|p2a: Tobybro|slp
|
|turn|29
|choice||
|
|move|p1a: Corrida|Body Slam|p2a: Tobybro
|-damage|p2a: Tobybro|57\/100 slp
|-curestatus|p2a: Tobybro|slp
|
|turn|30
|choice||
|
|move|p1a: Corrida|Body Slam|p2a: Tobybro
|-damage|p2a: Tobybro|34\/100
|move|p2a: Tobybro|Surf|p1a: Corrida
|-damage|p1a: Corrida|0 fnt
|faint|p1a: Corrida
|choice||
|
|switch|p1a: Whorey|Chansey|100\/100 par
|turn|31
|choice||
|
|switch|p2a: The Rock|Tauros|57\/100 slp
|move|p1a: Whorey|Sing|p2a: The Rock
|-fail|p2a: The Rock|slp
|
|turn|32
|choice||
|
|cant|p2a: The Rock|slp
|move|p1a: Whorey|Ice Beam|p2a: The Rock
|-damage|p2a: The Rock|32\/100 slp
|
|turn|33
|choice||
|
|switch|p2a: Tobybro|Slowbro|34\/100
|cant|p1a: Whorey|par
|
|turn|34
|choice||
|
|switch|p1a: Luma|Starmie|100\/100 slp
|move|p2a: Tobybro|Rest|p2a: Tobybro
|-status|p2a: Tobybro|slp
|-heal|p2a: Tobybro|100\/100 slp|[silent]
|-status|p2a: Tobybro|slp|[from] move: Rest
|
|turn|35
|choice||
|
|switch|p2a: The Rock|Tauros|32\/100 slp
|cant|p1a: Luma|slp
|
|turn|36
|choice||
|
|cant|p1a: Luma|slp
|-curestatus|p2a: The Rock|slp
|
|turn|37
|choice||
|
|cant|p1a: Luma|slp
|move|p2a: The Rock|Body Slam|p1a: Luma
|-damage|p1a: Luma|66\/100 slp
|
|turn|38
|choice||
|
|cant|p1a: Luma|slp
|move|p2a: The Rock|Hyper Beam|p1a: Luma
|-damage|p1a: Luma|7\/100 slp
|
|turn|39
|-mustrecharge|p2a: The Rock
|-mustrecharge|p2a: The Rock
|choice||
|
|-curestatus|p1a: Luma|slp
|cant|p2a: The Rock|recharge
|
|turn|40
|choice||
|
|switch|p2a: Tobybro|Slowbro|100\/100 slp
|move|p1a: Luma|Blizzard|p2a: Tobybro|[miss]
|-miss|p1a: Luma
|
|turn|41
|choice||
|
|move|p1a: Luma|Recover|p1a: Luma
|-heal|p1a: Luma|57\/100
|cant|p2a: Tobybro|slp
|
|turn|42
|choice||
|
|move|p1a: Luma|Thunderbolt|p2a: Tobybro
|-supereffective|p2a: Tobybro
|-damage|p2a: Tobybro|57\/100 slp
|-curestatus|p2a: Tobybro|slp
|
|turn|43
|choice||
|
|move|p1a: Luma|Thunderbolt|p2a: Tobybro
|-supereffective|p2a: Tobybro
|-damage|p2a: Tobybro|13\/100
|move|p2a: Tobybro|Thunder Wave|p1a: Luma
|-status|p1a: Luma|par
|
|turn|44
|choice||
|
|switch|p2a: John Cena|Machamp|64\/100
|move|p1a: Luma|Thunderbolt|p2a: John Cena
|-damage|p2a: John Cena|38\/100
|
|turn|45
|choice||
|
|switch|p1a: Denver|Dragonite|100\/100 par
|move|p2a: John Cena|Hyper Beam|p1a: Denver
|-damage|p1a: Denver|63\/100 par
|
|turn|46
|-mustrecharge|p2a: John Cena
|-mustrecharge|p2a: John Cena
|choice||
|
|cant|p2a: John Cena|recharge
|cant|p1a: Denver|par
|
|turn|47
|choice||
|
|switch|p2a: Tobybro|Slowbro|13\/100
|move|p1a: Denver|Blizzard|p2a: Tobybro|[miss]
|-miss|p1a: Denver
|
|turn|48
|choice||
|
|switch|p1a: Luma|Starmie|57\/100 par
|move|p2a: Tobybro|Amnesia|p2a: Tobybro
|-boost|p2a: Tobybro|spd|2
|-boost|p2a: Tobybro|spa|2
|
|turn|49
|choice||
|
|move|p2a: Tobybro|Surf|p1a: Luma
|-resisted|p1a: Luma
|-damage|p1a: Luma|28\/100 par
|move|p1a: Luma|Thunderbolt|p2a: Tobybro
|-supereffective|p2a: Tobybro
|-damage|p2a: Tobybro|0 fnt
|faint|p2a: Tobybro
|j|Kyle79
|choice||
|
|switch|p2a: The Rock|Tauros|32\/100
|turn|50
|l|Kyle79
|choice||
|
|switch|p1a: Denver|Dragonite|63\/100 par
|move|p2a: The Rock|Body Slam|p1a: Denver
|-damage|p1a: Denver|36\/100 par
|
|turn|51
|choice||
|
|move|p2a: The Rock|Blizzard|p1a: Denver
|-crit|p1a: Denver
|-supereffective|p1a: Denver
|-damage|p1a: Denver|0 fnt
|faint|p1a: Denver
|choice||
|
|switch|p1a: Kim Peek|Alakazam|93\/100 par
|turn|52
|choice||
|
|move|p2a: The Rock|Hyper Beam|p1a: Kim Peek
|-damage|p1a: Kim Peek|0 fnt
|faint|p1a: Kim Peek
|choice||
|
|switch|p1a: Whorey|Chansey|100\/100 par
|turn|53
|choice||
|
|move|p2a: The Rock|Body Slam|p1a: Whorey
|-damage|p1a: Whorey|63\/100 par
|move|p1a: Whorey|Sing|p2a: The Rock
|-status|p2a: The Rock|slp
|
|turn|54
|choice||
|
|cant|p2a: The Rock|slp
|move|p1a: Whorey|Ice Beam|p2a: The Rock
|-damage|p2a: The Rock|2\/100 slp
|
|turn|55
|choice||
|
|cant|p2a: The Rock|slp
|move|p1a: Whorey|Soft-Boiled|p1a: Whorey
|-heal|p1a: Whorey|100\/100 par
|
|turn|56
|choice||
|
|-curestatus|p2a: The Rock|slp
|cant|p1a: Whorey|par
|
|turn|57
|choice||
|
|move|p2a: The Rock|Hyper Beam|p1a: Whorey
|-damage|p1a: Whorey|29\/100 par
|move|p1a: Whorey|Ice Beam|p2a: The Rock
|-crit|p2a: The Rock
|-damage|p2a: The Rock|0 fnt
|faint|p2a: The Rock
|choice||
|
|switch|p2a: John Cena|Machamp|38\/100
|turn|58
|choice||
|
|move|p2a: John Cena|Submission|p1a: Whorey
|-supereffective|p1a: Whorey
|-damage|p1a: Whorey|0 fnt
|-damage|p2a: John Cena|25\/100|[from] recoil|[of] p1a: Whorey
|faint|p1a: Whorey
|choice||
|
|switch|p1a: Luma|Starmie|28\/100 par
|turn|59
|choice||
|
|move|p2a: John Cena|Earthquake|p1a: Luma
|-damage|p1a: Luma|0 fnt
|faint|p1a: Luma
|
|win|Rawmanau
|player|p1
|player|p2
|raw|Tendoh's rating: 1388 &rarr; <strong>1358<\/strong><br \/>(-30 for losing)
|raw|Rawmanau's rating: 1196 &rarr; <strong>1234<\/strong><br \/>(+38 for winning)
|l|Tendoh
|j|Peasounay