|j|Hyper Rosso
|j|marcoasd
|player|p1|Hyper Rosso|153
|player|p2|marcoasd|170
|gametype|singles
|gen|1
|tier|[Gen 1] OU
|seed|28044,36283,9853,57012
|rule|Sleep Clause Mod: Limit one foe put to sleep
|rule|Freeze Clause Mod: Limit one foe frozen
|rule|Species Clause: Limit one of each Pokémon
|rule|OHKO Clause: OHKO moves are banned
|rule|Evasion Moves Clause: Evasion moves are banned
|rule|HP Percentage Mod: HP is shown in percentages
|
|start
|switch|p1a: Jynx|Jynx|333\/333
|switch|p2a: Starmie|Starmie|323\/323
|turn|1
|choice|move 1|move 3
|
|move|p2a: Starmie|Thunder Wave|p1a: Jynx
|-status|p1a: Jynx|par
|cant|p1a: Jynx|par
|
|turn|2
|choice|move 1|move 2
|
|move|p2a: Starmie|Psychic|p1a: Jynx
|-resisted|p1a: Jynx
|-damage|p1a: Jynx|279\/333 par
|-unboost|p1a: Jynx|spd|1
|-unboost|p1a: Jynx|spa|1
|move|p1a: Jynx|Lovely Kiss|p2a: Starmie
|-status|p2a: Starmie|slp
|
|turn|3
|choice|switch 6|move 2
|
|switch|p1a: Jolteon|Jolteon|333\/333
|cant|p2a: Starmie|slp
|
|turn|4
|choice|move 2|switch 3
|
|switch|p2a: Chansey|Chansey|703\/703
|move|p1a: Jolteon|Thunder Wave|p2a: Chansey
|-status|p2a: Chansey|par
|
|turn|5
|choice|move 4|move 1
|
|move|p1a: Jolteon|Double Kick|p2a: Chansey
|-supereffective|p2a: Chansey
|-damage|p2a: Chansey|607\/703 par
|-damage|p2a: Chansey|511\/703 par
|-hitcount|p2a: Chansey|2
|move|p2a: Chansey|Thunder Wave|p1a: Jolteon
|-status|p1a: Jolteon|par
|
|turn|6
|choice|move 3|move 4
|
|move|p1a: Jolteon|Pin Missile|p2a: Chansey
|-damage|p2a: Chansey|487\/703 par
|-damage|p2a: Chansey|463\/703 par
|-damage|p2a: Chansey|439\/703 par
|-damage|p2a: Chansey|415\/703 par
|-hitcount|p2a: Chansey|4
|move|p2a: Chansey|Soft-Boiled|p2a: Chansey
|-heal|p2a: Chansey|703\/703 par
|
|turn|7
|choice|switch 4|switch 6
|
|switch|p1a: Snorlax|Snorlax|523\/523
|switch|p2a: Snorlax|Snorlax|523\/523
|
|turn|8
|choice|move 3|move 3
|
|move|p2a: Snorlax|Reflect|p2a: Snorlax
|-start|p2a: Snorlax|Reflect
|move|p1a: Snorlax|Counter|p2a: Snorlax
|-fail|p1a: Snorlax
|
|turn|9
|choice|move 1|move 1
|
|move|p2a: Snorlax|Body Slam|p1a: Snorlax
|-damage|p1a: Snorlax|383\/523
|move|p1a: Snorlax|Body Slam|p2a: Snorlax
|-damage|p2a: Snorlax|456\/523
|
|turn|10
|choice|move 3|move 3
|
|move|p2a: Snorlax|Reflect|p2a: Snorlax
|-fail|p2a: Snorlax
|move|p1a: Snorlax|Counter|p2a: Snorlax
|-fail|p1a: Snorlax
|
|turn|11
|choice|move 3|move 1
|
|move|p2a: Snorlax|Body Slam|p1a: Snorlax
|-damage|p1a: Snorlax|246\/523
|move|p1a: Snorlax|Counter|p2a: Snorlax
|-damage|p2a: Snorlax|182\/523
|
|turn|12
|choice|switch 3|move 4
|
|switch|p1a: Exeggutor|Exeggutor|393\/393
|move|p2a: Snorlax|Rest|p2a: Snorlax
|-status|p2a: Snorlax|slp
|-heal|p2a: Snorlax|523\/523 slp|[silent]
|-status|p2a: Snorlax|slp|[from] move: Rest
|
|turn|13
|choice|move 3|switch 2
|
|switch|p2a: Exeggutor|Exeggutor|393\/393
|move|p1a: Exeggutor|Psychic|p2a: Exeggutor
|-crit|p2a: Exeggutor
|-resisted|p2a: Exeggutor
|-damage|p2a: Exeggutor|294\/393
|
|turn|14
|choice|move 2|move 2
|
|move|p2a: Exeggutor|Double-Edge|p1a: Exeggutor
|-damage|p1a: Exeggutor|314\/393
|-damage|p2a: Exeggutor|275\/393|[from] recoil|[of] p1a: Exeggutor
|move|p1a: Exeggutor|Stun Spore|p2a: Exeggutor
|-status|p2a: Exeggutor|par
|
|turn|15
|choice|switch 4|move 2
|
|switch|p1a: Jolteon|Jolteon|333\/333 par
|move|p2a: Exeggutor|Double-Edge|p1a: Jolteon
|-damage|p1a: Jolteon|224\/333 par
|-damage|p2a: Exeggutor|248\/393 par|[from] recoil|[of] p1a: Jolteon
|
|turn|16
|choice|move 3|switch 6
|
|switch|p2a: Chansey|Chansey|703\/703 par
|move|p1a: Jolteon|Pin Missile|p2a: Chansey
|-damage|p2a: Chansey|678\/703 par
|-damage|p2a: Chansey|653\/703 par
|-damage|p2a: Chansey|628\/703 par
|-hitcount|p2a: Chansey|3
|
|turn|17
|choice|move 4|move 2
|
|move|p1a: Jolteon|Double Kick|p2a: Chansey
|-supereffective|p2a: Chansey
|-damage|p2a: Chansey|534\/703 par
|-damage|p2a: Chansey|440\/703 par
|-hitcount|p2a: Chansey|2
|move|p2a: Chansey|Seismic Toss|p1a: Jolteon
|-damage|p1a: Jolteon|124\/333 par
|
|turn|18
|choice|move 4|move 4
|
|move|p1a: Jolteon|Double Kick|p2a: Chansey
|-crit|p2a: Chansey
|-supereffective|p2a: Chansey
|-damage|p2a: Chansey|235\/703 par
|-damage|p2a: Chansey|30\/703 par
|-hitcount|p2a: Chansey|2
|move|p2a: Chansey|Soft-Boiled|p2a: Chansey
|-heal|p2a: Chansey|381\/703 par
|
|turn|19
|choice|move 4|move 4
|
|move|p1a: Jolteon|Double Kick|p2a: Chansey
|-crit|p2a: Chansey
|-supereffective|p2a: Chansey
|-damage|p2a: Chansey|203\/703 par
|-damage|p2a: Chansey|25\/703 par
|-hitcount|p2a: Chansey|2
|cant|p2a: Chansey|par
|
|turn|20
|c|★Hyper Rosso|lol
|c|★Hyper Rosso|sry
|choice|move 3|move 4
|
|move|p1a: Jolteon|Pin Missile|p2a: Chansey
|-damage|p2a: Chansey|2\/703 par
|-damage|p2a: Chansey|0 fnt
|-hitcount|p2a: Chansey|2
|faint|p2a: Chansey
|c|★marcoasd|succede
|choice||switch 5
|
|switch|p2a: Tauros|Tauros|353\/353
|turn|21
|j|Jovinco
|choice|move 2|move 1
|
|move|p2a: Tauros|Body Slam|p1a: Jolteon
|-crit|p1a: Jolteon
|-damage|p1a: Jolteon|0 fnt
|faint|p1a: Jolteon
|choice|switch 4|
|
|switch|p1a: Exeggutor|Exeggutor|314\/393
|turn|22
|choice|move 3|switch 3
|
|switch|p2a: Starmie|Starmie|323\/323 slp
|move|p1a: Exeggutor|Psychic|p2a: Starmie
|-resisted|p2a: Starmie
|-damage|p2a: Starmie|264\/323 slp
|-unboost|p2a: Starmie|spd|1
|-unboost|p2a: Starmie|spa|1
|
|turn|23
|choice|move 3|switch 6
|
|switch|p2a: Exeggutor|Exeggutor|248\/393 par
|move|p1a: Exeggutor|Psychic|p2a: Exeggutor
|-resisted|p2a: Exeggutor
|-damage|p2a: Exeggutor|193\/393 par
|
|turn|24
|choice|move 3|switch 3
|
|switch|p2a: Tauros|Tauros|353\/353
|move|p1a: Exeggutor|Psychic|p2a: Tauros
|-damage|p2a: Tauros|200\/353
|
|turn|25
|choice|move 4|move 4
|
|move|p2a: Tauros|Blizzard|p1a: Exeggutor|[miss]
|-miss|p2a: Tauros
|move|p1a: Exeggutor|Explosion|p2a: Tauros
|-damage|p2a: Tauros|0 fnt
|faint|p2a: Tauros
|faint|p1a: Exeggutor
|c|★Hyper Rosso|non riesco ad annullare oh
|choice|switch 3|switch 2
|
|switch|p1a: Snorlax|Snorlax|246\/523
|switch|p2a: Snorlax|Snorlax|523\/523 slp
|turn|26
|choice|move 4|move 1
|
|cant|p2a: Snorlax|slp
|move|p1a: Snorlax|Self-Destruct|p2a: Snorlax
|-damage|p2a: Snorlax|102\/523 slp
|faint|p1a: Snorlax
|choice|switch 5|
|
|switch|p1a: Tauros|Tauros|353\/353
|turn|27
|choice|move 1|move 4
|
|move|p1a: Tauros|Body Slam|p2a: Snorlax
|-crit|p2a: Snorlax
|-damage|p2a: Snorlax|0 fnt
|faint|p2a: Snorlax
|choice||switch 3
|
|switch|p2a: Exeggutor|Exeggutor|193\/393 par
|turn|28
|choice|switch 6|move 4
|
|switch|p1a: Jynx|Jynx|279\/333 par
|move|p2a: Exeggutor|Explosion|p1a: Jynx
|-damage|p1a: Jynx|0 fnt
|faint|p1a: Jynx
|faint|p2a: Exeggutor
|j|Court of miracles
|choice|switch 6|switch 4
|
|switch|p2a: Alakazam|Alakazam|313\/313
|switch|p1a: Tauros|Tauros|353\/353
|turn|29
|c| Court of miracles|ti stai allenando duramente eh hype
|choice|move 2|move 1
|
|move|p2a: Alakazam|Thunder Wave|p1a: Tauros
|-status|p1a: Tauros|par
|move|p1a: Tauros|Earthquake|p2a: Alakazam
|-damage|p2a: Alakazam|195\/313
|
|turn|30
|c|★Hyper Rosso|più o meno
|choice|move 1|move 3
|
|move|p2a: Alakazam|Reflect|p2a: Alakazam
|-start|p2a: Alakazam|Reflect
|move|p1a: Tauros|Body Slam|p2a: Alakazam
|-damage|p2a: Alakazam|121\/313
|-status|p2a: Alakazam|par
|
|turn|31
|choice|move 3|move 4
|
|move|p2a: Alakazam|Recover|p2a: Alakazam
|-heal|p2a: Alakazam|277\/313 par
|move|p1a: Tauros|Hyper Beam|p2a: Alakazam|[miss]
|-miss|p1a: Tauros
|
|turn|32
|c| Court of miracles|qui forse era meglio usare subito body slam
|choice|move 1|move 2
|
|move|p2a: Alakazam|Psychic|p1a: Tauros
|-damage|p1a: Tauros|185\/353 par
|-unboost|p1a: Tauros|spd|1
|-unboost|p1a: Tauros|spa|1
|cant|p1a: Tauros|par
|
|turn|33
|c| Court of miracles|o volevi metterlo in rage ?
|choice|switch 2|move 2
|
|switch|p1a: Chansey|Chansey|703\/703
|cant|p2a: Alakazam|par
|
|turn|34
|c|★Hyper Rosso|volevo 2hko
|c|★Hyper Rosso|magari con il poco di eq non recoverava
|choice|move 3|move 2
|
|move|p1a: Chansey|Ice Beam|p2a: Alakazam
|-damage|p2a: Alakazam|211\/313 par
|move|p2a: Alakazam|Psychic|p1a: Chansey
|-damage|p1a: Chansey|578\/703
|
|turn|35
|c|★marcoasd|più che altro perchè eq
|choice|move 3|move 4
|
|move|p1a: Chansey|Ice Beam|p2a: Alakazam
|-damage|p2a: Alakazam|153\/313 par
|cant|p2a: Alakazam|par
|
|turn|36
|choice|move 3|move 4
|
|move|p1a: Chansey|Ice Beam|p2a: Alakazam
|-damage|p2a: Alakazam|89\/313 par
|move|p2a: Alakazam|Recover|p2a: Alakazam
|-heal|p2a: Alakazam|245\/313 par
|
|turn|37
|c| Court of miracles|wè marco
|choice|move 3|move 1
|
|move|p1a: Chansey|Ice Beam|p2a: Alakazam
|-damage|p2a: Alakazam|187\/313 par
|move|p2a: Alakazam|Thunder Wave|p1a: Chansey
|-status|p1a: Chansey|par
|
|turn|38
|c|★marcoasd|oi
|choice|move 3|move 4
|
|move|p2a: Alakazam|Recover|p2a: Alakazam
|-heal|p2a: Alakazam|313\/313 par
|move|p1a: Chansey|Ice Beam|p2a: Alakazam
|-damage|p2a: Alakazam|251\/313 par
|
|turn|39
|choice|move 3|move 2
|
|cant|p2a: Alakazam|par
|cant|p1a: Chansey|par
|
|turn|40
|choice|move 3|move 2
|
|move|p2a: Alakazam|Psychic|p1a: Chansey
|-crit|p1a: Chansey
|-damage|p1a: Chansey|323\/703 par
|move|p1a: Chansey|Ice Beam|p2a: Alakazam
|-crit|p2a: Alakazam
|-damage|p2a: Alakazam|132\/313 par
|
|turn|41
|choice|switch 2|move 2
|
|switch|p1a: Tauros|Tauros|185\/353 par
|move|p2a: Alakazam|Psychic|p1a: Tauros
|-crit|p1a: Tauros
|-damage|p1a: Tauros|0 fnt
|faint|p1a: Tauros
|choice|switch 2|
|
|switch|p1a: Chansey|Chansey|323\/703 par
|turn|42
|choice|move 3|move 2
|
|move|p2a: Alakazam|Psychic|p1a: Chansey
|-damage|p1a: Chansey|200\/703 par
|move|p1a: Chansey|Ice Beam|p2a: Alakazam
|-damage|p2a: Alakazam|71\/313 par
|
|turn|43
|choice|move 3|move 2
|
|move|p2a: Alakazam|Psychic|p1a: Chansey
|-damage|p1a: Chansey|62\/703 par
|move|p1a: Chansey|Ice Beam|p2a: Alakazam
|-damage|p2a: Alakazam|9\/313 par
|
|turn|44
|c|★marcoasd|gg
|choice|move 3|move 2
|
|move|p2a: Alakazam|Psychic|p1a: Chansey
|-damage|p1a: Chansey|0 fnt
|faint|p1a: Chansey
|
|win|marcoasd
|player|p1
|player|p2
|c|★Hyper Rosso|u2
|l|Hyper Rosso
|l|marcoasd
|c| Court of miracles|sai
|j|Snou
|c| Court of miracles|mai accorto
|c| Court of miracles|che l'oppo