|join|jb champ
|join|PimpMyRaichu
|player|p1|jb champ|150
|player|p2|PimpMyRaichu|7
|gametype|singles
|gen|1
|tier|[Gen 1] OU (beta)
|rule|Sleep Clause Mod: Limit one foe put to sleep
|rule|Species Clause: Limit one of each Pokemon
|rule|OHKO Clause: OHKO moves are banned
|rule|Moody Clause: Moody is banned
|rule|Evasion Moves Clause: Evasion moves are banned
|rule|Endless Battle Clause: Forcing endless battles is banned.
|rule|HP Percentage Mod: HP is reported as percentages
|
|start
|switch|p1a: Gengar|Gengar|323\/323
|switch|p2a: Jynx|Jynx|333\/333
|turn|1
|chat|jb champ|you are poop?
|chat|PimpMyRaichu|yep
|chat|PimpMyRaichu|lets wait for this kid
|chat|jb champ|lets wait for him
|chat|jb champ|yeah sure
|join|mrroboto93
|chat|PimpMyRaichu|hey
|chat|mrroboto93|hello!
|chat|PimpMyRaichu|ok great :)
|chat|jb champ|i might take a little longer for my turns because im in a rated battle right now
|chat|jb champ|wait a sec guys
|chat|PimpMyRaichu|thats fine
|chat|PimpMyRaichu|mrroboto - sit back and watch :) you should learn a lot in terms of switching and tactics etc
|chat|PimpMyRaichu|that cool?
|chat|mrroboto93|ill do my best :d
|chat|PimpMyRaichu|okay great
|chat|PimpMyRaichu|think we're just waiting on jb 
|chat|jb champ|guys i think my battle wont take mcuh longer
|chat|jb champ|be right with you
|chat|PimpMyRaichu|okay
|chat|jb champ|now that dragonite really pisses me off
|chat|PimpMyRaichu|i have about 20 mins before i need to go out, but if you finish your other battle in the next few mins it should be fine
|chat|jb champ|ok
|chat|jb champ|im all yours
|chat|jb champ|gl
|chat|PimpMyRaichu|awesome
|
|switch|p2a: Exeggutor|Exeggutor|393\/393
|move|p1a: Gengar|Hypnosis|p2a: Exeggutor
|-status|p2a: Exeggutor|slp
|
|turn|2
|chat|PimpMyRaichu|gl
|
|switch|p1a: Kangaskhan|Kangaskhan|413\/413
|switch|p2a: Alakazam|Alakazam|313\/313
|
|turn|3
|chat|jb champ|now
|chat|jb champ|actually i am testing this team
|chat|PimpMyRaichu|okay test away
|chat|jb champ|its a new team so excuse some flaws
|
|switch|p1a: Slowbro|Slowbro|393\/393
|move|p2a: Alakazam|Reflect|p2a: Alakazam
|
|turn|4
|chat|PimpMyRaichu|np
|
|switch|p2a: Jynx|Jynx|333\/333
|move|p1a: Slowbro|Thunder Wave|p2a: Jynx
|-status|p2a: Jynx|par
|
|turn|5
|
|switch|p1a: Golem|Golem|363\/363
|move|p2a: Jynx|Lovely Kiss|p1a: Golem
|-status|p1a: Golem|slp
|
|turn|6
|
|switch|p1a: Slowbro|Slowbro|393\/393
|move|p2a: Jynx|Blizzard|p1a: Slowbro
|-crit|p1a: Slowbro
|-resisted|p1a: Slowbro
|-damage|p1a: Slowbro|236\/393
|
|turn|7
|
|switch|p2a: Snorlax|Snorlax|523\/523
|move|p1a: Slowbro|Amnesia|p1a: Slowbro
|-boost|p1a: Slowbro|spd|2
|-boost|p1a: Slowbro|spa|2
|
|turn|8
|
|move|p1a: Slowbro|Surf|p2a: Snorlax
|-damage|p2a: Snorlax|253\/523
|move|p2a: Snorlax|Earthquake|p1a: Slowbro
|-damage|p1a: Slowbro|160\/393
|
|turn|9
|
|switch|p2a: Chansey|Chansey|703\/703
|move|p1a: Slowbro|Surf|p2a: Chansey
|-damage|p2a: Chansey|518\/703
|
|turn|10
|
|move|p2a: Chansey|Thunder Wave|p1a: Slowbro
|-status|p1a: Slowbro|par
|move|p1a: Slowbro|Thunder Wave|p2a: Chansey
|-status|p2a: Chansey|par
|
|turn|11
|
|cant|p2a: Chansey|par
|move|p1a: Slowbro|Rest|p1a: Slowbro
|-status|p1a: Slowbro|slp
|-heal|p1a: Slowbro|393\/393 slp|[silent]
|-status|p1a: Slowbro|slp|[from] move: Rest
|
|turn|12
|
|switch|p2a: Snorlax|Snorlax|253\/523
|cant|p1a: Slowbro|slp
|
|turn|13
|
|switch|p1a: Gengar|Gengar|323\/323
|move|p2a: Snorlax|Self-Destruct|p1a: Gengar
|-immune|p1a: Gengar|[msg]
|faint|p2a: Snorlax
|chat|PimpMyRaichu|nice
|
|switch|p2a: Alakazam|Alakazam|313\/313
|turn|14
|chat|jb champ|thx
|
|move|p2a: Alakazam|Psychic|p1a: Gengar
|-crit|p1a: Gengar
|-supereffective|p1a: Gengar
|-damage|p1a: Gengar|0 fnt
|faint|p1a: Gengar
|
|
|switch|p1a: Slowbro|Slowbro|393\/393 slp
|turn|15
|chat|PimpMyRaichu|explosion?
|chat|jb champ|yes^^
|chat|jb champ|that always happens to me
|
|move|p2a: Alakazam|Psychic|p1a: Slowbro
|-crit|p1a: Slowbro
|-resisted|p1a: Slowbro
|-damage|p1a: Slowbro|242\/393 slp
|-unboost|p1a: Slowbro|spd|1
|-unboost|p1a: Slowbro|spa|1
|cant|p1a: Slowbro|slp
|-curestatus|p1a: Slowbro|slp
|
|turn|16
|chat|PimpMyRaichu|:)
|chat|jb champ|i swear the last 4 zam leads turned out like that
|
|move|p2a: Alakazam|Thunder Wave|p1a: Slowbro
|-status|p1a: Slowbro|par
|cant|p1a: Slowbro|par
|
|turn|17
|chat|PimpMyRaichu|cray cray
|
|move|p2a: Alakazam|Psychic|p1a: Slowbro
|-resisted|p1a: Slowbro
|-damage|p1a: Slowbro|128\/393 par
|move|p1a: Slowbro|Thunder Wave|p2a: Alakazam
|-status|p2a: Alakazam|par
|
|turn|18
|
|move|p2a: Alakazam|Psychic|p1a: Slowbro
|-resisted|p1a: Slowbro
|-damage|p1a: Slowbro|24\/393 par
|move|p1a: Slowbro|Rest|p1a: Slowbro
|-status|p1a: Slowbro|slp
|-heal|p1a: Slowbro|393\/393 slp|[silent]
|-status|p1a: Slowbro|slp|[from] move: Rest
|
|turn|19
|chat|mrroboto93|is confusion any use?
|chat|PimpMyRaichu|nope
|chat|PimpMyRaichu|weaker form of psychic
|chat|jb champ|only on lapras
|chat|mrroboto93|like confuse ray
|chat|jb champ|or maybe gengar
|
|move|p2a: Alakazam|Psychic|p1a: Slowbro
|-resisted|p1a: Slowbro
|-damage|p1a: Slowbro|284\/393 slp
|cant|p1a: Slowbro|slp
|
|turn|20
|chat|PimpMyRaichu|sorry, i thought you meant the attack confusion
|
|move|p2a: Alakazam|Psychic|p1a: Slowbro
|-resisted|p1a: Slowbro
|-damage|p1a: Slowbro|172\/393 slp
|cant|p1a: Slowbro|slp
|-curestatus|p1a: Slowbro|slp
|
|turn|21
|chat|mrroboto93|yeh, thats why i thought id clarify :P
|
|move|p2a: Alakazam|Psychic|p1a: Slowbro
|-resisted|p1a: Slowbro
|-damage|p1a: Slowbro|66\/393
|-unboost|p1a: Slowbro|spd|1
|-unboost|p1a: Slowbro|spa|1
|move|p1a: Slowbro|Amnesia|p1a: Slowbro
|-boost|p1a: Slowbro|spd|2
|-boost|p1a: Slowbro|spa|2
|
|turn|22
|
|move|p2a: Alakazam|Psychic|p1a: Slowbro
|-resisted|p1a: Slowbro
|-damage|p1a: Slowbro|0 fnt
|faint|p1a: Slowbro
|
|
|switch|p1a: Tauros|Tauros|353\/353
|turn|23
|
|move|p1a: Tauros|Body Slam|p2a: Alakazam
|-damage|p2a: Alakazam|155\/313 par
|move|p2a: Alakazam|Thunder Wave|p1a: Tauros
|-status|p1a: Tauros|par
|
|turn|24
|chat|mrroboto93|and the legand that is....TAUROS!
|
|move|p2a: Alakazam|Recover|p2a: Alakazam
|-heal|p2a: Alakazam|311\/313 par
|cant|p1a: Tauros|par
|
|turn|25
|chat|jb champ|you will see
|
|move|p2a: Alakazam|Reflect|p2a: Alakazam
|move|p1a: Tauros|Body Slam|p2a: Alakazam
|-damage|p2a: Alakazam|227\/313 par
|
|turn|26
|chat|PimpMyRaichu|hes a beast
|chat|jb champ|oh no
|chat|jb champ|not reflect agian^^
|chat|PimpMyRaichu|i wouldnt ever have a gen1 team without tauros
|chat|mrroboto93|k, question here......mega tauros, yay or nay?
|chat|PimpMyRaichu|bouffalant?!
|chat|jb champ|doesnt matter
|
|move|p2a: Alakazam|Psychic|p1a: Tauros
|-damage|p1a: Tauros|201\/353 par
|move|p1a: Tauros|Body Slam|p2a: Alakazam
|-crit|p2a: Alakazam
|-damage|p2a: Alakazam|59\/313 par
|
|turn|27
|
|switch|p1a: Alakazam|Alakazam|313\/313
|cant|p2a: Alakazam|par
|
|turn|28
|chat|mrroboto93|bouffl looks sheit
|
|switch|p2a: Chansey|Chansey|518\/703 par
|move|p1a: Alakazam|Seismic Toss|p2a: Chansey
|-damage|p2a: Chansey|418\/703 par
|
|turn|29
|
|switch|p1a: Tauros|Tauros|201\/353 par
|move|p2a: Chansey|Ice Beam|p1a: Tauros
|-damage|p1a: Tauros|99\/353 par
|
|turn|30
|chat|mrroboto93|also, what is this reflect bug?
|chat|jb champ|that critical hits do not go through the reflect
|chat|jb champ|they should but on this emulator thex dont
|chat|mrroboto93|oh right
|
|switch|p2a: Exeggutor|Exeggutor|393\/393 slp
|move|p1a: Tauros|Hyper Beam|p2a: Exeggutor
|-damage|p2a: Exeggutor|208\/393 slp
|
|turn|31
|
|cant|p2a: Exeggutor|slp
|cant|p1a: Tauros|par
|
|turn|32
|
|cant|p2a: Exeggutor|slp
|-curestatus|p2a: Exeggutor|slp
|move|p1a: Tauros|Body Slam|p2a: Exeggutor
|-damage|p2a: Exeggutor|102\/393
|
|turn|33
|
|move|p2a: Exeggutor|Psychic|p1a: Tauros
|-damage|p1a: Tauros|0 fnt
|faint|p1a: Tauros
|
|chat|mrroboto93|ok, ive finished adjusting me team. Who wants to test it after?
|chat|PimpMyRaichu|i have to go
|chat|PimpMyRaichu|so jb champ by all means
|chat|PimpMyRaichu|(i have to go in 5 mins)
|chat|jb champ|yes sure
|chat|jb champ|i will do it
|chat|mrroboto93|awesome :D
|
|switch|p1a: Alakazam|Alakazam|313\/313
|turn|34
|chat|PimpMyRaichu|:) good luck my friend
|
|switch|p2a: Chansey|Chansey|418\/703 par
|move|p1a: Alakazam|Seismic Toss|p2a: Chansey
|-damage|p2a: Chansey|318\/703 par
|
|turn|35
|
|switch|p1a: Golem|Golem|363\/363 slp
|cant|p2a: Chansey|par
|
|turn|36
|
|cant|p1a: Golem|slp
|-curestatus|p1a: Golem|slp
|move|p2a: Chansey|Ice Beam|p1a: Golem
|-crit|p1a: Golem
|-supereffective|p1a: Golem
|-damage|p1a: Golem|0 fnt
|faint|p1a: Golem
|
|chat|PimpMyRaichu|eep sorry
|
|switch|p1a: Kangaskhan|Kangaskhan|413\/413
|turn|37
|chat|jb champ|no need
|join|HHHHHHH2444
|
|move|p1a: Kangaskhan|Hyper Beam|p2a: Chansey
|-crit|p2a: Chansey
|-damage|p2a: Chansey|0 fnt
|faint|p2a: Chansey
|
|leave|HHHHHHH2444
|
|switch|p2a: Jynx|Jynx|333\/333 par
|turn|38
|chat|jb champ|i got kangashkan because i do not like snorlax
|chat|PimpMyRaichu|how come?
|
|move|p1a: Kangaskhan|Body Slam|p2a: Jynx
|-damage|p2a: Jynx|153\/333 par
|move|p2a: Jynx|Lovely Kiss|p1a: Kangaskhan
|-status|p1a: Kangaskhan|slp
|
|turn|39
|chat|jb champ|just dont like him
|
|switch|p2a: Tauros|Tauros|353\/353
|cant|p1a: Kangaskhan|slp
|
|turn|40
|
|move|p2a: Tauros|Body Slam|p1a: Kangaskhan
|-damage|p1a: Kangaskhan|298\/413 slp
|cant|p1a: Kangaskhan|slp
|
|turn|41
|
|move|p2a: Tauros|Body Slam|p1a: Kangaskhan
|-damage|p1a: Kangaskhan|178\/413 slp
|cant|p1a: Kangaskhan|slp
|-curestatus|p1a: Kangaskhan|slp
|
|turn|42
|chat|PimpMyRaichu|better defense than i expected
|
|move|p2a: Tauros|Hyper Beam|p1a: Kangaskhan
|-damage|p1a: Kangaskhan|0 fnt
|faint|p1a: Kangaskhan
|
|
|switch|p1a: Alakazam|Alakazam|313\/313
|turn|43
|chat|PimpMyRaichu|never tried kanga out before
|chat|jb champ|gg
|
|move|p1a: Alakazam|Psychic|p2a: Tauros
|-damage|p2a: Tauros|201\/353
|-unboost|p2a: Tauros|spd|1
|-unboost|p2a: Tauros|spa|1
|move|p2a: Tauros|Body Slam|p1a: Alakazam
|-damage|p1a: Alakazam|159\/313
|
|turn|44
|
|switch|p2a: Alakazam|Alakazam|59\/313 par
|move|p1a: Alakazam|Psychic|p2a: Alakazam
|-resisted|p2a: Alakazam
|-damage|p2a: Alakazam|8\/313 par
|
|turn|45
|chat|jb champ|yeah me neither
|
|move|p1a: Alakazam|Seismic Toss|p2a: Alakazam
|-damage|p2a: Alakazam|0 fnt
|faint|p2a: Alakazam
|
|
|switch|p2a: Tauros|Tauros|201\/353
|turn|46
|
|move|p1a: Alakazam|Recover|p1a: Alakazam
|-heal|p1a: Alakazam|313\/313
|move|p2a: Tauros|Body Slam|p1a: Alakazam
|-damage|p1a: Alakazam|162\/313
|-status|p1a: Alakazam|par
|
|turn|47
|
|move|p2a: Tauros|Hyper Beam|p1a: Alakazam
|-damage|p1a: Alakazam|0 fnt
|faint|p1a: Alakazam
|
|win|PimpMyRaichu
|chat|PimpMyRaichu|gg :)
|chat|jb champ|gg