|join|Giju
|join|biswajit
|player|p1|Giju|162
|player|p2|biswajit|163
|gametype|singles
|gen|1
|tier|[Gen 1] OU (beta)
|rated
|rule|Sleep Clause Mod: Limit one foe put to sleep
|rule|Species Clause: Limit one of each Pokémon
|rule|OHKO Clause: OHKO moves are banned
|rule|Evasion Moves Clause: Evasion moves are banned
|rule|HP Percentage Mod: HP is shown in percentages
|
|start
|switch|p1a: Jynx|Jynx|333\/333
|switch|p2a: Hypno|Hypno|373\/373
|turn|1
|c|★biswajit|r u gij
|c|★Giju|ye :D
|
|switch|p2a: Alakazam|Alakazam|313\/313
|move|p1a: Jynx|Lovely Kiss|p2a: Alakazam
|-status|p2a: Alakazam|slp
|
|turn|2
|
|switch|p2a: Hypno|Hypno|373\/373
|move|p1a: Jynx|Reflect|p1a: Jynx
|
|turn|3
|c|★biswajit|r iu indian
|c|★Giju|no ^^
|c|★Giju|italian
|
|move|p1a: Jynx|Blizzard|p2a: Hypno
|-damage|p2a: Hypno|241\/373
|move|p2a: Hypno|Hypnosis|p1a: Jynx
|-status|p1a: Jynx|slp
|
|turn|4
|
|switch|p1a: Persian|Persian|333\/333
|switch|p2a: Tauros|Tauros|353\/353
|
|turn|5
|
|switch|p1a: Hypno|Hypno|373\/373
|move|p2a: Tauros|Body Slam|p1a: Hypno
|-damage|p1a: Hypno|247\/373
|
|turn|6
|
|move|p2a: Tauros|Body Slam|p1a: Hypno
|-damage|p1a: Hypno|118\/373
|-status|p1a: Hypno|par
|move|p1a: Hypno|Thunder Wave|p2a: Tauros
|-status|p2a: Tauros|par
|
|turn|7
|
|switch|p1a: Starmie|Starmie|323\/323
|move|p2a: Tauros|Body Slam|p1a: Starmie
|-crit|p1a: Starmie
|-damage|p1a: Starmie|117\/323
|
|turn|8
|
|move|p1a: Starmie|Recover|p1a: Starmie
|-heal|p1a: Starmie|278\/323
|move|p2a: Tauros|Hyper Beam|p1a: Starmie|[miss]
|-miss|p2a: Tauros
|
|turn|9
|
|switch|p2a: Hypno|Hypno|241\/373
|move|p1a: Starmie|Blizzard|p2a: Hypno
|-crit|p2a: Hypno
|-damage|p2a: Hypno|78\/373
|
|turn|10
|
|move|p1a: Starmie|Blizzard|p2a: Hypno
|-crit|p2a: Hypno
|-damage|p2a: Hypno|0 fnt
|faint|p2a: Hypno
|
|switch|p2a: Starmie|Starmie|323\/323
|turn|11
|
|move|p2a: Starmie|Thunder Wave|p1a: Starmie
|-status|p1a: Starmie|par
|move|p1a: Starmie|Thunder Wave|p2a: Starmie
|-status|p2a: Starmie|par
|
|turn|12
|
|switch|p1a: Hypno|Hypno|118\/373 par
|cant|p2a: Starmie|par
|
|turn|13
|
|cant|p2a: Starmie|par
|move|p1a: Hypno|Rest|p1a: Hypno
|-fail|p1a: Hypno
|
|turn|14
|
|move|p2a: Starmie|Thunderbolt|p1a: Hypno
|-damage|p1a: Hypno|50\/373 par
|move|p1a: Hypno|Rest|p1a: Hypno
|-status|p1a: Hypno|slp
|-heal|p1a: Hypno|373\/373 slp|[silent]
|-status|p1a: Hypno|slp|[from] move: Rest
|
|turn|15
|
|switch|p2a: Machamp|Machamp|383\/383
|cant|p1a: Hypno|slp
|
|turn|16
|
|switch|p1a: Starmie|Starmie|278\/323 par
|move|p2a: Machamp|Earthquake|p1a: Starmie
|-crit|p1a: Starmie
|-damage|p1a: Starmie|80\/323 par
|
|turn|17
|
|switch|p1a: Tauros|Tauros|353\/353
|move|p2a: Machamp|Earthquake|p1a: Tauros
|-damage|p1a: Tauros|249\/353
|
|turn|18
|
|move|p1a: Tauros|Body Slam|p2a: Machamp
|-damage|p2a: Machamp|259\/383
|move|p2a: Machamp|Low Kick|p1a: Tauros|[miss]
|-miss|p2a: Machamp
|
|turn|19
|
|switch|p2a: Tauros|Tauros|353\/353 par
|move|p1a: Tauros|Hyper Beam|p2a: Tauros
|-crit|p2a: Tauros
|-damage|p2a: Tauros|0 fnt
|faint|p2a: Tauros
|
|switch|p2a: Starmie|Starmie|323\/323 par
|turn|20
|
|move|p1a: Tauros|Hyper Beam|p2a: Starmie
|-damage|p2a: Starmie|138\/323 par
|move|p2a: Starmie|Thunder Wave|p1a: Tauros
|-status|p1a: Tauros|par
|
|turn|21
|
|move|p2a: Starmie|Recover|p2a: Starmie
|-heal|p2a: Starmie|299\/323 par
|cant|p1a: Tauros|recharge
|
|turn|22
|
|move|p2a: Starmie|Thunderbolt|p1a: Tauros
|-damage|p1a: Tauros|162\/353 par
|move|p1a: Tauros|Body Slam|p2a: Starmie
|-crit|p2a: Starmie
|-damage|p2a: Starmie|76\/323 par
|
|turn|23
|
|switch|p1a: Persian|Persian|333\/333
|move|p2a: Starmie|Recover|p2a: Starmie
|-heal|p2a: Starmie|237\/323 par
|
|turn|24
|
|move|p1a: Persian|Hyper Beam|p2a: Starmie
|-damage|p2a: Starmie|70\/323 par
|move|p2a: Starmie|Thunder Wave|p1a: Persian
|-status|p1a: Persian|par
|
|turn|25
|
|cant|p1a: Persian|recharge
|move|p2a: Starmie|Recover|p2a: Starmie
|-heal|p2a: Starmie|231\/323 par
|
|turn|26
|
|cant|p2a: Starmie|par
|move|p1a: Persian|Screech|p2a: Starmie
|-unboost|p2a: Starmie|def|2
|
|turn|27
|
|move|p2a: Starmie|Thunderbolt|p1a: Persian
|-damage|p1a: Persian|235\/333 par
|move|p1a: Persian|Slash|p2a: Starmie
|-crit|p2a: Starmie
|-damage|p2a: Starmie|89\/323 par
|
|turn|28
|
|move|p2a: Starmie|Recover|p2a: Starmie
|-heal|p2a: Starmie|250\/323 par
|move|p1a: Persian|Hyper Beam|p2a: Starmie
|-damage|p2a: Starmie|0 fnt
|faint|p2a: Starmie
|
|switch|p2a: Machamp|Machamp|259\/383
|turn|29
|
|move|p2a: Machamp|Low Kick|p1a: Persian
|-crit|p1a: Persian
|-supereffective|p1a: Persian
|-damage|p1a: Persian|0 fnt
|faint|p1a: Persian
|
|switch|p1a: Golem|Golem|363\/363
|turn|30
|
|switch|p2a: Alakazam|Alakazam|313\/313 slp
|move|p1a: Golem|Explosion|p2a: Alakazam
|-damage|p2a: Alakazam|0 fnt
|faint|p2a: Alakazam
|faint|p1a: Golem
|
|switch|p1a: Hypno|Hypno|373\/373 slp
|switch|p2a: Machamp|Machamp|259\/383
|turn|31
|
|cant|p1a: Hypno|slp
|-curestatus|p1a: Hypno|slp
|move|p2a: Machamp|Earthquake|p1a: Hypno
|-damage|p1a: Hypno|256\/373
|
|turn|32
|
|move|p1a: Hypno|Psychic|p2a: Machamp
|-supereffective|p2a: Machamp
|-damage|p2a: Machamp|0 fnt
|faint|p2a: Machamp
|
|switch|p2a: Exeggutor|Exeggutor|393\/393
|turn|33
|
|move|p1a: Hypno|Hypnosis|p2a: Exeggutor
|-status|p2a: Exeggutor|slp
|cant|p2a: Exeggutor|slp
|
|turn|34
|
|switch|p1a: Starmie|Starmie|80\/323 par
|cant|p2a: Exeggutor|slp
|-curestatus|p2a: Exeggutor|slp
|
|turn|35
|
|move|p2a: Exeggutor|Psychic|p1a: Starmie
|-resisted|p1a: Starmie
|-damage|p1a: Starmie|15\/323 par
|-unboost|p1a: Starmie|spd|1
|-unboost|p1a: Starmie|spa|1
|cant|p1a: Starmie|par
|
|turn|36
|
|switch|p1a: Hypno|Hypno|256\/373
|move|p2a: Exeggutor|Psychic|p1a: Hypno
|-resisted|p1a: Hypno
|-damage|p1a: Hypno|196\/373
|-unboost|p1a: Hypno|spd|1
|-unboost|p1a: Hypno|spa|1
|
|turn|37
|
|move|p1a: Hypno|Thunder Wave|p2a: Exeggutor
|-status|p2a: Exeggutor|par
|cant|p2a: Exeggutor|par
|
|turn|38
|
|switch|p1a: Jynx|Jynx|333\/333 slp
|move|p2a: Exeggutor|Psychic|p1a: Jynx
|-resisted|p1a: Jynx
|-damage|p1a: Jynx|269\/333 slp
|
|turn|39
|
|cant|p1a: Jynx|slp
|cant|p2a: Exeggutor|par
|
|turn|40
|
|cant|p1a: Jynx|slp
|cant|p2a: Exeggutor|par
|
|turn|41
|
|cant|p1a: Jynx|slp
|cant|p2a: Exeggutor|par
|
|turn|42
|
|cant|p1a: Jynx|slp
|-curestatus|p1a: Jynx|slp
|move|p2a: Exeggutor|Psychic|p1a: Jynx
|-resisted|p1a: Jynx
|-damage|p1a: Jynx|204\/333
|
|turn|43
|
|move|p1a: Jynx|Blizzard|p2a: Exeggutor
|-supereffective|p2a: Exeggutor
|-damage|p2a: Exeggutor|170\/393 par
|move|p2a: Exeggutor|Psychic|p1a: Jynx
|-resisted|p1a: Jynx
|-damage|p1a: Jynx|145\/333
|
|turn|44
|
|move|p1a: Jynx|Blizzard|p2a: Exeggutor
|-supereffective|p2a: Exeggutor
|-damage|p2a: Exeggutor|0 fnt
|faint|p2a: Exeggutor
|
|win|Giju
|raw|Ladder updating...
|raw|Giju's rating: 1105 &rarr; <strong>1142<\/strong><br \/>(+37 for winning)
|raw|biswajit's rating: 1281 &rarr; <strong>1245<\/strong><br \/>(-36 for losing)
|c|★Giju|gg
|leave|biswajit
|player|p2