|j|Ccrescent
|j|Dragonmasterx34
|player|p1|Ccrescent|148
|player|p2|Dragonmasterx34|266
|gametype|singles
|gen|1
|tier|[Gen 1] OU
|rated
|seed|
|rule|Sleep Clause Mod: Limit one foe put to sleep
|rule|Freeze Clause Mod: Limit one foe frozen
|rule|Species Clause: Limit one of each Pokémon
|rule|OHKO Clause: OHKO moves are banned
|rule|Evasion Moves Clause: Evasion moves are banned
|rule|HP Percentage Mod: HP is shown in percentages
|
|start
|switch|p1a: Exeggutor|Exeggutor|100\/100
|switch|p2a: Dragonite|Dragonite|100\/100
|turn|1
|choice||
|
|switch|p2a: Chansey|Chansey|100\/100
|move|p1a: Exeggutor|Sleep Powder|p2a: Chansey
|-status|p2a: Chansey|slp
|
|turn|2
|choice||
|
|switch|p1a: Rhydon|Rhydon|100\/100
|switch|p2a: Dragonite|Dragonite|100\/100
|
|turn|3
|choice||
|
|switch|p2a: Snorlax|Snorlax|100\/100
|switch|p1a: Lapras|Lapras|100\/100
|
|turn|4
|choice||
|
|move|p1a: Lapras|Body Slam|p2a: Snorlax
|-damage|p2a: Snorlax|85\/100
|move|p2a: Snorlax|Body Slam|p1a: Lapras
|-damage|p1a: Lapras|74\/100
|
|turn|5
|choice||
|
|move|p1a: Lapras|Body Slam|p2a: Snorlax
|-crit|p2a: Snorlax
|-damage|p2a: Snorlax|59\/100
|move|p2a: Snorlax|Body Slam|p1a: Lapras
|-damage|p1a: Lapras|46\/100
|
|turn|6
|choice||
|
|move|p1a: Lapras|Body Slam|p2a: Snorlax
|-damage|p2a: Snorlax|44\/100
|move|p2a: Snorlax|Body Slam|p1a: Lapras
|-damage|p1a: Lapras|17\/100
|-status|p1a: Lapras|par
|
|turn|7
|choice||
|
|switch|p1a: Rhydon|Rhydon|100\/100
|move|p2a: Snorlax|Body Slam|p1a: Rhydon
|-resisted|p1a: Rhydon
|-damage|p1a: Rhydon|89\/100
|
|turn|8
|choice||
|
|move|p1a: Rhydon|Rock Slide|p2a: Snorlax
|-damage|p2a: Snorlax|17\/100
|move|p2a: Snorlax|Rest|p2a: Snorlax
|-status|p2a: Snorlax|slp
|-heal|p2a: Snorlax|100\/100 slp|[silent]
|-status|p2a: Snorlax|slp|[from] move: Rest
|
|turn|9
|choice||
|
|move|p1a: Rhydon|Earthquake|p2a: Snorlax
|-damage|p2a: Snorlax|65\/100 slp
|cant|p2a: Snorlax|slp
|
|turn|10
|choice||
|
|switch|p2a: Dragonite|Dragonite|100\/100
|move|p1a: Rhydon|Earthquake|p2a: Dragonite
|-immune|p2a: Dragonite|[msg]
|
|turn|11
|choice||
|
|switch|p1a: Arcanine|Arcanine|100\/100
|move|p2a: Dragonite|Wrap|p1a: Arcanine
|-damage|p1a: Arcanine|96\/100
|
|turn|12
|choice||
|
|cant|p1a: Arcanine|partiallytrapped
|move|p2a: Dragonite|Wrap|p1a: Arcanine|[from]Wrap
|-damage|p1a: Arcanine|91\/100
|
|turn|13
|choice||
|
|move|p1a: Arcanine|Body Slam|p2a: Dragonite
|-damage|p2a: Dragonite|83\/100
|move|p2a: Dragonite|Wrap|p1a: Arcanine
|-crit|p1a: Arcanine
|-damage|p1a: Arcanine|82\/100
|
|turn|14
|choice||
|
|cant|p1a: Arcanine|partiallytrapped
|move|p2a: Dragonite|Wrap|p1a: Arcanine|[from]Wrap
|-damage|p1a: Arcanine|73\/100
|
|turn|15
|choice||
|
|move|p1a: Arcanine|Body Slam|p2a: Dragonite
|-damage|p2a: Dragonite|63\/100
|-status|p2a: Dragonite|par
|cant|p2a: Dragonite|par
|
|turn|16
|choice||
|
|move|p1a: Arcanine|Reflect|p1a: Arcanine
|-start|p1a: Arcanine|Reflect
|move|p2a: Dragonite|Thunder Wave|p1a: Arcanine
|-status|p1a: Arcanine|par
|
|turn|17
|choice||
|
|move|p1a: Arcanine|Body Slam|p2a: Dragonite
|-crit|p2a: Dragonite
|-damage|p2a: Dragonite|25\/100 par
|cant|p2a: Dragonite|par
|
|turn|18
|choice||
|
|move|p1a: Arcanine|Body Slam|p2a: Dragonite
|-damage|p2a: Dragonite|5\/100 par
|move|p2a: Dragonite|Agility|p2a: Dragonite
|-boost|p2a: Dragonite|spe|2
|
|turn|19
|choice||
|
|move|p2a: Dragonite|Wrap|p1a: Arcanine
|-damage|p1a: Arcanine|70\/100 par
|cant|p1a: Arcanine|partiallytrapped
|
|turn|20
|choice||
|
|move|p2a: Dragonite|Wrap|p1a: Arcanine|[from]Wrap
|-damage|p1a: Arcanine|68\/100 par
|cant|p1a: Arcanine|partiallytrapped
|
|turn|21
|choice||
|
|move|p2a: Dragonite|Wrap|p1a: Arcanine|[from]Wrap
|-damage|p1a: Arcanine|66\/100 par
|cant|p1a: Arcanine|partiallytrapped
|
|turn|22
|choice||
|
|cant|p2a: Dragonite|par
|cant|p1a: Arcanine|partiallytrapped
|
|turn|23
|choice||
|
|move|p2a: Dragonite|Wrap|p1a: Arcanine
|-damage|p1a: Arcanine|63\/100 par
|cant|p1a: Arcanine|partiallytrapped
|
|turn|24
|choice||
|
|cant|p2a: Dragonite|par
|cant|p1a: Arcanine|partiallytrapped
|
|turn|25
|choice||
|
|move|p2a: Dragonite|Wrap|p1a: Arcanine
|-damage|p1a: Arcanine|61\/100 par
|cant|p1a: Arcanine|partiallytrapped
|
|turn|26
|choice||
|
|move|p2a: Dragonite|Wrap|p1a: Arcanine|[from]Wrap
|-damage|p1a: Arcanine|59\/100 par
|cant|p1a: Arcanine|partiallytrapped
|
|turn|27
|choice||
|
|move|p2a: Dragonite|Wrap|p1a: Arcanine|[from]Wrap
|-damage|p1a: Arcanine|56\/100 par
|cant|p1a: Arcanine|partiallytrapped
|
|turn|28
|choice||
|
|move|p2a: Dragonite|Wrap|p1a: Arcanine
|-damage|p1a: Arcanine|54\/100 par
|cant|p1a: Arcanine|partiallytrapped
|
|turn|29
|choice||
|
|cant|p2a: Dragonite|par
|cant|p1a: Arcanine|partiallytrapped
|
|turn|30
|choice||
|
|move|p2a: Dragonite|Wrap|p1a: Arcanine|[miss]
|-miss|p2a: Dragonite
|cant|p1a: Arcanine|par
|
|turn|31
|choice||
|
|move|p2a: Dragonite|Wrap|p1a: Arcanine
|-damage|p1a: Arcanine|52\/100 par
|cant|p1a: Arcanine|partiallytrapped
|
|turn|32
|choice||
|
|move|p2a: Dragonite|Wrap|p1a: Arcanine|[from]Wrap
|-damage|p1a: Arcanine|50\/100 par
|cant|p1a: Arcanine|partiallytrapped
|
|turn|33
|choice||
|
|move|p2a: Dragonite|Wrap|p1a: Arcanine
|-damage|p1a: Arcanine|48\/100 par
|cant|p1a: Arcanine|partiallytrapped
|
|turn|34
|choice||
|
|move|p2a: Dragonite|Wrap|p1a: Arcanine|[from]Wrap
|-damage|p1a: Arcanine|46\/100 par
|cant|p1a: Arcanine|partiallytrapped
|
|turn|35
|choice||
|
|cant|p2a: Dragonite|par
|move|p1a: Arcanine|Rest|p1a: Arcanine
|-status|p1a: Arcanine|slp
|-heal|p1a: Arcanine|100\/100 slp|[silent]
|-status|p1a: Arcanine|slp|[from] move: Rest
|
|turn|36
|choice||
|
|move|p2a: Dragonite|Wrap|p1a: Arcanine
|-damage|p1a: Arcanine|98\/100 slp
|cant|p1a: Arcanine|slp
|
|turn|37
|choice||
|
|switch|p2a: Gengar|Gengar|100\/100
|-curestatus|p1a: Arcanine|slp
|
|turn|38
|choice||
|
|move|p2a: Gengar|Toxic|p1a: Arcanine
|-status|p1a: Arcanine|tox
|move|p1a: Arcanine|Fire Blast|p2a: Gengar
|-damage|p2a: Gengar|71\/100
|-status|p2a: Gengar|brn
|-damage|p1a: Arcanine|92\/100 tox|[from] tox|[of] p2a: Gengar
|
|turn|39
|choice||
|
|move|p2a: Gengar|Toxic|p1a: Arcanine|[miss]
|-miss|p2a: Gengar
|-damage|p2a: Gengar|65\/100 brn|[from] brn|[of] p1a: Arcanine
|move|p1a: Arcanine|Fire Blast|p2a: Gengar
|-crit|p2a: Gengar
|-damage|p2a: Gengar|1\/100 brn
|-damage|p1a: Arcanine|80\/100 tox|[from] tox|[of] p2a: Gengar
|
|turn|40
|choice||
|
|move|p2a: Gengar|Rest|p2a: Gengar
|-status|p2a: Gengar|slp
|-heal|p2a: Gengar|100\/100 slp|[silent]
|-status|p2a: Gengar|slp|[from] move: Rest
|move|p1a: Arcanine|Fire Blast|p2a: Gengar|[miss]
|-miss|p1a: Arcanine
|-damage|p1a: Arcanine|62\/100 tox|[from] tox|[of] p2a: Gengar
|
|turn|41
|choice||
|
|switch|p2a: Lapras|Lapras|100\/100
|switch|p1a: Rhydon|Rhydon|89\/100
|
|turn|42
|choice||
|
|switch|p1a: Lapras|Lapras|17\/100 par
|move|p2a: Lapras|Blizzard|p1a: Lapras
|-resisted|p1a: Lapras
|-damage|p1a: Lapras|10\/100 par
|
|turn|43
|choice||
|
|move|p2a: Lapras|Thunderbolt|p1a: Lapras
|-crit|p1a: Lapras
|-supereffective|p1a: Lapras
|-damage|p1a: Lapras|0 fnt
|faint|p1a: Lapras
|choice||
|
|switch|p1a: Exeggutor|Exeggutor|100\/100
|turn|44
|choice||
|
|move|p2a: Lapras|Blizzard|p1a: Exeggutor
|-supereffective|p1a: Exeggutor
|-damage|p1a: Exeggutor|39\/100
|move|p1a: Exeggutor|Sleep Powder|p2a: Lapras
|-message|Sleep Clause Mod activated.
|
|turn|45
|choice||
|
|switch|p1a: Arcanine|Arcanine|62\/100 tox
|-status|p1a: Arcanine|psn
|-damage|p1a: Arcanine|56\/100 psn|[from] psn
|move|p2a: Lapras|Blizzard|p1a: Arcanine
|-damage|p1a: Arcanine|13\/100 psn
|
|turn|46
|choice||
|
|switch|p2a: Dragonite|Dragonite|5\/100 par
|move|p1a: Arcanine|Body Slam|p2a: Dragonite
|-damage|p2a: Dragonite|0 fnt
|faint|p2a: Dragonite
|choice||
|
|switch|p2a: Rhydon|Rhydon|100\/100
|turn|47
|choice||
|
|move|p1a: Arcanine|Body Slam|p2a: Rhydon
|-crit|p2a: Rhydon
|-resisted|p2a: Rhydon
|-damage|p2a: Rhydon|85\/100
|-damage|p1a: Arcanine|7\/100 psn|[from] psn|[of] p2a: Rhydon
|move|p2a: Rhydon|Earthquake|p1a: Arcanine
|-supereffective|p1a: Arcanine
|-damage|p1a: Arcanine|0 fnt
|faint|p1a: Arcanine
|choice||
|
|switch|p1a: Exeggutor|Exeggutor|39\/100
|turn|48
|choice||
|
|move|p1a: Exeggutor|Psychic|p2a: Rhydon
|-damage|p2a: Rhydon|37\/100
|move|p2a: Rhydon|Rock Slide|p1a: Exeggutor
|-damage|p1a: Exeggutor|12\/100
|
|turn|49
|choice||
|
|switch|p2a: Snorlax|Snorlax|65\/100 slp
|move|p1a: Exeggutor|Psychic|p2a: Snorlax
|-damage|p2a: Snorlax|34\/100 slp
|
|turn|50
|choice||
|
|move|p1a: Exeggutor|Mega Drain|p2a: Snorlax
|-damage|p2a: Snorlax|20\/100 slp
|-heal|p1a: Exeggutor|21\/100|[from] drain|[of] p2a: Snorlax
|-curestatus|p2a: Snorlax|slp
|
|turn|51
|choice||
|
|move|p1a: Exeggutor|Psychic|p2a: Snorlax
|-crit|p2a: Snorlax
|-damage|p2a: Snorlax|0 fnt
|faint|p2a: Snorlax
|choice||
|
|switch|p2a: Lapras|Lapras|100\/100
|turn|52
|choice||
|
|move|p2a: Lapras|Blizzard|p1a: Exeggutor
|-supereffective|p1a: Exeggutor
|-damage|p1a: Exeggutor|0 fnt
|faint|p1a: Exeggutor
|choice||
|
|switch|p1a: Persian|Persian|100\/100
|turn|53
|choice||
|
|switch|p2a: Gengar|Gengar|100\/100 slp
|move|p1a: Persian|Slash|p2a: Gengar
|-immune|p2a: Gengar|[msg]
|
|turn|54
|choice||
|
|switch|p1a: Rhydon|Rhydon|89\/100
|switch|p2a: Lapras|Lapras|100\/100
|
|turn|55
|choice||
|
|move|p2a: Lapras|Surf|p1a: Rhydon
|-supereffective|p1a: Rhydon
|-damage|p1a: Rhydon|0 fnt
|faint|p1a: Rhydon
|choice||
|
|switch|p1a: Persian|Persian|100\/100
|turn|56
|choice||
|
|switch|p2a: Gengar|Gengar|100\/100 slp
|move|p1a: Persian|Thunderbolt|p2a: Gengar
|-damage|p2a: Gengar|87\/100 slp
|
|turn|57
|choice||
|
|move|p1a: Persian|Thunderbolt|p2a: Gengar
|-damage|p2a: Gengar|72\/100 slp
|cant|p2a: Gengar|slp
|
|turn|58
|choice||
|
|move|p1a: Persian|Thunderbolt|p2a: Gengar
|-damage|p2a: Gengar|56\/100 slp
|-curestatus|p2a: Gengar|slp
|
|turn|59
|choice||
|
|move|p1a: Persian|Thunderbolt|p2a: Gengar
|-damage|p2a: Gengar|42\/100
|move|p2a: Gengar|Toxic|p1a: Persian
|-status|p1a: Persian|tox
|
|turn|60
|choice||
|
|move|p1a: Persian|Thunderbolt|p2a: Gengar
|-damage|p2a: Gengar|26\/100
|-damage|p1a: Persian|94\/100 tox|[from] tox|[of] p2a: Gengar
|move|p2a: Gengar|Thunderbolt|p1a: Persian
|-crit|p1a: Persian
|-damage|p1a: Persian|21\/100 tox
|
|turn|61
|choice||
|
|move|p1a: Persian|Thunderbolt|p2a: Gengar
|-damage|p2a: Gengar|11\/100
|-damage|p1a: Persian|9\/100 tox|[from] tox|[of] p2a: Gengar
|move|p2a: Gengar|Rest|p2a: Gengar
|-status|p2a: Gengar|slp
|-heal|p2a: Gengar|100\/100 slp|[silent]
|-status|p2a: Gengar|slp|[from] move: Rest
|
|turn|62
|choice||
|
|move|p1a: Persian|Thunderbolt|p2a: Gengar
|-damage|p2a: Gengar|85\/100 slp
|-damage|p1a: Persian|0 fnt|[from] tox|[of] p2a: Gengar
|faint|p1a: Persian
|choice||
|
|switch|p1a: Dragonair|Dragonair|100\/100
|turn|63
|choice||
|
|cant|p2a: Gengar|slp
|move|p1a: Dragonair|Agility|p1a: Dragonair
|-boost|p1a: Dragonair|spe|2
|
|turn|64
|choice||
|
|move|p1a: Dragonair|Blizzard|p2a: Gengar|[miss]
|-miss|p1a: Dragonair
|-curestatus|p2a: Gengar|slp
|
|turn|65
|choice||
|
|move|p1a: Dragonair|Blizzard|p2a: Gengar
|-damage|p2a: Gengar|66\/100
|move|p2a: Gengar|Toxic|p1a: Dragonair
|-status|p1a: Dragonair|tox
|
|turn|66
|j|SLiVErMaGE
|choice||
|
|move|p1a: Dragonair|Blizzard|p2a: Gengar
|-crit|p2a: Gengar
|-damage|p2a: Gengar|26\/100
|-damage|p1a: Dragonair|94\/100 tox|[from] tox|[of] p2a: Gengar
|move|p2a: Gengar|Seismic Toss|p1a: Dragonair
|-damage|p1a: Dragonair|64\/100 tox
|
|turn|67
|choice||
|
|move|p1a: Dragonair|Blizzard|p2a: Gengar
|-damage|p2a: Gengar|7\/100
|-damage|p1a: Dragonair|51\/100 tox|[from] tox|[of] p2a: Gengar
|move|p2a: Gengar|Rest|p2a: Gengar
|-status|p2a: Gengar|slp
|-heal|p2a: Gengar|100\/100 slp|[silent]
|-status|p2a: Gengar|slp|[from] move: Rest
|
|turn|68
|c| SLiVErMaGE|hi
|choice||
|
|move|p1a: Dragonair|Blizzard|p2a: Gengar
|-damage|p2a: Gengar|81\/100 slp
|-damage|p1a: Dragonair|33\/100 tox|[from] tox|[of] p2a: Gengar
|cant|p2a: Gengar|slp
|
|turn|69
|choice||
|
|move|p1a: Dragonair|Blizzard|p2a: Gengar
|-damage|p2a: Gengar|63\/100 slp
|-damage|p1a: Dragonair|8\/100 tox|[from] tox|[of] p2a: Gengar
|-curestatus|p2a: Gengar|slp
|
|turn|70
|choice||
|
|move|p1a: Dragonair|Blizzard|p2a: Gengar
|-damage|p2a: Gengar|44\/100
|-damage|p1a: Dragonair|0 fnt|[from] tox|[of] p2a: Gengar
|faint|p1a: Dragonair
|
|win|Dragonmasterx34
|player|p1
|player|p2
|raw|Ccrescent's rating: 1147 &rarr; <strong>1114<\/strong><br \/>(-33 for losing)
|raw|Dragonmasterx34's rating: 1033 &rarr; <strong>1079<\/strong><br \/>(+46 for winning)