|join|Kel9901
|join|nomoreapache
|player|p1|Kel9901|170
|player|p2|nomoreapache|15
|gametype|singles
|gen|1
|tier|[Gen 1] Random Battle
|rated
|rule|Sleep Clause Mod: Limit one foe put to sleep
|rule|Freeze Clause Mod: Limit one foe frozen
|rule|HP Percentage Mod: HP is shown in percentages
|
|start
|switch|p1a: Charizard|Charizard, L86|310\/310
|switch|p2a: Wigglytuff|Wigglytuff, L86|416\/416
|turn|1
|
|switch|p1a: Ditto|Ditto, L86|258\/258
|move|p2a: Wigglytuff|Bubble Beam|p1a: Ditto
|-damage|p1a: Ditto|210\/258
|
|turn|2
|
|switch|p2a: Ditto|Ditto, L86|258\/258
|move|p1a: Ditto|Transform|p2a: Ditto
|-transform|p1a: Ditto|p2a: Ditto
|
|turn|3
|c|★nomoreapache|lololol
|
|move|p2a: Ditto|Transform|p1a: Ditto
|-transform|p2a: Ditto|p1a: Ditto
|move|p1a: Ditto|Transform|p2a: Ditto
|-transform|p1a: Ditto|p2a: Ditto
|
|turn|4
|
|move|p1a: Ditto|Transform|p2a: Ditto
|-transform|p1a: Ditto|p2a: Ditto
|move|p2a: Ditto|Transform|p1a: Ditto
|-transform|p2a: Ditto|p1a: Ditto
|
|turn|5
|
|move|p1a: Ditto|Transform|p2a: Ditto
|-transform|p1a: Ditto|p2a: Ditto
|move|p2a: Ditto|Transform|p1a: Ditto
|-transform|p2a: Ditto|p1a: Ditto
|
|turn|6
|
|move|p2a: Ditto|Transform|p1a: Ditto
|-transform|p2a: Ditto|p1a: Ditto
|move|p1a: Ditto|Transform|p2a: Ditto
|-transform|p1a: Ditto|p2a: Ditto
|
|turn|7
|
|move|p1a: Ditto|Transform|p2a: Ditto
|-transform|p1a: Ditto|p2a: Ditto
|move|p2a: Ditto|Transform|p1a: Ditto
|-transform|p2a: Ditto|p1a: Ditto
|
|turn|8
|
|switch|p1a: Seaking|Seaking, L86|313\/313
|move|p2a: Ditto|Transform|p1a: Seaking
|-transform|p2a: Ditto|p1a: Seaking
|
|turn|9
|
|switch|p1a: Jolteon|Jolteon, L86|287\/287
|move|p2a: Ditto|Double-Edge|p1a: Jolteon
|-damage|p1a: Jolteon|205\/287
|-damage|p2a: Ditto|238\/258|[from] recoil|[of] p1a: Jolteon
|
|turn|10
|
|switch|p2a: Snorlax|Snorlax, L82|430\/430
|move|p1a: Jolteon|Thunderbolt|p2a: Snorlax
|-crit|p2a: Snorlax
|-damage|p2a: Snorlax|142\/430
|
|turn|11
|
|switch|p1a: Ditto|Ditto, L86|210\/258
|move|p2a: Snorlax|Rest|p2a: Snorlax
|-status|p2a: Snorlax|slp
|-heal|p2a: Snorlax|430\/430 slp|[silent]
|-status|p2a: Snorlax|slp|[from] move: Rest
|
|turn|12
|
|switch|p2a: Ditto|Ditto, L86|238\/258
|move|p1a: Ditto|Transform|p2a: Ditto
|-transform|p1a: Ditto|p2a: Ditto
|
|turn|13
|
|switch|p1a: Seaking|Seaking, L86|313\/313
|move|p2a: Ditto|Transform|p1a: Seaking
|-transform|p2a: Ditto|p1a: Seaking
|
|turn|14
|
|move|p1a: Seaking|Double-Edge|p2a: Ditto
|-damage|p2a: Ditto|161\/258
|-damage|p1a: Seaking|294\/313|[from] recoil|[of] p2a: Ditto
|move|p2a: Ditto|Surf|p1a: Seaking
|-resisted|p1a: Seaking
|-damage|p1a: Seaking|246\/313
|
|turn|15
|
|switch|p1a: Jolteon|Jolteon, L86|205\/287
|move|p2a: Ditto|Double-Edge|p1a: Jolteon
|-damage|p1a: Jolteon|124\/287
|-damage|p2a: Ditto|141\/258|[from] recoil|[of] p1a: Jolteon
|
|turn|16
|
|move|p1a: Jolteon|Thunderbolt|p2a: Ditto
|-crit|p2a: Ditto
|-supereffective|p2a: Ditto
|-damage|p2a: Ditto|0 fnt
|faint|p2a: Ditto
|
|switch|p2a: Wigglytuff|Wigglytuff, L86|416\/416
|turn|17
|
|move|p1a: Jolteon|Thunder Wave|p2a: Wigglytuff
|-status|p2a: Wigglytuff|par
|cant|p2a: Wigglytuff|par
|
|turn|18
|
|move|p1a: Jolteon|Thunderbolt|p2a: Wigglytuff
|-damage|p2a: Wigglytuff|266\/416 par
|cant|p2a: Wigglytuff|par
|
|turn|19
|
|move|p1a: Jolteon|Thunderbolt|p2a: Wigglytuff
|-damage|p2a: Wigglytuff|106\/416 par
|cant|p2a: Wigglytuff|par
|
|turn|20
|
|move|p1a: Jolteon|Thunderbolt|p2a: Wigglytuff
|-damage|p2a: Wigglytuff|0 fnt
|faint|p2a: Wigglytuff
|
|switch|p2a: Arcanine|Arcanine, L86|330\/330
|turn|21
|
|move|p1a: Jolteon|Thunder Wave|p2a: Arcanine
|-status|p2a: Arcanine|par
|cant|p2a: Arcanine|par
|
|turn|22
|
|switch|p1a: Seaking|Seaking, L86|246\/313
|move|p2a: Arcanine|Hyper Beam|p1a: Seaking
|-damage|p1a: Seaking|95\/313
|
|turn|23
|
|move|p1a: Seaking|Surf|p2a: Arcanine
|-supereffective|p2a: Arcanine
|-damage|p2a: Arcanine|136\/330 par
|cant|p2a: Arcanine|recharge
|
|turn|24
|
|move|p1a: Seaking|Surf|p2a: Arcanine
|-supereffective|p2a: Arcanine
|-damage|p2a: Arcanine|0 fnt
|faint|p2a: Arcanine
|
|switch|p2a: Dragonite|Dragonite, L82|317\/317
|turn|25
|
|move|p2a: Dragonite|Hyper Beam|p1a: Seaking
|-damage|p1a: Seaking|0 fnt
|faint|p1a: Seaking
|
|switch|p1a: Jolteon|Jolteon, L86|124\/287
|turn|26
|
|move|p1a: Jolteon|Thunder Wave|p2a: Dragonite
|-status|p2a: Dragonite|par
|move|p2a: Dragonite|Hyper Beam|p1a: Jolteon
|-damage|p1a: Jolteon|0 fnt
|faint|p1a: Jolteon
|
|switch|p1a: Ditto|Ditto, L86|210\/258
|turn|27
|
|move|p1a: Ditto|Transform|p2a: Dragonite
|-transform|p1a: Ditto|p2a: Dragonite
|move|p2a: Dragonite|Blizzard|p1a: Ditto
|-supereffective|p1a: Ditto
|-damage|p1a: Ditto|0 fnt
|faint|p1a: Ditto
|
|switch|p1a: Snorlax|Snorlax, L82|430\/430
|turn|28
|
|move|p1a: Snorlax|Ice Beam|p2a: Dragonite
|-supereffective|p2a: Dragonite
|-damage|p2a: Dragonite|136\/317 par
|move|p2a: Dragonite|Hyper Beam|p1a: Snorlax
|-damage|p1a: Snorlax|274\/430
|
|turn|29
|
|move|p1a: Snorlax|Ice Beam|p2a: Dragonite
|-supereffective|p2a: Dragonite
|-damage|p2a: Dragonite|0 fnt
|faint|p2a: Dragonite
|
|switch|p2a: Snorlax|Snorlax, L82|430\/430 slp
|turn|30
|
|cant|p2a: Snorlax|slp
|move|p1a: Snorlax|Earthquake|p2a: Snorlax
|-damage|p2a: Snorlax|338\/430 slp
|
|turn|31
|
|move|p1a: Snorlax|Self-Destruct|p2a: Snorlax
|-damage|p2a: Snorlax|19\/430 slp
|faint|p1a: Snorlax
|
|switch|p1a: Charizard|Charizard, L86|310\/310
|turn|32
|
|move|p1a: Charizard|Swords Dance|p1a: Charizard
|-boost|p1a: Charizard|atk|2
|cant|p2a: Snorlax|slp
|-curestatus|p2a: Snorlax|slp
|
|turn|33
|
|move|p1a: Charizard|Body Slam|p2a: Snorlax
|-damage|p2a: Snorlax|0 fnt
|faint|p2a: Snorlax
|
|switch|p2a: Cloyster|Cloyster, L82|250\/250
|turn|34
|
|move|p1a: Charizard|Fire Blast|p2a: Cloyster
|-damage|p2a: Cloyster|116\/250
|move|p2a: Cloyster|Clamp|p1a: Charizard
|-crit|p1a: Charizard
|-supereffective|p1a: Charizard
|-damage|p1a: Charizard|184\/310
|-activate|p1a: Charizard|move: Clamp|[of] p2a: Cloyster
|
|turn|35
|
|switch|p1a: Arbok|Arbok, L86|279\/279
|move|p2a: Cloyster|Clamp|p1a: Arbok
|-damage|p1a: Arbok|242\/279
|-activate|p1a: Arbok|move: Clamp|[of] p2a: Cloyster
|
|turn|36
|
|cant|p1a: Arbok|partiallytrapped
|move|p2a: Cloyster|Clamp|p1a: Arbok
|-damage|p1a: Arbok|205\/279
|
|turn|37
|
|cant|p1a: Arbok|partiallytrapped
|move|p2a: Cloyster|Clamp|p1a: Arbok
|-damage|p1a: Arbok|168\/279
|
|-end|p1a: Arbok|Clamp|[partiallytrapped]
|turn|38
|
|move|p1a: Arbok|Glare|p2a: Cloyster
|-status|p2a: Cloyster|par
|move|p2a: Cloyster|Blizzard|p1a: Arbok|[miss]
|-miss|p2a: Cloyster
|
|turn|39
|
|move|p1a: Arbok|Earthquake|p2a: Cloyster
|-crit|p2a: Cloyster
|-damage|p2a: Cloyster|33\/250 par
|move|p2a: Cloyster|Blizzard|p1a: Arbok
|-damage|p1a: Arbok|50\/279
|
|turn|40
|c|★Kel9901|gg
|c|★nomoreapache|gg
|
|move|p1a: Arbok|Earthquake|p2a: Cloyster
|-crit|p2a: Cloyster
|-damage|p2a: Cloyster|0 fnt
|faint|p2a: Cloyster
|
|win|Kel9901
|raw|Ladder updating...
|raw|Kel9901's rating: 1346 &rarr; <strong>1355<\/strong><br \/>(+9 for winning)
|raw|nomoreapache's rating: 1131 &rarr; <strong>1120<\/strong><br \/>(-11 for losing)
|leave|Kel9901
|player|p1