|j|Gymleaderfabe
|j|vsterel
|player|p1|Gymleaderfabe|241
|player|p2|vsterel|1
|gametype|singles
|gen|1
|tier|[Gen 1] Random Battle
|rated
|seed|8470,37591,9701,20172
|rule|Sleep Clause Mod: Limit one foe put to sleep
|rule|Freeze Clause Mod: Limit one foe frozen
|rule|HP Percentage Mod: HP is shown in percentages
|
|start
|switch|p1a: Seel|Seel, L96|320\/320
|switch|p2a: Pidgeotto|Pidgeotto, L90|297\/297
|turn|1
|choice|move 3|move 1
|
|move|p2a: Pidgeotto|Double-Edge|p1a: Seel
|-damage|p1a: Seel|213\/320
|-damage|p2a: Pidgeotto|271\/297|[from] recoil|[of] p1a: Seel
|move|p1a: Seel|Body Slam|p2a: Pidgeotto
|-damage|p2a: Pidgeotto|206\/297
|
|turn|2
|choice|move 2|move 4
|
|move|p2a: Pidgeotto|Mirror Move|p2a: Pidgeotto
|move|p2a: Pidgeotto|Body Slam|p1a: Seel|[from]Mirror Move
|-damage|p1a: Seel|123\/320
|move|p1a: Seel|Blizzard|p2a: Pidgeotto
|-supereffective|p2a: Pidgeotto
|-damage|p2a: Pidgeotto|0 fnt
|faint|p2a: Pidgeotto
|choice||switch 4
|
|switch|p2a: Victreebel|Victreebel, L85|310\/310
|turn|3
|choice|switch 2|move 1
|
|switch|p1a: Ditto|Ditto, L99|296\/296
|move|p2a: Victreebel|Razor Leaf|p1a: Ditto
|-crit|p1a: Ditto
|-damage|p1a: Ditto|153\/296
|
|turn|4
|choice|move 1|move 2
|
|move|p2a: Victreebel|Body Slam|p1a: Ditto
|-damage|p1a: Ditto|71\/296
|move|p1a: Ditto|Transform|p2a: Victreebel
|-transform|p1a: Ditto|p2a: Victreebel
|
|turn|5
|choice|move 2|move 2
|
|move|p2a: Victreebel|Body Slam|p1a: Ditto
|-damage|p1a: Ditto|0 fnt
|faint|p1a: Ditto
|choice|switch 3|
|
|switch|p1a: Starmie|Starmie, L79|257\/257
|turn|6
|choice|move 2|move 1
|
|move|p1a: Starmie|Blizzard|p2a: Victreebel
|-crit|p2a: Victreebel
|-supereffective|p2a: Victreebel
|-damage|p2a: Victreebel|22\/310
|move|p2a: Victreebel|Razor Leaf|p1a: Starmie
|-crit|p1a: Starmie
|-supereffective|p1a: Starmie
|-damage|p1a: Starmie|31\/257
|
|turn|7
|choice|move 3|move 2
|
|move|p1a: Starmie|Thunderbolt|p2a: Victreebel
|-crit|p2a: Victreebel
|-resisted|p2a: Victreebel
|-damage|p2a: Victreebel|0 fnt
|faint|p2a: Victreebel
|choice||switch 5
|
|switch|p2a: Tauros|Tauros, L79|280\/280
|turn|8
|choice|move 1|move 4
|
|move|p1a: Starmie|Recover|p1a: Starmie
|-heal|p1a: Starmie|159\/257
|move|p2a: Tauros|Body Slam|p1a: Starmie
|-crit|p1a: Starmie
|-damage|p1a: Starmie|0 fnt
|faint|p1a: Starmie
|choice|switch 5|
|
|switch|p1a: Jolteon|Jolteon, L79|265\/265
|turn|9
|choice|move 4|move 3
|
|move|p1a: Jolteon|Sand Attack|p2a: Tauros
|-unboost|p2a: Tauros|accuracy|1
|move|p2a: Tauros|Earthquake|p1a: Jolteon|[miss]
|-miss|p2a: Tauros
|
|turn|10
|choice|switch 6|move 3
|
|switch|p1a: Zapdos|Zapdos, L79|304\/304
|move|p2a: Tauros|Earthquake|p1a: Zapdos
|-immune|p1a: Zapdos|[msg]
|
|turn|11
|choice|move 4|move 4
|
|move|p2a: Tauros|Body Slam|p1a: Zapdos
|-damage|p1a: Zapdos|208\/304
|move|p1a: Zapdos|Thunder Wave|p2a: Tauros
|-status|p2a: Tauros|par
|
|turn|12
|choice|move 3|move 1
|
|move|p1a: Zapdos|Drill Peck|p2a: Tauros
|-damage|p2a: Tauros|206\/280 par
|move|p2a: Tauros|Blizzard|p1a: Zapdos
|-crit|p1a: Zapdos
|-supereffective|p1a: Zapdos
|-damage|p1a: Zapdos|18\/304
|
|turn|13
|choice|move 2|switch 3
|
|switch|p2a: Raichu|Raichu, L85|276\/276
|move|p1a: Zapdos|Thunderbolt|p2a: Raichu
|-resisted|p2a: Raichu
|-damage|p2a: Raichu|225\/276
|
|turn|14
|choice|move 3|move 1
|
|move|p2a: Raichu|Surf|p1a: Zapdos
|-damage|p1a: Zapdos|0 fnt
|faint|p1a: Zapdos
|choice|switch 6|
|
|switch|p1a: Jolteon|Jolteon, L79|265\/265
|turn|15
|choice|move 4|move 1
|
|move|p1a: Jolteon|Sand Attack|p2a: Raichu
|-unboost|p2a: Raichu|accuracy|1
|move|p2a: Raichu|Surf|p1a: Jolteon
|-damage|p1a: Jolteon|205\/265
|
|turn|16
|choice|move 4|move 1
|
|move|p1a: Jolteon|Sand Attack|p2a: Raichu
|-unboost|p2a: Raichu|accuracy|1
|move|p2a: Raichu|Surf|p1a: Jolteon
|-damage|p1a: Jolteon|143\/265
|
|turn|17
|choice|move 1|move 1
|
|move|p1a: Jolteon|Thunderbolt|p2a: Raichu
|-resisted|p2a: Raichu
|-damage|p2a: Raichu|181\/276
|move|p2a: Raichu|Surf|p1a: Jolteon|[miss]
|-miss|p2a: Raichu
|
|turn|18
|choice|move 1|switch 2
|
|switch|p2a: Machop|Machop, L96|329\/329
|move|p1a: Jolteon|Thunderbolt|p2a: Machop
|-damage|p2a: Machop|198\/329
|
|turn|19
|choice|move 1|move 3
|
|move|p1a: Jolteon|Thunderbolt|p2a: Machop
|-damage|p2a: Machop|49\/329
|move|p2a: Machop|Earthquake|p1a: Jolteon
|-supereffective|p1a: Jolteon
|-damage|p1a: Jolteon|0 fnt
|faint|p1a: Jolteon
|choice|switch 2|
|
|switch|p1a: Seel|Seel, L96|123\/320
|turn|20
|choice|move 3|move 1
|
|move|p1a: Seel|Body Slam|p2a: Machop
|-damage|p2a: Machop|0 fnt
|faint|p2a: Machop
|choice||switch 2
|
|switch|p2a: Raichu|Raichu, L85|181\/276
|turn|21
|choice|move 4|move 3
|
|move|p2a: Raichu|Thunder|p1a: Seel|[miss]
|-miss|p2a: Raichu
|move|p1a: Seel|Mimic|p2a: Raichu
|-start|p1a: Seel|Mimic|Thunder
|
|turn|22
|choice|move 3|move 3
|
|move|p2a: Raichu|Thunder|p1a: Seel
|-supereffective|p1a: Seel
|-damage|p1a: Seel|0 fnt
|faint|p1a: Seel
|choice|switch 4|
|
|switch|p1a: Alakazam|Alakazam, L79|249\/249
|turn|23
|choice|move 4|move 3
|
|move|p1a: Alakazam|Thunder Wave|p2a: Raichu
|-status|p2a: Raichu|par
|move|p2a: Raichu|Thunder|p1a: Alakazam
|-damage|p1a: Alakazam|143\/249
|
|turn|24
|choice|move 1|move 2
|
|move|p1a: Alakazam|Psychic|p2a: Raichu
|-damage|p2a: Raichu|72\/276 par
|-unboost|p2a: Raichu|spd|1
|-unboost|p2a: Raichu|spa|1
|move|p2a: Raichu|Agility|p2a: Raichu
|-boost|p2a: Raichu|spe|2
|
|turn|25
|choice|move 1|move 4
|
|move|p2a: Raichu|Hyper Beam|p1a: Alakazam|[miss]
|-miss|p2a: Raichu
|move|p1a: Alakazam|Psychic|p2a: Raichu
|-crit|p2a: Raichu
|-damage|p2a: Raichu|0 fnt
|faint|p2a: Raichu
|choice||switch 3
|
|switch|p2a: Tauros|Tauros, L79|206\/280 par
|turn|26
|choice|move 2|move 4
|
|move|p1a: Alakazam|Reflect|p1a: Alakazam
|-start|p1a: Alakazam|Reflect
|move|p2a: Tauros|Body Slam|p1a: Alakazam
|-damage|p1a: Alakazam|84\/249
|-status|p1a: Alakazam|par
|
|turn|27
|c|★Gymleaderfabe|gg
|choice|move 1|move 2
|
|move|p1a: Alakazam|Psychic|p2a: Tauros
|-damage|p2a: Tauros|79\/280 par
|move|p2a: Tauros|Hyper Beam|p1a: Alakazam
|-damage|p1a: Alakazam|0 fnt
|faint|p1a: Alakazam
|
|win|vsterel
|player|p1
|player|p2
|raw|Gymleaderfabe's rating: 1356 &rarr; <strong>1344<\/strong><br \/>(-12 for losing)
|raw|vsterel's rating: 1494 &rarr; <strong>1507<\/strong><br \/>(+13 for winning)
|c|★vsterel|no recover?
|c|★vsterel|gg