|join|riwu
|join|hlavajda
|player|p1|riwu|170
|player|p2|hlavajda|27
|gametype|singles
|gen|1
|tier|[Gen 1] Random Battle
|rated
|seed|51426,14965,21386,45409
|rule|Sleep Clause Mod: Limit one foe put to sleep
|rule|Freeze Clause Mod: Limit one foe frozen
|rule|HP Percentage Mod: HP is shown in percentages
|
|start
|switch|p1a: Flareon|Flareon, L90|300\/300
|switch|p2a: Metapod|Metapod, L99|300\/300
|turn|1
|choice|switch 2|move 1
|
|switch|p1a: Krabby|Krabby, L96|252\/252
|move|p2a: Metapod|String Shot|p1a: Krabby
|-unboost|p1a: Krabby|spe|1
|
|turn|2
|choice|move 2|move 3
|
|move|p2a: Metapod|Tackle|p1a: Krabby
|-damage|p1a: Krabby|237\/252
|move|p1a: Krabby|Swords Dance|p1a: Krabby
|-boost|p1a: Krabby|atk|2
|
|turn|3
|choice|move 2|move 1
|
|move|p2a: Metapod|String Shot|p1a: Krabby
|-unboost|p1a: Krabby|spe|1
|move|p1a: Krabby|Swords Dance|p1a: Krabby
|-boost|p1a: Krabby|atk|2
|
|turn|4
|choice|move 2|move 3
|
|move|p2a: Metapod|Tackle|p1a: Krabby
|-crit|p1a: Krabby
|-damage|p1a: Krabby|209\/252
|move|p1a: Krabby|Swords Dance|p1a: Krabby
|-boost|p1a: Krabby|atk|2
|
|turn|5
|choice|move 1|move 3
|
|move|p2a: Metapod|Tackle|p1a: Krabby|[miss]
|-miss|p2a: Metapod
|move|p1a: Krabby|Body Slam|p2a: Metapod
|-damage|p2a: Metapod|16\/300
|-status|p2a: Metapod|par
|
|turn|6
|choice|move 1|move 3
|
|move|p1a: Krabby|Body Slam|p2a: Metapod
|-damage|p2a: Metapod|0 fnt
|faint|p2a: Metapod
|choice||switch 6
|
|switch|p2a: Zapdos|Zapdos, L79|304\/304
|turn|7
|choice|switch 5|move 4
|
|switch|p1a: Clefable|Clefable, L85|335\/335
|move|p2a: Zapdos|Thunderbolt|p1a: Clefable
|-damage|p1a: Clefable|236\/335
|
|turn|8
|choice|move 2|move 2
|
|move|p2a: Zapdos|Thunder Wave|p1a: Clefable
|-status|p1a: Clefable|par
|move|p1a: Clefable|Blizzard|p2a: Zapdos
|-supereffective|p2a: Zapdos
|-damage|p2a: Zapdos|176\/304
|
|turn|9
|choice|move 2|move 4
|
|move|p2a: Zapdos|Thunderbolt|p1a: Clefable
|-damage|p1a: Clefable|124\/335 par
|cant|p1a: Clefable|par
|
|turn|10
|choice|move 2|move 4
|
|move|p2a: Zapdos|Thunderbolt|p1a: Clefable
|-damage|p1a: Clefable|15\/335 par
|cant|p1a: Clefable|par
|
|turn|11
|choice|move 2|move 4
|
|move|p2a: Zapdos|Thunderbolt|p1a: Clefable
|-damage|p1a: Clefable|0 fnt
|faint|p1a: Clefable
|choice|switch 6|
|
|switch|p1a: Magmar|Magmar, L90|300\/300
|turn|12
|choice|move 1|move 2
|
|move|p1a: Magmar|Confuse Ray|p2a: Zapdos
|-start|p2a: Zapdos|confusion
|-activate|p2a: Zapdos|confusion
|-damage|p2a: Zapdos|147\/304|[from] confusion
|
|turn|13
|choice|move 3|move 2
|
|move|p1a: Magmar|Body Slam|p2a: Zapdos
|-damage|p2a: Zapdos|68\/304
|-status|p2a: Zapdos|par
|-activate|p2a: Zapdos|confusion
|-damage|p2a: Zapdos|39\/304 par|[from] confusion
|
|turn|14
|choice|move 3|move 2
|
|move|p1a: Magmar|Body Slam|p2a: Zapdos
|-damage|p2a: Zapdos|0 fnt
|faint|p2a: Zapdos
|choice||switch 3
|
|switch|p2a: Seadra|Seadra, L90|282\/282
|turn|15
|choice|switch 5|move 2
|
|switch|p1a: Krabby|Krabby, L96|209\/252
|move|p2a: Seadra|Hydro Pump|p1a: Krabby
|-resisted|p1a: Krabby
|-damage|p1a: Krabby|99\/252
|
|turn|16
|choice|switch 3|move 2
|
|switch|p1a: Dewgong|Dewgong, L85|327\/327
|move|p2a: Seadra|Hydro Pump|p1a: Dewgong
|-resisted|p1a: Dewgong
|-damage|p1a: Dewgong|257\/327
|
|turn|17
|choice|move 2|switch 4
|
|switch|p2a: Pidgeot|Pidgeot, L90|333\/333
|move|p1a: Dewgong|Blizzard|p2a: Pidgeot
|-supereffective|p2a: Pidgeot
|-damage|p2a: Pidgeot|36\/333
|
|turn|18
|choice|switch 5|move 1
|
|switch|p1a: Magmar|Magmar, L90|300\/300
|move|p2a: Pidgeot|Double-Edge|p1a: Magmar
|-damage|p1a: Magmar|163\/300
|-damage|p2a: Pidgeot|2\/333|[from] recoil|[of] p1a: Magmar
|
|turn|19
|choice|move 3|move 1
|
|move|p1a: Magmar|Body Slam|p2a: Pidgeot
|-damage|p2a: Pidgeot|0 fnt
|faint|p2a: Pidgeot
|choice||switch 4
|
|switch|p2a: Seadra|Seadra, L90|282\/282
|turn|20
|choice|move 1|move 2
|
|move|p1a: Magmar|Confuse Ray|p2a: Seadra
|-start|p2a: Seadra|confusion
|-activate|p2a: Seadra|confusion
|-damage|p2a: Seadra|256\/282|[from] confusion
|
|turn|21
|choice|switch 5|move 2
|
|switch|p1a: Dewgong|Dewgong, L85|257\/327
|-end|p2a: Seadra|confusion
|move|p2a: Seadra|Hydro Pump|p1a: Dewgong
|-resisted|p1a: Dewgong
|-damage|p1a: Dewgong|188\/327
|
|turn|22
|choice|move 2|switch 5
|
|switch|p2a: Muk|Muk, L90|372\/372
|move|p1a: Dewgong|Blizzard|p2a: Muk
|-damage|p2a: Muk|236\/372
|
|turn|23
|choice|switch 5|move 4
|
|switch|p1a: Magmar|Magmar, L90|163\/300
|move|p2a: Muk|Body Slam|p1a: Magmar
|-damage|p1a: Magmar|69\/300
|-status|p1a: Magmar|par
|
|turn|24
|choice|move 1|move 4
|
|move|p2a: Muk|Body Slam|p1a: Magmar
|-damage|p1a: Magmar|0 fnt
|faint|p1a: Magmar
|choice|switch 3|
|
|switch|p1a: Krabby|Krabby, L96|99\/252
|turn|25
|choice|move 4|move 4
|
|move|p1a: Krabby|Crabhammer|p2a: Muk
|-crit|p2a: Muk
|-damage|p2a: Muk|111\/372
|move|p2a: Muk|Body Slam|p1a: Krabby
|-damage|p1a: Krabby|32\/252
|
|turn|26
|choice|move 4|move 4
|
|move|p1a: Krabby|Crabhammer|p2a: Muk
|-damage|p2a: Muk|42\/372
|move|p2a: Muk|Body Slam|p1a: Krabby
|-damage|p1a: Krabby|0 fnt
|faint|p1a: Krabby
|choice|switch 5|
|
|switch|p1a: Dewgong|Dewgong, L85|188\/327
|turn|27
|choice|move 1|move 1
|
|move|p1a: Dewgong|Surf|p2a: Muk
|-damage|p2a: Muk|0 fnt
|faint|p2a: Muk
|choice||switch 2
|
|switch|p2a: Mew|Mew, L74|300\/300
|turn|28
|choice|move 2|move 1
|
|move|p2a: Mew|Earthquake|p1a: Dewgong
|-damage|p1a: Dewgong|132\/327
|move|p1a: Dewgong|Blizzard|p2a: Mew
|-damage|p2a: Mew|170\/300
|
|turn|29
|choice|move 2|move 3
|
|move|p2a: Mew|Blizzard|p1a: Dewgong
|-resisted|p1a: Dewgong
|-damage|p1a: Dewgong|116\/327
|move|p1a: Dewgong|Blizzard|p2a: Mew
|-damage|p2a: Mew|41\/300
|-status|p2a: Mew|frz
|
|turn|30
|choice|move 3|move 1
|
|cant|p2a: Mew|frz
|move|p1a: Dewgong|Mimic|p2a: Mew
|-start|p1a: Dewgong|Mimic|Blizzard
|
|turn|31
|choice|switch 4|move 1
|
|switch|p1a: Vileplume|Vileplume, L90|318\/318
|cant|p2a: Mew|frz
|
|turn|32
|choice|move 3|move 3
|
|cant|p2a: Mew|frz
|move|p1a: Vileplume|Sleep Powder|p2a: Mew
|-fail|p2a: Mew
|
|turn|33
|choice|move 3|move 3
|
|cant|p2a: Mew|frz
|move|p1a: Vileplume|Sleep Powder|p2a: Mew
|-fail|p2a: Mew
|
|turn|34
|choice|switch 4|move 3
|
|switch|p1a: Dewgong|Dewgong, L85|116\/327
|cant|p2a: Mew|frz
|
|turn|35
|choice|move 3|move 1
|
|cant|p2a: Mew|frz
|move|p1a: Dewgong|Mimic|p2a: Mew
|-start|p1a: Dewgong|Mimic|Earthquake
|
|turn|36
|choice|switch 4|move 1
|
|switch|p1a: Vileplume|Vileplume, L90|318\/318
|cant|p2a: Mew|frz
|
|turn|37
|choice|move 3|move 3
|
|cant|p2a: Mew|frz
|move|p1a: Vileplume|Sleep Powder|p2a: Mew
|-fail|p2a: Mew
|
|turn|38
|choice|switch 4|move 3
|
|switch|p1a: Dewgong|Dewgong, L85|116\/327
|cant|p2a: Mew|frz
|
|turn|39
|choice|move 3|move 3
|
|cant|p2a: Mew|frz
|move|p1a: Dewgong|Mimic|p2a: Mew
|-start|p1a: Dewgong|Mimic|Horn Drill
|
|html|<div class="broadcast-red">Mew is in an endless loop.<\/div>
|turn|40
|choice|switch 4|move 1
|
|switch|p1a: Vileplume|Vileplume, L90|318\/318
|cant|p2a: Mew|frz
|
|turn|41
|choice|move 4|move 3
|
|cant|p2a: Mew|frz
|move|p1a: Vileplume|Swords Dance|p1a: Vileplume
|-boost|p1a: Vileplume|atk|2
|
|turn|42
|choice|move 4|move 1
|
|cant|p2a: Mew|frz
|move|p1a: Vileplume|Swords Dance|p1a: Vileplume
|-boost|p1a: Vileplume|atk|2
|
|turn|43
|choice|move 4|switch 5
|
|switch|p2a: Seadra|Seadra, L90|256\/282
|move|p1a: Vileplume|Swords Dance|p1a: Vileplume
|-boost|p1a: Vileplume|atk|2
|
|turn|44
|choice|move 1|move 3
|
|move|p2a: Seadra|Blizzard|p1a: Vileplume
|-supereffective|p1a: Vileplume
|-damage|p1a: Vileplume|166\/318
|move|p1a: Vileplume|Body Slam|p2a: Seadra
|-damage|p2a: Seadra|20\/282
|
|turn|45
|choice|move 1|move 3
|
|move|p2a: Seadra|Blizzard|p1a: Vileplume
|-supereffective|p1a: Vileplume
|-damage|p1a: Vileplume|12\/318
|move|p1a: Vileplume|Body Slam|p2a: Seadra
|-damage|p2a: Seadra|0 fnt
|faint|p2a: Seadra
|choice||switch 5
|
|switch|p2a: Mew|Mew, L74|41\/300 frz
|turn|46
|choice|move 1|move 3
|
|cant|p2a: Mew|frz
|move|p1a: Vileplume|Body Slam|p2a: Mew
|-damage|p2a: Mew|0 fnt
|faint|p2a: Mew
|
|win|riwu
|raw|riwu's rating: 1548 &rarr; <strong>1558<\/strong><br \/>(+10 for winning)
|raw|hlavajda's rating: 1359 &rarr; <strong>1349<\/strong><br \/>(-10 for losing)
|leave|hlavajda
|player|p2