|j|LibertarianMaster
|j|TheVisualNovel
|player|p1|LibertarianMaster|2
|player|p2|TheVisualNovel|279
|gametype|singles
|gen|1
|tier|[Gen 1] Random Battle
|rated
|seed|22401,64715,14668,44084
|rule|Sleep Clause Mod: Limit one foe put to sleep
|rule|Freeze Clause Mod: Limit one foe frozen
|rule|HP Percentage Mod: HP is shown in percentages
|
|start
|switch|p1a: Blastoise|Blastoise, L85|308\/308
|switch|p2a: Pinsir|Pinsir, L85|284\/284
|turn|1
|c|★TheVisualNovel|Ayn Rand sucks
|c|★LibertarianMaster|lol
|choice|move 4|move 2
|
|move|p2a: Pinsir|Body Slam|p1a: Blastoise
|-damage|p1a: Blastoise|237\/308
|move|p1a: Blastoise|Hydro Pump|p2a: Pinsir|[miss]
|-miss|p1a: Blastoise
|
|turn|2
|choice|move 4|move 2
|
|move|p2a: Pinsir|Body Slam|p1a: Blastoise
|-damage|p1a: Blastoise|175\/308
|move|p1a: Blastoise|Hydro Pump|p2a: Pinsir
|-damage|p2a: Pinsir|139\/284
|
|turn|3
|c|★LibertarianMaster|im more of a rothbardian actually
|choice|move 4|move 3
|
|move|p2a: Pinsir|Hyper Beam|p1a: Blastoise
|-damage|p1a: Blastoise|59\/308
|move|p1a: Blastoise|Hydro Pump|p2a: Pinsir
|-damage|p2a: Pinsir|0 fnt
|faint|p2a: Pinsir
|choice||switch 3
|
|switch|p2a: Gyarados|Gyarados, L85|335\/335
|turn|4
|choice|switch 4|move 4
|
|switch|p1a: Jynx|Jynx, L79|265\/265
|move|p2a: Gyarados|Thunderbolt|p1a: Jynx
|-damage|p1a: Jynx|190\/265
|
|turn|5
|choice|move 1|move 1
|
|move|p1a: Jynx|Lovely Kiss|p2a: Gyarados
|-status|p2a: Gyarados|slp
|cant|p2a: Gyarados|slp
|
|turn|6
|choice|move 2|switch 6
|
|switch|p2a: Golem|Golem, L79|288\/288
|move|p1a: Jynx|Psychic|p2a: Golem
|-crit|p2a: Golem
|-damage|p2a: Golem|68\/288
|
|turn|7
|choice|move 2|move 2
|
|move|p1a: Jynx|Psychic|p2a: Golem
|-damage|p2a: Golem|0 fnt
|faint|p2a: Golem
|choice||switch 5
|
|switch|p2a: Ninetales|Ninetales, L85|298\/298
|turn|8
|choice|switch 6|move 1
|
|switch|p1a: Ninetales|Ninetales, L85|298\/298
|move|p2a: Ninetales|Fire Blast|p1a: Ninetales
|-resisted|p1a: Ninetales
|-damage|p1a: Ninetales|238\/298
|
|turn|9
|choice|move 4|move 3
|
|move|p2a: Ninetales|Body Slam|p1a: Ninetales
|-damage|p1a: Ninetales|182\/298
|-status|p1a: Ninetales|par
|move|p1a: Ninetales|Toxic|p2a: Ninetales
|-status|p2a: Ninetales|tox
|
|turn|10
|choice|switch 4|switch 6
|
|switch|p2a: Gyarados|Gyarados, L85|335\/335 slp
|switch|p1a: Blastoise|Blastoise, L85|59\/308
|
|turn|11
|choice|move 1|move 4
|
|cant|p2a: Gyarados|slp
|move|p1a: Blastoise|Body Slam|p2a: Gyarados
|-damage|p2a: Gyarados|273\/335 slp
|
|turn|12
|choice|move 1|move 4
|
|cant|p2a: Gyarados|slp
|move|p1a: Blastoise|Body Slam|p2a: Gyarados
|-damage|p2a: Gyarados|212\/335 slp
|
|turn|13
|choice|switch 6|move 4
|
|switch|p1a: Jynx|Jynx, L79|190\/265
|-curestatus|p2a: Gyarados|slp
|
|turn|14
|choice|move 2|move 1
|
|move|p1a: Jynx|Psychic|p2a: Gyarados
|-damage|p2a: Gyarados|136\/335
|move|p2a: Gyarados|Hyper Beam|p1a: Jynx
|-damage|p1a: Jynx|0 fnt
|faint|p1a: Jynx
|choice|switch 2|
|
|switch|p1a: Hitmonchan|Hitmonchan, L90|273\/273
|turn|15
|choice|move 1|move 2
|
|move|p1a: Hitmonchan|Body Slam|p2a: Gyarados
|-damage|p2a: Gyarados|55\/335
|move|p2a: Gyarados|Surf|p1a: Hitmonchan
|-damage|p1a: Hitmonchan|101\/273
|
|turn|16
|choice|move 1|switch 4
|
|switch|p2a: Venomoth|Venomoth, L85|293\/293
|move|p1a: Hitmonchan|Body Slam|p2a: Venomoth
|-damage|p2a: Venomoth|196\/293
|
|turn|17
|choice|move 1|move 4
|
|move|p2a: Venomoth|Psychic|p1a: Hitmonchan
|-supereffective|p1a: Hitmonchan
|-damage|p1a: Hitmonchan|0 fnt
|faint|p1a: Hitmonchan
|choice|switch 3|
|
|switch|p1a: Pidgeotto|Pidgeotto, L90|297\/297
|turn|18
|choice|move 1|move 3
|
|move|p2a: Venomoth|Sleep Powder|p1a: Pidgeotto
|-status|p1a: Pidgeotto|slp
|cant|p1a: Pidgeotto|slp
|
|turn|19
|choice|switch 6|switch 2
|
|switch|p2a: Magneton|Magneton, L90|273\/273
|switch|p1a: Blastoise|Blastoise, L85|59\/308
|
|turn|20
|choice|switch 5|move 1
|
|switch|p1a: Gloom|Gloom, L90|291\/291
|move|p2a: Magneton|Thunderbolt|p1a: Gloom
|-resisted|p1a: Gloom
|-damage|p1a: Gloom|223\/291
|
|turn|21
|choice|move 4|move 3
|
|move|p2a: Magneton|Thunder Wave|p1a: Gloom
|-status|p1a: Gloom|par
|move|p1a: Gloom|Sleep Powder|p2a: Magneton
|-status|p2a: Magneton|slp
|
|turn|22
|choice|switch 6|switch 6
|
|switch|p2a: Ninetales|Ninetales, L85|298\/298 tox
|-status|p2a: Ninetales|psn
|-damage|p2a: Ninetales|280\/298 psn|[from] psn
|switch|p1a: Pidgeotto|Pidgeotto, L90|297\/297 slp
|
|turn|23
|choice|move 3|move 1
|
|move|p2a: Ninetales|Fire Blast|p1a: Pidgeotto
|-damage|p1a: Pidgeotto|127\/297 slp
|-damage|p2a: Ninetales|262\/298 psn|[from] psn|[of] p1a: Pidgeotto
|cant|p1a: Pidgeotto|slp
|
|turn|24
|choice|move 3|move 1
|
|move|p2a: Ninetales|Fire Blast|p1a: Pidgeotto|[miss]
|-miss|p2a: Ninetales
|-damage|p2a: Ninetales|244\/298 psn|[from] psn|[of] p1a: Pidgeotto
|-curestatus|p1a: Pidgeotto|slp
|
|turn|25
|choice|switch 4|move 1
|
|switch|p1a: Ninetales|Ninetales, L85|182\/298 par
|move|p2a: Ninetales|Fire Blast|p1a: Ninetales
|-resisted|p1a: Ninetales
|-damage|p1a: Ninetales|124\/298 par
|-damage|p2a: Ninetales|226\/298 psn|[from] psn|[of] p1a: Ninetales
|
|turn|26
|choice|move 2|move 3
|
|move|p2a: Ninetales|Body Slam|p1a: Ninetales
|-damage|p1a: Ninetales|70\/298 par
|-damage|p2a: Ninetales|208\/298 psn|[from] psn|[of] p1a: Ninetales
|move|p1a: Ninetales|Body Slam|p2a: Ninetales
|-crit|p2a: Ninetales
|-damage|p2a: Ninetales|86\/298 psn
|
|turn|27
|choice|move 3|move 4
|
|move|p2a: Ninetales|Hyper Beam|p1a: Ninetales
|-damage|p1a: Ninetales|0 fnt
|faint|p1a: Ninetales
|choice|switch 4|
|
|switch|p1a: Pidgeotto|Pidgeotto, L90|127\/297
|turn|28
|choice|move 1|move 4
|
|move|p2a: Ninetales|Hyper Beam|p1a: Pidgeotto
|-damage|p1a: Pidgeotto|13\/297
|-damage|p2a: Ninetales|68\/298 psn|[from] psn|[of] p1a: Pidgeotto
|move|p1a: Pidgeotto|Double-Edge|p2a: Ninetales
|-damage|p2a: Ninetales|0 fnt
|-damage|p1a: Pidgeotto|0 fnt|[from] recoil|[of] p2a: Ninetales
|faint|p2a: Ninetales
|faint|p1a: Pidgeotto
|choice|switch 5|switch 4
|
|switch|p2a: Gyarados|Gyarados, L85|55\/335
|switch|p1a: Blastoise|Blastoise, L85|59\/308
|turn|29
|choice|move 4|move 4
|
|move|p2a: Gyarados|Thunderbolt|p1a: Blastoise
|-crit|p1a: Blastoise
|-supereffective|p1a: Blastoise
|-damage|p1a: Blastoise|0 fnt
|faint|p1a: Blastoise
|choice|switch 6|
|
|switch|p1a: Gloom|Gloom, L90|223\/291 par
|turn|30
|c|★LibertarianMaster|gg
|choice|move 1|move 3
|
|move|p2a: Gyarados|Blizzard|p1a: Gloom
|-crit|p1a: Gloom
|-supereffective|p1a: Gloom
|-damage|p1a: Gloom|0 fnt
|faint|p1a: Gloom
|
|win|TheVisualNovel
|raw|LibertarianMaster's rating: 1378 &rarr; <strong>1351<\/strong><br \/>(-27 for losing)
|raw|TheVisualNovel's rating: 1254 &rarr; <strong>1287<\/strong><br \/>(+33 for winning)
|c|★TheVisualNovel|gg, yo played well
|l|LibertarianMaster
|player|p1