|join|kid gf lol
|join|Piexplode
|player|p1|kid gf lol|168
|player|p2|Piexplode|32
|gametype|singles
|gen|1
|tier|[Gen 1] OU (beta)
|rated
|rule|Sleep Clause Mod: Limit one foe put to sleep
|rule|Species Clause: Limit one of each Pokemon
|rule|OHKO Clause: OHKO moves are banned
|rule|Moody Clause: Moody is banned
|rule|Evasion Moves Clause: Evasion moves are banned
|rule|Endless Battle Clause: Forcing endless battles is banned.
|rule|HP Percentage Mod: HP is reported as percentages
|
|start
|switch|p1a: Zam lead|Alakazam|313\/313
|switch|p2a: Alakazam|Alakazam|313\/313
|turn|1
|chat|Piexplode|gl hf
|
|switch|p1a: Egg Kangaroo|Chansey|703\/703
|move|p2a: Alakazam|Thunder Wave|p1a: Egg Kangaroo
|-status|p1a: Egg Kangaroo|par
|
|turn|2
|join|The Name Rater
|chat|Piexplode|nice
|chat|Piexplode|ugh
|chat|Piexplode|bad play my me y\/y
|chat|Piexplode|lol
|
|switch|p2a: Chansey|Chansey|703\/703
|switch|p1a: Result of Incest|Exeggutor|393\/393
|
|turn|3
|
|switch|p2a: Alakazam|Alakazam|313\/313
|move|p1a: Result of Incest|Sleep Powder|p2a: Alakazam
|-status|p2a: Alakazam|slp
|
|turn|4
|
|switch|p2a: Slowbro|Slowbro|393\/393
|switch|p1a: Mr Mime|Jynx|333\/333
|
|turn|5
|chat|Piexplode|what does jynx+eggy do?
|
|move|p1a: Mr Mime|Blizzard|p2a: Slowbro
|-resisted|p2a: Slowbro
|-damage|p2a: Slowbro|319\/393
|move|p2a: Slowbro|Amnesia|p2a: Slowbro
|-boost|p2a: Slowbro|spd|2
|-boost|p2a: Slowbro|spa|2
|
|turn|6
|
|move|p1a: Mr Mime|Blizzard|p2a: Slowbro
|-resisted|p2a: Slowbro
|-damage|p2a: Slowbro|281\/393
|move|p2a: Slowbro|Psychic|p1a: Mr Mime
|-resisted|p1a: Mr Mime
|-damage|p1a: Mr Mime|244\/333
|
|turn|7
|
|move|p1a: Mr Mime|Blizzard|p2a: Slowbro
|-resisted|p2a: Slowbro
|-damage|p2a: Slowbro|242\/393
|move|p2a: Slowbro|Psychic|p1a: Mr Mime
|-resisted|p1a: Mr Mime
|-damage|p1a: Mr Mime|147\/333
|
|turn|8
|
|switch|p1a: Zam lead|Alakazam|313\/313
|move|p2a: Slowbro|Psychic|p1a: Zam lead
|-resisted|p1a: Zam lead
|-damage|p1a: Zam lead|235\/313
|-unboost|p1a: Zam lead|spd|1
|-unboost|p1a: Zam lead|spa|1
|
|turn|9
|
|switch|p1a: Egg Kangaroo|Chansey|703\/703 par
|move|p2a: Slowbro|Psychic|p1a: Egg Kangaroo
|-damage|p1a: Egg Kangaroo|529\/703 par
|
|turn|10
|
|switch|p1a: Zam lead|Alakazam|235\/313
|move|p2a: Slowbro|Amnesia|p2a: Slowbro
|-boost|p2a: Slowbro|spd|2
|-boost|p2a: Slowbro|spa|2
|
|turn|11
|
|move|p1a: Zam lead|Psychic|p2a: Slowbro
|-resisted|p2a: Slowbro
|-damage|p2a: Slowbro|218\/393
|move|p2a: Slowbro|Psychic|p1a: Zam lead
|-resisted|p1a: Zam lead
|-damage|p1a: Zam lead|124\/313
|
|turn|12
|
|move|p1a: Zam lead|Thunder Wave|p2a: Slowbro
|-status|p2a: Slowbro|par
|move|p2a: Slowbro|Amnesia|p2a: Slowbro
|-boost|p2a: Slowbro|spd|2
|-boost|p2a: Slowbro|spa|2
|
|turn|13
|
|move|p1a: Zam lead|Recover|p1a: Zam lead
|-heal|p1a: Zam lead|280\/313
|move|p2a: Slowbro|Withdraw|p2a: Slowbro
|-boost|p2a: Slowbro|def|1
|
|turn|14
|
|move|p1a: Zam lead|Psychic|p2a: Slowbro
|-resisted|p2a: Slowbro
|-damage|p2a: Slowbro|198\/393 par
|move|p2a: Slowbro|Withdraw|p2a: Slowbro
|-boost|p2a: Slowbro|def|1
|
|turn|15
|
|move|p1a: Zam lead|Psychic|p2a: Slowbro
|-resisted|p2a: Slowbro
|-damage|p2a: Slowbro|180\/393 par
|move|p2a: Slowbro|Psychic|p1a: Zam lead
|-resisted|p1a: Zam lead
|-damage|p1a: Zam lead|129\/313
|
|turn|16
|
|move|p1a: Zam lead|Recover|p1a: Zam lead
|-heal|p1a: Zam lead|285\/313
|move|p2a: Slowbro|Psychic|p1a: Zam lead
|-resisted|p1a: Zam lead
|-damage|p1a: Zam lead|144\/313
|
|turn|17
|
|move|p1a: Zam lead|Recover|p1a: Zam lead
|-heal|p1a: Zam lead|300\/313
|cant|p2a: Slowbro|par
|
|turn|18
|
|move|p1a: Zam lead|Psychic|p2a: Slowbro
|-resisted|p2a: Slowbro
|-damage|p2a: Slowbro|160\/393 par
|cant|p2a: Slowbro|par
|
|turn|19
|
|move|p1a: Zam lead|Psychic|p2a: Slowbro
|-resisted|p2a: Slowbro
|-damage|p2a: Slowbro|141\/393 par
|cant|p2a: Slowbro|par
|
|turn|20
|
|move|p1a: Zam lead|Psychic|p2a: Slowbro
|-resisted|p2a: Slowbro
|-damage|p2a: Slowbro|120\/393 par
|move|p2a: Slowbro|Rest|p2a: Slowbro
|-status|p2a: Slowbro|slp
|-heal|p2a: Slowbro|393\/393 slp|[silent]
|-status|p2a: Slowbro|slp|[from] move: Rest
|
|turn|21
|
|move|p1a: Zam lead|Thunder Wave|p2a: Slowbro
|-fail|p2a: Slowbro
|cant|p2a: Slowbro|slp
|
|turn|22
|
|move|p1a: Zam lead|Thunder Wave|p2a: Slowbro
|-fail|p2a: Slowbro
|cant|p2a: Slowbro|slp
|-curestatus|p2a: Slowbro|slp
|
|turn|23
|
|move|p1a: Zam lead|Thunder Wave|p2a: Slowbro
|-status|p2a: Slowbro|par
|move|p2a: Slowbro|Psychic|p1a: Zam lead
|-crit|p1a: Zam lead
|-resisted|p1a: Zam lead
|-damage|p1a: Zam lead|225\/313
|
|turn|24
|
|move|p1a: Zam lead|Reflect|p1a: Zam lead
|move|p2a: Slowbro|Psychic|p1a: Zam lead
|-resisted|p1a: Zam lead
|-damage|p1a: Zam lead|74\/313
|-unboost|p1a: Zam lead|spd|1
|-unboost|p1a: Zam lead|spa|1
|
|turn|25
|chat|Piexplode|that stupid insanely high crit chance that slowbro has
|chat|Piexplode|lol jk
|
|move|p1a: Zam lead|Recover|p1a: Zam lead
|-heal|p1a: Zam lead|230\/313
|move|p2a: Slowbro|Psychic|p1a: Zam lead
|-resisted|p1a: Zam lead
|-damage|p1a: Zam lead|17\/313
|
|turn|26
|
|switch|p1a: Egg Kangaroo|Chansey|529\/703 par
|move|p2a: Slowbro|Psychic|p1a: Egg Kangaroo
|-damage|p1a: Egg Kangaroo|171\/703 par
|
|turn|27
|
|move|p1a: Egg Kangaroo|Soft-Boiled|p1a: Egg Kangaroo
|-heal|p1a: Egg Kangaroo|522\/703 par
|move|p2a: Slowbro|Psychic|p1a: Egg Kangaroo
|-damage|p1a: Egg Kangaroo|156\/703 par
|
|turn|28
|
|cant|p1a: Egg Kangaroo|par
|cant|p2a: Slowbro|par
|
|turn|29
|
|move|p1a: Egg Kangaroo|Soft-Boiled|p1a: Egg Kangaroo
|-heal|p1a: Egg Kangaroo|507\/703 par
|cant|p2a: Slowbro|par
|
|turn|30
|
|move|p1a: Egg Kangaroo|Soft-Boiled|p1a: Egg Kangaroo
|-heal|p1a: Egg Kangaroo|703\/703 par
|cant|p2a: Slowbro|par
|
|turn|31
|
|move|p1a: Egg Kangaroo|Thunderbolt|p2a: Slowbro
|-supereffective|p2a: Slowbro
|-damage|p2a: Slowbro|348\/393 par
|move|p2a: Slowbro|Withdraw|p2a: Slowbro
|-boost|p2a: Slowbro|def|1
|
|turn|32
|
|cant|p1a: Egg Kangaroo|par
|cant|p2a: Slowbro|par
|
|turn|33
|
|cant|p1a: Egg Kangaroo|par
|move|p2a: Slowbro|Psychic|p1a: Egg Kangaroo
|-damage|p1a: Egg Kangaroo|333\/703 par
|-unboost|p1a: Egg Kangaroo|spd|1
|-unboost|p1a: Egg Kangaroo|spa|1
|
|turn|34
|
|switch|p1a: Mr Mime|Jynx|147\/333
|move|p2a: Slowbro|Psychic|p1a: Mr Mime
|-resisted|p1a: Mr Mime
|-damage|p1a: Mr Mime|0 fnt
|faint|p1a: Mr Mime
|
|
|switch|p1a: Zam lead|Alakazam|17\/313
|turn|35
|
|move|p1a: Zam lead|Recover|p1a: Zam lead
|-heal|p1a: Zam lead|173\/313
|move|p2a: Slowbro|Psychic|p1a: Zam lead
|-resisted|p1a: Zam lead
|-damage|p1a: Zam lead|22\/313
|
|turn|36
|
|move|p1a: Zam lead|Recover|p1a: Zam lead
|-heal|p1a: Zam lead|178\/313
|move|p2a: Slowbro|Psychic|p1a: Zam lead
|-resisted|p1a: Zam lead
|-damage|p1a: Zam lead|41\/313
|
|turn|37
|chat|kid gf lol|there goes your psychics
|chat|Piexplode|yep
|
|switch|p2a: Chansey|Chansey|703\/703
|move|p1a: Zam lead|Recover|p1a: Zam lead
|-heal|p1a: Zam lead|197\/313
|
|turn|38
|chat|Piexplode|still your team is hurt for it
|
|switch|p1a: Egg Kangaroo|Chansey|333\/703 par
|move|p2a: Chansey|Thunder Wave|p1a: Egg Kangaroo
|-fail|p1a: Egg Kangaroo|par
|
|turn|39
|chat|The Name Rater|unfortunately just jynx
|chat|kid gf lol|only jynx really, and slowbro is useless now 
|chat|Piexplode|yeah
|
|switch|p2a: Cloyster|Cloyster|303\/303
|cant|p1a: Egg Kangaroo|par
|
|turn|40
|
|switch|p1a: Zam lead|Alakazam|197\/313
|move|p2a: Cloyster|Clamp|p1a: Zam lead
|-damage|p1a: Zam lead|168\/313
|-activate|p1a: Zam lead|move: Clamp|[of] p2a: Cloyster
|
|turn|41
|chat|Piexplode|k now I can clamp for free tho
|chat|The Name Rater|could have been much worse tho
|join|platinum klefki
|
|switch|p1a: Result of Incest|Exeggutor|393\/393
|move|p2a: Cloyster|Clamp|p1a: Result of Incest
|-resisted|p1a: Result of Incest
|-damage|p1a: Result of Incest|376\/393
|-activate|p1a: Result of Incest|move: Clamp|[of] p2a: Cloyster
|
|turn|42
|
|switch|p2a: Zapdos|Zapdos|383\/383
|switch|p1a: Zam lead|Alakazam|168\/313
|
|turn|43
|
|switch|p1a: TNT|Golem|363\/363
|move|p2a: Zapdos|Drill Peck|p1a: TNT
|-crit|p1a: TNT
|-resisted|p1a: TNT
|-damage|p1a: TNT|293\/363
|
|turn|44
|
|switch|p2a: Exeggutor|Exeggutor|393\/393
|move|p1a: TNT|Rock Slide|p2a: Exeggutor
|-damage|p2a: Exeggutor|286\/393
|
|turn|45
|
|switch|p1a: Egg Kangaroo|Chansey|333\/703 par
|move|p2a: Exeggutor|Psychic|p1a: Egg Kangaroo
|-damage|p1a: Egg Kangaroo|220\/703 par
|-unboost|p1a: Egg Kangaroo|spd|1
|-unboost|p1a: Egg Kangaroo|spa|1
|
|turn|46
|
|move|p2a: Exeggutor|Psychic|p1a: Egg Kangaroo
|-damage|p1a: Egg Kangaroo|43\/703 par
|move|p1a: Egg Kangaroo|Soft-Boiled|p1a: Egg Kangaroo
|-heal|p1a: Egg Kangaroo|394\/703 par
|
|turn|47
|
|move|p2a: Exeggutor|Psychic|p1a: Egg Kangaroo
|-damage|p1a: Egg Kangaroo|229\/703 par
|move|p1a: Egg Kangaroo|Thunder Wave|p2a: Exeggutor
|-status|p2a: Exeggutor|par
|
|turn|48
|
|move|p2a: Exeggutor|Psychic|p1a: Egg Kangaroo
|-crit|p1a: Egg Kangaroo
|-damage|p1a: Egg Kangaroo|0 fnt
|faint|p1a: Egg Kangaroo
|
|
|switch|p1a: Zam lead|Alakazam|168\/313
|turn|49
|
|move|p1a: Zam lead|Recover|p1a: Zam lead
|-heal|p1a: Zam lead|313\/313
|move|p2a: Exeggutor|Sleep Powder|p1a: Zam lead|[miss]
|-miss|p2a: Exeggutor
|
|turn|50
|
|switch|p1a: Result of Incest|Exeggutor|376\/393
|move|p2a: Exeggutor|Sleep Powder|p1a: Result of Incest
|-status|p1a: Result of Incest|slp
|
|turn|51
|
|switch|p2a: Chansey|Chansey|703\/703
|cant|p1a: Result of Incest|slp
|
|turn|52
|chat|Piexplode|still, it's 6-4..
|chat|Piexplode|:)
|
|switch|p1a: Zam lead|Alakazam|313\/313
|move|p2a: Chansey|Ice Beam|p1a: Zam lead
|-damage|p1a: Zam lead|256\/313
|
|turn|53
|chat|Piexplode|looking like a battle with potential
|
|move|p1a: Zam lead|Thunder Wave|p2a: Chansey
|-status|p2a: Chansey|par
|move|p2a: Chansey|Thunder Wave|p1a: Zam lead
|-status|p1a: Zam lead|par
|
|turn|54
|chat|Piexplode|I love how cancel simply doesn't even pretend to work
|
|move|p1a: Zam lead|Thunder Wave|p2a: Chansey
|-fail|p2a: Chansey|par
|cant|p2a: Chansey|par
|
|turn|55
|chat|Piexplode|tho it let me do the better play
|chat|The Name Rater|that is lag
|
|move|p1a: Zam lead|Reflect|p1a: Zam lead
|cant|p2a: Chansey|par
|
|turn|56
|chat|The Name Rater|it works
|
|cant|p1a: Zam lead|par
|move|p2a: Chansey|Ice Beam|p1a: Zam lead
|-damage|p1a: Zam lead|198\/313 par
|
|turn|57
|
|cant|p1a: Zam lead|par
|move|p2a: Chansey|Ice Beam|p1a: Zam lead
|-damage|p1a: Zam lead|134\/313 par
|
|turn|58
|
|switch|p2a: Alakazam|Alakazam|313\/313 slp
|move|p1a: Zam lead|Thunder Wave|p2a: Alakazam
|-fail|p2a: Alakazam
|
|turn|59
|chat|The Name Rater|in reality both answers were submitted before you canceled
|chat|Piexplode|yeah ik
|
|switch|p1a: That's Bull|Tauros|353\/353
|cant|p2a: Alakazam|slp
|
|turn|60
|
|switch|p2a: Cloyster|Cloyster|303\/303
|move|p1a: That's Bull|Body Slam|p2a: Cloyster
|-damage|p2a: Cloyster|240\/303
|-status|p2a: Cloyster|par
|
|turn|61
|
|move|p1a: That's Bull|Body Slam|p2a: Cloyster
|-damage|p2a: Cloyster|179\/303 par
|cant|p2a: Cloyster|par
|
|turn|62
|
|move|p1a: That's Bull|Body Slam|p2a: Cloyster
|-damage|p2a: Cloyster|109\/303 par
|move|p2a: Cloyster|Blizzard|p1a: That's Bull
|-damage|p1a: That's Bull|199\/353
|
|turn|63
|chat|The Name Rater|the hand-held versions never had cancel 
|chat|The Name Rater|so there is that too
|
|switch|p2a: Slowbro|Slowbro|348\/393 par
|move|p1a: That's Bull|Hyper Beam|p2a: Slowbro
|-crit|p2a: Slowbro
|-damage|p2a: Slowbro|0 fnt
|faint|p2a: Slowbro
|
|chat|The Name Rater|but ik that feel
|chat|Piexplode|they don't even in gen 6
|chat|Piexplode|nice crit, the hax is stronk with you
|
|switch|p2a: Zapdos|Zapdos|383\/383
|turn|64
|chat|The Name Rater|:P
|chat|kid gf lol|does crit matter on him lol
|chat|Piexplode|umm 
|chat|kid gf lol|you can only rest, and withdraw
|chat|Piexplode|no
|chat|Piexplode|xD
|join|_ToryLefty
|
|switch|p1a: TNT|Golem|293\/363
|switch|p2a: Exeggutor|Exeggutor|286\/393 par
|
|turn|65
|chat|The Name Rater|well
|
|switch|p1a: Result of Incest|Exeggutor|376\/393 slp
|cant|p2a: Exeggutor|par
|
|turn|66
|chat|The Name Rater|maybe he could waste your pp now
|
|cant|p1a: Result of Incest|slp
|-curestatus|p1a: Result of Incest|slp
|move|p2a: Exeggutor|Rest|p2a: Exeggutor
|-status|p2a: Exeggutor|slp
|-heal|p2a: Exeggutor|393\/393 slp|[silent]
|-status|p2a: Exeggutor|slp|[from] move: Rest
|
|turn|67
|chat|Piexplode|yeah ik it hardly did mater
|chat|kid gf lol|tauros would eventually crit
|chat|Piexplode|yeah
|chat|The Name Rater|yea
|leave|_ToryLefty
|chat|Piexplode|#RestOnEverything
|
|move|p1a: Result of Incest|Psychic|p2a: Exeggutor
|-resisted|p2a: Exeggutor
|-damage|p2a: Exeggutor|338\/393 slp
|-unboost|p2a: Exeggutor|spd|1
|-unboost|p2a: Exeggutor|spa|1
|cant|p2a: Exeggutor|slp
|
|turn|68
|
|switch|p2a: Chansey|Chansey|703\/703 par
|move|p1a: Result of Incest|Explosion|p2a: Chansey
|-damage|p2a: Chansey|32\/703 par
|faint|p1a: Result of Incest
|chat|Piexplode|nice shot
|
|switch|p1a: TNT|Golem|293\/363
|turn|69
|
|switch|p2a: Exeggutor|Exeggutor|338\/393 slp
|move|p1a: TNT|Body Slam|p2a: Exeggutor
|-damage|p2a: Exeggutor|264\/393 slp
|
|turn|70
|
|switch|p1a: Zam lead|Alakazam|134\/313 par
|cant|p2a: Exeggutor|slp
|-curestatus|p2a: Exeggutor|slp
|
|turn|71
|
|move|p2a: Exeggutor|Psychic|p1a: Zam lead
|-crit|p1a: Zam lead
|-resisted|p1a: Zam lead
|-damage|p1a: Zam lead|31\/313 par
|-unboost|p1a: Zam lead|spd|1
|-unboost|p1a: Zam lead|spa|1
|cant|p1a: Zam lead|par
|
|turn|72
|
|switch|p1a: That's Bull|Tauros|199\/353
|move|p2a: Exeggutor|Psychic|p1a: That's Bull
|-damage|p1a: That's Bull|45\/353
|-unboost|p1a: That's Bull|spd|1
|-unboost|p1a: That's Bull|spa|1
|
|turn|73
|
|switch|p2a: Chansey|Chansey|32\/703 par
|move|p1a: That's Bull|Hyper Beam|p2a: Chansey
|-crit|p2a: Chansey
|-damage|p2a: Chansey|0 fnt
|faint|p2a: Chansey
|
|
|switch|p2a: Zapdos|Zapdos|383\/383
|turn|74
|
|switch|p1a: TNT|Golem|293\/363
|move|p2a: Zapdos|Drill Peck|p1a: TNT
|-resisted|p1a: TNT
|-damage|p1a: TNT|256\/363
|
|turn|75
|
|switch|p2a: Cloyster|Cloyster|109\/303 par
|move|p1a: TNT|Body Slam|p2a: Cloyster
|-damage|p2a: Cloyster|59\/303 par
|
|turn|76
|
|switch|p2a: Exeggutor|Exeggutor|264\/393
|move|p1a: TNT|Rock Slide|p2a: Exeggutor
|-damage|p2a: Exeggutor|154\/393
|
|turn|77
|
|move|p2a: Exeggutor|Stun Spore|p1a: TNT
|-status|p1a: TNT|par
|cant|p1a: TNT|par
|
|turn|78
|
|move|p2a: Exeggutor|Psychic|p1a: TNT
|-damage|p1a: TNT|80\/363 par
|move|p1a: TNT|Explosion|p2a: Exeggutor
|-damage|p2a: Exeggutor|0 fnt
|faint|p2a: Exeggutor
|faint|p1a: TNT
|
|switch|p1a: That's Bull|Tauros|45\/353
|switch|p2a: Zapdos|Zapdos|383\/383
|turn|79
|chat|Piexplode|gg
|chat|kid gf lol|hyper beam ko's with crit 43%
|join|Zole
|join|purple piplup
|chat|Piexplode|...what do you think of my team?
|chat|kid gf lol|it's good
|chat|purple piplup|lol
|chat|Piexplode|:)
|leave|Zole
|chat|kid gf lol|8% chance of ko with beam
|chat|Piexplode|good luck
|chat|kid gf lol|or like 9% with freeze
|chat|Piexplode|evidently you'll need it
|
|move|p1a: That's Bull|Blizzard|p2a: Zapdos
|-supereffective|p2a: Zapdos
|-damage|p2a: Zapdos|249\/383
|move|p2a: Zapdos|Drill Peck|p1a: That's Bull
|-damage|p1a: That's Bull|0 fnt
|faint|p1a: That's Bull
|
|chat|Piexplode|that's game then
|
|switch|p1a: Zam lead|Alakazam|31\/313 par
|turn|80
|chat|Piexplode|maybe you should have gone for para
|chat|Piexplode|then hoped to recover with zam
|chat|Piexplode|and play it out like that
|chat|kid gf lol|yeah maybe
|chat|kid gf lol|all of the options kind of sucked
|chat|Piexplode|yeah
|chat|Piexplode|30% was your best shot
|chat|kid gf lol|your zam would just wake up if i only had him
|join|voidtoxin
|
|move|p2a: Zapdos|Drill Peck|p1a: Zam lead
|-crit|p1a: Zam lead
|-damage|p1a: Zam lead|0 fnt
|faint|p1a: Zam lead
|
|win|Piexplode
|raw|Ladder updating...
|raw|kid gf lol's rating: 1354 &rarr; <strong>1322<\/strong><br \/>(-32 for losing)
|raw|Piexplode's rating: 1120 &rarr; <strong>1160<\/strong><br \/>(+40 for winning)
|chat|voidtoxin|hey
|chat|Piexplode|:)
|chat|Piexplode|hey void
|chat|Piexplode|testing a new team
|chat|Piexplode|just beat a room voice
|chat|voidtoxin|cool :)
|chat|Piexplode|quadruple rest to real y\/y
|leave|kid gf lol
|player|p1
|chat|Piexplode|*too