|join|kid pf lol
|join|arafalo2
|player|p1|kid pf lol|45
|player|p2|arafalo2|170
|gametype|singles
|gen|1
|tier|[Gen 1] OU (beta)
|rated
|rule|Sleep Clause Mod: Limit one foe put to sleep
|rule|Species Clause: Limit one of each Pokémon
|rule|OHKO Clause: OHKO moves are banned
|rule|Evasion Moves Clause: Evasion moves are banned
|
|start
|switch|p1a: Alakazam|Alakazam|313\/313
|switch|p2a: Jynx|Jynx|333\/333
|turn|1
|
|move|p1a: Alakazam|Thunder Wave|p2a: Jynx
|-status|p2a: Jynx|par
|cant|p2a: Jynx|par
|
|turn|2
|
|switch|p1a: Rhydon|Rhydon|413\/413
|cant|p2a: Jynx|par
|
|turn|3
|
|switch|p1a: Flareon|Flareon|333\/333
|switch|p2a: Exeggutor|Exeggutor|393\/393
|
|turn|4
|
|switch|p2a: Chansey|Chansey|703\/703
|move|p1a: Flareon|Fire Blast|p2a: Chansey
|-damage|p2a: Chansey|557\/703
|
|turn|5
|
|switch|p1a: Exeggutor|Exeggutor|393\/393
|move|p2a: Chansey|Ice Beam|p1a: Exeggutor
|-supereffective|p1a: Exeggutor
|-damage|p1a: Exeggutor|270\/393
|
|turn|6
|
|switch|p2a: Jynx|Jynx|333\/333 par
|move|p1a: Exeggutor|Sleep Powder|p2a: Jynx
|-fail|p2a: Jynx
|
|turn|7
|
|switch|p1a: Alakazam|Alakazam|313\/313
|move|p2a: Jynx|Blizzard|p1a: Alakazam
|-crit|p1a: Alakazam
|-damage|p1a: Alakazam|100\/313
|
|turn|8
|
|move|p1a: Alakazam|Recover|p1a: Alakazam
|-heal|p1a: Alakazam|256\/313
|move|p2a: Jynx|Lovely Kiss|p1a: Alakazam
|-status|p1a: Alakazam|slp
|
|turn|9
|
|switch|p1a: Starmie|Starmie|323\/323
|move|p2a: Jynx|Blizzard|p1a: Starmie
|-crit|p1a: Starmie
|-resisted|p1a: Starmie
|-damage|p1a: Starmie|190\/323
|
|turn|10
|
|switch|p2a: Chansey|Chansey|557\/703
|move|p1a: Starmie|Light Screen|p1a: Starmie
|
|turn|11
|
|move|p1a: Starmie|Ice Beam|p2a: Chansey
|-damage|p2a: Chansey|487\/703
|move|p2a: Chansey|Thunder Wave|p1a: Starmie
|-status|p1a: Starmie|par
|
|turn|12
|
|move|p2a: Chansey|Seismic Toss|p1a: Starmie
|-damage|p1a: Starmie|90\/323 par
|move|p1a: Starmie|Recover|p1a: Starmie
|-heal|p1a: Starmie|251\/323 par
|
|turn|13
|
|move|p2a: Chansey|Seismic Toss|p1a: Starmie
|-damage|p1a: Starmie|151\/323 par
|move|p1a: Starmie|Recover|p1a: Starmie
|-heal|p1a: Starmie|312\/323 par
|
|turn|14
|
|move|p2a: Chansey|Seismic Toss|p1a: Starmie
|-damage|p1a: Starmie|212\/323 par
|move|p1a: Starmie|Ice Beam|p2a: Chansey
|-damage|p2a: Chansey|414\/703
|
|turn|15
|
|move|p2a: Chansey|Seismic Toss|p1a: Starmie
|-damage|p1a: Starmie|112\/323 par
|move|p1a: Starmie|Recover|p1a: Starmie
|-heal|p1a: Starmie|273\/323 par
|
|turn|16
|
|move|p2a: Chansey|Seismic Toss|p1a: Starmie
|-damage|p1a: Starmie|173\/323 par
|move|p1a: Starmie|Recover|p1a: Starmie
|-heal|p1a: Starmie|323\/323 par
|
|turn|17
|
|move|p2a: Chansey|Seismic Toss|p1a: Starmie
|-damage|p1a: Starmie|223\/323 par
|move|p1a: Starmie|Ice Beam|p2a: Chansey
|-damage|p2a: Chansey|343\/703
|
|turn|18
|
|move|p2a: Chansey|Seismic Toss|p1a: Starmie
|-damage|p1a: Starmie|123\/323 par
|cant|p1a: Starmie|par
|
|turn|19
|
|switch|p1a: Tauros|Tauros|353\/353
|move|p2a: Chansey|Seismic Toss|p1a: Tauros
|-damage|p1a: Tauros|253\/353
|
|turn|20
|
|switch|p2a: Jynx|Jynx|333\/333 par
|move|p1a: Tauros|Blizzard|p2a: Jynx
|-resisted|p2a: Jynx
|-damage|p2a: Jynx|298\/333 par
|
|turn|21
|
|move|p1a: Tauros|Hyper Beam|p2a: Jynx
|-damage|p2a: Jynx|5\/333 par
|move|p2a: Jynx|Psychic|p1a: Tauros
|-damage|p1a: Tauros|135\/353
|
|turn|22
|
|cant|p1a: Tauros|recharge
|move|p2a: Jynx|Psychic|p1a: Tauros
|-crit|p1a: Tauros
|-damage|p1a: Tauros|0 fnt
|faint|p1a: Tauros
|
|switch|p1a: Flareon|Flareon|333\/333
|turn|23
|
|switch|p2a: Chansey|Chansey|343\/703
|move|p1a: Flareon|Body Slam|p2a: Chansey
|-damage|p2a: Chansey|134\/703
|
|turn|24
|
|switch|p2a: Jynx|Jynx|5\/333 par
|move|p1a: Flareon|Body Slam|p2a: Jynx
|-damage|p2a: Jynx|0 fnt
|faint|p2a: Jynx
|
|switch|p2a: Tauros|Tauros|353\/353
|turn|25
|
|switch|p1a: Exeggutor|Exeggutor|270\/393
|move|p2a: Tauros|Earthquake|p1a: Exeggutor
|-resisted|p1a: Exeggutor
|-damage|p1a: Exeggutor|227\/393
|
|turn|26
|
|switch|p2a: Exeggutor|Exeggutor|393\/393
|move|p1a: Exeggutor|Psychic|p2a: Exeggutor
|-resisted|p2a: Exeggutor
|-damage|p2a: Exeggutor|338\/393
|-unboost|p2a: Exeggutor|spd|1
|-unboost|p2a: Exeggutor|spa|1
|
|turn|27
|
|move|p2a: Exeggutor|Stun Spore|p1a: Exeggutor
|-status|p1a: Exeggutor|par
|move|p1a: Exeggutor|Sleep Powder|p2a: Exeggutor
|-status|p2a: Exeggutor|slp
|
|turn|28
|
|cant|p2a: Exeggutor|slp
|move|p1a: Exeggutor|Psychic|p2a: Exeggutor
|-resisted|p2a: Exeggutor
|-damage|p2a: Exeggutor|256\/393 slp
|
|turn|29
|
|switch|p1a: Flareon|Flareon|333\/333
|cant|p2a: Exeggutor|slp
|
|turn|30
|
|switch|p2a: Starmie|Starmie|323\/323
|move|p1a: Flareon|Fire Blast|p2a: Starmie|[miss]
|-miss|p1a: Flareon
|
|turn|31
|
|move|p2a: Starmie|Psychic|p1a: Flareon
|-damage|p1a: Flareon|240\/333
|move|p1a: Flareon|Body Slam|p2a: Starmie
|-damage|p2a: Starmie|237\/323
|
|turn|32
|
|move|p2a: Starmie|Psychic|p1a: Flareon
|-damage|p1a: Flareon|144\/333
|move|p1a: Flareon|Body Slam|p2a: Starmie
|-damage|p2a: Starmie|150\/323
|
|turn|33
|
|move|p2a: Starmie|Psychic|p1a: Flareon
|-damage|p1a: Flareon|39\/333
|move|p1a: Flareon|Body Slam|p2a: Starmie
|-damage|p2a: Starmie|57\/323
|
|turn|34
|
|move|p1a: Flareon|Quick Attack|p2a: Starmie
|-crit|p2a: Starmie
|-damage|p2a: Starmie|0 fnt
|faint|p2a: Starmie
|
|switch|p2a: Tauros|Tauros|353\/353
|turn|35
|
|move|p1a: Flareon|Quick Attack|p2a: Tauros
|-damage|p2a: Tauros|314\/353
|move|p2a: Tauros|Body Slam|p1a: Flareon
|-crit|p1a: Flareon
|-damage|p1a: Flareon|0 fnt
|faint|p1a: Flareon
|
|switch|p1a: Exeggutor|Exeggutor|227\/393 par
|turn|36
|
|switch|p2a: Chansey|Chansey|134\/703
|cant|p1a: Exeggutor|par
|
|turn|37
|
|move|p2a: Chansey|Ice Beam|p1a: Exeggutor
|-supereffective|p1a: Exeggutor
|-damage|p1a: Exeggutor|102\/393 par
|cant|p1a: Exeggutor|par
|
|turn|38
|
|move|p2a: Chansey|Ice Beam|p1a: Exeggutor
|-supereffective|p1a: Exeggutor
|-damage|p1a: Exeggutor|0 fnt
|faint|p1a: Exeggutor
|
|switch|p1a: Starmie|Starmie|123\/323 par
|turn|39
|
|move|p2a: Chansey|Seismic Toss|p1a: Starmie
|-damage|p1a: Starmie|23\/323 par
|move|p1a: Starmie|Thunder Wave|p2a: Chansey
|-status|p2a: Chansey|par
|
|turn|40
|
|move|p1a: Starmie|Recover|p1a: Starmie
|-heal|p1a: Starmie|184\/323 par
|move|p2a: Chansey|Seismic Toss|p1a: Starmie
|-damage|p1a: Starmie|84\/323 par
|
|turn|41
|
|cant|p1a: Starmie|par
|move|p2a: Chansey|Soft-Boiled|p2a: Chansey
|-heal|p2a: Chansey|485\/703 par
|
|turn|42
|
|cant|p1a: Starmie|par
|move|p2a: Chansey|Seismic Toss|p1a: Starmie
|-damage|p1a: Starmie|0 fnt
|faint|p1a: Starmie
|c|★kid pf lol|gay
|
|switch|p1a: Rhydon|Rhydon|413\/413
|turn|43
|
|move|p1a: Rhydon|Earthquake|p2a: Chansey
|-damage|p2a: Chansey|74\/703 par
|move|p2a: Chansey|Ice Beam|p1a: Rhydon
|-supereffective|p1a: Rhydon
|-damage|p1a: Rhydon|165\/413
|
|turn|44
|
|move|p1a: Rhydon|Earthquake|p2a: Chansey
|-damage|p2a: Chansey|0 fnt
|faint|p2a: Chansey
|
|switch|p2a: Tauros|Tauros|314\/353
|turn|45
|
|move|p2a: Tauros|Ice Beam|p1a: Rhydon
|-supereffective|p1a: Rhydon
|-damage|p1a: Rhydon|0 fnt
|faint|p1a: Rhydon
|
|switch|p1a: Alakazam|Alakazam|256\/313 slp
|turn|46
|join|dj axium
|
|cant|p1a: Alakazam|slp
|move|p2a: Tauros|Body Slam|p1a: Alakazam
|-damage|p1a: Alakazam|98\/313 slp
|
|turn|47
|c| dj axium|arafalo da best! jajaja
|-message|kid pf lol forfeited.
|
|win|arafalo2
|raw|Ladder updating...
|leave|kid pf lol
|player|p1
|raw|kid pf lol's rating: 1267 &rarr; <strong>1251<\/strong><br \/>(-16 for losing)
|raw|arafalo2's rating: 1386 &rarr; <strong>1399<\/strong><br \/>(+13 for winning)
|leave|dj axium