|j|Parnasect
|j|xuank
|player|p1|Parnasect|115
|player|p2|xuank|1
|gametype|singles
|gen|1
|tier|[Gen 1] Random Battle
|rated
|seed|
|rule|Sleep Clause Mod: Limit one foe put to sleep
|rule|Freeze Clause Mod: Limit one foe frozen
|rule|HP Percentage Mod: HP is shown in percentages
|
|start
|switch|p1a: Kabuto|Kabuto, L96|100\/100
|switch|p2a: Golduck|Golduck, L85|100\/100
|turn|1
|choice||
|
|switch|p2a: Haunter|Haunter, L85|100\/100
|move|p1a: Kabuto|Slash|p2a: Haunter
|-immune|p2a: Haunter|[msg]
|
|turn|2
|choice||
|
|switch|p1a: Onix|Onix, L90|100\/100
|move|p2a: Haunter|Mega Drain|p1a: Onix
|-supereffective|p1a: Onix
|-damage|p1a: Onix|17\/100
|
|turn|3
|choice||
|
|move|p2a: Haunter|Psychic|p1a: Onix
|-damage|p1a: Onix|0 fnt
|faint|p1a: Onix
|choice||
|
|switch|p1a: Moltres|Moltres, L85|100\/100
|turn|4
|choice||
|
|switch|p2a: Golem|Golem, L79|100\/100
|move|p1a: Moltres|Fire Blast|p2a: Golem
|-crit|p2a: Golem
|-resisted|p2a: Golem
|-damage|p2a: Golem|27\/100
|
|turn|5
|choice||
|
|move|p1a: Moltres|Fire Blast|p2a: Golem
|-resisted|p2a: Golem
|-damage|p2a: Golem|0 fnt
|faint|p2a: Golem
|choice||
|
|switch|p2a: Golduck|Golduck, L85|100\/100
|turn|6
|choice||
|
|switch|p1a: Electrode|Electrode, L90|100\/100
|move|p2a: Golduck|Surf|p1a: Electrode
|-damage|p1a: Electrode|67\/100
|
|turn|7
|choice||
|
|switch|p2a: Raichu|Raichu, L85|100\/100
|move|p1a: Electrode|Thunder Wave|p2a: Raichu
|-status|p2a: Raichu|par
|
|turn|8
|choice||
|
|move|p1a: Electrode|Screech|p2a: Raichu
|-unboost|p2a: Raichu|def|2
|move|p2a: Raichu|Surf|p1a: Electrode
|-crit|p1a: Electrode
|-damage|p1a: Electrode|21\/100
|
|turn|9
|choice||
|
|move|p1a: Electrode|Explosion|p2a: Raichu
|-damage|p2a: Raichu|0 fnt
|faint|p2a: Raichu
|faint|p1a: Electrode
|choice||
|
|switch|p2a: Shellder|Shellder, L96|100\/100
|switch|p1a: Wigglytuff|Wigglytuff, L90|100\/100
|turn|10
|choice||
|
|move|p2a: Shellder|Supersonic|p1a: Wigglytuff
|-start|p1a: Wigglytuff|confusion
|-activate|p1a: Wigglytuff|confusion
|move|p1a: Wigglytuff|Sing|p2a: Shellder
|-status|p2a: Shellder|slp
|
|turn|11
|choice||
|
|switch|p2a: Haunter|Haunter, L85|100\/100
|-activate|p1a: Wigglytuff|confusion
|-damage|p1a: Wigglytuff|91\/100|[from] confusion
|
|turn|12
|choice||
|
|move|p2a: Haunter|Psychic|p1a: Wigglytuff
|-crit|p1a: Wigglytuff
|-damage|p1a: Wigglytuff|50\/100
|-end|p1a: Wigglytuff|confusion
|move|p1a: Wigglytuff|Thunder Wave|p2a: Haunter
|-status|p2a: Haunter|par
|
|turn|13
|choice||
|
|move|p1a: Wigglytuff|Blizzard|p2a: Haunter|[miss]
|-miss|p1a: Wigglytuff
|move|p2a: Haunter|Psychic|p1a: Wigglytuff
|-damage|p1a: Wigglytuff|27\/100
|
|turn|14
|choice||
|
|move|p1a: Wigglytuff|Blizzard|p2a: Haunter|[miss]
|-miss|p1a: Wigglytuff
|move|p2a: Haunter|Psychic|p1a: Wigglytuff
|-damage|p1a: Wigglytuff|6\/100
|
|turn|15
|choice||
|
|move|p1a: Wigglytuff|Blizzard|p2a: Haunter
|-damage|p2a: Haunter|80\/100 par
|move|p2a: Haunter|Mega Drain|p1a: Wigglytuff
|-damage|p1a: Wigglytuff|0 fnt
|-heal|p2a: Haunter|84\/100 par|[from] drain|[of] p1a: Wigglytuff
|faint|p1a: Wigglytuff
|choice||
|
|switch|p1a: Moltres|Moltres, L85|100\/100
|turn|16
|choice||
|
|switch|p2a: Shellder|Shellder, L96|100\/100 slp
|move|p1a: Moltres|Fire Blast|p2a: Shellder
|-crit|p2a: Shellder
|-resisted|p2a: Shellder
|-damage|p2a: Shellder|24\/100 slp
|
|turn|17
|choice||
|
|move|p1a: Moltres|Fire Blast|p2a: Shellder
|-resisted|p2a: Shellder
|-damage|p2a: Shellder|0 fnt
|faint|p2a: Shellder
|choice||
|
|switch|p2a: Golduck|Golduck, L85|100\/100
|turn|18
|choice||
|
|switch|p1a: Kabuto|Kabuto, L96|100\/100
|move|p2a: Golduck|Surf|p1a: Kabuto
|-damage|p1a: Kabuto|54\/100
|
|turn|19
|choice||
|
|move|p2a: Golduck|Surf|p1a: Kabuto
|-crit|p1a: Kabuto
|-damage|p1a: Kabuto|0 fnt
|faint|p1a: Kabuto
|choice||
|
|switch|p1a: Nidorina|Nidorina, L90|100\/100
|turn|20
|choice||
|
|switch|p2a: Jynx|Jynx, L79|100\/100
|move|p1a: Nidorina|Body Slam|p2a: Jynx
|-damage|p2a: Jynx|64\/100
|-status|p2a: Jynx|par
|
|turn|21
|choice||
|
|move|p1a: Nidorina|Body Slam|p2a: Jynx
|-damage|p2a: Jynx|29\/100 par
|move|p2a: Jynx|Psychic|p1a: Nidorina
|-supereffective|p1a: Nidorina
|-damage|p1a: Nidorina|39\/100
|
|turn|22
|choice||
|
|move|p1a: Nidorina|Body Slam|p2a: Jynx
|-damage|p2a: Jynx|0 fnt
|faint|p2a: Jynx
|choice||
|
|switch|p2a: Haunter|Haunter, L85|84\/100 par
|turn|23
|choice||
|
|move|p1a: Nidorina|Leer|p2a: Haunter
|-unboost|p2a: Haunter|def|1
|move|p2a: Haunter|Psychic|p1a: Nidorina
|-supereffective|p1a: Nidorina
|-damage|p1a: Nidorina|0 fnt
|faint|p1a: Nidorina
|choice||
|
|switch|p1a: Moltres|Moltres, L85|100\/100
|turn|24
|choice||
|
|move|p1a: Moltres|Fire Blast|p2a: Haunter
|-damage|p2a: Haunter|28\/100 par
|cant|p2a: Haunter|par
|
|turn|25
|choice||
|
|move|p1a: Moltres|Fire Blast|p2a: Haunter
|-damage|p2a: Haunter|0 fnt
|faint|p2a: Haunter
|choice||
|
|switch|p2a: Golduck|Golduck, L85|100\/100
|turn|26
|choice||
|
|move|p1a: Moltres|Fire Blast|p2a: Golduck|[miss]
|-miss|p1a: Moltres
|move|p2a: Golduck|Surf|p1a: Moltres
|-supereffective|p1a: Moltres
|-damage|p1a: Moltres|60\/100
|
|turn|27
|choice||
|
|move|p1a: Moltres|Fire Blast|p2a: Golduck
|-resisted|p2a: Golduck
|-damage|p2a: Golduck|73\/100
|move|p2a: Golduck|Surf|p1a: Moltres
|-supereffective|p1a: Moltres
|-damage|p1a: Moltres|16\/100
|
|turn|28
|choice||
|
|move|p1a: Moltres|Hyper Beam|p2a: Golduck
|-damage|p2a: Golduck|33\/100
|move|p2a: Golduck|Surf|p1a: Moltres
|-supereffective|p1a: Moltres
|-damage|p1a: Moltres|0 fnt
|faint|p1a: Moltres
|
|win|xuank
|player|p1
|player|p2
|raw|Parnasect's rating: 1281 &rarr; <strong>1249<\/strong><br \/>(-32 for losing)
|raw|xuank's rating: 1181 &rarr; <strong>1213<\/strong><br \/>(+32 for winning)