|join|MALESANI
|join|fingapopyoass
|player|p1|MALESANI|238
|player|p2|fingapopyoass|1
|gametype|singles
|gen|1
|tier|[Gen 1] Random Battle
|rated
|seed|41689,33821,57155,25890
|rule|Sleep Clause Mod: Limit one foe put to sleep
|rule|Freeze Clause Mod: Limit one foe frozen
|rule|HP Percentage Mod: HP is shown in percentages
|
|start
|switch|p1a: Electrode|Electrode, L90|291\/291
|switch|p2a: Pidgeot|Pidgeot, L90|333\/333
|turn|1
|choice|move 2|switch 6
|
|switch|p2a: Weepinbell|Weepinbell, L85|284\/284
|move|p1a: Electrode|Thunder Wave|p2a: Weepinbell
|-status|p2a: Weepinbell|par
|
|turn|2
|choice|switch 4|move 4
|
|switch|p1a: Mew|Mew, L74|300\/300
|move|p2a: Weepinbell|Toxic|p1a: Mew
|-status|p1a: Mew|tox
|
|turn|3
|choice|move 2|move 2
|
|move|p1a: Mew|Horn Drill|p2a: Weepinbell|[miss]
|-miss|p1a: Mew
|-damage|p1a: Mew|282\/300 tox|[from] tox|[of] p2a: Weepinbell
|move|p2a: Weepinbell|Swords Dance|p2a: Weepinbell
|-boost|p2a: Weepinbell|atk|2
|
|turn|4
|choice|move 3|move 2
|
|move|p1a: Mew|Swords Dance|p1a: Mew
|-boost|p1a: Mew|atk|2
|-damage|p1a: Mew|246\/300 tox|[from] psn
|move|p2a: Weepinbell|Swords Dance|p2a: Weepinbell
|-boost|p2a: Weepinbell|atk|2
|
|turn|5
|choice|move 4|move 3
|
|move|p1a: Mew|Hyper Beam|p2a: Weepinbell|[miss]
|-miss|p1a: Mew
|-damage|p1a: Mew|192\/300 tox|[from] tox|[of] p2a: Weepinbell
|move|p2a: Weepinbell|Body Slam|p1a: Mew
|-damage|p1a: Mew|17\/300 tox
|
|turn|6
|choice|move 4|move 3
|
|move|p1a: Mew|Hyper Beam|p2a: Weepinbell
|-crit|p2a: Weepinbell
|-damage|p2a: Weepinbell|60\/284 par
|-damage|p1a: Mew|0 fnt|[from] tox|[of] p2a: Weepinbell
|faint|p1a: Mew
|choice|switch 5|
|
|switch|p1a: Fearow|Fearow, L90|300\/300
|turn|7
|choice|move 4|move 3
|
|move|p1a: Fearow|Drill Peck|p2a: Weepinbell
|-supereffective|p2a: Weepinbell
|-damage|p2a: Weepinbell|0 fnt
|faint|p2a: Weepinbell
|choice||switch 6
|
|switch|p2a: Pidgeot|Pidgeot, L90|333\/333
|turn|8
|choice|switch 4|move 1
|
|switch|p1a: Electrode|Electrode, L90|291\/291
|move|p2a: Pidgeot|Double-Edge|p1a: Electrode
|-damage|p1a: Electrode|170\/291
|-damage|p2a: Pidgeot|303\/333|[from] recoil|[of] p1a: Electrode
|
|turn|9
|choice|move 3|move 3
|
|move|p1a: Electrode|Thunderbolt|p2a: Pidgeot
|-crit|p2a: Pidgeot
|-supereffective|p2a: Pidgeot
|-damage|p2a: Pidgeot|0 fnt
|faint|p2a: Pidgeot
|choice||switch 5
|
|switch|p2a: Magmar|Magmar, L90|300\/300
|turn|10
|choice|move 2|move 1
|
|move|p1a: Electrode|Thunder Wave|p2a: Magmar
|-status|p2a: Magmar|par
|move|p2a: Magmar|Confuse Ray|p1a: Electrode
|-start|p1a: Electrode|confusion
|
|turn|11
|choice|switch 2|move 4
|
|switch|p1a: Slowpoke|Slowpoke, L96|368\/368
|move|p2a: Magmar|Fire Blast|p1a: Slowpoke
|-crit|p1a: Slowpoke
|-resisted|p1a: Slowpoke
|-damage|p1a: Slowpoke|186\/368
|
|turn|12
|choice|move 3|move 1
|
|move|p1a: Slowpoke|Amnesia|p1a: Slowpoke
|-boost|p1a: Slowpoke|spd|2
|-boost|p1a: Slowpoke|spa|2
|move|p2a: Magmar|Confuse Ray|p1a: Slowpoke
|-start|p1a: Slowpoke|confusion
|
|turn|13
|choice|move 1|move 3
|
|-activate|p1a: Slowpoke|confusion
|move|p1a: Slowpoke|Surf|p2a: Magmar
|-supereffective|p2a: Magmar
|-damage|p2a: Magmar|14\/300 par
|cant|p2a: Magmar|par
|
|turn|14
|choice|move 1|move 3
|
|-activate|p1a: Slowpoke|confusion
|move|p1a: Slowpoke|Surf|p2a: Magmar
|-supereffective|p2a: Magmar
|-damage|p2a: Magmar|0 fnt
|faint|p2a: Magmar
|choice||switch 2
|
|switch|p2a: Goldeen|Goldeen, L96|281\/281
|turn|15
|choice|move 4|move 4
|
|move|p2a: Goldeen|Double-Edge|p1a: Slowpoke
|-damage|p1a: Slowpoke|115\/368
|-damage|p2a: Goldeen|264\/281|[from] recoil|[of] p1a: Slowpoke
|-end|p1a: Slowpoke|confusion
|move|p1a: Slowpoke|Thunder Wave|p2a: Goldeen
|-status|p2a: Goldeen|par
|
|turn|16
|choice|move 2|move 2
|
|move|p1a: Slowpoke|Rest|p1a: Slowpoke
|-status|p1a: Slowpoke|slp
|-heal|p1a: Slowpoke|368\/368 slp|[silent]
|-status|p1a: Slowpoke|slp|[from] move: Rest
|move|p2a: Goldeen|Supersonic|p1a: Slowpoke
|-start|p1a: Slowpoke|confusion
|
|turn|17
|choice|move 3|move 4
|
|cant|p1a: Slowpoke|slp
|move|p2a: Goldeen|Double-Edge|p1a: Slowpoke
|-damage|p1a: Slowpoke|288\/368 slp
|-damage|p2a: Goldeen|244\/281 par|[from] recoil|[of] p1a: Slowpoke
|
|turn|18
|choice|move 3|move 4
|
|-curestatus|p1a: Slowpoke|slp
|cant|p2a: Goldeen|par
|
|turn|19
|choice|move 3|move 4
|
|-activate|p1a: Slowpoke|confusion
|-damage|p1a: Slowpoke|254\/368|[from] confusion
|move|p2a: Goldeen|Double-Edge|p1a: Slowpoke
|-damage|p1a: Slowpoke|174\/368
|-damage|p2a: Goldeen|224\/281 par|[from] recoil|[of] p1a: Slowpoke
|
|turn|20
|choice|move 3|move 4
|
|-activate|p1a: Slowpoke|confusion
|move|p1a: Slowpoke|Amnesia|p1a: Slowpoke
|-boost|p1a: Slowpoke|spd|2
|-boost|p1a: Slowpoke|spa|2
|move|p2a: Goldeen|Double-Edge|p1a: Slowpoke
|-damage|p1a: Slowpoke|94\/368
|-damage|p2a: Goldeen|204\/281 par|[from] recoil|[of] p1a: Slowpoke
|
|turn|21
|choice|move 2|move 4
|
|-activate|p1a: Slowpoke|confusion
|-damage|p1a: Slowpoke|60\/368|[from] confusion
|move|p2a: Goldeen|Double-Edge|p1a: Slowpoke
|-damage|p1a: Slowpoke|0 fnt
|-damage|p2a: Goldeen|189\/281 par|[from] recoil|[of] p1a: Slowpoke
|faint|p1a: Slowpoke
|choice|switch 2|
|
|switch|p1a: Electrode|Electrode, L90|170\/291
|turn|22
|choice|move 3|switch 4
|
|switch|p2a: Kangaskhan|Kangaskhan, L85|352\/352
|move|p1a: Electrode|Thunderbolt|p2a: Kangaskhan
|-damage|p2a: Kangaskhan|186\/352
|
|turn|23
|choice|switch 4|move 1
|
|switch|p1a: Fearow|Fearow, L90|300\/300
|move|p2a: Kangaskhan|Earthquake|p1a: Fearow
|-immune|p1a: Fearow|[msg]
|
|turn|24
|choice|move 3|move 4
|
|move|p1a: Fearow|Double-Edge|p2a: Kangaskhan
|-damage|p2a: Kangaskhan|71\/352
|-damage|p1a: Fearow|272\/300|[from] recoil|[of] p2a: Kangaskhan
|move|p2a: Kangaskhan|Surf|p1a: Fearow
|-damage|p1a: Fearow|220\/300
|
|turn|25
|choice|move 1|move 4
|
|move|p1a: Fearow|Mirror Move|p1a: Fearow
|move|p1a: Fearow|Surf|p2a: Kangaskhan|[from]Mirror Move
|-damage|p2a: Kangaskhan|0 fnt
|faint|p2a: Kangaskhan
|-message|fingapopyoass forfeited.
|
|win|MALESANI
|leave|fingapopyoass
|player|p2
|raw|MALESANI's rating: 1438 &rarr; <strong>1443<\/strong><br \/>(+5 for winning)
|raw|fingapopyoass's rating: 1109 &rarr; <strong>1103<\/strong><br \/>(-6 for losing)