|join|bumbaloe
|join|jb champ
|player|p1|bumbaloe|157
|player|p2|jb champ|150
|gametype|singles
|gen|1
|tier|[Gen 1] OU (beta)
|rated
|rule|Sleep Clause Mod: Limit one foe put to sleep
|rule|Species Clause: Limit one of each Pokemon
|rule|OHKO Clause: OHKO moves are banned
|rule|Moody Clause: Moody is banned
|rule|Evasion Moves Clause: Evasion moves are banned
|rule|Endless Battle Clause: Forcing endless battles is banned.
|rule|HP Percentage Mod: HP is reported as percentages
|
|start
|switch|p1a: Alakazam|Alakazam|313\/313
|switch|p2a: Gengar|Gengar|323\/323
|turn|1
|
|switch|p2a: Slowbro|Slowbro|393\/393
|move|p1a: Alakazam|Psychic|p2a: Slowbro
|-resisted|p2a: Slowbro
|-damage|p2a: Slowbro|319\/393
|-unboost|p2a: Slowbro|spd|1
|-unboost|p2a: Slowbro|spa|1
|
|turn|2
|
|switch|p1a: Gengar|Gengar|323\/323
|move|p2a: Slowbro|Thunder Wave|p1a: Gengar
|-status|p1a: Gengar|par
|
|turn|3
|
|switch|p2a: Golem|Golem|363\/363
|cant|p1a: Gengar|par
|
|turn|4
|
|switch|p1a: Snorlax|Snorlax|523\/523
|move|p2a: Golem|Earthquake|p1a: Snorlax
|-damage|p1a: Snorlax|363\/523
|
|turn|5
|
|switch|p2a: Slowbro|Slowbro|319\/393
|move|p1a: Snorlax|Earthquake|p2a: Slowbro
|-damage|p2a: Slowbro|241\/393
|
|turn|6
|
|move|p1a: Snorlax|Body Slam|p2a: Slowbro
|-damage|p2a: Slowbro|135\/393
|-status|p2a: Slowbro|par
|move|p2a: Slowbro|Thunder Wave|p1a: Snorlax
|-status|p1a: Snorlax|par
|
|turn|7
|
|move|p2a: Slowbro|Rest|p2a: Slowbro
|-status|p2a: Slowbro|slp
|-heal|p2a: Slowbro|393\/393 slp|[silent]
|-status|p2a: Slowbro|slp|[from] move: Rest
|move|p1a: Snorlax|Body Slam|p2a: Slowbro
|-damage|p2a: Slowbro|291\/393 slp
|
|turn|8
|
|switch|p1a: Tauros|Tauros|353\/353
|cant|p2a: Slowbro|slp
|
|turn|9
|
|switch|p2a: Gengar|Gengar|323\/323
|move|p1a: Tauros|Earthquake|p2a: Gengar
|-supereffective|p2a: Gengar
|-damage|p2a: Gengar|91\/323
|
|turn|10
|
|move|p1a: Tauros|Earthquake|p2a: Gengar
|-supereffective|p2a: Gengar
|-damage|p2a: Gengar|0 fnt
|faint|p2a: Gengar
|
|
|switch|p2a: Alakazam|Alakazam|313\/313
|turn|11
|join|Fran17
|
|switch|p1a: Chansey|Chansey|703\/703
|move|p2a: Alakazam|Psychic|p1a: Chansey
|-damage|p1a: Chansey|579\/703
|
|turn|12
|
|switch|p2a: Chansey|Chansey|703\/703
|move|p1a: Chansey|Seismic Toss|p2a: Chansey
|-damage|p2a: Chansey|603\/703
|
|turn|13
|
|move|p1a: Chansey|Ice Beam|p2a: Chansey
|-damage|p2a: Chansey|530\/703
|move|p2a: Chansey|Blizzard|p1a: Chansey
|-damage|p1a: Chansey|493\/703
|
|turn|14
|
|move|p2a: Chansey|Blizzard|p1a: Chansey
|-damage|p1a: Chansey|403\/703
|-status|p1a: Chansey|frz
|cant|p1a: Chansey|frz
|
|turn|15
|chat|Fran17|Nice
|chat|bumbaloe|5% chance please
|chat|Fran17|Is Gen 1 good?
|chat|jb champ|10 %
|chat|bumbaloe|oh wait it's .5%
|chat|jb champ|its 10 %
|
|switch|p2a: Slowbro|Slowbro|291\/393 slp
|switch|p1a: Rhydon|Rhydon|413\/413
|
|turn|16
|
|move|p1a: Rhydon|Earthquake|p2a: Slowbro
|-damage|p2a: Slowbro|149\/393 slp
|cant|p2a: Slowbro|slp
|-curestatus|p2a: Slowbro|slp
|
|turn|17
|chat|bumbaloe|oh wait blizzard is 90% to-hit in gen 1
|chat|jb champ|yes
|chat|bumbaloe|so 7% chance
|leave|Fran17
|chat|jb champ|it woul be 9%
|chat|bumbaloe|90% chance to hit first blizz, 90% chance for second, 90% chance that first didn't freeze, 10% chance that second froze
|chat|bumbaloe|.9*.9*.9*.1
|
|switch|p1a: Chansey|Chansey|403\/703 frz
|move|p2a: Slowbro|Surf|p1a: Chansey
|-damage|p1a: Chansey|312\/703 frz
|
|turn|18
|chat|jb champ|oh
|chat|jb champ|well yeah
|chat|jb champ|sure if you take all blizzards until the freeze into account
|chat|bumbaloe|of course
|chat|bumbaloe|did you never study probability?
|chat|jb champ|but one single blizzard is 9%
|chat|jb champ|sure i did
|
|switch|p1a: Alakazam|Alakazam|313\/313
|move|p2a: Slowbro|Amnesia|p2a: Slowbro
|-boost|p2a: Slowbro|spd|2
|-boost|p2a: Slowbro|spa|2
|
|turn|19
|
|move|p1a: Alakazam|Thunder Wave|p2a: Slowbro
|-status|p2a: Slowbro|par
|move|p2a: Slowbro|Rest|p2a: Slowbro
|-status|p2a: Slowbro|slp
|-heal|p2a: Slowbro|393\/393 slp|[silent]
|-status|p2a: Slowbro|slp|[from] move: Rest
|
|turn|20
|
|switch|p1a: Tauros|Tauros|353\/353
|cant|p2a: Slowbro|slp
|
|turn|21
|
|move|p1a: Tauros|Body Slam|p2a: Slowbro
|-damage|p2a: Slowbro|300\/393 slp
|cant|p2a: Slowbro|slp
|-curestatus|p2a: Slowbro|slp
|
|turn|22
|
|move|p1a: Tauros|Hyper Beam|p2a: Slowbro
|-damage|p2a: Slowbro|146\/393
|move|p2a: Slowbro|Thunder Wave|p1a: Tauros
|-status|p1a: Tauros|par
|
|turn|23
|
|cant|p1a: Tauros|recharge
|move|p2a: Slowbro|Amnesia|p2a: Slowbro
|-boost|p2a: Slowbro|spd|2
|-boost|p2a: Slowbro|spa|2
|
|turn|24
|
|move|p1a: Tauros|Hyper Beam|p2a: Slowbro
|-damage|p2a: Slowbro|0 fnt
|faint|p2a: Slowbro
|
|
|switch|p2a: Alakazam|Alakazam|313\/313
|turn|25
|
|switch|p1a: Alakazam|Alakazam|313\/313
|move|p2a: Alakazam|Psychic|p1a: Alakazam
|-crit|p1a: Alakazam
|-resisted|p1a: Alakazam
|-damage|p1a: Alakazam|211\/313
|
|turn|26
|
|switch|p2a: Golem|Golem|363\/363
|move|p1a: Alakazam|Reflect|p1a: Alakazam
|
|turn|27
|
|move|p1a: Alakazam|Psychic|p2a: Golem
|-damage|p2a: Golem|166\/363
|-unboost|p2a: Golem|spd|1
|-unboost|p2a: Golem|spa|1
|move|p2a: Golem|Earthquake|p1a: Alakazam
|-damage|p1a: Alakazam|110\/313
|
|turn|28
|
|switch|p2a: Chansey|Chansey|530\/703
|move|p1a: Alakazam|Recover|p1a: Alakazam
|-heal|p1a: Alakazam|266\/313
|
|turn|29
|
|move|p1a: Alakazam|Thunder Wave|p2a: Chansey|[miss]
|-miss|p1a: Alakazam
|move|p2a: Chansey|Thunder Wave|p1a: Alakazam
|-status|p1a: Alakazam|par
|
|turn|30
|
|move|p2a: Chansey|Thunderbolt|p1a: Alakazam
|-damage|p1a: Alakazam|209\/313 par
|move|p1a: Alakazam|Thunder Wave|p2a: Chansey
|-status|p2a: Chansey|par
|
|turn|31
|
|switch|p1a: Rhydon|Rhydon|413\/413
|cant|p2a: Chansey|par
|
|turn|32
|
|move|p1a: Rhydon|Substitute|p1a: Rhydon
|-start|p1a: Rhydon|Substitute
|-damage|p1a: Rhydon|310\/413
|move|p2a: Chansey|Blizzard|p1a: Rhydon
|-supereffective|p1a: Rhydon
|-end|p1a: Rhydon|Substitute
|
|turn|33
|
|move|p1a: Rhydon|Substitute|p1a: Rhydon
|-start|p1a: Rhydon|Substitute
|-damage|p1a: Rhydon|207\/413
|move|p2a: Chansey|Blizzard|p1a: Rhydon
|-supereffective|p1a: Rhydon
|-end|p1a: Rhydon|Substitute
|
|turn|34
|
|move|p1a: Rhydon|Substitute|p1a: Rhydon
|-start|p1a: Rhydon|Substitute
|-damage|p1a: Rhydon|104\/413
|move|p2a: Chansey|Blizzard|p1a: Rhydon
|-supereffective|p1a: Rhydon
|-end|p1a: Rhydon|Substitute
|
|turn|35
|
|move|p1a: Rhydon|Substitute|p1a: Rhydon
|-start|p1a: Rhydon|Substitute
|-damage|p1a: Rhydon|1\/413
|move|p2a: Chansey|Blizzard|p1a: Rhydon
|-crit|p1a: Rhydon
|-supereffective|p1a: Rhydon
|-end|p1a: Rhydon|Substitute
|
|turn|36
|chat|jb champ|wow
|chat|jb champ|i hate when that doesnt work
|chat|jb champ|i mean the sub thing
|
|move|p1a: Rhydon|Earthquake|p2a: Chansey
|-damage|p2a: Chansey|169\/703 par
|move|p2a: Chansey|Blizzard|p1a: Rhydon
|-supereffective|p1a: Rhydon
|-damage|p1a: Rhydon|0 fnt
|faint|p1a: Rhydon
|
|chat|bumbaloe|you're so lucky today
|
|switch|p1a: Tauros|Tauros|353\/353 par
|turn|37
|
|move|p1a: Tauros|Earthquake|p2a: Chansey
|-damage|p2a: Chansey|0 fnt
|faint|p2a: Chansey
|
|
|switch|p2a: Alakazam|Alakazam|313\/313
|turn|38
|
|switch|p1a: Alakazam|Alakazam|209\/313 par
|move|p2a: Alakazam|Seismic Toss|p1a: Alakazam
|-damage|p1a: Alakazam|109\/313 par
|
|turn|39
|
|move|p2a: Alakazam|Seismic Toss|p1a: Alakazam
|-damage|p1a: Alakazam|9\/313 par
|move|p1a: Alakazam|Recover|p1a: Alakazam
|-heal|p1a: Alakazam|165\/313 par
|
|turn|40
|
|move|p2a: Alakazam|Seismic Toss|p1a: Alakazam
|-damage|p1a: Alakazam|65\/313 par
|move|p1a: Alakazam|Recover|p1a: Alakazam
|-heal|p1a: Alakazam|221\/313 par
|
|turn|41
|
|move|p2a: Alakazam|Seismic Toss|p1a: Alakazam
|-damage|p1a: Alakazam|121\/313 par
|move|p1a: Alakazam|Thunder Wave|p2a: Alakazam
|-status|p2a: Alakazam|par
|
|turn|42
|join|horselover101
|
|move|p2a: Alakazam|Seismic Toss|p1a: Alakazam
|-damage|p1a: Alakazam|21\/313 par
|move|p1a: Alakazam|Recover|p1a: Alakazam
|-heal|p1a: Alakazam|177\/313 par
|
|turn|43
|leave|horselover101
|
|move|p1a: Alakazam|Recover|p1a: Alakazam
|-heal|p1a: Alakazam|313\/313 par
|cant|p2a: Alakazam|par
|
|turn|44
|
|move|p2a: Alakazam|Seismic Toss|p1a: Alakazam
|-damage|p1a: Alakazam|213\/313 par
|move|p1a: Alakazam|Reflect|p1a: Alakazam
|
|turn|45
|
|cant|p2a: Alakazam|par
|move|p1a: Alakazam|Recover|p1a: Alakazam
|-heal|p1a: Alakazam|313\/313 par
|
|turn|46
|
|move|p2a: Alakazam|Psychic|p1a: Alakazam
|-resisted|p1a: Alakazam
|-damage|p1a: Alakazam|262\/313 par
|move|p1a: Alakazam|Psychic|p2a: Alakazam
|-resisted|p2a: Alakazam
|-damage|p2a: Alakazam|259\/313 par
|-unboost|p2a: Alakazam|spd|1
|-unboost|p2a: Alakazam|spa|1
|
|turn|47
|
|move|p2a: Alakazam|Seismic Toss|p1a: Alakazam
|-damage|p1a: Alakazam|162\/313 par
|move|p1a: Alakazam|Psychic|p2a: Alakazam
|-resisted|p2a: Alakazam
|-damage|p2a: Alakazam|183\/313 par
|-unboost|p2a: Alakazam|spd|1
|-unboost|p2a: Alakazam|spa|1
|
|turn|48
|
|move|p2a: Alakazam|Seismic Toss|p1a: Alakazam
|-damage|p1a: Alakazam|62\/313 par
|move|p1a: Alakazam|Recover|p1a: Alakazam
|-heal|p1a: Alakazam|218\/313 par
|
|turn|49
|
|move|p2a: Alakazam|Psychic|p1a: Alakazam
|-resisted|p1a: Alakazam
|-damage|p1a: Alakazam|193\/313 par
|move|p1a: Alakazam|Psychic|p2a: Alakazam
|-resisted|p2a: Alakazam
|-damage|p2a: Alakazam|81\/313 par
|
|turn|50
|
|move|p1a: Alakazam|Recover|p1a: Alakazam
|-heal|p1a: Alakazam|313\/313 par
|move|p2a: Alakazam|Recover|p2a: Alakazam
|-heal|p2a: Alakazam|237\/313 par
|
|turn|51
|
|move|p1a: Alakazam|Psychic|p2a: Alakazam
|-resisted|p2a: Alakazam
|-damage|p2a: Alakazam|126\/313 par
|move|p2a: Alakazam|Psychic|p1a: Alakazam
|-crit|p1a: Alakazam
|-resisted|p1a: Alakazam
|-damage|p1a: Alakazam|201\/313 par
|
|turn|52
|
|cant|p2a: Alakazam|par
|move|p1a: Alakazam|Psychic|p2a: Alakazam
|-resisted|p2a: Alakazam
|-damage|p2a: Alakazam|24\/313 par
|
|turn|53
|
|move|p2a: Alakazam|Recover|p2a: Alakazam
|-heal|p2a: Alakazam|180\/313 par
|cant|p1a: Alakazam|par
|
|turn|54
|
|move|p1a: Alakazam|Psychic|p2a: Alakazam
|-resisted|p2a: Alakazam
|-damage|p2a: Alakazam|78\/313 par
|move|p2a: Alakazam|Recover|p2a: Alakazam
|-heal|p2a: Alakazam|234\/313 par
|
|turn|55
|join|killerkats
|
|move|p1a: Alakazam|Psychic|p2a: Alakazam
|-resisted|p2a: Alakazam
|-damage|p2a: Alakazam|133\/313 par
|move|p2a: Alakazam|Psychic|p1a: Alakazam
|-resisted|p1a: Alakazam
|-damage|p1a: Alakazam|177\/313 par
|
|turn|56
|
|move|p1a: Alakazam|Recover|p1a: Alakazam
|-heal|p1a: Alakazam|313\/313 par
|cant|p2a: Alakazam|par
|
|turn|57
|
|cant|p2a: Alakazam|par
|cant|p1a: Alakazam|par
|
|turn|58
|
|move|p2a: Alakazam|Recover|p2a: Alakazam
|-heal|p2a: Alakazam|289\/313 par
|move|p1a: Alakazam|Psychic|p2a: Alakazam
|-resisted|p2a: Alakazam
|-damage|p2a: Alakazam|190\/313 par
|
|turn|59
|
|cant|p2a: Alakazam|par
|move|p1a: Alakazam|Psychic|p2a: Alakazam
|-resisted|p2a: Alakazam
|-damage|p2a: Alakazam|82\/313 par
|
|turn|60
|
|move|p2a: Alakazam|Recover|p2a: Alakazam
|-heal|p2a: Alakazam|238\/313 par
|move|p1a: Alakazam|Psychic|p2a: Alakazam
|-resisted|p2a: Alakazam
|-damage|p2a: Alakazam|137\/313 par
|
|turn|61
|
|cant|p1a: Alakazam|par
|move|p2a: Alakazam|Recover|p2a: Alakazam
|-heal|p2a: Alakazam|293\/313 par
|
|turn|62
|
|move|p2a: Alakazam|Psychic|p1a: Alakazam
|-crit|p1a: Alakazam
|-resisted|p1a: Alakazam
|-damage|p1a: Alakazam|201\/313 par
|move|p1a: Alakazam|Psychic|p2a: Alakazam
|-resisted|p2a: Alakazam
|-damage|p2a: Alakazam|194\/313 par
|
|turn|63
|leave|killerkats
|
|move|p2a: Alakazam|Recover|p2a: Alakazam
|-heal|p2a: Alakazam|313\/313 par
|cant|p1a: Alakazam|par
|
|turn|64
|
|move|p1a: Alakazam|Psychic|p2a: Alakazam
|-resisted|p2a: Alakazam
|-damage|p2a: Alakazam|202\/313 par
|-unboost|p2a: Alakazam|spd|1
|-unboost|p2a: Alakazam|spa|1
|cant|p2a: Alakazam|par
|
|turn|65
|
|move|p1a: Alakazam|Psychic|p2a: Alakazam
|-crit|p2a: Alakazam
|-resisted|p2a: Alakazam
|-damage|p2a: Alakazam|98\/313 par
|move|p2a: Alakazam|Seismic Toss|p1a: Alakazam
|-damage|p1a: Alakazam|101\/313 par
|
|turn|66
|
|move|p2a: Alakazam|Seismic Toss|p1a: Alakazam
|-damage|p1a: Alakazam|1\/313 par
|move|p1a: Alakazam|Psychic|p2a: Alakazam
|-resisted|p2a: Alakazam
|-damage|p2a: Alakazam|0 fnt
|faint|p2a: Alakazam
|
|
|switch|p2a: Golem|Golem|166\/363
|turn|67
|
|move|p2a: Golem|Earthquake|p1a: Alakazam
|-damage|p1a: Alakazam|0 fnt
|faint|p1a: Alakazam
|
|
|switch|p1a: Snorlax|Snorlax|363\/523 par
|turn|68
|
|move|p2a: Golem|Earthquake|p1a: Snorlax
|-damage|p1a: Snorlax|209\/523 par
|move|p1a: Snorlax|Earthquake|p2a: Golem
|-supereffective|p2a: Golem
|-damage|p2a: Golem|37\/363
|
|turn|69
|
|move|p2a: Golem|Earthquake|p1a: Snorlax
|-damage|p1a: Snorlax|44\/523 par
|move|p1a: Snorlax|Earthquake|p2a: Golem
|-supereffective|p2a: Golem
|-damage|p2a: Golem|0 fnt
|faint|p2a: Golem
|
|
|switch|p2a: Tauros|Tauros|353\/353
|turn|70
|
|switch|p1a: Gengar|Gengar|323\/323 par
|move|p2a: Tauros|Earthquake|p1a: Gengar
|-supereffective|p1a: Gengar
|-damage|p1a: Gengar|126\/323 par
|
|turn|71
|
|move|p2a: Tauros|Earthquake|p1a: Gengar
|-supereffective|p1a: Gengar
|-damage|p1a: Gengar|0 fnt
|faint|p1a: Gengar
|
|
|switch|p1a: Tauros|Tauros|353\/353 par
|turn|72
|
|move|p2a: Tauros|Body Slam|p1a: Tauros
|-damage|p1a: Tauros|245\/353 par
|cant|p1a: Tauros|par
|
|turn|73
|
|move|p2a: Tauros|Body Slam|p1a: Tauros
|-crit|p1a: Tauros
|-damage|p1a: Tauros|47\/353 par
|move|p1a: Tauros|Body Slam|p2a: Tauros
|-crit|p2a: Tauros
|-damage|p2a: Tauros|144\/353
|-status|p2a: Tauros|par
|
|turn|74
|
|cant|p1a: Tauros|par
|move|p2a: Tauros|Body Slam|p1a: Tauros
|-damage|p1a: Tauros|0 fnt
|faint|p1a: Tauros
|
|
|switch|p1a: Snorlax|Snorlax|44\/523 par
|turn|75
|
|cant|p2a: Tauros|par
|cant|p1a: Snorlax|par
|
|turn|76
|
|cant|p2a: Tauros|par
|move|p1a: Snorlax|Self-Destruct|p2a: Tauros
|-damage|p2a: Tauros|0 fnt
|faint|p2a: Tauros
|faint|p1a: Snorlax
|
|win|bumbaloe
|raw|Ladder updating...
|raw|bumbaloe's rating: 1228 &rarr; <strong>1262<\/strong><br \/>(+34 for winning)
|raw|jb champ's rating: 1354 &rarr; <strong>1327<\/strong><br \/>(-27 for losing)
|chat|bumbaloe|gg