|join|thenatural91
|join|kwikwik
|player|p1|thenatural91|169
|player|p2|kwikwik|170
|gametype|singles
|gen|1
|tier|[Gen 1] Random Battle
|rated
|rule|Sleep Clause Mod: Limit one foe put to sleep
|rule|Freeze Clause Mod: Limit one foe frozen
|rule|HP Percentage Mod: HP is shown in percentages
|
|start
|switch|p1a: Magikarp|Magikarp, L99|240\/240
|switch|p2a: Seaking|Seaking, L90|327\/327
|turn|1
|
|move|p1a: Magikarp|Dragon Rage|p2a: Seaking
|-damage|p2a: Seaking|287\/327
|move|p2a: Seaking|Surf|p1a: Magikarp
|-resisted|p1a: Magikarp
|-damage|p1a: Magikarp|149\/240
|
|turn|2
|
|move|p1a: Magikarp|Dragon Rage|p2a: Seaking
|-damage|p2a: Seaking|247\/327
|move|p2a: Seaking|Surf|p1a: Magikarp
|-resisted|p1a: Magikarp
|-damage|p1a: Magikarp|57\/240
|
|turn|3
|
|move|p1a: Magikarp|Dragon Rage|p2a: Seaking
|-damage|p2a: Seaking|207\/327
|move|p2a: Seaking|Surf|p1a: Magikarp
|-resisted|p1a: Magikarp
|-damage|p1a: Magikarp|0 fnt
|faint|p1a: Magikarp
|
|switch|p1a: Vileplume|Vileplume, L90|318\/318
|turn|4
|
|move|p2a: Seaking|Blizzard|p1a: Vileplume
|-supereffective|p1a: Vileplume
|-damage|p1a: Vileplume|178\/318
|move|p1a: Vileplume|Mega Drain|p2a: Seaking
|-supereffective|p2a: Seaking
|-damage|p2a: Seaking|97\/327
|-heal|p1a: Vileplume|233\/318|[from] drain|[of] p2a: Seaking
|
|turn|5
|
|move|p2a: Seaking|Blizzard|p1a: Vileplume
|-supereffective|p1a: Vileplume
|-damage|p1a: Vileplume|92\/318
|move|p1a: Vileplume|Mega Drain|p2a: Seaking
|-supereffective|p2a: Seaking
|-damage|p2a: Seaking|4\/327
|-heal|p1a: Vileplume|138\/318|[from] drain|[of] p2a: Seaking
|
|turn|6
|
|move|p2a: Seaking|Hyper Beam|p1a: Vileplume
|-damage|p1a: Vileplume|24\/318
|move|p1a: Vileplume|Mega Drain|p2a: Seaking
|-supereffective|p2a: Seaking
|-damage|p2a: Seaking|0 fnt
|-heal|p1a: Vileplume|26\/318|[from] drain|[of] p2a: Seaking
|faint|p2a: Seaking
|
|switch|p2a: Bulbasaur|Bulbasaur, L96|281\/281
|turn|7
|
|move|p2a: Bulbasaur|Body Slam|p1a: Vileplume
|-damage|p1a: Vileplume|0 fnt
|faint|p1a: Vileplume
|
|switch|p1a: Fearow|Fearow, L90|300\/300
|turn|8
|
|switch|p2a: Magmar|Magmar, L90|300\/300
|move|p1a: Fearow|Drill Peck|p2a: Magmar
|-damage|p2a: Magmar|182\/300
|
|turn|9
|
|move|p1a: Fearow|Double-Edge|p2a: Magmar
|-damage|p2a: Magmar|40\/300
|-damage|p1a: Fearow|265\/300|[from] recoil|[of] p2a: Magmar
|move|p2a: Magmar|Confuse Ray|p1a: Fearow
|-start|p1a: Fearow|confusion
|
|turn|10
|
|-activate|p1a: Fearow|confusion
|-damage|p1a: Fearow|226\/300|[from] confusion
|move|p2a: Magmar|Body Slam|p1a: Fearow
|-damage|p1a: Fearow|149\/300
|
|turn|11
|
|-activate|p1a: Fearow|confusion
|-damage|p1a: Fearow|110\/300|[from] confusion
|move|p2a: Magmar|Body Slam|p1a: Fearow
|-damage|p1a: Fearow|38\/300
|
|turn|12
|
|-activate|p1a: Fearow|confusion
|move|p1a: Fearow|Drill Peck|p2a: Magmar
|-damage|p2a: Magmar|0 fnt
|faint|p2a: Magmar
|
|switch|p2a: Fearow|Fearow, L90|300\/300
|turn|13
|
|-end|p1a: Fearow|confusion
|move|p1a: Fearow|Double-Edge|p2a: Fearow
|-damage|p2a: Fearow|162\/300
|-damage|p1a: Fearow|4\/300|[from] recoil|[of] p2a: Fearow
|move|p2a: Fearow|Drill Peck|p1a: Fearow
|-damage|p1a: Fearow|0 fnt
|faint|p1a: Fearow
|
|switch|p1a: Persian|Persian, L79|265\/265
|turn|14
|
|move|p2a: Fearow|Double-Edge|p1a: Persian
|-damage|p1a: Persian|105\/265
|-damage|p2a: Fearow|122\/300|[from] recoil|[of] p1a: Persian
|move|p1a: Persian|Thunderbolt|p2a: Fearow
|-crit|p2a: Fearow
|-supereffective|p2a: Fearow
|-damage|p2a: Fearow|0 fnt
|faint|p2a: Fearow
|
|switch|p2a: Haunter|Haunter, L85|250\/250
|turn|15
|
|move|p1a: Persian|Thunderbolt|p2a: Haunter
|-damage|p2a: Haunter|213\/250
|move|p2a: Haunter|Psychic|p1a: Persian
|-crit|p1a: Persian
|-damage|p1a: Persian|0 fnt
|faint|p1a: Persian
|
|switch|p1a: Mew|Mew, L74|300\/300
|turn|16
|
|move|p2a: Haunter|Hypnosis|p1a: Mew|[miss]
|-miss|p2a: Haunter
|move|p1a: Mew|Earthquake|p2a: Haunter
|-crit|p2a: Haunter
|-supereffective|p2a: Haunter
|-damage|p2a: Haunter|0 fnt
|faint|p2a: Haunter
|
|switch|p2a: Metapod|Metapod, L99|300\/300
|turn|17
|
|move|p1a: Mew|Psychic|p2a: Metapod
|-damage|p2a: Metapod|177\/300
|move|p2a: Metapod|Harden|p2a: Metapod
|-boost|p2a: Metapod|def|1
|
|turn|18
|
|move|p1a: Mew|Earthquake|p2a: Metapod
|-resisted|p2a: Metapod
|-damage|p2a: Metapod|156\/300
|move|p2a: Metapod|Tackle|p1a: Mew
|-crit|p1a: Mew
|-damage|p1a: Mew|268\/300
|
|turn|19
|
|switch|p1a: Hitmonchan|Hitmonchan, L90|273\/273
|move|p2a: Metapod|String Shot|p1a: Hitmonchan
|-unboost|p1a: Hitmonchan|spe|1
|
|turn|20
|
|move|p2a: Metapod|Harden|p2a: Metapod
|-boost|p2a: Metapod|def|1
|move|p1a: Hitmonchan|Body Slam|p2a: Metapod
|-damage|p2a: Metapod|117\/300
|
|turn|21
|
|move|p2a: Metapod|Tackle|p1a: Hitmonchan
|-damage|p1a: Hitmonchan|258\/273
|move|p1a: Hitmonchan|Seismic Toss|p2a: Metapod
|-damage|p2a: Metapod|27\/300
|
|turn|22
|
|switch|p2a: Bulbasaur|Bulbasaur, L96|281\/281
|move|p1a: Hitmonchan|Seismic Toss|p2a: Bulbasaur
|-damage|p2a: Bulbasaur|191\/281
|
|turn|23
|
|move|p2a: Bulbasaur|Body Slam|p1a: Hitmonchan
|-damage|p1a: Hitmonchan|209\/273
|move|p1a: Hitmonchan|Seismic Toss|p2a: Bulbasaur
|-damage|p2a: Bulbasaur|101\/281
|
|turn|24
|
|move|p2a: Bulbasaur|Body Slam|p1a: Hitmonchan
|-damage|p1a: Hitmonchan|155\/273
|-status|p1a: Hitmonchan|par
|move|p1a: Hitmonchan|Body Slam|p2a: Bulbasaur
|-damage|p2a: Bulbasaur|15\/281
|-status|p2a: Bulbasaur|par
|
|turn|25
|
|move|p2a: Bulbasaur|Leech Seed|p1a: Hitmonchan
|-start|p1a: Hitmonchan|move: Leech Seed
|cant|p1a: Hitmonchan|par
|-damage|p1a: Hitmonchan|138\/273 par|[from] Leech Seed|[of] p2a: Bulbasaur
|-heal|p2a: Bulbasaur|32\/281 par|[silent]
|
|turn|26
|
|move|p2a: Bulbasaur|Razor Leaf|p1a: Hitmonchan
|-crit|p1a: Hitmonchan
|-damage|p1a: Hitmonchan|0 fnt
|faint|p1a: Hitmonchan
|
|switch|p1a: Mew|Mew, L74|268\/300
|turn|27
|
|move|p1a: Mew|Psychic|p2a: Bulbasaur
|-supereffective|p2a: Bulbasaur
|-damage|p2a: Bulbasaur|0 fnt
|faint|p2a: Bulbasaur
|
|switch|p2a: Metapod|Metapod, L99|27\/300
|turn|28
|
|move|p1a: Mew|Earthquake|p2a: Metapod
|-resisted|p2a: Metapod
|-damage|p2a: Metapod|0 fnt
|faint|p2a: Metapod
|
|win|thenatural91
|leave|kwikwik
|player|p2
|raw|thenatural91's rating: 1261 &rarr; <strong>1276<\/strong><br \/>(+15 for winning)
|raw|kwikwik's rating: 1113 &rarr; <strong>1098<\/strong><br \/>(-15 for losing)