|join|Caesar Augustus
|join|ImSoDamnTired
|player|p1|Caesar Augustus|253
|player|p2|ImSoDamnTired|113
|gametype|singles
|gen|1
|tier|[Gen 1] Random Battle
|rated
|seed|24571,60178,2083,20918
|rule|Sleep Clause Mod: Limit one foe put to sleep
|rule|Freeze Clause Mod: Limit one foe frozen
|rule|HP Percentage Mod: HP is shown in percentages
|
|start
|switch|p1a: Venonat|Venonat, L96|310\/310
|switch|p2a: Slowpoke|Slowpoke, L96|368\/368
|turn|1
|choice|move 2|switch 4
|
|switch|p2a: Rapidash|Rapidash, L90|300\/300
|move|p1a: Venonat|Stun Spore|p2a: Rapidash
|-status|p2a: Rapidash|par
|
|turn|2
|choice|switch 4|move 3
|
|switch|p1a: Porygon|Porygon, L85|284\/284
|cant|p2a: Rapidash|par
|
|turn|3
|choice|move 3|move 1
|
|move|p1a: Porygon|Sharpen|p1a: Porygon
|-boost|p1a: Porygon|atk|1
|cant|p2a: Rapidash|par
|
|turn|4
|choice|move 2|move 1
|
|move|p1a: Porygon|Tri Attack|p2a: Rapidash
|-damage|p2a: Rapidash|190\/300 par
|cant|p2a: Rapidash|par
|
|turn|5
|choice|move 2|move 1
|
|move|p1a: Porygon|Tri Attack|p2a: Rapidash
|-damage|p2a: Rapidash|88\/300 par
|cant|p2a: Rapidash|par
|
|turn|6
|c|★ImSoDamnTired|wow
|c|★Caesar Augustus|sweet
|choice|move 2|move 1
|
|move|p1a: Porygon|Tri Attack|p2a: Rapidash
|-damage|p2a: Rapidash|0 fnt
|faint|p2a: Rapidash
|choice||switch 3
|
|switch|p2a: Hitmonlee|Hitmonlee, L90|273\/273
|turn|7
|choice|move 4|move 2
|
|move|p2a: Hitmonlee|Substitute|p2a: Hitmonlee
|-start|p2a: Hitmonlee|Substitute
|-damage|p2a: Hitmonlee|205\/273
|move|p1a: Porygon|Thunder Wave|p2a: Hitmonlee
|-status|p2a: Hitmonlee|par
|
|turn|8
|choice|move 2|move 3
|
|move|p1a: Porygon|Tri Attack|p2a: Hitmonlee
|-end|p2a: Hitmonlee|Substitute
|cant|p2a: Hitmonlee|par
|
|turn|9
|choice|move 2|move 3
|
|move|p1a: Porygon|Tri Attack|p2a: Hitmonlee
|-damage|p2a: Hitmonlee|89\/273 par
|cant|p2a: Hitmonlee|par
|
|turn|10
|c|★Caesar Augustus|sweet
|choice|move 2|move 3
|
|move|p1a: Porygon|Tri Attack|p2a: Hitmonlee
|-damage|p2a: Hitmonlee|0 fnt
|faint|p2a: Hitmonlee
|choice||switch 5
|
|switch|p2a: Marowak|Marowak, L90|291\/291
|turn|11
|choice|move 2|move 3
|
|move|p2a: Marowak|Earthquake|p1a: Porygon
|-damage|p1a: Porygon|154\/284
|move|p1a: Porygon|Tri Attack|p2a: Marowak
|-damage|p2a: Marowak|213\/291
|
|turn|12
|choice|move 2|move 3
|
|move|p2a: Marowak|Earthquake|p1a: Porygon
|-damage|p1a: Porygon|22\/284
|move|p1a: Porygon|Tri Attack|p2a: Marowak
|-damage|p2a: Marowak|136\/291
|
|turn|13
|choice|move 2|move 1
|
|move|p2a: Marowak|Body Slam|p1a: Porygon
|-damage|p1a: Porygon|0 fnt
|faint|p1a: Porygon
|choice|switch 5|
|
|switch|p1a: Flareon|Flareon, L90|300\/300
|turn|14
|choice|move 3|switch 4
|
|switch|p2a: Slowpoke|Slowpoke, L96|368\/368
|move|p1a: Flareon|Fire Blast|p2a: Slowpoke
|-resisted|p2a: Slowpoke
|-damage|p2a: Slowpoke|268\/368
|
|turn|15
|choice|switch 2|move 4
|
|switch|p1a: Nidorina|Nidorina, L90|309\/309
|move|p2a: Slowpoke|Thunder Wave|p1a: Nidorina
|-status|p1a: Nidorina|par
|
|turn|16
|choice|move 4|move 2
|
|move|p2a: Slowpoke|Amnesia|p2a: Slowpoke
|-boost|p2a: Slowpoke|spd|2
|-boost|p2a: Slowpoke|spa|2
|move|p1a: Nidorina|Thunderbolt|p2a: Slowpoke
|-supereffective|p2a: Slowpoke
|-damage|p2a: Slowpoke|188\/368
|
|turn|17
|choice|move 1|move 2
|
|move|p2a: Slowpoke|Amnesia|p2a: Slowpoke
|-boost|p2a: Slowpoke|spd|2
|-boost|p2a: Slowpoke|spa|2
|move|p1a: Nidorina|Thunder|p2a: Slowpoke
|-supereffective|p2a: Slowpoke
|-damage|p2a: Slowpoke|130\/368
|
|turn|18
|choice|move 2|move 3
|
|move|p2a: Slowpoke|Surf|p1a: Nidorina
|-damage|p1a: Nidorina|27\/309 par
|cant|p1a: Nidorina|par
|
|turn|19
|choice|move 2|move 1
|
|move|p2a: Slowpoke|Rest|p2a: Slowpoke
|-status|p2a: Slowpoke|slp
|-heal|p2a: Slowpoke|368\/368 slp|[silent]
|-status|p2a: Slowpoke|slp|[from] move: Rest
|move|p1a: Nidorina|Body Slam|p2a: Slowpoke
|-damage|p2a: Slowpoke|310\/368 slp
|
|turn|20
|choice|move 1|move 3
|
|cant|p2a: Slowpoke|slp
|cant|p1a: Nidorina|par
|
|turn|21
|choice|move 1|move 3
|
|-curestatus|p2a: Slowpoke|slp
|move|p1a: Nidorina|Thunder|p2a: Slowpoke
|-crit|p2a: Slowpoke
|-supereffective|p2a: Slowpoke
|-damage|p2a: Slowpoke|0 fnt
|faint|p2a: Slowpoke
|c|★Caesar Augustus|yez
|choice||switch 6
|
|switch|p2a: Nidorino|Nidorino, L90|293\/293
|turn|22
|choice|move 1|move 3
|
|move|p2a: Nidorino|Thunderbolt|p1a: Nidorina
|-crit|p1a: Nidorina
|-damage|p1a: Nidorina|0 fnt
|faint|p1a: Nidorina
|choice|switch 2|
|
|switch|p1a: Flareon|Flareon, L90|300\/300
|turn|23
|choice|move 3|move 2
|
|move|p1a: Flareon|Fire Blast|p2a: Nidorino
|-damage|p2a: Nidorino|82\/293
|move|p2a: Nidorino|Bubble Beam|p1a: Flareon
|-supereffective|p1a: Flareon
|-damage|p1a: Flareon|242\/300
|
|turn|24
|choice|move 3|move 2
|
|move|p2a: Nidorino|Bubble Beam|p1a: Flareon
|-supereffective|p1a: Flareon
|-damage|p1a: Flareon|180\/300
|move|p1a: Flareon|Fire Blast|p2a: Nidorino
|-crit|p2a: Nidorino
|-damage|p2a: Nidorino|0 fnt
|faint|p2a: Nidorino
|choice||switch 2
|
|switch|p2a: Lapras|Lapras, L79|367\/367
|turn|25
|choice|move 3|move 1
|
|move|p1a: Flareon|Fire Blast|p2a: Lapras
|-crit|p2a: Lapras
|-damage|p2a: Lapras|47\/367
|move|p2a: Lapras|Thunderbolt|p1a: Flareon
|-damage|p1a: Flareon|129\/300
|
|turn|26
|-message|ImSoDamnTired forfeited.
|
|win|Caesar Augustus
|leave|ImSoDamnTired
|player|p2