|j|Toonami5
|j|SniperEros 1Gen
|player|p1|Toonami5|114
|player|p2|SniperEros 1Gen|163
|gametype|singles
|gen|1
|tier|[Gen 1] OU
|rated
|seed|
|rule|Sleep Clause Mod: Limit one foe put to sleep
|rule|Freeze Clause Mod: Limit one foe frozen
|rule|Species Clause: Limit one of each Pokémon
|rule|OHKO Clause: OHKO moves are banned
|rule|Evasion Moves Clause: Evasion moves are banned
|rule|HP Percentage Mod: HP is shown in percentages
|
|start
|switch|p1a: Starmie|Starmie|100\/100
|switch|p2a: Chansey|Chansey|100\/100
|turn|1
|choice||
|
|move|p1a: Starmie|Blizzard|p2a: Chansey
|-crit|p2a: Chansey
|-damage|p2a: Chansey|77\/100
|move|p2a: Chansey|Thunder Wave|p1a: Starmie
|-status|p1a: Starmie|par
|
|turn|2
|choice||
|
|move|p2a: Chansey|Thunderbolt|p1a: Starmie
|-supereffective|p1a: Starmie
|-damage|p1a: Starmie|55\/100 par
|move|p1a: Starmie|Blizzard|p2a: Chansey
|-damage|p2a: Chansey|65\/100
|
|turn|3
|choice||
|
|switch|p1a: Chansey|Chansey|100\/100
|move|p2a: Chansey|Thunderbolt|p1a: Chansey
|-damage|p1a: Chansey|91\/100
|
|turn|4
|choice||
|
|move|p2a: Chansey|Thunder Wave|p1a: Chansey
|-status|p1a: Chansey|par
|move|p1a: Chansey|Ice Beam|p2a: Chansey
|-damage|p2a: Chansey|55\/100
|
|turn|5
|choice||
|
|move|p2a: Chansey|Soft-Boiled|p2a: Chansey
|-heal|p2a: Chansey|100\/100
|cant|p1a: Chansey|par
|
|turn|6
|choice||
|
|switch|p2a: Charizard|Charizard|100\/100
|cant|p1a: Chansey|par
|
|turn|7
|choice||
|
|move|p2a: Charizard|Earthquake|p1a: Chansey
|-crit|p1a: Chansey
|-damage|p1a: Chansey|34\/100 par
|move|p1a: Chansey|Thunder Wave|p2a: Charizard
|-status|p2a: Charizard|par
|
|turn|8
|choice||
|
|move|p2a: Charizard|Earthquake|p1a: Chansey
|-damage|p1a: Chansey|5\/100 par
|move|p1a: Chansey|Soft-Boiled|p1a: Chansey
|-heal|p1a: Chansey|55\/100 par
|
|turn|9
|choice||
|
|move|p2a: Charizard|Rest|p2a: Charizard
|-fail|p2a: Charizard
|move|p1a: Chansey|Soft-Boiled|p1a: Chansey
|-heal|p1a: Chansey|100\/100 par
|
|turn|10
|choice||
|
|switch|p1a: Golem|Golem|100\/100
|cant|p2a: Charizard|par
|
|turn|11
|choice||
|
|move|p1a: Golem|Rock Slide|p2a: Charizard
|-supereffective|p2a: Charizard
|-damage|p2a: Charizard|0 fnt
|faint|p2a: Charizard
|choice||
|
|switch|p2a: Slowbro|Slowbro|100\/100
|turn|12
|choice||
|
|switch|p2a: Alakazam|Alakazam|100\/100
|move|p1a: Golem|Explosion|p2a: Alakazam
|-damage|p2a: Alakazam|0 fnt
|faint|p2a: Alakazam
|faint|p1a: Golem
|choice||
|
|switch|p2a: Exeggutor|Exeggutor|100\/100
|switch|p1a: Exeggutor|Exeggutor|100\/100
|turn|13
|choice||
|
|switch|p1a: Starmie|Starmie|55\/100 par
|move|p2a: Exeggutor|Sleep Powder|p1a: Starmie
|-fail|p1a: Starmie
|
|turn|14
|choice||
|
|switch|p2a: Chansey|Chansey|100\/100
|move|p1a: Starmie|Blizzard|p2a: Chansey
|-crit|p2a: Chansey
|-damage|p2a: Chansey|75\/100
|
|turn|15
|choice||
|
|move|p2a: Chansey|Thunderbolt|p1a: Starmie
|-supereffective|p1a: Starmie
|-damage|p1a: Starmie|4\/100 par
|move|p1a: Starmie|Recover|p1a: Starmie
|-heal|p1a: Starmie|53\/100 par
|
|turn|16
|choice||
|
|switch|p1a: Exeggutor|Exeggutor|100\/100
|move|p2a: Chansey|Thunder Wave|p1a: Exeggutor
|-status|p1a: Exeggutor|par
|
|turn|17
|choice||
|
|move|p2a: Chansey|Ice Beam|p1a: Exeggutor
|-supereffective|p1a: Exeggutor
|-damage|p1a: Exeggutor|66\/100 par
|move|p1a: Exeggutor|Sleep Powder|p2a: Chansey
|-status|p2a: Chansey|slp
|
|turn|18
|choice||
|
|cant|p2a: Chansey|slp
|move|p1a: Exeggutor|Stun Spore|p2a: Chansey
|-fail|p2a: Chansey
|
|turn|19
|choice||
|
|switch|p2a: Articuno|Articuno|100\/100
|switch|p1a: Machamp|Machamp|100\/100
|
|turn|20
|choice||
|
|switch|p1a: Starmie|Starmie|53\/100 par
|move|p2a: Articuno|Substitute|p2a: Articuno
|-start|p2a: Articuno|Substitute
|-damage|p2a: Articuno|76\/100
|
|turn|21
|choice||
|
|move|p2a: Articuno|Agility|p2a: Articuno
|-boost|p2a: Articuno|spe|2
|cant|p1a: Starmie|par
|
|turn|22
|choice||
|
|move|p2a: Articuno|Agility|p2a: Articuno
|-boost|p2a: Articuno|spe|2
|move|p1a: Starmie|Recover|p1a: Starmie
|-heal|p1a: Starmie|100\/100 par
|
|turn|23
|choice||
|
|move|p2a: Articuno|Blizzard|p1a: Starmie
|-resisted|p1a: Starmie
|-damage|p1a: Starmie|75\/100 par
|move|p1a: Starmie|Thunderbolt|p2a: Articuno
|-supereffective|p2a: Articuno
|-end|p2a: Articuno|Substitute
|
|turn|24
|choice||
|
|move|p2a: Articuno|Blizzard|p1a: Starmie
|-resisted|p1a: Starmie
|-damage|p1a: Starmie|49\/100 par
|cant|p1a: Starmie|par
|
|turn|25
|choice||
|
|move|p2a: Articuno|Blizzard|p1a: Starmie
|-resisted|p1a: Starmie
|-damage|p1a: Starmie|23\/100 par
|cant|p1a: Starmie|par
|
|turn|26
|choice||
|
|move|p2a: Articuno|Blizzard|p1a: Starmie
|-resisted|p1a: Starmie
|-damage|p1a: Starmie|0 fnt
|faint|p1a: Starmie
|choice||
|
|switch|p1a: Chansey|Chansey|100\/100 par
|turn|27
|choice||
|
|move|p2a: Articuno|Substitute|p2a: Articuno
|-start|p2a: Articuno|Substitute
|-damage|p2a: Articuno|51\/100
|move|p1a: Chansey|Thunder Wave|p2a: Articuno
|-status|p2a: Articuno|par
|
|turn|28
|choice||
|
|move|p2a: Articuno|Agility|p2a: Articuno
|-boost|p2a: Articuno|spe|2
|move|p1a: Chansey|Thunderbolt|p2a: Articuno
|-supereffective|p2a: Articuno
|-end|p2a: Articuno|Substitute
|
|turn|29
|choice||
|
|cant|p2a: Articuno|par
|move|p1a: Chansey|Thunderbolt|p2a: Articuno
|-supereffective|p2a: Articuno
|-damage|p2a: Articuno|16\/100 par
|
|turn|30
|choice||
|
|cant|p2a: Articuno|par
|move|p1a: Chansey|Thunderbolt|p2a: Articuno
|-crit|p2a: Articuno
|-supereffective|p2a: Articuno
|-damage|p2a: Articuno|0 fnt
|faint|p2a: Articuno
|choice||
|
|switch|p2a: Exeggutor|Exeggutor|100\/100
|turn|31
|choice||
|
|switch|p1a: Exeggutor|Exeggutor|66\/100 par
|move|p2a: Exeggutor|Sleep Powder|p1a: Exeggutor|[miss]
|-miss|p2a: Exeggutor
|
|turn|32
|choice||
|
|move|p2a: Exeggutor|Substitute|p2a: Exeggutor
|-start|p2a: Exeggutor|Substitute
|-damage|p2a: Exeggutor|76\/100
|cant|p1a: Exeggutor|par
|
|turn|33
|choice||
|
|move|p2a: Exeggutor|Sleep Powder|p1a: Exeggutor
|-fail|p1a: Exeggutor
|move|p1a: Exeggutor|Stun Spore|p2a: Exeggutor
|-status|p2a: Exeggutor|par
|
|turn|34
|choice||
|
|move|p1a: Exeggutor|Psychic|p2a: Exeggutor
|-crit|p2a: Exeggutor
|-resisted|p2a: Exeggutor
|-activate|p2a: Exeggutor|Substitute|[damage]
|move|p2a: Exeggutor|Leech Seed|p1a: Exeggutor
|-immune|p1a: Exeggutor|[msg]
|
|turn|35
|choice||
|
|cant|p1a: Exeggutor|par
|cant|p2a: Exeggutor|par
|
|turn|36
|choice||
|
|move|p2a: Exeggutor|Psychic|p1a: Exeggutor
|-resisted|p1a: Exeggutor
|-damage|p1a: Exeggutor|54\/100 par
|cant|p1a: Exeggutor|par
|
|turn|37
|choice||
|
|move|p1a: Exeggutor|Psychic|p2a: Exeggutor
|-resisted|p2a: Exeggutor
|-end|p2a: Exeggutor|Substitute
|cant|p2a: Exeggutor|par
|
|turn|38
|choice||
|
|switch|p1a: Chansey|Chansey|100\/100 par
|move|p2a: Exeggutor|Psychic|p1a: Chansey
|-damage|p1a: Chansey|85\/100 par
|-unboost|p1a: Chansey|spd|1
|-unboost|p1a: Chansey|spa|1
|
|turn|39
|choice||
|
|move|p2a: Exeggutor|Substitute|p2a: Exeggutor
|-start|p2a: Exeggutor|Substitute
|-damage|p2a: Exeggutor|51\/100 par
|move|p1a: Chansey|Thunder Wave|p2a: Exeggutor
|-fail|p2a: Exeggutor|par
|
|turn|40
|choice||
|
|move|p2a: Exeggutor|Sleep Powder|p1a: Chansey
|-fail|p1a: Chansey
|move|p1a: Chansey|Ice Beam|p2a: Exeggutor
|-supereffective|p2a: Exeggutor
|-activate|p2a: Exeggutor|Substitute|[damage]
|
|turn|41
|choice||
|
|switch|p1a: Exeggutor|Exeggutor|54\/100 par
|move|p2a: Exeggutor|Leech Seed|p1a: Exeggutor
|-immune|p1a: Exeggutor|[msg]
|
|turn|42
|choice||
|
|move|p2a: Exeggutor|Psychic|p1a: Exeggutor
|-resisted|p1a: Exeggutor
|-damage|p1a: Exeggutor|42\/100 par
|-unboost|p1a: Exeggutor|spd|1
|-unboost|p1a: Exeggutor|spa|1
|move|p1a: Exeggutor|Psychic|p2a: Exeggutor
|-resisted|p2a: Exeggutor
|-end|p2a: Exeggutor|Substitute
|
|turn|43
|choice||
|
|switch|p1a: Chansey|Chansey|85\/100 par
|move|p2a: Exeggutor|Psychic|p1a: Chansey
|-damage|p1a: Chansey|68\/100 par
|
|turn|44
|choice||
|
|move|p2a: Exeggutor|Leech Seed|p1a: Chansey
|-start|p1a: Chansey|move: Leech Seed
|move|p1a: Chansey|Ice Beam|p2a: Exeggutor
|-supereffective|p2a: Exeggutor
|-damage|p2a: Exeggutor|19\/100 par
|-damage|p1a: Chansey|62\/100 par|[from] Leech Seed|[of] p2a: Exeggutor
|-heal|p2a: Exeggutor|30\/100 par|[silent]
|
|turn|45
|choice||
|
|move|p2a: Exeggutor|Psychic|p1a: Chansey
|-damage|p1a: Chansey|45\/100 par
|-unboost|p1a: Chansey|spd|1
|-unboost|p1a: Chansey|spa|1
|move|p1a: Chansey|Ice Beam|p2a: Exeggutor
|-crit|p2a: Exeggutor
|-supereffective|p2a: Exeggutor
|-damage|p2a: Exeggutor|0 fnt
|faint|p2a: Exeggutor
|choice||
|
|switch|p2a: Slowbro|Slowbro|100\/100
|turn|46
|choice||
|
|switch|p1a: Exeggutor|Exeggutor|42\/100 par
|move|p2a: Slowbro|Amnesia|p2a: Slowbro
|-boost|p2a: Slowbro|spd|2
|-boost|p2a: Slowbro|spa|2
|
|turn|47
|choice||
|
|move|p2a: Slowbro|Surf|p1a: Exeggutor
|-resisted|p1a: Exeggutor
|-damage|p1a: Exeggutor|22\/100 par
|cant|p1a: Exeggutor|par
|
|turn|48
|choice||
|
|move|p2a: Slowbro|Surf|p1a: Exeggutor
|-resisted|p1a: Exeggutor
|-damage|p1a: Exeggutor|3\/100 par
|cant|p1a: Exeggutor|par
|
|turn|49
|choice||
|
|switch|p1a: Chansey|Chansey|45\/100 par
|move|p2a: Slowbro|Surf|p1a: Chansey
|-crit|p1a: Chansey
|-damage|p1a: Chansey|18\/100 par
|
|turn|50
|choice||
|
|move|p2a: Slowbro|Surf|p1a: Chansey
|-damage|p1a: Chansey|0 fnt
|faint|p1a: Chansey
|choice||
|
|switch|p1a: Machamp|Machamp|100\/100
|turn|51
|choice||
|
|move|p1a: Machamp|Earthquake|p2a: Slowbro
|-damage|p2a: Slowbro|79\/100
|move|p2a: Slowbro|Amnesia|p2a: Slowbro
|-boost|p2a: Slowbro|spd|2
|-boost|p2a: Slowbro|spa|2
|
|turn|52
|choice||
|
|move|p1a: Machamp|Earthquake|p2a: Slowbro
|-damage|p2a: Slowbro|56\/100
|move|p2a: Slowbro|Surf|p1a: Machamp
|-damage|p1a: Machamp|5\/100
|
|turn|53
|choice||
|
|move|p1a: Machamp|Hyper Beam|p2a: Slowbro
|-damage|p2a: Slowbro|20\/100
|move|p2a: Slowbro|Surf|p1a: Machamp
|-damage|p1a: Machamp|0 fnt
|faint|p1a: Machamp
|choice||
|
|switch|p1a: Tauros|Tauros|100\/100
|turn|54
|choice||
|
|move|p1a: Tauros|Hyper Beam|p2a: Slowbro
|-damage|p2a: Slowbro|0 fnt
|faint|p2a: Slowbro
|choice||
|
|switch|p2a: Chansey|Chansey|75\/100 slp
|turn|55
|choice||
|
|move|p1a: Tauros|Body Slam|p2a: Chansey
|-damage|p2a: Chansey|39\/100 slp
|-curestatus|p2a: Chansey|slp
|
|turn|56
|choice||
|
|move|p1a: Tauros|Hyper Beam|p2a: Chansey
|-damage|p2a: Chansey|0 fnt
|faint|p2a: Chansey
|
|win|Toonami5
|player|p1
|player|p2
|l|Toonami5
|c|★SniperEros 1Gen|gg
|raw|Toonami5's rating: 1311 &rarr; <strong>1318<\/strong><br \/>(+7 for winning)
|raw|SniperEros 1Gen's rating: 1040 &rarr; <strong>1034<\/strong><br \/>(-6 for losing)