|j|smilzo
|j|marcoasd
|player|p1|smilzo|157
|player|p2|marcoasd|101
|gametype|singles
|gen|1
|tier|[Gen 1] OU
|seed|6048,8760,2704,62282
|rule|Sleep Clause Mod: Limit one foe put to sleep
|rule|Freeze Clause Mod: Limit one foe frozen
|rule|Species Clause: Limit one of each Pokémon
|rule|OHKO Clause: OHKO moves are banned
|rule|Evasion Moves Clause: Evasion moves are banned
|rule|HP Percentage Mod: HP is shown in percentages
|
|start
|switch|p1a: Alakazam|Alakazam, M|313\/313
|switch|p2a: Starmie|Starmie|323\/323
|turn|1
|choice|move 3|move 1
|
|move|p1a: Alakazam|Seismic Toss|p2a: Starmie
|-damage|p2a: Starmie|223\/323
|move|p2a: Starmie|Blizzard|p1a: Alakazam|[miss]
|-miss|p2a: Starmie
|
|turn|2
|choice|move 1|move 4
|
|move|p1a: Alakazam|Thunder Wave|p2a: Starmie
|-status|p2a: Starmie|par
|move|p2a: Starmie|Recover|p2a: Starmie
|-heal|p2a: Starmie|323\/323 par
|
|turn|3
|choice|move 2|move 3
|
|move|p1a: Alakazam|Psychic|p2a: Starmie
|-crit|p2a: Starmie
|-resisted|p2a: Starmie
|-damage|p2a: Starmie|194\/323 par
|cant|p2a: Starmie|par
|
|turn|4
|choice|move 2|move 4
|
|move|p1a: Alakazam|Psychic|p2a: Starmie
|-crit|p2a: Starmie
|-resisted|p2a: Starmie
|-damage|p2a: Starmie|74\/323 par
|move|p2a: Starmie|Recover|p2a: Starmie
|-heal|p2a: Starmie|235\/323 par
|
|turn|5
|choice|move 2|switch 2
|
|switch|p2a: Exeggutor|Exeggutor, M|393\/393
|move|p1a: Alakazam|Psychic|p2a: Exeggutor
|-resisted|p2a: Exeggutor
|-damage|p2a: Exeggutor|337\/393
|
|turn|6
|choice|move 1|move 1
|
|move|p1a: Alakazam|Thunder Wave|p2a: Exeggutor
|-status|p2a: Exeggutor|par
|move|p2a: Exeggutor|Sleep Powder|p1a: Alakazam
|-status|p1a: Alakazam|slp
|
|turn|7
|j|LeInf
|choice|switch 4|switch 6
|
|switch|p1a: Chansey|Chansey|703\/703
|switch|p2a: Snorlax|Snorlax, M|523\/523
|
|turn|8
|choice|move 2|move 2
|
|move|p1a: Chansey|Reflect|p1a: Chansey
|-start|p1a: Chansey|Reflect
|move|p2a: Snorlax|Earthquake|p1a: Chansey
|-damage|p1a: Chansey|582\/703
|
|turn|9
|choice|move 3|move 1
|
|move|p1a: Chansey|Seismic Toss|p2a: Snorlax
|-damage|p2a: Snorlax|423\/523
|move|p2a: Snorlax|Body Slam|p1a: Chansey
|-damage|p1a: Chansey|433\/703
|
|turn|10
|choice|move 1|move 1
|
|move|p1a: Chansey|Thunder Wave|p2a: Snorlax
|-status|p2a: Snorlax|par
|cant|p2a: Snorlax|par
|
|turn|11
|choice|move 4|move 1
|
|move|p1a: Chansey|Soft-Boiled|p1a: Chansey
|-heal|p1a: Chansey|703\/703
|move|p2a: Snorlax|Body Slam|p1a: Chansey
|-damage|p1a: Chansey|558\/703
|
|turn|12
|choice|move 3|move 1
|
|move|p1a: Chansey|Seismic Toss|p2a: Snorlax
|-damage|p2a: Snorlax|323\/523 par
|move|p2a: Snorlax|Body Slam|p1a: Chansey
|-damage|p1a: Chansey|409\/703
|
|turn|13
|choice|move 4|move 1
|
|move|p1a: Chansey|Soft-Boiled|p1a: Chansey
|-heal|p1a: Chansey|703\/703
|move|p2a: Snorlax|Body Slam|p1a: Chansey
|-damage|p1a: Chansey|553\/703
|
|turn|14
|choice|move 3|move 1
|
|move|p1a: Chansey|Seismic Toss|p2a: Snorlax
|-damage|p2a: Snorlax|223\/523 par
|move|p2a: Snorlax|Body Slam|p1a: Chansey
|-damage|p1a: Chansey|405\/703
|
|turn|15
|choice|move 4|move 4
|
|move|p1a: Chansey|Soft-Boiled|p1a: Chansey
|-heal|p1a: Chansey|703\/703
|move|p2a: Snorlax|Rest|p2a: Snorlax
|-status|p2a: Snorlax|slp
|-heal|p2a: Snorlax|523\/523 slp|[silent]
|-status|p2a: Snorlax|slp|[from] move: Rest
|
|turn|16
|j|Abstrix
|choice|switch 3|move 1
|
|switch|p1a: Exeggutor|Exeggutor, M|393\/393
|cant|p2a: Snorlax|slp
|
|turn|17
|choice|move 3|switch 2
|
|switch|p2a: Starmie|Starmie|235\/323 par
|move|p1a: Exeggutor|Psychic|p2a: Starmie
|-resisted|p2a: Starmie
|-damage|p2a: Starmie|171\/323 par
|
|turn|18
|choice|switch 3|move 4
|
|switch|p1a: Chansey|Chansey|703\/703
|move|p2a: Starmie|Recover|p2a: Starmie
|-heal|p2a: Starmie|323\/323 par
|
|turn|19
|choice|move 3|move 1
|
|move|p1a: Chansey|Seismic Toss|p2a: Starmie
|-damage|p2a: Starmie|223\/323 par
|move|p2a: Starmie|Blizzard|p1a: Chansey
|-damage|p1a: Chansey|609\/703
|-status|p1a: Chansey|frz
|
|turn|20
|c|★smilzo|ripp
|c|★marcoasd|rip
|c|★marcoasd|so much
|choice|switch 4|move 4
|
|switch|p1a: Alakazam|Alakazam, M|313\/313 slp
|move|p2a: Starmie|Recover|p2a: Starmie
|-heal|p2a: Starmie|323\/323 par
|
|turn|21
|choice|move 2|move 1
|
|-curestatus|p1a: Alakazam|slp
|move|p2a: Starmie|Blizzard|p1a: Alakazam
|-damage|p1a: Alakazam|241\/313
|
|turn|22
|choice|move 2|move 3
|
|move|p1a: Alakazam|Psychic|p2a: Starmie
|-resisted|p2a: Starmie
|-damage|p2a: Starmie|259\/323 par
|-unboost|p2a: Starmie|spd|1
|-unboost|p2a: Starmie|spa|1
|cant|p2a: Starmie|par
|
|turn|23
|choice|move 3|switch 3
|
|switch|p2a: Chansey|Chansey|703\/703
|move|p1a: Alakazam|Seismic Toss|p2a: Chansey
|-damage|p2a: Chansey|603\/703
|
|turn|24
|choice|move 1|move 1
|
|move|p1a: Alakazam|Thunder Wave|p2a: Chansey
|-status|p2a: Chansey|par
|cant|p2a: Chansey|par
|
|turn|25
|choice|move 2|move 1
|
|move|p1a: Alakazam|Psychic|p2a: Chansey
|-crit|p2a: Chansey
|-damage|p2a: Chansey|372\/703 par
|move|p2a: Chansey|Thunder Wave|p1a: Alakazam
|-status|p1a: Alakazam|par
|
|turn|26
|choice|move 2|move 4
|
|move|p1a: Alakazam|Psychic|p2a: Chansey
|-damage|p2a: Chansey|255\/703 par
|move|p2a: Chansey|Soft-Boiled|p2a: Chansey
|-heal|p2a: Chansey|606\/703 par
|
|turn|27
|choice|move 4|move 3
|
|cant|p1a: Alakazam|par
|move|p2a: Chansey|Seismic Toss|p1a: Alakazam
|-damage|p1a: Alakazam|141\/313 par
|
|turn|28
|choice|move 4|move 3
|
|move|p1a: Alakazam|Recover|p1a: Alakazam
|-heal|p1a: Alakazam|297\/313 par
|move|p2a: Chansey|Seismic Toss|p1a: Alakazam
|-damage|p1a: Alakazam|197\/313 par
|
|turn|29
|choice|move 2|move 2
|
|move|p1a: Alakazam|Psychic|p2a: Chansey
|-damage|p2a: Chansey|480\/703 par
|move|p2a: Chansey|Reflect|p2a: Chansey
|-start|p2a: Chansey|Reflect
|
|turn|30
|choice|move 2|move 4
|
|move|p1a: Alakazam|Psychic|p2a: Chansey
|-damage|p2a: Chansey|346\/703 par
|move|p2a: Chansey|Soft-Boiled|p2a: Chansey
|-heal|p2a: Chansey|697\/703 par
|
|turn|31
|choice|move 2|move 2
|
|cant|p1a: Alakazam|par
|move|p2a: Chansey|Reflect|p2a: Chansey
|-fail|p2a: Chansey
|
|turn|32
|c|★marcoasd|il misclick dell'anno
|choice|move 4|move 3
|
|move|p1a: Alakazam|Recover|p1a: Alakazam
|-heal|p1a: Alakazam|313\/313 par
|move|p2a: Chansey|Seismic Toss|p1a: Alakazam
|-damage|p1a: Alakazam|213\/313 par
|
|turn|33
|choice|move 2|move 3
|
|move|p1a: Alakazam|Psychic|p2a: Chansey
|-damage|p2a: Chansey|578\/703 par
|-unboost|p2a: Chansey|spd|1
|-unboost|p2a: Chansey|spa|1
|cant|p2a: Chansey|par
|
|turn|34
|choice|move 2|move 3
|
|move|p1a: Alakazam|Psychic|p2a: Chansey
|-damage|p2a: Chansey|396\/703 par
|move|p2a: Chansey|Seismic Toss|p1a: Alakazam
|-damage|p1a: Alakazam|113\/313 par
|
|turn|35
|choice|move 4|move 4
|
|cant|p1a: Alakazam|par
|move|p2a: Chansey|Soft-Boiled|p2a: Chansey
|-heal|p2a: Chansey|703\/703 par
|
|turn|36
|choice|move 4|move 3
|
|move|p1a: Alakazam|Recover|p1a: Alakazam
|-heal|p1a: Alakazam|269\/313 par
|move|p2a: Chansey|Seismic Toss|p1a: Alakazam
|-damage|p1a: Alakazam|169\/313 par
|
|turn|37
|choice|move 2|move 3
|
|cant|p1a: Alakazam|par
|move|p2a: Chansey|Seismic Toss|p1a: Alakazam
|-damage|p1a: Alakazam|69\/313 par
|
|turn|38
|choice|move 4|switch 2
|
|switch|p2a: Snorlax|Snorlax, M|523\/523 slp
|move|p1a: Alakazam|Recover|p1a: Alakazam
|-heal|p1a: Alakazam|225\/313 par
|
|turn|39
|choice|switch 5|move 1
|
|switch|p1a: Snorlax|Snorlax, M|523\/523
|-curestatus|p2a: Snorlax|slp
|
|turn|40
|choice|move 2|move 3
|
|move|p1a: Snorlax|Amnesia|p1a: Snorlax
|-boost|p1a: Snorlax|spd|2
|-boost|p1a: Snorlax|spa|2
|move|p2a: Snorlax|Reflect|p2a: Snorlax
|-start|p2a: Snorlax|Reflect
|
|turn|41
|choice|move 3|move 1
|
|move|p2a: Snorlax|Body Slam|p1a: Snorlax
|-damage|p1a: Snorlax|383\/523
|move|p1a: Snorlax|Blizzard|p2a: Snorlax
|-damage|p2a: Snorlax|338\/523
|
|turn|42
|c|★marcoasd|cattivissimo
|choice|move 1|move 1
|
|move|p1a: Snorlax|Body Slam|p2a: Snorlax
|-damage|p2a: Snorlax|270\/523
|move|p2a: Snorlax|Body Slam|p1a: Snorlax
|-damage|p1a: Snorlax|235\/523
|
|turn|43
|choice|move 3|move 1
|
|move|p2a: Snorlax|Body Slam|p1a: Snorlax
|-damage|p1a: Snorlax|87\/523
|move|p1a: Snorlax|Blizzard|p2a: Snorlax
|-damage|p2a: Snorlax|90\/523
|-status|p2a: Snorlax|frz
|
|turn|44
|c|★smilzo|uh
|choice|move 1|switch 5
|
|switch|p2a: Kingler|Kingler, M|313\/313
|move|p1a: Snorlax|Body Slam|p2a: Kingler
|-damage|p2a: Kingler|212\/313
|-status|p2a: Kingler|par
|
|turn|45
|choice|switch 4|move 2
|
|switch|p1a: Chansey|Chansey|609\/703 frz
|cant|p2a: Kingler|par
|
|turn|46
|choice|move 3|move 2
|
|cant|p1a: Chansey|frz
|move|p2a: Kingler|Swords Dance|p2a: Kingler
|-boost|p2a: Kingler|atk|2
|
|turn|47
|choice|move 2|move 3
|
|cant|p1a: Chansey|frz
|move|p2a: Kingler|Body Slam|p1a: Chansey
|-crit|p1a: Chansey
|-damage|p1a: Chansey|179\/703 frz
|
|turn|48
|choice|move 1|move 2
|
|cant|p1a: Chansey|frz
|move|p2a: Kingler|Swords Dance|p2a: Kingler
|-boost|p2a: Kingler|atk|2
|
|turn|49
|choice|move 1|move 3
|
|cant|p1a: Chansey|frz
|cant|p2a: Kingler|par
|
|turn|50
|choice|move 1|move 3
|
|cant|p1a: Chansey|frz
|move|p2a: Kingler|Body Slam|p1a: Chansey
|-damage|p1a: Chansey|0 fnt
|faint|p1a: Chansey
|choice|switch 5|
|
|switch|p1a: Alakazam|Alakazam, M|225\/313 par
|turn|51
|choice|move 2|move 3
|
|move|p1a: Alakazam|Psychic|p2a: Kingler
|-damage|p2a: Kingler|26\/313 par
|move|p2a: Kingler|Body Slam|p1a: Alakazam
|-damage|p1a: Alakazam|0 fnt
|faint|p1a: Alakazam
|choice|switch 4|
|
|switch|p1a: Snorlax|Snorlax, M|87\/523
|turn|52
|choice|move 1|move 4
|
|move|p1a: Snorlax|Body Slam|p2a: Kingler
|-damage|p2a: Kingler|0 fnt
|faint|p2a: Kingler
|choice||switch 4
|
|switch|p2a: Golem|Golem, M|363\/363
|turn|53
|c|★smilzo|dovevo mandare il toro probabilmente
|c|★marcoasd|sì dubbi sul sac di zam
|c|★smilzo|zam non uccideva
|c|★smilzo|senza max roll
|c|★smilzo|o crit
|choice|switch 3|switch 6
|
|switch|p2a: Exeggutor|Exeggutor, M|337\/393 par
|switch|p1a: Exeggutor|Exeggutor, M|393\/393
|
|turn|54
|c|★smilzo|hmm
|c|★marcoasd|manda zapdos
|c|★smilzo|non c'è zapdos
|c|★marcoasd|peccato
|c|★smilzo|mi faccio sleepare snorlax n_n
|c|★marcoasd|èh e manda
|choice|move 4|move 1
|
|move|p1a: Exeggutor|Explosion|p2a: Exeggutor
|-damage|p2a: Exeggutor|58\/393 par
|faint|p1a: Exeggutor
|c|★marcoasd|io tiro sleep
|c|★marcoasd|vabbè
|c|★marcoasd|contento te
|choice|switch 6|
|
|switch|p1a: Tauros|Tauros|353\/353
|turn|55
|choice|move 1|switch 5
|
|switch|p2a: Snorlax|Snorlax, M|90\/523 frz
|move|p1a: Tauros|Body Slam|p2a: Snorlax
|-damage|p2a: Snorlax|0 fnt
|faint|p2a: Snorlax
|j|cybre
|choice||switch 3
|
|switch|p2a: Starmie|Starmie|259\/323 par
|turn|56
|choice|move 1|move 3
|
|move|p1a: Tauros|Body Slam|p2a: Starmie
|-damage|p2a: Starmie|154\/323 par
|cant|p2a: Starmie|par
|
|turn|57
|c|★marcoasd|aiaiaiai
|choice|move 2|switch 5
|
|switch|p2a: Exeggutor|Exeggutor, M|58\/393 par
|move|p1a: Tauros|Earthquake|p2a: Exeggutor
|-resisted|p2a: Exeggutor
|-damage|p2a: Exeggutor|16\/393 par
|
|turn|58
|choice|move 1|move 4
|
|move|p1a: Tauros|Body Slam|p2a: Exeggutor
|-damage|p2a: Exeggutor|0 fnt
|faint|p2a: Exeggutor
|c| cybre|wew
|choice||switch 2
|
|switch|p2a: Chansey|Chansey|703\/703 par
|turn|59
|j|Zargon
|c| Zargon|kingler
|choice|move 1|move 1
|
|move|p1a: Tauros|Body Slam|p2a: Chansey
|-damage|p2a: Chansey|439\/703 par
|move|p2a: Chansey|Thunder Wave|p1a: Tauros
|-status|p1a: Tauros|par
|
|turn|60
|choice|move 1|switch 6
|
|switch|p2a: Golem|Golem, M|363\/363
|move|p1a: Tauros|Body Slam|p2a: Golem
|-resisted|p2a: Golem
|-damage|p2a: Golem|320\/363
|-status|p2a: Golem|par
|
|turn|61
|c| cybre|brutta
|choice|move 4|move 4
|
|cant|p1a: Tauros|par
|move|p2a: Golem|Explosion|p1a: Tauros
|-damage|p1a: Tauros|42\/353 par
|faint|p2a: Golem
|choice||switch 5
|
|switch|p2a: Starmie|Starmie|154\/323 par
|turn|62
|choice|move 3|move 4
|
|cant|p2a: Starmie|par
|move|p1a: Tauros|Hyper Beam|p2a: Starmie
|-crit|p2a: Starmie
|-damage|p2a: Starmie|0 fnt
|faint|p2a: Starmie
|c|★smilzo|aiai
|c|★marcoasd|dio can
|c|★marcoasd|gg
|choice||switch 6
|
|switch|p2a: Chansey|Chansey|439\/703 par
|turn|63
|c|★smilzo|gg
|l|cybre
|c|★smilzo|l'ultimo era slowbro comunque
|choice|move 3|move 2
|
|cant|p1a: Tauros|par
|move|p2a: Chansey|Reflect|p2a: Chansey
|-start|p2a: Chansey|Reflect
|
|turn|64
|choice|move 1|move 4
|
|move|p1a: Tauros|Body Slam|p2a: Chansey
|-damage|p2a: Chansey|311\/703 par
|move|p2a: Chansey|Soft-Boiled|p2a: Chansey
|-heal|p2a: Chansey|662\/703 par
|
|turn|65
|choice|move 3|move 3
|
|move|p1a: Tauros|Hyper Beam|p2a: Chansey
|-damage|p2a: Chansey|411\/703 par
|cant|p2a: Chansey|par
|
|turn|66
|-mustrecharge|p1a: Tauros
|-mustrecharge|p1a: Tauros
|choice|move 1|move 3
|
|cant|p1a: Tauros|recharge
|move|p2a: Chansey|Seismic Toss|p1a: Tauros
|-damage|p1a: Tauros|0 fnt
|faint|p1a: Tauros
|choice|switch 3|
|
|switch|p1a: Snorlax|Snorlax, M|87\/523
|turn|67
|choice|move 4|move 4
|
|move|p1a: Snorlax|Self-Destruct|p2a: Chansey
|-damage|p2a: Chansey|0 fnt
|faint|p2a: Chansey
|faint|p1a: Snorlax
|
|win|smilzo
|player|p1
|player|p2
|c|★marcoasd|asd
|l|Zargon