|join|Feena
|join|J Locke93
|player|p1|Feena|170
|player|p2|J Locke93|15
|gametype|singles
|gen|1
|tier|[Gen 1] Random Battle
|rated
|rule|Sleep Clause Mod: Limit one foe put to sleep
|rule|Freeze Clause Mod: Limit one foe frozen
|rule|HP Percentage Mod: HP is shown in percentages
|
|start
|switch|p1a: Scyther|Scyther, L86|296\/296
|switch|p2a: Vaporeon|Vaporeon, L86|399\/399
|turn|1
|
|switch|p1a: Slowpoke|Slowpoke, L95|364\/364
|move|p2a: Vaporeon|Blizzard|p1a: Slowpoke
|-resisted|p1a: Slowpoke
|-damage|p1a: Slowpoke|304\/364
|
|turn|2
|
|switch|p2a: Clefable|Clefable, L86|339\/339
|move|p1a: Slowpoke|Thunder Wave|p2a: Clefable
|-status|p2a: Clefable|par
|
|turn|3
|
|switch|p1a: Scyther|Scyther, L86|296\/296
|move|p2a: Clefable|Thunderbolt|p1a: Scyther
|-supereffective|p1a: Scyther
|-damage|p1a: Scyther|128\/296
|
|turn|4
|
|move|p1a: Scyther|Slash|p2a: Clefable
|-crit|p2a: Clefable
|-damage|p2a: Clefable|213\/339 par
|move|p2a: Clefable|Thunderbolt|p1a: Scyther
|-supereffective|p1a: Scyther
|-damage|p1a: Scyther|0 fnt
|faint|p1a: Scyther
|
|switch|p1a: Persian|Persian, L80|268\/268
|turn|5
|
|move|p1a: Persian|Slash|p2a: Clefable
|-crit|p2a: Clefable
|-damage|p2a: Clefable|86\/339 par
|cant|p2a: Clefable|par
|
|turn|6
|
|move|p1a: Persian|Slash|p2a: Clefable
|-crit|p2a: Clefable
|-damage|p2a: Clefable|0 fnt
|faint|p2a: Clefable
|
|switch|p2a: Vaporeon|Vaporeon, L86|399\/399
|turn|7
|
|move|p1a: Persian|Thunderbolt|p2a: Vaporeon
|-supereffective|p2a: Vaporeon
|-damage|p2a: Vaporeon|318\/399
|move|p2a: Vaporeon|Surf|p1a: Persian
|-damage|p1a: Persian|128\/268
|
|turn|8
|
|move|p1a: Persian|Slash|p2a: Vaporeon
|-crit|p2a: Vaporeon
|-damage|p2a: Vaporeon|193\/399
|move|p2a: Vaporeon|Surf|p1a: Persian
|-damage|p1a: Persian|0 fnt
|faint|p1a: Persian
|
|switch|p1a: Haunter|Haunter, L86|253\/253
|turn|9
|
|move|p1a: Haunter|Hypnosis|p2a: Vaporeon
|-status|p2a: Vaporeon|slp
|cant|p2a: Vaporeon|slp
|-curestatus|p2a: Vaporeon|slp
|
|turn|10
|
|move|p1a: Haunter|Hypnosis|p2a: Vaporeon
|-status|p2a: Vaporeon|slp
|cant|p2a: Vaporeon|slp
|
|turn|11
|
|switch|p2a: Mewtwo|Mewtwo, L71|297\/297
|move|p1a: Haunter|Psychic|p2a: Mewtwo
|-resisted|p2a: Mewtwo
|-damage|p2a: Mewtwo|269\/297
|-unboost|p2a: Mewtwo|spd|1
|-unboost|p2a: Mewtwo|spa|1
|
|turn|12
|
|move|p2a: Mewtwo|Psychic|p1a: Haunter
|-supereffective|p1a: Haunter
|-damage|p1a: Haunter|145\/253
|-unboost|p1a: Haunter|spd|1
|-unboost|p1a: Haunter|spa|1
|move|p1a: Haunter|Confuse Ray|p2a: Mewtwo
|-start|p2a: Mewtwo|confusion
|
|turn|13
|
|switch|p1a: Slowpoke|Slowpoke, L95|304\/364
|-activate|p2a: Mewtwo|confusion
|-damage|p2a: Mewtwo|240\/297|[from] confusion
|
|turn|14
|
|-activate|p2a: Mewtwo|confusion
|move|p2a: Mewtwo|Thunderbolt|p1a: Slowpoke
|-supereffective|p1a: Slowpoke
|-damage|p1a: Slowpoke|178\/364
|move|p1a: Slowpoke|Thunder Wave|p2a: Mewtwo
|-status|p2a: Mewtwo|par
|
|turn|15
|
|move|p1a: Slowpoke|Amnesia|p1a: Slowpoke
|-boost|p1a: Slowpoke|spd|2
|-boost|p1a: Slowpoke|spa|2
|-activate|p2a: Mewtwo|confusion
|move|p2a: Mewtwo|Thunderbolt|p1a: Slowpoke
|-supereffective|p1a: Slowpoke
|-damage|p1a: Slowpoke|117\/364
|
|turn|16
|
|move|p1a: Slowpoke|Amnesia|p1a: Slowpoke
|-boost|p1a: Slowpoke|spd|2
|-boost|p1a: Slowpoke|spa|2
|-activate|p2a: Mewtwo|confusion
|-damage|p2a: Mewtwo|211\/297 par|[from] confusion
|
|turn|17
|
|move|p1a: Slowpoke|Surf|p2a: Mewtwo
|-damage|p2a: Mewtwo|0 fnt
|faint|p2a: Mewtwo
|
|switch|p2a: Dewgong|Dewgong, L86|330\/330
|turn|18
|
|move|p2a: Dewgong|Body Slam|p1a: Slowpoke
|-damage|p1a: Slowpoke|61\/364
|move|p1a: Slowpoke|Thunder Wave|p2a: Dewgong
|-status|p2a: Dewgong|par
|
|turn|19
|
|move|p1a: Slowpoke|Rest|p1a: Slowpoke
|-status|p1a: Slowpoke|slp
|-heal|p1a: Slowpoke|364\/364 slp|[silent]
|-status|p1a: Slowpoke|slp|[from] move: Rest
|move|p2a: Dewgong|Body Slam|p1a: Slowpoke
|-damage|p1a: Slowpoke|309\/364 slp
|
|turn|20
|
|cant|p1a: Slowpoke|slp
|move|p2a: Dewgong|Body Slam|p1a: Slowpoke
|-damage|p1a: Slowpoke|256\/364 slp
|
|turn|21
|
|cant|p1a: Slowpoke|slp
|-curestatus|p1a: Slowpoke|slp
|cant|p2a: Dewgong|par
|
|turn|22
|
|move|p1a: Slowpoke|Surf|p2a: Dewgong
|-resisted|p2a: Dewgong
|-damage|p2a: Dewgong|218\/330 par
|move|p2a: Dewgong|Body Slam|p1a: Slowpoke
|-damage|p1a: Slowpoke|202\/364
|
|turn|23
|
|move|p1a: Slowpoke|Surf|p2a: Dewgong
|-resisted|p2a: Dewgong
|-damage|p2a: Dewgong|101\/330 par
|move|p2a: Dewgong|Blizzard|p1a: Slowpoke
|-resisted|p1a: Slowpoke
|-damage|p1a: Slowpoke|174\/364
|
|turn|24
|
|move|p1a: Slowpoke|Surf|p2a: Dewgong
|-resisted|p2a: Dewgong
|-damage|p2a: Dewgong|1\/330 par
|move|p2a: Dewgong|Body Slam|p1a: Slowpoke
|-crit|p1a: Slowpoke
|-damage|p1a: Slowpoke|64\/364
|
|turn|25
|
|move|p1a: Slowpoke|Rest|p1a: Slowpoke
|-status|p1a: Slowpoke|slp
|-heal|p1a: Slowpoke|364\/364 slp|[silent]
|-status|p1a: Slowpoke|slp|[from] move: Rest
|cant|p2a: Dewgong|par
|
|turn|26
|
|cant|p1a: Slowpoke|slp
|cant|p2a: Dewgong|par
|
|turn|27
|
|cant|p1a: Slowpoke|slp
|-curestatus|p1a: Slowpoke|slp
|move|p2a: Dewgong|Mimic|p1a: Slowpoke
|-start|p2a: Dewgong|Mimic|Amnesia
|
|turn|28
|
|move|p1a: Slowpoke|Amnesia|p1a: Slowpoke
|-boost|p1a: Slowpoke|spd|2
|-boost|p1a: Slowpoke|spa|2
|move|p2a: Dewgong|Body Slam|p1a: Slowpoke
|-damage|p1a: Slowpoke|310\/364
|
|turn|29
|
|move|p1a: Slowpoke|Surf|p2a: Dewgong
|-resisted|p2a: Dewgong
|-damage|p2a: Dewgong|0 fnt
|faint|p2a: Dewgong
|
|switch|p2a: Articuno|Articuno, L86|330\/330
|turn|30
|
|move|p2a: Articuno|Blizzard|p1a: Slowpoke
|-resisted|p1a: Slowpoke
|-damage|p1a: Slowpoke|286\/364
|move|p1a: Slowpoke|Thunder Wave|p2a: Articuno
|-status|p2a: Articuno|par
|
|turn|31
|
|move|p1a: Slowpoke|Surf|p2a: Articuno
|-damage|p2a: Articuno|93\/330 par
|move|p2a: Articuno|Blizzard|p1a: Slowpoke
|-resisted|p1a: Slowpoke
|-damage|p1a: Slowpoke|260\/364
|
|turn|32
|
|move|p1a: Slowpoke|Surf|p2a: Articuno
|-damage|p2a: Articuno|0 fnt
|faint|p2a: Articuno
|
|switch|p2a: Vaporeon|Vaporeon, L86|193\/399 slp
|turn|33
|
|cant|p2a: Vaporeon|slp
|move|p1a: Slowpoke|Surf|p2a: Vaporeon
|-resisted|p2a: Vaporeon
|-damage|p2a: Vaporeon|53\/399 slp
|
|turn|34
|
|cant|p2a: Vaporeon|slp
|move|p1a: Slowpoke|Surf|p2a: Vaporeon
|-resisted|p2a: Vaporeon
|-damage|p2a: Vaporeon|0 fnt
|faint|p2a: Vaporeon
|
|switch|p2a: Moltres|Moltres, L86|330\/330
|turn|35
|
|move|p2a: Moltres|Sky Attack|p1a: Slowpoke|[still]
|-prepare|p2a: Moltres|Sky Attack|p1a: Slowpoke
|move|p1a: Slowpoke|Surf|p2a: Moltres
|-supereffective|p2a: Moltres
|-damage|p2a: Moltres|0 fnt
|faint|p2a: Moltres
|
|win|Feena
|raw|Ladder updating...
|raw|Feena's rating: 1202 &rarr; <strong>1232<\/strong><br \/>(+30 for winning)
|raw|J Locke93's rating: 1281 &rarr; <strong>1250<\/strong><br \/>(-31 for losing)
|leave|J Locke93