|j|Berg517
|j|Lachy the Noob
|player|p1|Berg517|1
|player|p2|Lachy the Noob|153
|gametype|singles
|gen|1
|tier|[Gen 1] OU
|rated
|seed|47642,8366,53751,51999
|rule|Sleep Clause Mod: Limit one foe put to sleep
|rule|Freeze Clause Mod: Limit one foe frozen
|rule|Species Clause: Limit one of each Pokémon
|rule|OHKO Clause: OHKO moves are banned
|rule|Evasion Moves Clause: Evasion moves are banned
|rule|HP Percentage Mod: HP is shown in percentages
|
|start
|switch|p1a: Dragonite|Dragonite|385\/385
|switch|p2a: Jolteon|Jolteon|333\/333
|turn|1
|c|★Lachy the Noob|glhf
|choice|move 3|move 2
|
|move|p2a: Jolteon|Thunder Wave|p1a: Dragonite
|-status|p1a: Dragonite|par
|move|p1a: Dragonite|Thunder Wave|p2a: Jolteon
|-status|p2a: Jolteon|par
|
|turn|2
|j|Nazo619
|c|★Lachy the Noob|aw kek
|choice|move 1|move 1
|
|move|p2a: Jolteon|Thunderbolt|p1a: Dragonite
|-damage|p1a: Dragonite|271\/385 par
|move|p1a: Dragonite|Body Slam|p2a: Jolteon
|-damage|p2a: Jolteon|223\/333 par
|
|turn|3
|choice|move 1|move 1
|
|move|p2a: Jolteon|Thunderbolt|p1a: Dragonite
|-damage|p1a: Dragonite|150\/385 par
|move|p1a: Dragonite|Body Slam|p2a: Jolteon
|-crit|p2a: Jolteon
|-damage|p2a: Jolteon|16\/333 par
|
|turn|4
|choice|switch 5|move 1
|
|switch|p1a: Golem|Golem|363\/363
|move|p2a: Jolteon|Thunderbolt|p1a: Golem
|-immune|p1a: Golem|[msg]
|
|turn|5
|choice|move 4|move 4
|
|move|p1a: Golem|Body Slam|p2a: Jolteon
|-damage|p2a: Jolteon|0 fnt
|faint|p2a: Jolteon
|choice||switch 5
|
|switch|p2a: Snorlax|Snorlax|523\/523
|turn|6
|choice|switch 6|move 2
|
|switch|p1a: Voltorb|Voltorb|283\/283
|move|p2a: Snorlax|Earthquake|p1a: Voltorb
|-supereffective|p1a: Voltorb
|-damage|p1a: Voltorb|16\/283
|
|turn|7
|choice|switch 3|move 1
|
|switch|p1a: Charizard|Charizard|359\/359
|move|p2a: Snorlax|Body Slam|p1a: Charizard
|-damage|p1a: Charizard|242\/359
|-status|p1a: Charizard|par
|
|turn|8
|choice|move 3|switch 2
|
|switch|p2a: Blastoise|Blastoise|361\/361
|cant|p1a: Charizard|par
|
|turn|9
|choice|switch 4|move 1
|
|switch|p1a: Cloyster|Cloyster|303\/303
|move|p2a: Blastoise|Surf|p1a: Cloyster
|-resisted|p1a: Cloyster
|-damage|p1a: Cloyster|248\/303
|
|turn|10
|choice|move 3|switch 2
|
|switch|p2a: Snorlax|Snorlax|523\/523
|move|p1a: Cloyster|Double-Edge|p2a: Snorlax
|-damage|p2a: Snorlax|427\/523
|-damage|p1a: Cloyster|224\/303|[from] recoil|[of] p2a: Snorlax
|
|turn|11
|choice|move 2|move 1
|
|move|p1a: Cloyster|Ice Beam|p2a: Snorlax
|-crit|p2a: Snorlax
|-damage|p2a: Snorlax|180\/523
|move|p2a: Snorlax|Body Slam|p1a: Cloyster
|-damage|p1a: Cloyster|153\/303
|
|turn|12
|choice|move 2|move 3
|
|move|p1a: Cloyster|Ice Beam|p2a: Snorlax
|-damage|p2a: Snorlax|47\/523
|move|p2a: Snorlax|Hyper Beam|p1a: Cloyster
|-damage|p1a: Cloyster|31\/303
|
|turn|13
|-mustrecharge|p2a: Snorlax
|-mustrecharge|p2a: Snorlax
|choice|move 2|move 1
|
|move|p1a: Cloyster|Ice Beam|p2a: Snorlax
|-damage|p2a: Snorlax|0 fnt
|faint|p2a: Snorlax
|choice||switch 6
|
|switch|p2a: Dragonite|Dragonite|385\/385
|turn|14
|choice|switch 2|move 1
|
|switch|p1a: Nidoking|Nidoking|365\/365
|move|p2a: Dragonite|Wrap|p1a: Nidoking
|-crit|p1a: Nidoking
|-damage|p1a: Nidoking|329\/365
|-activate|p1a: Nidoking|move: Wrap|[of] p2a: Dragonite
|
|turn|15
|choice|move 4|move 1
|
|cant|p1a: Nidoking|partiallytrapped
|move|p2a: Dragonite|Wrap|p1a: Nidoking
|-damage|p1a: Nidoking|293\/365
|
|-end|p1a: Nidoking|Wrap|[partiallytrapped]
|turn|16
|choice|move 4|switch 2
|
|switch|p2a: Blastoise|Blastoise|361\/361
|move|p1a: Nidoking|Thunder|p2a: Blastoise|[miss]
|-miss|p1a: Nidoking
|
|turn|17
|choice|move 4|move 1
|
|move|p1a: Nidoking|Thunder|p2a: Blastoise
|-supereffective|p2a: Blastoise
|-damage|p2a: Blastoise|193\/361
|move|p2a: Blastoise|Surf|p1a: Nidoking
|-crit|p1a: Nidoking
|-supereffective|p1a: Nidoking
|-damage|p1a: Nidoking|0 fnt
|faint|p1a: Nidoking
|choice|switch 3|
|
|switch|p1a: Voltorb|Voltorb|16\/283
|turn|18
|choice|move 1|switch 3
|
|switch|p2a: Exeggutor|Exeggutor|393\/393
|move|p1a: Voltorb|Explosion|p2a: Exeggutor
|-crit|p2a: Exeggutor
|-damage|p2a: Exeggutor|85\/393
|faint|p1a: Voltorb
|choice|switch 4|
|
|switch|p1a: Charizard|Charizard|242\/359 par
|turn|19
|choice|move 1|move 4
|
|move|p2a: Exeggutor|Explosion|p1a: Charizard
|-damage|p1a: Charizard|0 fnt
|faint|p1a: Charizard
|faint|p2a: Exeggutor
|c|★Lachy the Noob|allahu akbar
|c|★Berg517|timely joke
|choice|switch 5|switch 3
|
|switch|p2a: Blastoise|Blastoise|193\/361
|switch|p1a: Dragonite|Dragonite|150\/385 par
|turn|20
|choice|move 3|move 2
|
|move|p2a: Blastoise|Blizzard|p1a: Dragonite
|-supereffective|p1a: Dragonite
|-damage|p1a: Dragonite|0 fnt
|faint|p1a: Dragonite
|choice|switch 2|
|
|switch|p1a: Cloyster|Cloyster|31\/303
|turn|21
|choice|move 1|move 4
|
|move|p2a: Blastoise|Earthquake|p1a: Cloyster
|-damage|p1a: Cloyster|0 fnt
|faint|p1a: Cloyster
|choice|switch 6|
|
|switch|p1a: Golem|Golem|363\/363
|turn|22
|c|★Lachy the Noob|gg
|choice|move 3|move 1
|
|move|p2a: Blastoise|Surf|p1a: Golem
|-supereffective|p1a: Golem
|-damage|p1a: Golem|0 fnt
|faint|p1a: Golem
|
|win|Lachy the Noob
|raw|Berg517's rating: 1000 &rarr; <strong>1000<\/strong><br \/>(+0 for losing)
|raw|Lachy the Noob's rating: 1000 &rarr; <strong>1040<\/strong><br \/>(+40 for winning)
|l|Berg517
|player|p1