|join|MALESANI
|join|Loroand
|player|p1|MALESANI|238
|player|p2|Loroand|102
|gametype|singles
|gen|1
|tier|[Gen 1] Random Battle
|rated
|seed|33457,46335,41862,6495
|rule|Sleep Clause Mod: Limit one foe put to sleep
|rule|Freeze Clause Mod: Limit one foe frozen
|rule|HP Percentage Mod: HP is shown in percentages
|
|start
|switch|p1a: Charmander|Charmander, L96|270\/270
|switch|p2a: Shellder|Shellder, L96|252\/252
|turn|1
|choice|move 2|move 2
|
|move|p1a: Charmander|Fire Blast|p2a: Shellder
|-resisted|p2a: Shellder
|-damage|p2a: Shellder|181\/252
|-status|p2a: Shellder|brn
|move|p2a: Shellder|Supersonic|p1a: Charmander|[miss]
|-miss|p2a: Shellder
|-damage|p2a: Shellder|166\/252 brn|[from] brn|[of] p1a: Charmander
|
|turn|2
|choice|switch 6|move 2
|
|switch|p1a: Alakazam|Alakazam, L79|249\/249
|move|p2a: Shellder|Supersonic|p1a: Alakazam
|-start|p1a: Alakazam|confusion
|-damage|p2a: Shellder|151\/252 brn|[from] brn|[of] p1a: Alakazam
|
|turn|3
|choice|switch 6|move 4
|
|switch|p1a: Charmander|Charmander, L96|270\/270
|move|p2a: Shellder|Explosion|p1a: Charmander
|-damage|p1a: Charmander|111\/270
|faint|p2a: Shellder
|choice||switch 2
|
|switch|p2a: Geodude|Geodude, L96|272\/272
|turn|4
|choice|move 2|move 2
|
|move|p1a: Charmander|Fire Blast|p2a: Geodude
|-crit|p2a: Geodude
|-resisted|p2a: Geodude
|-damage|p2a: Geodude|100\/272
|move|p2a: Geodude|Rock Slide|p1a: Charmander
|-supereffective|p1a: Charmander
|-damage|p1a: Charmander|0 fnt
|faint|p1a: Charmander
|choice|switch 6|
|
|switch|p1a: Alakazam|Alakazam, L79|249\/249
|turn|5
|choice|move 1|move 1
|
|move|p1a: Alakazam|Psychic|p2a: Geodude
|-crit|p2a: Geodude
|-damage|p2a: Geodude|0 fnt
|faint|p2a: Geodude
|choice||switch 5
|
|switch|p2a: Alakazam|Alakazam, L79|249\/249
|turn|6
|choice|switch 4|move 2
|
|switch|p1a: Sandslash|Sandslash, L85|301\/301
|move|p2a: Alakazam|Thunder Wave|p1a: Sandslash
|-immune|p1a: Sandslash|[msg]
|
|turn|7
|choice|move 1|switch 6
|
|switch|p2a: Exeggutor|Exeggutor, L79|312\/312
|move|p1a: Sandslash|Earthquake|p2a: Exeggutor
|-resisted|p2a: Exeggutor
|-damage|p2a: Exeggutor|252\/312
|
|turn|8
|choice|switch 3|move 4
|
|switch|p1a: Wartortle|Wartortle, L85|274\/274
|move|p2a: Exeggutor|Mega Drain|p1a: Wartortle
|-supereffective|p1a: Wartortle
|-damage|p1a: Wartortle|162\/274
|-heal|p2a: Exeggutor|308\/312|[from] drain|[of] p1a: Wartortle
|
|turn|9
|choice|move 4|move 4
|
|move|p1a: Wartortle|Blizzard|p2a: Exeggutor|[miss]
|-miss|p1a: Wartortle
|move|p2a: Exeggutor|Mega Drain|p1a: Wartortle
|-supereffective|p1a: Wartortle
|-damage|p1a: Wartortle|50\/274
|-heal|p2a: Exeggutor|312\/312|[from] drain|[of] p1a: Wartortle
|
|turn|10
|choice|move 4|move 4
|
|move|p1a: Wartortle|Blizzard|p2a: Exeggutor
|-supereffective|p2a: Exeggutor
|-damage|p2a: Exeggutor|204\/312
|move|p2a: Exeggutor|Mega Drain|p1a: Wartortle
|-supereffective|p1a: Wartortle
|-damage|p1a: Wartortle|0 fnt
|-heal|p2a: Exeggutor|229\/312|[from] drain|[of] p1a: Wartortle
|faint|p1a: Wartortle
|choice|switch 5|
|
|switch|p1a: Golbat|Golbat, L90|318\/318
|turn|11
|choice|move 4|switch 3
|
|switch|p2a: Magneton|Magneton, L90|273\/273
|move|p1a: Golbat|Double-Edge|p2a: Magneton
|-crit|p2a: Magneton
|-damage|p2a: Magneton|156\/273
|-damage|p1a: Golbat|289\/318|[from] recoil|[of] p2a: Magneton
|
|turn|12
|choice|switch 3|move 1
|
|switch|p1a: Sandslash|Sandslash, L85|301\/301
|move|p2a: Magneton|Thunderbolt|p1a: Sandslash
|-immune|p1a: Sandslash|[msg]
|
|turn|13
|choice|move 3|switch 3
|
|switch|p2a: Exeggutor|Exeggutor, L79|229\/312
|move|p1a: Sandslash|Body Slam|p2a: Exeggutor
|-damage|p2a: Exeggutor|163\/312
|
|turn|14
|choice|move 3|move 4
|
|move|p1a: Sandslash|Body Slam|p2a: Exeggutor
|-crit|p2a: Exeggutor
|-damage|p2a: Exeggutor|25\/312
|-status|p2a: Exeggutor|par
|move|p2a: Exeggutor|Mega Drain|p1a: Sandslash
|-supereffective|p1a: Sandslash
|-damage|p1a: Sandslash|189\/301
|-heal|p2a: Exeggutor|81\/312 par|[from] drain|[of] p1a: Sandslash
|
|turn|15
|choice|move 4|move 3
|
|move|p1a: Sandslash|Hyper Beam|p2a: Exeggutor
|-damage|p2a: Exeggutor|0 fnt
|faint|p2a: Exeggutor
|choice||switch 6
|
|switch|p2a: Alakazam|Alakazam, L79|249\/249
|turn|16
|choice|move 3|move 1
|
|move|p2a: Alakazam|Psychic|p1a: Sandslash
|-damage|p1a: Sandslash|52\/301
|move|p1a: Sandslash|Body Slam|p2a: Alakazam
|-damage|p2a: Alakazam|159\/249
|-status|p2a: Alakazam|par
|
|turn|17
|choice|move 1|move 1
|
|move|p1a: Sandslash|Earthquake|p2a: Alakazam
|-damage|p2a: Alakazam|0 fnt
|faint|p2a: Alakazam
|choice||switch 3
|
|switch|p2a: Magneton|Magneton, L90|156\/273
|turn|18
|choice|move 1|move 2
|
|move|p2a: Magneton|Hyper Beam|p1a: Sandslash
|-damage|p1a: Sandslash|0 fnt
|faint|p1a: Sandslash
|choice|switch 2|
|
|switch|p1a: Ekans|Ekans, L96|262\/262
|turn|19
|choice|move 2|move 1
|
|move|p2a: Magneton|Thunderbolt|p1a: Ekans
|-damage|p1a: Ekans|68\/262
|move|p1a: Ekans|Earthquake|p2a: Magneton
|-supereffective|p2a: Magneton
|-damage|p2a: Magneton|39\/273
|
|turn|20
|choice|move 4|move 1
|
|move|p2a: Magneton|Thunderbolt|p1a: Ekans
|-damage|p1a: Ekans|0 fnt
|faint|p1a: Ekans
|choice|switch 3|
|
|switch|p1a: Golbat|Golbat, L90|289\/318
|turn|21
|choice|move 4|move 3
|
|move|p1a: Golbat|Double-Edge|p2a: Magneton
|-damage|p2a: Magneton|0 fnt
|-damage|p1a: Golbat|280\/318|[from] recoil|[of] p2a: Magneton
|faint|p2a: Magneton
|choice||switch 4
|
|switch|p2a: Charmeleon|Charmeleon, L85|272\/272
|turn|22
|choice|move 4|move 4
|
|move|p1a: Golbat|Double-Edge|p2a: Charmeleon
|-damage|p2a: Charmeleon|179\/272
|-damage|p1a: Golbat|257\/318|[from] recoil|[of] p2a: Charmeleon
|move|p2a: Charmeleon|Fire Blast|p1a: Golbat
|-damage|p1a: Golbat|153\/318
|
|turn|23
|choice|move 4|move 4
|
|move|p1a: Golbat|Double-Edge|p2a: Charmeleon
|-damage|p2a: Charmeleon|93\/272
|-damage|p1a: Golbat|132\/318|[from] recoil|[of] p2a: Charmeleon
|move|p2a: Charmeleon|Fire Blast|p1a: Golbat
|-damage|p1a: Golbat|19\/318
|
|turn|24
|choice|move 4|move 1
|
|move|p1a: Golbat|Double-Edge|p2a: Charmeleon
|-damage|p2a: Charmeleon|0 fnt
|-damage|p1a: Golbat|0 fnt|[from] recoil|[of] p2a: Charmeleon
|faint|p2a: Charmeleon
|faint|p1a: Golbat
|
|win|MALESANI
|raw|MALESANI's rating: 1199 &rarr; <strong>1219<\/strong><br \/>(+20 for winning)
|raw|Loroand's rating: 1128 &rarr; <strong>1108<\/strong><br \/>(-20 for losing)
|leave|Loroand
|player|p2