|join|fran17
|join|xJoelituh
|player|p1|fran17|43
|player|p2|xJoelituh|134
|gametype|singles
|gen|1
|tier|[Gen 1] OU
|seed|967,15016,9530,60175
|rule|Sleep Clause Mod: Limit one foe put to sleep
|rule|Freeze Clause Mod: Limit one foe frozen
|rule|Species Clause: Limit one of each Pokémon
|rule|OHKO Clause: OHKO moves are banned
|rule|Evasion Moves Clause: Evasion moves are banned
|rule|HP Percentage Mod: HP is shown in percentages
|
|start
|switch|p1a: Alakazam|Alakazam|313\/313
|switch|p2a: Starmie|Starmie|323\/323
|turn|1
|c|★fran17|hf
|c|★fran17|i guess this is going to be pretty funny
|join|GOAO
|join|Tricking
|c|★xJoelituh|inb4 i got critted again for lax
|c|★xJoelituh|by*
|choice|move 1|move 4
|
|move|p1a: Alakazam|Thunder Wave|p2a: Starmie
|-status|p2a: Starmie|par
|move|p2a: Starmie|Thunder Wave|p1a: Alakazam
|-status|p1a: Alakazam|par
|
|turn|2
|c| GOAO|joel
|c| GOAO|zinho
|c| GOAO|ne
|c| GOAO|o_o
|raw|<div class="broadcast-red"><b>Moderated chat was set to +!<\/b><br \/>Only users of rank + and higher can talk.<\/div>
|choice|move 3|move 1
|
|move|p1a: Alakazam|Seismic Toss|p2a: Starmie
|-damage|p2a: Starmie|223\/323 par
|cant|p2a: Starmie|par
|
|turn|3
|c|+Tricking|rude
|c|★fran17|free goao :(
|choice|move 3|move 2
|
|move|p1a: Alakazam|Seismic Toss|p2a: Starmie
|-damage|p2a: Starmie|123\/323 par
|move|p2a: Starmie|Psychic|p1a: Alakazam
|-resisted|p1a: Alakazam
|-damage|p1a: Alakazam|271\/313 par
|-unboost|p1a: Alakazam|spd|1
|-unboost|p1a: Alakazam|spa|1
|
|turn|4
|choice|switch 6|switch 5
|
|switch|p2a: Exeggutor|Exeggutor|393\/393
|switch|p1a: Snorlax|Snorlax|523\/523
|
|turn|5
|choice|move 1|move 1
|
|move|p2a: Exeggutor|Sleep Powder|p1a: Snorlax
|-status|p1a: Snorlax|slp
|cant|p1a: Snorlax|slp
|
|turn|6
|choice|switch 3|move 3
|
|switch|p1a: Chansey|Chansey|703\/703
|move|p2a: Exeggutor|Psychic|p1a: Chansey
|-damage|p1a: Chansey|584\/703
|-unboost|p1a: Chansey|spd|1
|-unboost|p1a: Chansey|spa|1
|
|turn|7
|choice|move 3|move 4
|
|move|p2a: Exeggutor|Explosion|p1a: Chansey
|-damage|p1a: Chansey|0 fnt
|faint|p1a: Chansey
|faint|p2a: Exeggutor
|choice|switch 6|switch 3
|
|switch|p2a: Tauros|Tauros|353\/353
|switch|p1a: Alakazam|Alakazam|271\/313 par
|turn|8
|choice|move 1|switch 5
|
|switch|p2a: Starmie|Starmie|123\/323 par
|move|p1a: Alakazam|Thunder Wave|p2a: Starmie
|-fail|p2a: Starmie|par
|
|turn|9
|choice|move 3|move 3
|
|cant|p1a: Alakazam|par
|cant|p2a: Starmie|par
|
|turn|10
|choice|move 3|move 3
|
|move|p1a: Alakazam|Seismic Toss|p2a: Starmie
|-damage|p2a: Starmie|23\/323 par
|move|p2a: Starmie|Recover|p2a: Starmie
|-heal|p2a: Starmie|184\/323 par
|
|turn|11
|choice|switch 2|move 3
|
|switch|p1a: Slowbro|Slowbro|393\/393
|move|p2a: Starmie|Recover|p2a: Starmie
|-heal|p2a: Starmie|323\/323 par
|
|turn|12
|choice|move 2|switch 6
|
|switch|p2a: Zapdos|Zapdos|383\/383
|move|p1a: Slowbro|Amnesia|p1a: Slowbro
|-boost|p1a: Slowbro|spd|2
|-boost|p1a: Slowbro|spa|2
|
|turn|13
|choice|move 1|move 2
|
|move|p2a: Zapdos|Thunderbolt|p1a: Slowbro
|-supereffective|p1a: Slowbro
|-damage|p1a: Slowbro|251\/393
|move|p1a: Slowbro|Thunder Wave|p2a: Zapdos
|-status|p2a: Zapdos|par
|
|turn|14
|choice|move 3|move 2
|
|move|p1a: Slowbro|Psychic|p2a: Zapdos
|-damage|p2a: Zapdos|219\/383 par
|move|p2a: Zapdos|Thunderbolt|p1a: Slowbro
|-supereffective|p1a: Slowbro
|-damage|p1a: Slowbro|112\/393
|
|turn|15
|choice|move 4|switch 4
|
|switch|p2a: Chansey|Chansey|703\/703
|move|p1a: Slowbro|Rest|p1a: Slowbro
|-status|p1a: Slowbro|slp
|-heal|p1a: Slowbro|393\/393 slp|[silent]
|-status|p1a: Slowbro|slp|[from] move: Rest
|
|turn|16
|choice|move 2|move 3
|
|move|p2a: Chansey|Thunderbolt|p1a: Slowbro
|-supereffective|p1a: Slowbro
|-damage|p1a: Slowbro|304\/393 slp
|cant|p1a: Slowbro|slp
|
|turn|17
|choice|move 1|move 3
|
|move|p2a: Chansey|Thunderbolt|p1a: Slowbro
|-crit|p1a: Slowbro
|-supereffective|p1a: Slowbro
|-damage|p1a: Slowbro|0 fnt
|faint|p1a: Slowbro
|choice|switch 4|
|
|switch|p1a: Exeggutor|Exeggutor|393\/393
|turn|18
|join|don Matteo
|choice|switch 5|switch 6
|
|switch|p1a: Tauros|Tauros|353\/353
|switch|p2a: Starmie|Starmie|323\/323 par
|
|turn|19
|leave|don Matteo
|choice|move 1|move 1
|
|move|p1a: Tauros|Body Slam|p2a: Starmie
|-damage|p2a: Starmie|211\/323 par
|move|p2a: Starmie|Blizzard|p1a: Tauros
|-damage|p1a: Tauros|235\/353
|
|turn|20
|choice|move 1|move 4
|
|move|p1a: Tauros|Body Slam|p2a: Starmie
|-crit|p2a: Starmie
|-damage|p2a: Starmie|0 fnt
|faint|p2a: Starmie
|choice||switch 2
|
|switch|p2a: Snorlax|Snorlax|523\/523
|turn|21
|choice|move 1|move 1
|
|move|p1a: Tauros|Body Slam|p2a: Snorlax
|-damage|p2a: Snorlax|397\/523
|move|p2a: Snorlax|Body Slam|p1a: Tauros
|-damage|p1a: Tauros|125\/353
|
|turn|22
|choice|switch 5|move 1
|
|switch|p1a: Exeggutor|Exeggutor|393\/393
|move|p2a: Snorlax|Body Slam|p1a: Exeggutor
|-crit|p1a: Exeggutor
|-damage|p1a: Exeggutor|160\/393
|
|turn|23
|choice|move 1|switch 4
|
|switch|p2a: Zapdos|Zapdos|219\/383 par
|move|p1a: Exeggutor|Sleep Powder|p2a: Zapdos|[miss]
|-miss|p1a: Exeggutor
|
|turn|24
|choice|switch 2|move 4
|
|switch|p1a: Alakazam|Alakazam|271\/313 par
|move|p2a: Zapdos|Agility|p2a: Zapdos
|-boost|p2a: Zapdos|spe|2
|
|turn|25
|choice|move 3|move 1
|
|move|p2a: Zapdos|Drill Peck|p1a: Alakazam
|-crit|p1a: Alakazam
|-damage|p1a: Alakazam|15\/313 par
|move|p1a: Alakazam|Seismic Toss|p2a: Zapdos
|-damage|p2a: Zapdos|119\/383 par
|
|turn|26
|choice|move 2|move 1
|
|move|p2a: Zapdos|Drill Peck|p1a: Alakazam
|-crit|p1a: Alakazam
|-damage|p1a: Alakazam|0 fnt
|faint|p1a: Alakazam
|choice|switch 5|
|
|switch|p1a: Tauros|Tauros|125\/353
|turn|27
|choice|move 4|move 3
|
|move|p2a: Zapdos|Thunder Wave|p1a: Tauros
|-status|p1a: Tauros|par
|cant|p1a: Tauros|par
|
|turn|28
|choice|move 4|move 1
|
|move|p2a: Zapdos|Drill Peck|p1a: Tauros
|-damage|p1a: Tauros|35\/353 par
|cant|p1a: Tauros|par
|
|turn|29
|choice|move 4|move 2
|
|move|p2a: Zapdos|Thunderbolt|p1a: Tauros
|-damage|p1a: Tauros|0 fnt
|faint|p1a: Tauros
|choice|switch 2|
|
|switch|p1a: Exeggutor|Exeggutor|160\/393
|turn|30
|choice|move 3|move 1
|
|move|p2a: Zapdos|Drill Peck|p1a: Exeggutor
|-crit|p1a: Exeggutor
|-supereffective|p1a: Exeggutor
|-damage|p1a: Exeggutor|0 fnt
|faint|p1a: Exeggutor
|choice|switch 3|
|
|switch|p1a: Snorlax|Snorlax|523\/523 slp
|turn|31
|c|★xJoelituh|gg
|c|★fran17|gg
|choice|move 1|switch 4
|
|switch|p2a: Snorlax|Snorlax|397\/523
|cant|p1a: Snorlax|slp
|
|turn|32
|choice|move 3|move 4
|
|cant|p1a: Snorlax|slp
|move|p2a: Snorlax|Self-Destruct|p1a: Snorlax
|-damage|p1a: Snorlax|71\/523 slp
|faint|p2a: Snorlax
|choice||switch 5
|
|switch|p2a: Tauros|Tauros|353\/353
|turn|33
|choice|move 3|move 4
|
|move|p2a: Tauros|Hyper Beam|p1a: Snorlax
|-damage|p1a: Snorlax|0 fnt
|faint|p1a: Snorlax
|
|win|xJoelituh
|join|In lutto per "L"