|join|baaaast
|join|MALESANI
|player|p1|baaaast|2
|player|p2|MALESANI|238
|gametype|singles
|gen|1
|tier|[Gen 1] Random Battle
|rated
|rule|Sleep Clause Mod: Limit one foe put to sleep
|rule|Freeze Clause Mod: Limit one foe frozen
|rule|HP Percentage Mod: HP is shown in percentages
|
|start
|switch|p1a: Charmander|Charmander, L96|270\/270
|switch|p2a: Nidoking|Nidoking, L85|311\/311
|turn|1
|
|switch|p1a: Mew|Mew, L74|300\/300
|move|p2a: Nidoking|Earthquake|p1a: Mew
|-damage|p1a: Mew|188\/300
|
|turn|2
|
|switch|p2a: Slowbro|Slowbro, L79|312\/312
|move|p1a: Mew|Blizzard|p2a: Slowbro
|-crit|p2a: Slowbro
|-resisted|p2a: Slowbro
|-damage|p2a: Slowbro|241\/312
|
|turn|3
|
|move|p1a: Mew|Horn Drill|p2a: Slowbro
|-damage|p2a: Slowbro|0 fnt
|-ohko
|faint|p2a: Slowbro
|
|switch|p2a: Hypno|Hypno, L85|318\/318
|turn|4
|
|move|p1a: Mew|Horn Drill|p2a: Hypno
|-damage|p2a: Hypno|0 fnt
|-ohko
|faint|p2a: Hypno
|c|★MALESANI|...
|
|switch|p2a: Aerodactyl|Aerodactyl, L90|327\/327
|turn|5
|c|★baaaast|?
|c|★baaaast|its a one hit ko
|
|move|p2a: Aerodactyl|Reflect|p2a: Aerodactyl
|-start|p2a: Aerodactyl|Reflect
|move|p1a: Mew|Thunder Wave|p2a: Aerodactyl
|-status|p2a: Aerodactyl|par
|
|turn|6
|
|move|p1a: Mew|Horn Drill|p2a: Aerodactyl
|-damage|p2a: Aerodactyl|0 fnt
|-ohko
|faint|p2a: Aerodactyl
|c|★MALESANI|god is an asshole
|-message|MALESANI forfeited.
|
|win|baaaast
|raw|Ladder updating...
|leave|MALESANI
|player|p2