|join|laksdjflkjf
|join|Pietro Albuquerque
|player|p1|laksdjflkjf|2
|player|p2|Pietro Albuquerque|109
|gametype|singles
|gen|1
|tier|[Gen 1] Random Battle
|rated
|seed|16123,51384,41059,13250
|rule|Sleep Clause Mod: Limit one foe put to sleep
|rule|Freeze Clause Mod: Limit one foe frozen
|rule|HP Percentage Mod: HP is shown in percentages
|
|start
|switch|p1a: Growlithe|Growlithe, L96|300\/300
|switch|p2a: Parasect|Parasect, L90|291\/291
|turn|1
|choice|move 1|switch 5
|
|switch|p2a: Wartortle|Wartortle, L85|274\/274
|move|p1a: Growlithe|Fire Blast|p2a: Wartortle
|-resisted|p2a: Wartortle
|-damage|p2a: Wartortle|213\/274
|
|turn|2
|choice|switch 5|move 4
|
|switch|p1a: Kabutops|Kabutops, L85|276\/276
|move|p2a: Wartortle|Blizzard|p1a: Kabutops
|-resisted|p1a: Kabutops
|-damage|p1a: Kabutops|236\/276
|
|turn|3
|choice|move 2|move 3
|
|move|p1a: Kabutops|Swords Dance|p1a: Kabutops
|-boost|p1a: Kabutops|atk|2
|move|p2a: Wartortle|Hydro Pump|p1a: Kabutops
|-damage|p1a: Kabutops|118\/276
|
|turn|4
|choice|move 1|move 3
|
|move|p1a: Kabutops|Hyper Beam|p2a: Wartortle
|-damage|p2a: Wartortle|0 fnt
|faint|p2a: Wartortle
|choice||switch 2
|
|switch|p2a: Dragonair|Dragonair, L85|277\/277
|turn|5
|choice|move 1|move 2
|
|move|p1a: Kabutops|Hyper Beam|p2a: Dragonair
|-damage|p2a: Dragonair|0 fnt
|faint|p2a: Dragonair
|choice||switch 6
|
|switch|p2a: Hitmonchan|Hitmonchan, L90|273\/273
|turn|6
|choice|move 1|move 2
|
|move|p2a: Hitmonchan|Submission|p1a: Kabutops
|-supereffective|p1a: Kabutops
|-damage|p1a: Kabutops|0 fnt
|-damage|p2a: Hitmonchan|244\/273|[from] recoil|[of] p1a: Kabutops
|faint|p1a: Kabutops
|choice|switch 2|
|
|switch|p1a: Mew|Mew, L74|300\/300
|turn|7
|choice|move 2|switch 5
|
|switch|p2a: Parasect|Parasect, L90|291\/291
|move|p1a: Mew|Psychic|p2a: Parasect
|-crit|p2a: Parasect
|-damage|p2a: Parasect|136\/291
|
|turn|8
|choice|move 2|move 2
|
|move|p1a: Mew|Psychic|p2a: Parasect
|-damage|p2a: Parasect|56\/291
|move|p2a: Parasect|Spore|p1a: Mew
|-status|p1a: Mew|slp
|
|turn|9
|choice|switch 3|switch 3
|
|switch|p1a: Nidoqueen|Nidoqueen, L85|327\/327
|switch|p2a: Mew|Mew, L74|300\/300
|
|turn|10
|choice|switch 6|move 4
|
|switch|p1a: Jolteon|Jolteon, L79|265\/265
|move|p2a: Mew|Swords Dance|p2a: Mew
|-boost|p2a: Mew|atk|2
|
|turn|11
|choice|move 4|move 2
|
|move|p1a: Jolteon|Thunder Wave|p2a: Mew
|-status|p2a: Mew|par
|move|p2a: Mew|Earthquake|p1a: Jolteon
|-supereffective|p1a: Jolteon
|-damage|p1a: Jolteon|0 fnt
|faint|p1a: Jolteon
|choice|switch 4|
|
|switch|p1a: Dragonite|Dragonite, L85|328\/328
|turn|12
|choice|move 4|move 3
|
|move|p1a: Dragonite|Substitute|p1a: Dragonite
|-start|p1a: Dragonite|Substitute
|-damage|p1a: Dragonite|246\/328
|move|p2a: Mew|Thunder Wave|p1a: Dragonite
|-status|p1a: Dragonite|par
|
|turn|13
|choice|move 2|switch 3
|
|switch|p2a: Parasect|Parasect, L90|56\/291
|move|p1a: Dragonite|Blizzard|p2a: Parasect
|-supereffective|p2a: Parasect
|-damage|p2a: Parasect|0 fnt
|faint|p2a: Parasect
|choice||switch 4
|
|switch|p2a: Ninetales|Ninetales, L85|298\/298
|turn|14
|choice|move 2|move 4
|
|move|p2a: Ninetales|Double-Edge|p1a: Dragonite
|-activate|p1a: Dragonite|Substitute|[damage]
|-damage|p2a: Ninetales|283\/298|[from] recoil|[of] p1a: Dragonite
|move|p1a: Dragonite|Blizzard|p2a: Ninetales
|-damage|p2a: Ninetales|197\/298
|
|turn|15
|choice|move 2|move 4
|
|move|p2a: Ninetales|Double-Edge|p1a: Dragonite
|-end|p1a: Dragonite|Substitute
|-damage|p2a: Ninetales|191\/298|[from] recoil|[of] p1a: Dragonite
|move|p1a: Dragonite|Blizzard|p2a: Ninetales
|-damage|p2a: Ninetales|105\/298
|
|turn|16
|choice|move 1|move 1
|
|move|p2a: Ninetales|Fire Blast|p1a: Dragonite
|-resisted|p1a: Dragonite
|-damage|p1a: Dragonite|184\/328 par
|move|p1a: Dragonite|Hyper Beam|p2a: Ninetales
|-damage|p2a: Ninetales|0 fnt
|faint|p2a: Ninetales
|choice||switch 5
|
|switch|p2a: Hitmonchan|Hitmonchan, L90|244\/273
|turn|17
|choice|switch 6|move 3
|
|switch|p1a: Nidoqueen|Nidoqueen, L85|327\/327
|move|p2a: Hitmonchan|Seismic Toss|p1a: Nidoqueen
|-damage|p1a: Nidoqueen|237\/327
|
|turn|18
|choice|move 1|switch 3
|
|switch|p2a: Mew|Mew, L74|300\/300 par
|move|p1a: Nidoqueen|Earthquake|p2a: Mew
|-damage|p2a: Mew|201\/300 par
|
|turn|19
|choice|move 1|move 2
|
|move|p1a: Nidoqueen|Earthquake|p2a: Mew
|-damage|p2a: Mew|92\/300 par
|cant|p2a: Mew|par
|
|turn|20
|choice|move 1|move 2
|
|move|p1a: Nidoqueen|Earthquake|p2a: Mew
|-damage|p2a: Mew|0 fnt
|faint|p2a: Mew
|choice||switch 3
|
|switch|p2a: Hitmonchan|Hitmonchan, L90|244\/273
|turn|21
|choice|move 1|move 2
|
|move|p2a: Hitmonchan|Submission|p1a: Nidoqueen
|-resisted|p1a: Nidoqueen
|-damage|p1a: Nidoqueen|182\/327
|-damage|p2a: Hitmonchan|231\/273|[from] recoil|[of] p1a: Nidoqueen
|move|p1a: Nidoqueen|Earthquake|p2a: Hitmonchan
|-damage|p2a: Hitmonchan|130\/273
|
|turn|22
|c|★laksdjflkjf|what a surprise pietro lost, you'd think you would have given up by now, you have quite a commitment to mediocrity
|choice|move 2|move 3
|
|move|p2a: Hitmonchan|Seismic Toss|p1a: Nidoqueen
|-damage|p1a: Nidoqueen|92\/327
|move|p1a: Nidoqueen|Body Slam|p2a: Hitmonchan
|-damage|p2a: Hitmonchan|77\/273
|
|turn|23
|choice|move 1|move 4
|
|move|p2a: Hitmonchan|Body Slam|p1a: Nidoqueen
|-damage|p1a: Nidoqueen|18\/327
|-status|p1a: Nidoqueen|par
|cant|p1a: Nidoqueen|par
|
|turn|24
|choice|move 2|move 4
|
|move|p2a: Hitmonchan|Body Slam|p1a: Nidoqueen
|-damage|p1a: Nidoqueen|0 fnt
|faint|p1a: Nidoqueen
|choice|switch 5|
|
|switch|p1a: Growlithe|Growlithe, L96|300\/300
|turn|25
|choice|move 1|move 4
|
|move|p2a: Hitmonchan|Body Slam|p1a: Growlithe
|-damage|p1a: Growlithe|203\/300
|move|p1a: Growlithe|Fire Blast|p2a: Hitmonchan
|-damage|p2a: Hitmonchan|0 fnt
|faint|p2a: Hitmonchan
|
|win|laksdjflkjf
|raw|laksdjflkjf's rating: 1140 &rarr; <strong>1168<\/strong><br \/>(+28 for winning)
|raw|Pietro Albuquerque's rating: 1175 &rarr; <strong>1148<\/strong><br \/>(-27 for losing)
|leave|Pietro Albuquerque
|player|p2