|join|Kcroxsox
|join|beeest
|player|p1|Kcroxsox|167
|player|p2|beeest|170
|gametype|singles
|gen|1
|tier|[Gen 1] Random Battle
|rated
|rule|Sleep Clause Mod: Limit one foe put to sleep
|rule|Freeze Clause Mod: Limit one foe frozen
|rule|HP Percentage Mod: HP is shown in percentages
|
|start
|switch|p1a: Weedle|Weedle, L99|280\/280
|switch|p2a: Exeggcute|Exeggcute, L96|310\/310
|turn|1
|
|move|p1a: Weedle|String Shot|p2a: Exeggcute
|-unboost|p2a: Exeggcute|spe|1
|move|p2a: Exeggcute|Psychic|p1a: Weedle
|-supereffective|p1a: Weedle
|-damage|p1a: Weedle|0 fnt
|faint|p1a: Weedle
|
|switch|p1a: Chansey|Chansey, L79|557\/557
|turn|2
|
|move|p1a: Chansey|Ice Beam|p2a: Exeggcute
|-supereffective|p2a: Exeggcute
|-damage|p2a: Exeggcute|177\/310
|move|p2a: Exeggcute|Explosion|p1a: Chansey
|-damage|p1a: Chansey|84\/557
|faint|p2a: Exeggcute
|
|switch|p2a: Flareon|Flareon, L90|300\/300
|turn|3
|
|switch|p1a: Marowak|Marowak, L90|291\/291
|move|p2a: Flareon|Body Slam|p1a: Marowak
|-crit|p1a: Marowak
|-damage|p1a: Marowak|161\/291
|
|turn|4
|
|move|p2a: Flareon|Fire Blast|p1a: Marowak
|-damage|p1a: Marowak|0 fnt
|faint|p1a: Marowak
|
|switch|p1a: Aerodactyl|Aerodactyl, L90|327\/327
|turn|5
|
|switch|p2a: Magneton|Magneton, L90|273\/273
|move|p1a: Aerodactyl|Reflect|p1a: Aerodactyl
|-start|p1a: Aerodactyl|Reflect
|
|turn|6
|
|move|p1a: Aerodactyl|Double-Edge|p2a: Magneton
|-damage|p2a: Magneton|201\/273
|-damage|p1a: Aerodactyl|309\/327|[from] recoil|[of] p2a: Magneton
|move|p2a: Magneton|Thunder Wave|p1a: Aerodactyl
|-status|p1a: Aerodactyl|par
|
|turn|7
|
|move|p2a: Magneton|Thunderbolt|p1a: Aerodactyl
|-supereffective|p1a: Aerodactyl
|-damage|p1a: Aerodactyl|6\/327 par
|move|p1a: Aerodactyl|Double-Edge|p2a: Magneton
|-crit|p2a: Magneton
|-damage|p2a: Magneton|49\/273
|-damage|p1a: Aerodactyl|0 fnt|[from] recoil|[of] p2a: Magneton
|faint|p1a: Aerodactyl
|
|switch|p1a: Jolteon|Jolteon, L79|265\/265
|turn|8
|
|move|p1a: Jolteon|Body Slam|p2a: Magneton
|-damage|p2a: Magneton|12\/273
|move|p2a: Magneton|Thunder Wave|p1a: Jolteon
|-status|p1a: Jolteon|par
|
|turn|9
|
|move|p2a: Magneton|Double-Edge|p1a: Jolteon
|-damage|p1a: Jolteon|189\/265 par
|-damage|p2a: Magneton|0 fnt|[from] recoil|[of] p1a: Jolteon
|faint|p2a: Magneton
|
|switch|p2a: Flareon|Flareon, L90|300\/300
|turn|10
|
|move|p2a: Flareon|Body Slam|p1a: Jolteon
|-crit|p1a: Jolteon
|-damage|p1a: Jolteon|0 fnt
|faint|p1a: Jolteon
|
|switch|p1a: Gengar|Gengar, L79|257\/257
|turn|11
|
|move|p1a: Gengar|Hypnosis|p2a: Flareon
|-status|p2a: Flareon|slp
|cant|p2a: Flareon|slp
|
|turn|12
|
|switch|p1a: Chansey|Chansey, L79|84\/557
|switch|p2a: Raticate|Raticate, L85|267\/267
|
|turn|13
|
|switch|p1a: Gengar|Gengar, L79|257\/257
|move|p2a: Raticate|Super Fang|p1a: Gengar
|-damage|p1a: Gengar|129\/257
|
|turn|14
|
|move|p1a: Gengar|Thunderbolt|p2a: Raticate
|-damage|p2a: Raticate|170\/267
|move|p2a: Raticate|Blizzard|p1a: Gengar
|-damage|p1a: Gengar|81\/257
|
|turn|15
|
|move|p1a: Gengar|Mega Drain|p2a: Raticate
|-damage|p2a: Raticate|128\/267
|-heal|p1a: Gengar|102\/257|[from] drain|[of] p2a: Raticate
|move|p2a: Raticate|Blizzard|p1a: Gengar
|-damage|p1a: Gengar|52\/257
|
|turn|16
|
|move|p1a: Gengar|Thunderbolt|p2a: Raticate
|-damage|p2a: Raticate|31\/267
|move|p2a: Raticate|Blizzard|p1a: Gengar
|-damage|p1a: Gengar|3\/257
|
|turn|17
|
|move|p1a: Gengar|Mega Drain|p2a: Raticate
|-damage|p2a: Raticate|0 fnt
|-heal|p1a: Gengar|18\/257|[from] drain|[of] p2a: Raticate
|faint|p2a: Raticate
|
|switch|p2a: Tentacruel|Tentacruel, L85|310\/310
|turn|18
|
|move|p2a: Tentacruel|Surf|p1a: Gengar|[miss]
|-miss|p2a: Tentacruel
|move|p1a: Gengar|Thunderbolt|p2a: Tentacruel
|-crit|p2a: Tentacruel
|-supereffective|p2a: Tentacruel
|-damage|p2a: Tentacruel|78\/310
|
|turn|19
|
|move|p2a: Tentacruel|Surf|p1a: Gengar
|-damage|p1a: Gengar|0 fnt
|faint|p1a: Gengar
|
|switch|p1a: Chansey|Chansey, L79|84\/557
|turn|20
|
|move|p2a: Tentacruel|Surf|p1a: Chansey
|-damage|p1a: Chansey|0 fnt
|faint|p1a: Chansey
|
|win|beeest
|c|★Kcroxsox|Who was the last?
|c|★beeest|caterpie
||Ladder (probably) updated, but score could not be retrieved (Response not received).
|c|★Kcroxsox|ah dang lol
|c|★beeest|lol
|c|★Kcroxsox|gg though
|c|★beeest|gg