|j|Whoremaster
|j|Ch01W0n5h1n
|player|p1|Whoremaster|43
|player|p2|Ch01W0n5h1n|165
|gametype|singles
|gen|1
|tier|[Gen 1] Ubers
|seed|17665,378,4456,60184
|rule|Sleep Clause Mod: Limit one foe put to sleep
|rule|Freeze Clause Mod: Limit one foe frozen
|rule|Species Clause: Limit one of each Pokémon
|rule|OHKO Clause: OHKO moves are banned
|rule|Evasion Moves Clause: Evasion moves are banned
|rule|HP Percentage Mod: HP is shown in percentages
|
|start
|switch|p1a: Starmie|Starmie|323\/323
|switch|p2a: Mrs. Popo|Jynx|333\/333
|turn|1
|c|★Whoremaster|gl hf friend
|c|★Ch01W0n5h1n|u2
|choice|move 2|move 1
|
|move|p1a: Starmie|Thunderbolt|p2a: Mrs. Popo
|-damage|p2a: Mrs. Popo|259\/333
|move|p2a: Mrs. Popo|Lovely Kiss|p1a: Starmie
|-status|p1a: Starmie|slp
|
|turn|2
|c|★Ch01W0n5h1n|though i guess i will lose this one
|c|★Whoremaster|why you guess that?
|c|★Ch01W0n5h1n|i rarely play gen 1 ubers
|c|★Whoremaster|same here, its all just for fun
|choice|switch 2|switch 2
|
|switch|p1a: Slowbro|Slowbro|393\/393
|switch|p2a: Chance E|Chansey|703\/703
|
|turn|3
|choice|switch 3|switch 5
|
|switch|p2a: Frozen|Slowbro|393\/393
|switch|p1a: Mewtwo|Mewtwo|415\/415
|
|turn|4
|choice|move 3|switch 4
|
|switch|p2a: U|Mew|403\/403
|move|p1a: Mewtwo|Thunderbolt|p2a: U
|-damage|p2a: U|295\/403
|
|turn|5
|choice|switch 3|move 1
|
|switch|p1a: Slowbro|Slowbro|393\/393
|move|p2a: U|Swords Dance|p2a: U
|-boost|p2a: U|atk|2
|
|turn|6
|choice|move 3|switch 6
|
|switch|p2a: Gorelax|Snorlax|523\/523
|move|p1a: Slowbro|Thunder Wave|p2a: Gorelax
|-status|p2a: Gorelax|par
|
|turn|7
|choice|move 1|move 1
|
|move|p1a: Slowbro|Amnesia|p1a: Slowbro
|-boost|p1a: Slowbro|spd|2
|-boost|p1a: Slowbro|spa|2
|move|p2a: Gorelax|Amnesia|p2a: Gorelax
|-boost|p2a: Gorelax|spd|2
|-boost|p2a: Gorelax|spa|2
|
|turn|8
|choice|move 1|move 1
|
|move|p1a: Slowbro|Amnesia|p1a: Slowbro
|-boost|p1a: Slowbro|spd|2
|-boost|p1a: Slowbro|spa|2
|move|p2a: Gorelax|Amnesia|p2a: Gorelax
|-boost|p2a: Gorelax|spd|2
|-boost|p2a: Gorelax|spa|2
|
|turn|9
|choice|move 2|move 1
|
|move|p1a: Slowbro|Surf|p2a: Gorelax
|-damage|p2a: Gorelax|385\/523 par
|move|p2a: Gorelax|Amnesia|p2a: Gorelax
|-boost|p2a: Gorelax|spd|2
|-boost|p2a: Gorelax|spa|2
|
|turn|10
|choice|move 1|move 3
|
|move|p1a: Slowbro|Amnesia|p1a: Slowbro
|-boost|p1a: Slowbro|spd|2
|-boost|p1a: Slowbro|spa|2
|move|p2a: Gorelax|Thunderbolt|p1a: Slowbro
|-supereffective|p1a: Slowbro
|-damage|p1a: Slowbro|258\/393
|-status|p1a: Slowbro|par
|
|turn|11
|choice|switch 3|move 3
|
|switch|p1a: Mewtwo|Mewtwo|415\/415
|cant|p2a: Gorelax|par
|
|turn|12
|choice|move 1|move 2
|
|move|p1a: Mewtwo|Amnesia|p1a: Mewtwo
|-boost|p1a: Mewtwo|spd|2
|-boost|p1a: Mewtwo|spa|2
|move|p2a: Gorelax|Self-Destruct|p1a: Mewtwo
|-crit|p1a: Mewtwo
|-damage|p1a: Mewtwo|0 fnt
|faint|p1a: Mewtwo
|faint|p2a: Gorelax
|c|★Whoremaster|crit nice
|choice|switch 4|switch 4
|
|switch|p1a: Mew|Mew|403\/403
|switch|p2a: Frozen|Slowbro|393\/393
|turn|13
|choice|switch 6|move 4
|
|switch|p1a: Chansey|Chansey|703\/703
|move|p2a: Frozen|Thunder Wave|p1a: Chansey
|-status|p1a: Chansey|par
|
|turn|14
|choice|move 3|move 2
|
|move|p2a: Frozen|Amnesia|p2a: Frozen
|-boost|p2a: Frozen|spd|2
|-boost|p2a: Frozen|spa|2
|move|p1a: Chansey|Light Screen|p1a: Chansey
|-start|p1a: Chansey|Light Screen
|
|turn|15
|choice|move 2|move 2
|
|move|p2a: Frozen|Amnesia|p2a: Frozen
|-boost|p2a: Frozen|spd|2
|-boost|p2a: Frozen|spa|2
|move|p1a: Chansey|Thunderbolt|p2a: Frozen
|-supereffective|p2a: Frozen
|-damage|p2a: Frozen|328\/393
|
|turn|16
|choice|move 2|move 1
|
|move|p2a: Frozen|Ice Beam|p1a: Chansey
|-damage|p1a: Chansey|611\/703 par
|move|p1a: Chansey|Thunderbolt|p2a: Frozen
|-supereffective|p2a: Frozen
|-damage|p2a: Frozen|269\/393
|
|turn|17
|choice|move 2|move 1
|
|move|p2a: Frozen|Ice Beam|p1a: Chansey
|-damage|p1a: Chansey|510\/703 par
|move|p1a: Chansey|Thunderbolt|p2a: Frozen
|-supereffective|p2a: Frozen
|-damage|p2a: Frozen|208\/393
|
|turn|18
|choice|move 2|move 1
|
|move|p2a: Frozen|Ice Beam|p1a: Chansey
|-damage|p1a: Chansey|422\/703 par
|move|p1a: Chansey|Thunderbolt|p2a: Frozen
|-supereffective|p2a: Frozen
|-damage|p2a: Frozen|148\/393
|
|turn|19
|choice|move 2|move 3
|
|move|p2a: Frozen|Rest|p2a: Frozen
|-status|p2a: Frozen|slp
|-heal|p2a: Frozen|393\/393 slp|[silent]
|-status|p2a: Frozen|slp|[from] move: Rest
|move|p1a: Chansey|Thunderbolt|p2a: Frozen
|-supereffective|p2a: Frozen
|-damage|p2a: Frozen|331\/393 slp
|
|turn|20
|choice|move 4|move 1
|
|cant|p2a: Frozen|slp
|move|p1a: Chansey|Soft-Boiled|p1a: Chansey
|-heal|p1a: Chansey|703\/703 par
|
|turn|21
|choice|move 2|move 1
|
|-curestatus|p2a: Frozen|slp
|cant|p1a: Chansey|par
|
|turn|22
|choice|move 2|move 1
|
|move|p2a: Frozen|Ice Beam|p1a: Chansey
|-damage|p1a: Chansey|612\/703 par
|move|p1a: Chansey|Thunderbolt|p2a: Frozen
|-supereffective|p2a: Frozen
|-damage|p2a: Frozen|267\/393
|
|turn|23
|choice|move 2|move 1
|
|move|p2a: Frozen|Ice Beam|p1a: Chansey
|-damage|p1a: Chansey|517\/703 par
|move|p1a: Chansey|Thunderbolt|p2a: Frozen
|-supereffective|p2a: Frozen
|-damage|p2a: Frozen|210\/393
|
|turn|24
|choice|move 2|move 3
|
|move|p2a: Frozen|Rest|p2a: Frozen
|-status|p2a: Frozen|slp
|-heal|p2a: Frozen|393\/393 slp|[silent]
|-status|p2a: Frozen|slp|[from] move: Rest
|cant|p1a: Chansey|par
|
|turn|25
|choice|move 4|move 1
|
|cant|p2a: Frozen|slp
|move|p1a: Chansey|Soft-Boiled|p1a: Chansey
|-heal|p1a: Chansey|703\/703 par
|
|turn|26
|choice|move 1|move 1
|
|-curestatus|p2a: Frozen|slp
|move|p1a: Chansey|Ice Beam|p2a: Frozen
|-resisted|p2a: Frozen
|-damage|p2a: Frozen|378\/393
|
|turn|27
|choice|move 1|move 1
|
|move|p2a: Frozen|Ice Beam|p1a: Chansey
|-damage|p1a: Chansey|604\/703 par
|move|p1a: Chansey|Ice Beam|p2a: Frozen
|-resisted|p2a: Frozen
|-damage|p2a: Frozen|363\/393
|
|turn|28
|choice|move 2|move 4
|
|move|p2a: Frozen|Thunder Wave|p1a: Chansey
|-fail|p1a: Chansey|par
|move|p1a: Chansey|Thunderbolt|p2a: Frozen
|-supereffective|p2a: Frozen
|-damage|p2a: Frozen|298\/393
|
|turn|29
|choice|move 3|move 4
|
|move|p2a: Frozen|Thunder Wave|p1a: Chansey
|-fail|p1a: Chansey|par
|move|p1a: Chansey|Light Screen|p1a: Chansey
|-fail|p1a: Chansey
|
|turn|30
|choice|move 3|move 4
|
|move|p2a: Frozen|Thunder Wave|p1a: Chansey
|-fail|p1a: Chansey|par
|move|p1a: Chansey|Light Screen|p1a: Chansey
|-fail|p1a: Chansey
|
|turn|31
|choice|move 3|move 4
|
|move|p2a: Frozen|Thunder Wave|p1a: Chansey
|-fail|p1a: Chansey|par
|move|p1a: Chansey|Light Screen|p1a: Chansey
|-fail|p1a: Chansey
|
|turn|32
|choice|move 2|move 1
|
|move|p2a: Frozen|Ice Beam|p1a: Chansey
|-damage|p1a: Chansey|514\/703 par
|move|p1a: Chansey|Thunderbolt|p2a: Frozen
|-supereffective|p2a: Frozen
|-damage|p2a: Frozen|240\/393
|
|turn|33
|choice|move 2|move 1
|
|move|p2a: Frozen|Ice Beam|p1a: Chansey
|-damage|p1a: Chansey|426\/703 par
|move|p1a: Chansey|Thunderbolt|p2a: Frozen
|-supereffective|p2a: Frozen
|-damage|p2a: Frozen|180\/393
|
|turn|34
|choice|switch 6|switch 6
|
|switch|p2a: U|Mew|295\/403
|switch|p1a: Mew|Mew|403\/403
|
|turn|35
|choice|move 1|move 1
|
|move|p1a: Mew|Swords Dance|p1a: Mew
|-boost|p1a: Mew|atk|2
|move|p2a: U|Swords Dance|p2a: U
|-boost|p2a: U|atk|2
|
|turn|36
|choice|switch 3|move 4
|
|switch|p1a: Slowbro|Slowbro|258\/393 par
|move|p2a: U|Explosion|p1a: Slowbro
|-damage|p1a: Slowbro|0 fnt
|faint|p1a: Slowbro
|faint|p2a: U
|c|★Whoremaster|poor mew is reduced to a bomb
|choice|switch 3|switch 6
|
|switch|p1a: Mew|Mew|403\/403
|switch|p2a: Frozen|Slowbro|180\/393
|turn|37
|choice|switch 6|move 4
|
|switch|p1a: Chansey|Chansey|426\/703 par
|move|p2a: Frozen|Thunder Wave|p1a: Chansey
|-fail|p1a: Chansey|par
|
|turn|38
|choice|move 3|move 2
|
|move|p2a: Frozen|Amnesia|p2a: Frozen
|-boost|p2a: Frozen|spd|2
|-boost|p2a: Frozen|spa|2
|move|p1a: Chansey|Light Screen|p1a: Chansey
|-start|p1a: Chansey|Light Screen
|
|turn|39
|choice|move 4|move 2
|
|move|p2a: Frozen|Amnesia|p2a: Frozen
|-boost|p2a: Frozen|spd|2
|-boost|p2a: Frozen|spa|2
|move|p1a: Chansey|Soft-Boiled|p1a: Chansey
|-heal|p1a: Chansey|703\/703 par
|
|turn|40
|choice|move 2|move 3
|
|move|p2a: Frozen|Rest|p2a: Frozen
|-status|p2a: Frozen|slp
|-heal|p2a: Frozen|393\/393 slp|[silent]
|-status|p2a: Frozen|slp|[from] move: Rest
|cant|p1a: Chansey|par
|
|turn|41
|choice|move 2|move 4
|
|cant|p2a: Frozen|slp
|move|p1a: Chansey|Thunderbolt|p2a: Frozen
|-supereffective|p2a: Frozen
|-damage|p2a: Frozen|332\/393 slp
|
|turn|42
|c|★Ch01W0n5h1n|i wonder what your last pokemon is
|choice|move 2|move 4
|
|-curestatus|p2a: Frozen|slp
|move|p1a: Chansey|Thunderbolt|p2a: Frozen
|-supereffective|p2a: Frozen
|-damage|p2a: Frozen|272\/393
|
|turn|43
|c|★Ch01W0n5h1n|puzzles me a bit
|c|★Whoremaster|its a secret
|choice|move 1|move 4
|
|move|p2a: Frozen|Thunder Wave|p1a: Chansey
|-fail|p1a: Chansey|par
|cant|p1a: Chansey|par
|
|turn|44
|choice|move 1|move 4
|
|move|p2a: Frozen|Thunder Wave|p1a: Chansey
|-fail|p1a: Chansey|par
|cant|p1a: Chansey|par
|
|turn|45
|choice|move 1|move 4
|
|move|p2a: Frozen|Thunder Wave|p1a: Chansey
|-fail|p1a: Chansey|par
|cant|p1a: Chansey|par
|
|turn|46
|choice|move 1|move 4
|
|move|p2a: Frozen|Thunder Wave|p1a: Chansey
|-fail|p1a: Chansey|par
|move|p1a: Chansey|Ice Beam|p2a: Frozen
|-resisted|p2a: Frozen
|-damage|p2a: Frozen|258\/393
|
|turn|47
|choice|move 1|move 2
|
|move|p2a: Frozen|Amnesia|p2a: Frozen
|-boost|p2a: Frozen|spd|2
|-boost|p2a: Frozen|spa|2
|move|p1a: Chansey|Ice Beam|p2a: Frozen
|-resisted|p2a: Frozen
|-damage|p2a: Frozen|246\/393
|
|turn|48
|choice|move 3|move 4
|
|move|p2a: Frozen|Thunder Wave|p1a: Chansey
|-fail|p1a: Chansey|par
|move|p1a: Chansey|Light Screen|p1a: Chansey
|-fail|p1a: Chansey
|
|turn|49
|choice|move 3|move 2
|
|move|p2a: Frozen|Amnesia|p2a: Frozen
|-boost|p2a: Frozen|spd|2
|-boost|p2a: Frozen|spa|2
|move|p1a: Chansey|Light Screen|p1a: Chansey
|-fail|p1a: Chansey
|
|turn|50
|choice|move 3|move 2
|
|move|p2a: Frozen|Amnesia|p2a: Frozen
|-boost|p2a: Frozen|spd|2
|-boost|p2a: Frozen|spa|2
|cant|p1a: Chansey|par
|
|turn|51
|choice|move 3|move 4
|
|move|p2a: Frozen|Thunder Wave|p1a: Chansey
|-fail|p1a: Chansey|par
|cant|p1a: Chansey|par
|
|turn|52
|choice|move 3|move 2
|
|move|p2a: Frozen|Amnesia|p2a: Frozen
|-boost|p2a: Frozen|spd|2
|-boost|p2a: Frozen|spa|2
|move|p1a: Chansey|Light Screen|p1a: Chansey
|-fail|p1a: Chansey
|
|turn|53
|choice|move 2|move 2
|
|move|p2a: Frozen|Amnesia|p2a: Frozen
|-boost|p2a: Frozen|spd|2
|-boost|p2a: Frozen|spa|2
|move|p1a: Chansey|Thunderbolt|p2a: Frozen
|-supereffective|p2a: Frozen
|-damage|p2a: Frozen|199\/393
|
|turn|54
|choice|move 3|move 3
|
|move|p2a: Frozen|Rest|p2a: Frozen
|-status|p2a: Frozen|slp
|-heal|p2a: Frozen|393\/393 slp|[silent]
|-status|p2a: Frozen|slp|[from] move: Rest
|move|p1a: Chansey|Light Screen|p1a: Chansey
|-fail|p1a: Chansey
|
|turn|55
|choice|move 3|move 4
|
|cant|p2a: Frozen|slp
|move|p1a: Chansey|Light Screen|p1a: Chansey
|-fail|p1a: Chansey
|
|turn|56
|choice|move 2|move 4
|
|-curestatus|p2a: Frozen|slp
|move|p1a: Chansey|Thunderbolt|p2a: Frozen
|-supereffective|p2a: Frozen
|-damage|p2a: Frozen|344\/393
|
|turn|57
|choice|move 1|move 2
|
|move|p2a: Frozen|Amnesia|p2a: Frozen
|-boost|p2a: Frozen|spd|2
|-boost|p2a: Frozen|spa|2
|move|p1a: Chansey|Ice Beam|p2a: Frozen
|-resisted|p2a: Frozen
|-damage|p2a: Frozen|333\/393
|
|turn|58
|choice|move 3|move 2
|
|move|p2a: Frozen|Amnesia|p2a: Frozen
|-boost|p2a: Frozen|spd|2
|-boost|p2a: Frozen|spa|2
|move|p1a: Chansey|Light Screen|p1a: Chansey
|-fail|p1a: Chansey
|
|turn|59
|choice|move 3|move 2
|
|move|p2a: Frozen|Amnesia|p2a: Frozen
|-boost|p2a: Frozen|spd|2
|-boost|p2a: Frozen|spa|2
|move|p1a: Chansey|Light Screen|p1a: Chansey
|-fail|p1a: Chansey
|
|turn|60
|choice|move 3|move 2
|
|move|p2a: Frozen|Amnesia|p2a: Frozen
|-boost|p2a: Frozen|spd|2
|-boost|p2a: Frozen|spa|2
|move|p1a: Chansey|Light Screen|p1a: Chansey
|-fail|p1a: Chansey
|
|turn|61
|choice|move 3|move 2
|
|move|p2a: Frozen|Amnesia|p2a: Frozen
|-boost|p2a: Frozen|spd|2
|-boost|p2a: Frozen|spa|2
|move|p1a: Chansey|Light Screen|p1a: Chansey
|-fail|p1a: Chansey
|
|turn|62
|choice|move 3|move 2
|
|move|p2a: Frozen|Amnesia|p2a: Frozen
|-boost|p2a: Frozen|spd|2
|-boost|p2a: Frozen|spa|2
|move|p1a: Chansey|Light Screen|p1a: Chansey
|-fail|p1a: Chansey
|
|turn|63
|choice|move 3|move 2
|
|move|p2a: Frozen|Amnesia|p2a: Frozen
|-boost|p2a: Frozen|spd|2
|-boost|p2a: Frozen|spa|2
|move|p1a: Chansey|Light Screen|p1a: Chansey
|-fail|p1a: Chansey
|
|turn|64
|choice|move 3|move 2
|
|move|p2a: Frozen|Amnesia|p2a: Frozen
|-boost|p2a: Frozen|spd|2
|-boost|p2a: Frozen|spa|2
|cant|p1a: Chansey|par
|
|turn|65
|choice|move 3|move 2
|
|move|p2a: Frozen|Amnesia|p2a: Frozen
|-boost|p2a: Frozen|spd|2
|-boost|p2a: Frozen|spa|2
|move|p1a: Chansey|Light Screen|p1a: Chansey
|-fail|p1a: Chansey
|
|turn|66
|choice|move 3|move 2
|
|move|p2a: Frozen|Amnesia|p2a: Frozen
|-boost|p2a: Frozen|spd|2
|-boost|p2a: Frozen|spa|2
|cant|p1a: Chansey|par
|
|turn|67
|choice|move 3|move 2
|
|move|p2a: Frozen|Amnesia|p2a: Frozen
|-boost|p2a: Frozen|spd|2
|-boost|p2a: Frozen|spa|2
|move|p1a: Chansey|Light Screen|p1a: Chansey
|-fail|p1a: Chansey
|
|turn|68
|choice|move 1|move 2
|
|move|p2a: Frozen|Amnesia|p2a: Frozen
|-boost|p2a: Frozen|spd|2
|-boost|p2a: Frozen|spa|2
|move|p1a: Chansey|Ice Beam|p2a: Frozen
|-resisted|p2a: Frozen
|-damage|p2a: Frozen|321\/393
|
|turn|69
|choice|move 1|move 2
|
|move|p2a: Frozen|Amnesia|p2a: Frozen
|-boost|p2a: Frozen|spd|2
|-boost|p2a: Frozen|spa|2
|move|p1a: Chansey|Ice Beam|p2a: Frozen
|-resisted|p2a: Frozen
|-damage|p2a: Frozen|309\/393
|
|turn|70
|choice|move 1|move 2
|
|move|p2a: Frozen|Amnesia|p2a: Frozen
|-boost|p2a: Frozen|spd|2
|-boost|p2a: Frozen|spa|2
|move|p1a: Chansey|Ice Beam|p2a: Frozen
|-resisted|p2a: Frozen
|-damage|p2a: Frozen|298\/393
|-status|p2a: Frozen|frz
|
|turn|71
|choice|switch 6|move 2
|
|switch|p1a: Mew|Mew|403\/403
|cant|p2a: Frozen|frz
|
|turn|72
|choice|move 1|switch 5
|
|switch|p2a: Chance E|Chansey|703\/703
|move|p1a: Mew|Swords Dance|p1a: Mew
|-boost|p1a: Mew|atk|2
|
|turn|73
|choice|move 1|switch 3
|
|switch|p2a: U 2|Mewtwo|415\/415
|move|p1a: Mew|Swords Dance|p1a: Mew
|-boost|p1a: Mew|atk|2
|
|turn|74
|c|★Ch01W0n5h1n|well thats game
|c|★Ch01W0n5h1n|gg
|c|★Whoremaster|dont be so sure
|choice|move 3|move 3
|
|move|p2a: U 2|Ice Beam|p1a: Mew
|-damage|p1a: Mew|306\/403
|move|p1a: Mew|Hyper Beam|p2a: U 2
|-damage|p2a: U 2|11\/415
|
|turn|75
|-mustrecharge|p1a: Mew
|-mustrecharge|p1a: Mew
|choice|move 1|move 3
|
|move|p2a: U 2|Ice Beam|p1a: Mew
|-damage|p1a: Mew|207\/403
|cant|p1a: Mew|recharge
|
|turn|76
|choice|move 3|move 3
|
|move|p2a: U 2|Ice Beam|p1a: Mew
|-damage|p1a: Mew|107\/403
|-status|p1a: Mew|frz
|cant|p1a: Mew|frz
|
|turn|77
|c|★Whoremaster|:O
|c|★Ch01W0n5h1n|oh
|c|★Whoremaster|i didnt want to explode onto slowbro lol
|choice|switch 5|move 2
|
|switch|p1a: Snorlax|Snorlax|523\/523
|move|p2a: U 2|Recover|p2a: U 2
|-heal|p2a: U 2|218\/415
|
|turn|78
|c|★Ch01W0n5h1n|snorlax mh
|choice|move 1|move 2
|
|move|p2a: U 2|Recover|p2a: U 2
|-heal|p2a: U 2|415\/415
|move|p1a: Snorlax|Body Slam|p2a: U 2
|-damage|p2a: U 2|292\/415
|
|turn|79
|choice|move 1|switch 5
|
|switch|p2a: Frozen|Slowbro|298\/393 frz
|move|p1a: Snorlax|Body Slam|p2a: Frozen
|-damage|p2a: Frozen|201\/393 frz
|
|turn|80
|choice|move 1|move 1
|
|move|p1a: Snorlax|Body Slam|p2a: Frozen
|-damage|p2a: Frozen|98\/393 frz
|cant|p2a: Frozen|frz
|
|turn|81
|choice|move 1|move 1
|
|move|p1a: Snorlax|Body Slam|p2a: Frozen
|-damage|p2a: Frozen|1\/393 frz
|cant|p2a: Frozen|frz
|
|turn|82
|choice|move 1|move 1
|
|cant|p2a: Frozen|frz
|move|p1a: Snorlax|Body Slam|p2a: Frozen
|-damage|p2a: Frozen|0 fnt
|faint|p2a: Frozen
|choice||switch 2
|
|switch|p2a: Mrs. Popo|Jynx|259\/333
|turn|83
|choice|move 2|move 3
|
|move|p2a: Mrs. Popo|Psychic|p1a: Snorlax
|-crit|p1a: Snorlax
|-damage|p1a: Snorlax|253\/523
|-unboost|p1a: Snorlax|spd|1
|-unboost|p1a: Snorlax|spa|1
|move|p1a: Snorlax|Earthquake|p2a: Mrs. Popo
|-damage|p2a: Mrs. Popo|108\/333
|
|turn|84
|c|★Whoremaster|:(
|choice|switch 6|move 3
|
|switch|p1a: Chansey|Chansey|703\/703 par
|move|p2a: Mrs. Popo|Psychic|p1a: Chansey
|-crit|p1a: Chansey
|-damage|p1a: Chansey|494\/703 par
|
|turn|85
|choice|move 3|move 4
|
|move|p2a: Mrs. Popo|Substitute|p2a: Mrs. Popo
|-start|p2a: Mrs. Popo|Substitute
|-damage|p2a: Mrs. Popo|25\/333
|move|p1a: Chansey|Light Screen|p1a: Chansey
|-start|p1a: Chansey|Light Screen
|
|turn|86
|choice|move 4|move 3
|
|move|p2a: Mrs. Popo|Psychic|p1a: Chansey
|-damage|p1a: Chansey|443\/703 par
|move|p1a: Chansey|Soft-Boiled|p1a: Chansey
|-heal|p1a: Chansey|703\/703 par
|
|turn|87
|choice|move 2|move 3
|
|move|p2a: Mrs. Popo|Psychic|p1a: Chansey
|-damage|p1a: Chansey|654\/703 par
|move|p1a: Chansey|Thunderbolt|p2a: Mrs. Popo
|-end|p2a: Mrs. Popo|Substitute
|
|turn|88
|choice|move 2|switch 3
|
|switch|p2a: Chance E|Chansey|703\/703
|move|p1a: Chansey|Thunderbolt|p2a: Chance E
|-damage|p2a: Chance E|624\/703
|
|turn|89
|choice|move 2|move 2
|
|move|p2a: Chance E|Ice Beam|p1a: Chansey
|-damage|p1a: Chansey|617\/703 par
|move|p1a: Chansey|Thunderbolt|p2a: Chance E
|-damage|p2a: Chance E|555\/703
|
|turn|90
|choice|move 2|move 3
|
|move|p2a: Chance E|Thunder Wave|p1a: Chansey
|-fail|p1a: Chansey|par
|move|p1a: Chansey|Thunderbolt|p2a: Chance E
|-damage|p2a: Chance E|483\/703
|-status|p2a: Chance E|par
|
|turn|91
|choice|move 3|move 4
|
|move|p1a: Chansey|Light Screen|p1a: Chansey
|-fail|p1a: Chansey
|move|p2a: Chance E|Soft-Boiled|p2a: Chance E
|-heal|p2a: Chance E|703\/703 par
|
|turn|92
|choice|move 3|move 3
|
|move|p2a: Chance E|Thunder Wave|p1a: Chansey
|-fail|p1a: Chansey|par
|move|p1a: Chansey|Light Screen|p1a: Chansey
|-fail|p1a: Chansey
|
|turn|93
|choice|move 3|move 1
|
|move|p1a: Chansey|Light Screen|p1a: Chansey
|-fail|p1a: Chansey
|move|p2a: Chance E|Sing|p1a: Chansey
|-fail|p1a: Chansey
|
|turn|94
|c|★Whoremaster|strange game this one
|c|★Ch01W0n5h1n|indeed
|j|Pr0n Snow
|choice|switch 2|move 1
|
|switch|p1a: Starmie|Starmie|323\/323 slp
|move|p2a: Chance E|Sing|p1a: Starmie
|-fail|p1a: Starmie|slp
|
|turn|95
|choice|switch 6|move 2
|
|switch|p1a: Snorlax|Snorlax|253\/523
|move|p2a: Chance E|Ice Beam|p1a: Snorlax
|-damage|p1a: Snorlax|155\/523
|
|turn|96
|choice|move 1|move 2
|
|move|p1a: Snorlax|Body Slam|p2a: Chance E
|-damage|p2a: Chance E|411\/703 par
|cant|p2a: Chance E|par
|
|turn|97
|c| Pr0n Snow|we need gen 1 AG
|c|★Whoremaster|ag?
|c| Pr0n Snow|anything goes
|c|★Whoremaster|naw thatd make me spew
|choice|move 3|move 2
|
|move|p1a: Snorlax|Hyper Beam|p2a: Chance E
|-damage|p2a: Chance E|0 fnt
|faint|p2a: Chance E
|choice||switch 3
|
|switch|p2a: Mrs. Popo|Jynx|25\/333
|turn|98
|choice|switch 2|move 2
|
|switch|p1a: Chansey|Chansey|617\/703 par
|move|p2a: Mrs. Popo|Blizzard|p1a: Chansey
|-damage|p1a: Chansey|484\/703 par
|
|turn|99
|l|Pr0n Snow
|choice|move 3|switch 5
|
|switch|p2a: U 2|Mewtwo|292\/415
|move|p1a: Chansey|Light Screen|p1a: Chansey
|-start|p1a: Chansey|Light Screen
|
|turn|100
|choice|move 1|move 1
|
|move|p2a: U 2|Amnesia|p2a: U 2
|-boost|p2a: U 2|spd|2
|-boost|p2a: U 2|spa|2
|cant|p1a: Chansey|par
|
|turn|101
|choice|move 1|move 1
|
|move|p2a: U 2|Amnesia|p2a: U 2
|-boost|p2a: U 2|spd|2
|-boost|p2a: U 2|spa|2
|move|p1a: Chansey|Ice Beam|p2a: U 2
|-damage|p2a: U 2|269\/415
|-status|p2a: U 2|frz
|
|turn|102
|c|★Whoremaster|yesssssssss
|c|★Ch01W0n5h1n|now thats game lol
|c|★Ch01W0n5h1n|gg
|c|★Whoremaster|gg
|choice|move 4|switch 5
|
|switch|p2a: Mrs. Popo|Jynx|25\/333
|move|p1a: Chansey|Soft-Boiled|p1a: Chansey
|-heal|p1a: Chansey|703\/703 par
|
|turn|103
|c|★Whoremaster|was fun
|choice|move 2|move 3
|
|move|p2a: Mrs. Popo|Psychic|p1a: Chansey
|-crit|p1a: Chansey
|-damage|p1a: Chansey|498\/703 par
|move|p1a: Chansey|Thunderbolt|p2a: Mrs. Popo
|-damage|p2a: Mrs. Popo|0 fnt
|faint|p2a: Mrs. Popo
|choice||switch 5
|
|switch|p2a: U 2|Mewtwo|269\/415 frz
|turn|104
|choice|switch 2|move 1
|
|switch|p1a: Snorlax|Snorlax|155\/523
|cant|p2a: U 2|frz
|
|turn|105
|choice|move 4|move 1
|
|cant|p2a: U 2|frz
|move|p1a: Snorlax|Self-Destruct|p2a: U 2
|-damage|p2a: U 2|0 fnt
|faint|p2a: U 2
|faint|p1a: Snorlax
|
|win|Whoremaster
|player|p1
|player|p2
|c|★Whoremaster|ggs