|j|charrol
|j|vvdfdvfvfv
|player|p1|charrol|60
|player|p2|vvdfdvfvfv|265
|gametype|singles
|gen|1
|tier|[Gen 1] OU
|rated
|seed|
|rule|Sleep Clause Mod: Limit one foe put to sleep
|rule|Freeze Clause Mod: Limit one foe frozen
|rule|Species Clause: Limit one of each Pokémon
|rule|OHKO Clause: OHKO moves are banned
|rule|Evasion Moves Clause: Evasion moves are banned
|rule|HP Percentage Mod: HP is shown in percentages
|
|start
|switch|p1a: Jolteon|Jolteon, M|100\/100
|switch|p2a: Alakazam|Alakazam|100\/100
|turn|1
|choice||
|
|switch|p1a: Exeggutor|Exeggutor, M|100\/100
|switch|p2a: Golem|Golem|100\/100
|
|turn|2
|choice||
|
|switch|p2a: Alakazam|Alakazam|100\/100
|move|p1a: Exeggutor|Sleep Powder|p2a: Alakazam|[miss]
|-miss|p1a: Exeggutor
|
|turn|3
|choice||
|
|move|p2a: Alakazam|Thunder Wave|p1a: Exeggutor
|-status|p1a: Exeggutor|par
|cant|p1a: Exeggutor|par
|
|turn|4
|choice||
|
|move|p2a: Alakazam|Seismic Toss|p1a: Exeggutor
|-damage|p1a: Exeggutor|75\/100 par
|move|p1a: Exeggutor|Sleep Powder|p2a: Alakazam
|-status|p2a: Alakazam|slp
|
|turn|5
|choice||
|
|switch|p2a: Chansey|Chansey|100\/100
|cant|p1a: Exeggutor|par
|
|turn|6
|choice||
|
|switch|p2a: Exeggutor|Exeggutor|100\/100
|switch|p1a: Chansey|Chansey|100\/100
|
|turn|7
|choice||
|
|switch|p2a: Chansey|Chansey|100\/100
|switch|p1a: Exeggutor|Exeggutor, M|75\/100 par
|
|turn|8
|choice||
|
|switch|p1a: Chansey|Chansey|100\/100
|move|p2a: Chansey|Ice Beam|p1a: Chansey
|-damage|p1a: Chansey|89\/100
|
|turn|9
|choice||
|
|move|p1a: Chansey|Thunder Wave|p2a: Chansey
|-status|p2a: Chansey|par
|move|p2a: Chansey|Ice Beam|p1a: Chansey
|-damage|p1a: Chansey|79\/100
|
|turn|10
|choice||
|
|switch|p1a: Snorlax|Snorlax, M|100\/100
|cant|p2a: Chansey|par
|
|turn|11
|choice||
|
|switch|p1a: Chansey|Chansey|79\/100
|move|p2a: Chansey|Thunder Wave|p1a: Chansey
|-status|p1a: Chansey|par
|
|turn|12
|choice||
|
|switch|p2a: Alakazam|Alakazam|100\/100 slp
|move|p1a: Chansey|Reflect|p1a: Chansey
|-start|p1a: Chansey|Reflect
|
|turn|13
|choice||
|
|switch|p1a: Snorlax|Snorlax, M|100\/100
|cant|p2a: Alakazam|slp
|
|turn|14
|choice||
|
|switch|p2a: Exeggutor|Exeggutor|100\/100
|move|p1a: Snorlax|Body Slam|p2a: Exeggutor
|-damage|p2a: Exeggutor|70\/100
|-status|p2a: Exeggutor|par
|
|turn|15
|choice||
|
|move|p1a: Snorlax|Body Slam|p2a: Exeggutor
|-damage|p2a: Exeggutor|39\/100 par
|cant|p2a: Exeggutor|par
|
|turn|16
|choice||
|
|move|p1a: Snorlax|Hyper Beam|p2a: Exeggutor
|-damage|p2a: Exeggutor|0 fnt
|faint|p2a: Exeggutor
|choice||
|
|switch|p2a: Golem|Golem|100\/100
|turn|17
|choice||
|
|switch|p1a: Starmie|Starmie|100\/100
|move|p2a: Golem|Earthquake|p1a: Starmie
|-damage|p1a: Starmie|59\/100
|
|turn|18
|choice||
|
|switch|p2a: Chansey|Chansey|100\/100 par
|move|p1a: Starmie|Recover|p1a: Starmie
|-heal|p1a: Starmie|100\/100
|
|turn|19
|choice||
|
|switch|p1a: Snorlax|Snorlax, M|100\/100
|move|p2a: Chansey|Thunder Wave|p1a: Snorlax
|-status|p1a: Snorlax|par
|
|turn|20
|choice||
|
|switch|p2a: Golem|Golem|100\/100
|move|p1a: Snorlax|Earthquake|p2a: Golem
|-supereffective|p2a: Golem
|-damage|p2a: Golem|62\/100
|
|turn|21
|choice||
|
|move|p2a: Golem|Earthquake|p1a: Snorlax
|-damage|p1a: Snorlax|68\/100 par
|cant|p1a: Snorlax|par
|
|turn|22
|choice||
|
|move|p2a: Golem|Earthquake|p1a: Snorlax
|-damage|p1a: Snorlax|37\/100 par
|cant|p1a: Snorlax|par
|
|turn|23
|choice||
|
|switch|p1a: Starmie|Starmie|100\/100
|move|p2a: Golem|Body Slam|p1a: Starmie
|-damage|p1a: Starmie|78\/100
|-status|p1a: Starmie|par
|
|turn|24
|choice||
|
|switch|p2a: Chansey|Chansey|100\/100 par
|switch|p1a: Snorlax|Snorlax, M|37\/100 par
|
|turn|25
|choice||
|
|switch|p2a: Slowbro|Slowbro|100\/100
|cant|p1a: Snorlax|par
|
|turn|26
|choice||
|
|switch|p2a: Golem|Golem|62\/100
|move|p1a: Snorlax|Self-Destruct|p2a: Golem
|-resisted|p2a: Golem
|-damage|p2a: Golem|24\/100
|faint|p1a: Snorlax
|choice||
|
|switch|p1a: Tauros|Tauros|100\/100
|turn|27
|choice||
|
|switch|p2a: Alakazam|Alakazam|100\/100 slp
|move|p1a: Tauros|Earthquake|p2a: Alakazam
|-damage|p2a: Alakazam|60\/100 slp
|
|turn|28
|choice||
|
|switch|p2a: Slowbro|Slowbro|100\/100
|move|p1a: Tauros|Body Slam|p2a: Slowbro
|-damage|p2a: Slowbro|78\/100
|
|turn|29
|choice||
|
|switch|p1a: Starmie|Starmie|78\/100 par
|move|p2a: Slowbro|Psychic|p1a: Starmie
|-resisted|p1a: Starmie
|-damage|p1a: Starmie|65\/100 par
|
|turn|30
|choice||
|
|switch|p2a: Alakazam|Alakazam|60\/100 slp
|cant|p1a: Starmie|par
|
|turn|31
|choice||
|
|switch|p1a: Tauros|Tauros|100\/100
|cant|p2a: Alakazam|slp
|
|turn|32
|choice||
|
|switch|p2a: Slowbro|Slowbro|78\/100
|move|p1a: Tauros|Body Slam|p2a: Slowbro
|-damage|p2a: Slowbro|54\/100
|
|turn|33
|choice||
|
|move|p1a: Tauros|Body Slam|p2a: Slowbro
|-crit|p2a: Slowbro
|-damage|p2a: Slowbro|9\/100
|move|p2a: Slowbro|Thunder Wave|p1a: Tauros
|-status|p1a: Tauros|par
|
|turn|34
|choice||
|
|move|p2a: Slowbro|Rest|p2a: Slowbro
|-status|p2a: Slowbro|slp
|-heal|p2a: Slowbro|100\/100 slp|[silent]
|-status|p2a: Slowbro|slp|[from] move: Rest
|cant|p1a: Tauros|par
|
|turn|35
|choice||
|
|switch|p1a: Jolteon|Jolteon, M|100\/100
|cant|p2a: Slowbro|slp
|
|turn|36
|choice||
|
|switch|p2a: Chansey|Chansey|100\/100 par
|move|p1a: Jolteon|Double Kick|p2a: Chansey
|-crit|p2a: Chansey
|-supereffective|p2a: Chansey
|-damage|p2a: Chansey|75\/100 par
|-damage|p2a: Chansey|49\/100 par
|-hitcount|p2a: Chansey|2
|
|turn|37
|choice||
|
|switch|p1a: Tauros|Tauros|100\/100 par
|cant|p2a: Chansey|par
|
|turn|38
|choice||
|
|move|p1a: Tauros|Body Slam|p2a: Chansey
|-damage|p2a: Chansey|8\/100 par
|move|p2a: Chansey|Soft-Boiled|p2a: Chansey
|-heal|p2a: Chansey|58\/100 par
|
|turn|39
|choice||
|
|switch|p2a: Slowbro|Slowbro|100\/100 slp
|cant|p1a: Tauros|par
|
|turn|40
|choice||
|
|-curestatus|p2a: Slowbro|slp
|move|p1a: Tauros|Body Slam|p2a: Slowbro
|-crit|p2a: Slowbro
|-damage|p2a: Slowbro|54\/100
|
|turn|41
|choice||
|
|move|p2a: Slowbro|Rest|p2a: Slowbro
|-status|p2a: Slowbro|slp
|-heal|p2a: Slowbro|100\/100 slp|[silent]
|-status|p2a: Slowbro|slp|[from] move: Rest
|move|p1a: Tauros|Body Slam|p2a: Slowbro
|-damage|p2a: Slowbro|75\/100 slp
|
|turn|42
|choice||
|
|switch|p2a: Golem|Golem|24\/100
|switch|p1a: Jolteon|Jolteon, M|100\/100
|
|turn|43
|choice||
|
|switch|p1a: Exeggutor|Exeggutor, M|75\/100 par
|move|p2a: Golem|Rock Slide|p1a: Exeggutor
|-damage|p1a: Exeggutor|46\/100 par
|
|turn|44
|choice||
|
|switch|p2a: Alakazam|Alakazam|60\/100 slp
|move|p1a: Exeggutor|Psychic|p2a: Alakazam
|-resisted|p2a: Alakazam
|-damage|p2a: Alakazam|44\/100 slp
|
|turn|45
|choice||
|
|switch|p2a: Tauros|Tauros|100\/100
|move|p1a: Exeggutor|Hyper Beam|p2a: Tauros
|-damage|p2a: Tauros|65\/100
|
|turn|46
|-mustrecharge|p1a: Exeggutor
|-mustrecharge|p1a: Exeggutor
|choice||
|
|move|p2a: Tauros|Body Slam|p1a: Exeggutor
|-damage|p1a: Exeggutor|16\/100 par
|cant|p1a: Exeggutor|recharge
|
|turn|47
|choice||
|
|move|p2a: Tauros|Body Slam|p1a: Exeggutor
|-crit|p1a: Exeggutor
|-damage|p1a: Exeggutor|0 fnt
|faint|p1a: Exeggutor
|choice||
|
|switch|p1a: Tauros|Tauros|100\/100 par
|turn|48
|choice||
|
|move|p2a: Tauros|Body Slam|p1a: Tauros
|-crit|p1a: Tauros
|-damage|p1a: Tauros|48\/100 par
|move|p1a: Tauros|Body Slam|p2a: Tauros
|-crit|p2a: Tauros
|-damage|p2a: Tauros|5\/100
|
|turn|49
|choice||
|
|switch|p1a: Starmie|Starmie|65\/100 par
|move|p2a: Tauros|Hyper Beam|p1a: Starmie
|-damage|p1a: Starmie|4\/100 par
|
|turn|50
|-mustrecharge|p2a: Tauros
|-mustrecharge|p2a: Tauros
|choice||
|
|cant|p2a: Tauros|recharge
|move|p1a: Starmie|Thunderbolt|p2a: Tauros
|-damage|p2a: Tauros|0 fnt
|faint|p2a: Tauros
|choice||
|
|switch|p2a: Golem|Golem|24\/100
|turn|51
|choice||
|
|move|p2a: Golem|Earthquake|p1a: Starmie
|-damage|p1a: Starmie|0 fnt
|faint|p1a: Starmie
|choice||
|
|switch|p1a: Chansey|Chansey|79\/100 par
|turn|52
|choice||
|
|switch|p2a: Chansey|Chansey|58\/100 par
|cant|p1a: Chansey|par
|
|turn|53
|choice||
|
|switch|p1a: Tauros|Tauros|48\/100 par
|move|p2a: Chansey|Soft-Boiled|p2a: Chansey
|-heal|p2a: Chansey|100\/100 par
|
|turn|54
|choice||
|
|move|p1a: Tauros|Body Slam|p2a: Chansey
|-damage|p2a: Chansey|59\/100 par
|move|p2a: Chansey|Thunderbolt|p1a: Tauros
|-damage|p1a: Tauros|21\/100 par
|
|turn|55
|choice||
|
|switch|p2a: Slowbro|Slowbro|75\/100 slp
|move|p1a: Tauros|Hyper Beam|p2a: Slowbro
|-damage|p2a: Slowbro|35\/100 slp
|
|turn|56
|-mustrecharge|p1a: Tauros
|-mustrecharge|p1a: Tauros
|choice||
|
|cant|p2a: Slowbro|slp
|cant|p1a: Tauros|recharge
|
|turn|57
|j|Naoki Miki
|choice||
|
|switch|p2a: Alakazam|Alakazam|44\/100 slp
|move|p1a: Tauros|Hyper Beam|p2a: Alakazam
|-damage|p2a: Alakazam|0 fnt
|faint|p2a: Alakazam
|choice||
|
|switch|p2a: Golem|Golem|24\/100
|turn|58
|choice||
|
|move|p2a: Golem|Earthquake|p1a: Tauros
|-damage|p1a: Tauros|0 fnt
|faint|p1a: Tauros
|choice||
|
|switch|p1a: Chansey|Chansey|79\/100 par
|turn|59
|choice||
|
|switch|p2a: Chansey|Chansey|59\/100 par
|switch|p1a: Jolteon|Jolteon, M|100\/100
|
|turn|60
|choice||
|
|move|p1a: Jolteon|Double Kick|p2a: Chansey
|-supereffective|p2a: Chansey
|-damage|p2a: Chansey|44\/100 par
|-damage|p2a: Chansey|28\/100 par
|-hitcount|p2a: Chansey|2
|move|p2a: Chansey|Thunder Wave|p1a: Jolteon
|-status|p1a: Jolteon|par
|
|turn|61
|choice||
|
|move|p1a: Jolteon|Double Kick|p2a: Chansey
|-crit|p2a: Chansey
|-supereffective|p2a: Chansey
|-damage|p2a: Chansey|0 fnt
|-hitcount|p2a: Chansey|1
|faint|p2a: Chansey
|choice||
|
|switch|p2a: Golem|Golem|24\/100
|turn|62
|choice||
|
|move|p2a: Golem|Earthquake|p1a: Jolteon
|-supereffective|p1a: Jolteon
|-damage|p1a: Jolteon|0 fnt
|faint|p1a: Jolteon
|c|★vvdfdvfvfv|gg bitch
|choice||
|
|switch|p1a: Chansey|Chansey|79\/100 par
|turn|63
|choice||
|
|move|p2a: Golem|Explosion|p1a: Chansey
|-damage|p1a: Chansey|0 fnt
|faint|p1a: Chansey
|faint|p2a: Golem
|
|win|vvdfdvfvfv
|player|p1
|player|p2
|raw|charrol's rating: 1509 &rarr; <strong>1482<\/strong><br \/>(-27 for losing)
|raw|vvdfdvfvfv's rating: 1389 &rarr; <strong>1416<\/strong><br \/>(+27 for winning)
|l|charrol