|join|gamecus
|join|Clarinetno1
|player|p1|gamecus|238
|player|p2|Clarinetno1|263
|gametype|singles
|gen|1
|tier|[Gen 1] Random Battle
|rated
|rule|Sleep Clause Mod: Limit one foe put to sleep
|rule|Freeze Clause Mod: Limit one foe frozen
|rule|HP Percentage Mod: HP is shown in percentages
|
|start
|switch|p1a: Primeape|Primeape, L90|300\/300
|switch|p2a: Bulbasaur|Bulbasaur, L96|281\/281
|turn|1
|
|switch|p1a: Venomoth|Venomoth, L85|293\/293
|move|p2a: Bulbasaur|Sleep Powder|p1a: Venomoth
|-status|p1a: Venomoth|slp
|
|turn|2
|
|switch|p2a: Snorlax|Snorlax, L79|415\/415
|cant|p1a: Venomoth|slp
|
|turn|3
|
|switch|p1a: Gyarados|Gyarados, L85|335\/335
|move|p2a: Snorlax|Thunderbolt|p1a: Gyarados
|-supereffective|p1a: Gyarados
|-damage|p1a: Gyarados|153\/335
|
|turn|4
|
|switch|p1a: Primeape|Primeape, L90|300\/300
|move|p2a: Snorlax|Thunderbolt|p1a: Primeape
|-damage|p1a: Primeape|246\/300
|
|turn|5
|
|switch|p2a: Exeggutor|Exeggutor, L79|312\/312
|move|p1a: Primeape|Body Slam|p2a: Exeggutor
|-damage|p2a: Exeggutor|232\/312
|
|turn|6
|
|switch|p1a: Alakazam|Alakazam, L79|249\/249
|move|p2a: Exeggutor|Stun Spore|p1a: Alakazam
|-status|p1a: Alakazam|par
|
|turn|7
|
|move|p2a: Exeggutor|Egg Bomb|p1a: Alakazam
|-damage|p1a: Alakazam|160\/249 par
|move|p1a: Alakazam|Reflect|p1a: Alakazam
|-start|p1a: Alakazam|Reflect
|
|turn|8
|
|move|p2a: Exeggutor|Egg Bomb|p1a: Alakazam
|-damage|p1a: Alakazam|111\/249 par
|move|p1a: Alakazam|Thunder Wave|p2a: Exeggutor
|-status|p2a: Exeggutor|par
|
|turn|9
|
|move|p1a: Alakazam|Recover|p1a: Alakazam
|-heal|p1a: Alakazam|235\/249 par
|move|p2a: Exeggutor|Egg Bomb|p1a: Alakazam|[miss]
|-miss|p2a: Exeggutor
|
|turn|10
|
|move|p1a: Alakazam|Psychic|p2a: Exeggutor
|-resisted|p2a: Exeggutor
|-damage|p2a: Exeggutor|186\/312 par
|move|p2a: Exeggutor|Egg Bomb|p1a: Alakazam|[miss]
|-miss|p2a: Exeggutor
|
|turn|11
|
|move|p1a: Alakazam|Psychic|p2a: Exeggutor
|-crit|p2a: Exeggutor
|-resisted|p2a: Exeggutor
|-damage|p2a: Exeggutor|106\/312 par
|-unboost|p2a: Exeggutor|spd|1
|-unboost|p2a: Exeggutor|spa|1
|cant|p2a: Exeggutor|par
|
|turn|12
|
|move|p1a: Alakazam|Psychic|p2a: Exeggutor
|-resisted|p2a: Exeggutor
|-damage|p2a: Exeggutor|34\/312 par
|move|p2a: Exeggutor|Egg Bomb|p1a: Alakazam|[miss]
|-miss|p2a: Exeggutor
|
|turn|13
|
|cant|p1a: Alakazam|par
|move|p2a: Exeggutor|Egg Bomb|p1a: Alakazam
|-damage|p1a: Alakazam|188\/249 par
|
|turn|14
|
|move|p1a: Alakazam|Psychic|p2a: Exeggutor
|-resisted|p2a: Exeggutor
|-damage|p2a: Exeggutor|0 fnt
|faint|p2a: Exeggutor
|
|switch|p2a: Bulbasaur|Bulbasaur, L96|281\/281
|turn|15
|
|move|p2a: Bulbasaur|Leech Seed|p1a: Alakazam
|-start|p1a: Alakazam|move: Leech Seed
|move|p1a: Alakazam|Thunder Wave|p2a: Bulbasaur
|-status|p2a: Bulbasaur|par
|-damage|p1a: Alakazam|173\/249 par|[from] Leech Seed|[of] p2a: Bulbasaur
|
|turn|16
|
|move|p1a: Alakazam|Recover|p1a: Alakazam
|-heal|p1a: Alakazam|249\/249 par
|-damage|p1a: Alakazam|234\/249 par|[from] Leech Seed|[of] p2a: Bulbasaur
|move|p2a: Bulbasaur|Razor Leaf|p1a: Alakazam
|-crit|p1a: Alakazam
|-damage|p1a: Alakazam|136\/249 par
|
|turn|17
|
|move|p1a: Alakazam|Psychic|p2a: Bulbasaur
|-supereffective|p2a: Bulbasaur
|-damage|p2a: Bulbasaur|75\/281 par
|-damage|p1a: Alakazam|121\/249 par|[from] Leech Seed|[of] p2a: Bulbasaur
|-heal|p2a: Bulbasaur|90\/281 par|[silent]
|move|p2a: Bulbasaur|Razor Leaf|p1a: Alakazam
|-crit|p1a: Alakazam
|-damage|p1a: Alakazam|25\/249 par
|
|turn|18
|
|move|p1a: Alakazam|Recover|p1a: Alakazam
|-heal|p1a: Alakazam|149\/249 par
|-damage|p1a: Alakazam|134\/249 par|[from] Leech Seed|[of] p2a: Bulbasaur
|-heal|p2a: Bulbasaur|105\/281 par|[silent]
|move|p2a: Bulbasaur|Razor Leaf|p1a: Alakazam
|-crit|p1a: Alakazam
|-damage|p1a: Alakazam|41\/249 par
|
|turn|19
|
|move|p1a: Alakazam|Psychic|p2a: Bulbasaur
|-supereffective|p2a: Bulbasaur
|-damage|p2a: Bulbasaur|0 fnt
|faint|p2a: Bulbasaur
|
|switch|p2a: Seadra|Seadra, L90|282\/282
|turn|20
|
|move|p2a: Seadra|Surf|p1a: Alakazam
|-damage|p1a: Alakazam|0 fnt
|faint|p1a: Alakazam
|
|switch|p1a: Gyarados|Gyarados, L85|153\/335
|turn|21
|
|move|p2a: Seadra|Smokescreen|p1a: Gyarados
|-unboost|p1a: Gyarados|accuracy|1
|move|p1a: Gyarados|Thunderbolt|p2a: Seadra|[miss]
|-miss|p1a: Gyarados
|
|turn|22
|
|move|p2a: Seadra|Mimic|p1a: Gyarados
|-start|p2a: Seadra|Mimic|Blizzard
|move|p1a: Gyarados|Thunderbolt|p2a: Seadra|[miss]
|-miss|p1a: Gyarados
|
|turn|23
|
|move|p2a: Seadra|Smokescreen|p1a: Gyarados
|-unboost|p1a: Gyarados|accuracy|1
|move|p1a: Gyarados|Thunderbolt|p2a: Seadra|[miss]
|-miss|p1a: Gyarados
|
|turn|24
|
|move|p2a: Seadra|Blizzard|p1a: Gyarados|[miss]
|-miss|p2a: Seadra
|move|p1a: Gyarados|Thunderbolt|p2a: Seadra
|-supereffective|p2a: Seadra
|-damage|p2a: Seadra|163\/282
|
|turn|25
|
|switch|p1a: Primeape|Primeape, L90|246\/300
|move|p2a: Seadra|Blizzard|p1a: Primeape
|-damage|p1a: Primeape|135\/300
|
|turn|26
|
|move|p1a: Primeape|Body Slam|p2a: Seadra
|-damage|p2a: Seadra|100\/282
|move|p2a: Seadra|Smokescreen|p1a: Primeape
|-unboost|p1a: Primeape|accuracy|1
|
|turn|27
|
|move|p1a: Primeape|Hyper Beam|p2a: Seadra|[miss]
|-miss|p1a: Primeape
|move|p2a: Seadra|Hydro Pump|p1a: Primeape
|-damage|p1a: Primeape|0 fnt
|faint|p1a: Primeape
|
|switch|p1a: Gyarados|Gyarados, L85|153\/335
|turn|28
|
|move|p2a: Seadra|Smokescreen|p1a: Gyarados
|-unboost|p1a: Gyarados|accuracy|1
|move|p1a: Gyarados|Thunderbolt|p2a: Seadra
|-crit|p2a: Seadra
|-supereffective|p2a: Seadra
|-damage|p2a: Seadra|0 fnt
|faint|p2a: Seadra
|
|switch|p2a: Primeape|Primeape, L90|300\/300
|turn|29
|
|move|p2a: Primeape|Rock Slide|p1a: Gyarados
|-supereffective|p1a: Gyarados
|-damage|p1a: Gyarados|20\/335
|move|p1a: Gyarados|Body Slam|p2a: Primeape
|-damage|p2a: Primeape|216\/300
|-status|p2a: Primeape|par
|
|turn|30
|
|move|p1a: Gyarados|Hyper Beam|p2a: Primeape
|-damage|p2a: Primeape|66\/300 par
|move|p2a: Primeape|Rock Slide|p1a: Gyarados
|-supereffective|p1a: Gyarados
|-damage|p1a: Gyarados|0 fnt
|faint|p1a: Gyarados
|
|switch|p1a: Mewtwo|Mewtwo, L68|285\/285
|turn|31
|
|move|p1a: Mewtwo|Psychic|p2a: Primeape
|-supereffective|p2a: Primeape
|-damage|p2a: Primeape|0 fnt
|faint|p2a: Primeape
|
|switch|p2a: Snorlax|Snorlax, L79|415\/415
|turn|32
|
|move|p1a: Mewtwo|Amnesia|p1a: Mewtwo
|-boost|p1a: Mewtwo|spd|2
|-boost|p1a: Mewtwo|spa|2
|move|p2a: Snorlax|Amnesia|p2a: Snorlax
|-boost|p2a: Snorlax|spd|2
|-boost|p2a: Snorlax|spa|2
|
|turn|33
|
|move|p1a: Mewtwo|Psychic|p2a: Snorlax
|-damage|p2a: Snorlax|294\/415
|move|p2a: Snorlax|Thunderbolt|p1a: Mewtwo
|-damage|p1a: Mewtwo|246\/285
|
|turn|34
|-message|Clarinetno1 forfeited.
|
|win|gamecus
|raw|Ladder updating...
|leave|Clarinetno1
|player|p2