|join|MALESANI
|join|sciberbia
|player|p1|MALESANI|238
|player|p2|sciberbia|52
|gametype|singles
|gen|1
|tier|[Gen 1] Random Battle
|rated
|seed|53236,15495,9528,24247
|rule|Sleep Clause Mod: Limit one foe put to sleep
|rule|Freeze Clause Mod: Limit one foe frozen
|rule|HP Percentage Mod: HP is shown in percentages
|
|start
|switch|p1a: Tangela|Tangela, L85|284\/284
|switch|p2a: Sandshrew|Sandshrew, L96|291\/291
|turn|1
|choice|move 2|move 3
|
|move|p1a: Tangela|Stun Spore|p2a: Sandshrew
|-status|p2a: Sandshrew|par
|move|p2a: Sandshrew|Body Slam|p1a: Tangela
|-damage|p1a: Tangela|226\/284
|
|turn|2
|choice|move 1|move 3
|
|move|p1a: Tangela|Mega Drain|p2a: Sandshrew
|-supereffective|p2a: Sandshrew
|-damage|p2a: Sandshrew|150\/291 par
|-heal|p1a: Tangela|284\/284|[from] drain|[of] p2a: Sandshrew
|move|p2a: Sandshrew|Body Slam|p1a: Tangela
|-damage|p1a: Tangela|231\/284
|
|turn|3
|choice|move 1|switch 3
|
|switch|p2a: Muk|Muk, L90|372\/372
|move|p1a: Tangela|Mega Drain|p2a: Muk
|-resisted|p2a: Muk
|-damage|p2a: Muk|349\/372
|-heal|p1a: Tangela|242\/284|[from] drain|[of] p2a: Muk
|
|turn|4
|choice|switch 3|move 2
|
|switch|p1a: Weezing|Weezing, L90|300\/300
|move|p2a: Muk|Sludge|p1a: Weezing
|-resisted|p1a: Weezing
|-damage|p1a: Weezing|270\/300
|
|turn|5
|choice|move 4|switch 3
|
|switch|p2a: Sandshrew|Sandshrew, L96|150\/291 par
|move|p1a: Weezing|Fire Blast|p2a: Sandshrew
|-damage|p2a: Sandshrew|25\/291 par
|
|turn|6
|choice|move 2|move 1
|
|move|p1a: Weezing|Sludge|p2a: Sandshrew
|-resisted|p2a: Sandshrew
|-damage|p2a: Sandshrew|0 fnt
|faint|p2a: Sandshrew
|choice||switch 5
|
|switch|p2a: Blastoise|Blastoise, L85|308\/308
|turn|7
|choice|move 3|move 1
|
|move|p2a: Blastoise|Surf|p1a: Weezing
|-damage|p1a: Weezing|173\/300
|move|p1a: Weezing|Thunderbolt|p2a: Blastoise
|-supereffective|p2a: Blastoise
|-damage|p2a: Blastoise|173\/308
|
|turn|8
|choice|move 3|move 1
|
|move|p2a: Blastoise|Surf|p1a: Weezing
|-damage|p1a: Weezing|80\/300
|move|p1a: Weezing|Thunderbolt|p2a: Blastoise
|-supereffective|p2a: Blastoise
|-damage|p2a: Blastoise|35\/308
|
|turn|9
|choice|switch 2|move 1
|
|switch|p1a: Seadra|Seadra, L90|282\/282
|move|p2a: Blastoise|Surf|p1a: Seadra
|-resisted|p1a: Seadra
|-damage|p1a: Seadra|237\/282
|
|turn|10
|choice|move 4|move 2
|
|move|p1a: Seadra|Surf|p2a: Blastoise
|-resisted|p2a: Blastoise
|-damage|p2a: Blastoise|0 fnt
|faint|p2a: Blastoise
|choice||switch 4
|
|switch|p2a: Cloyster|Cloyster, L83|253\/253
|turn|11
|choice|switch 3|move 3
|
|switch|p1a: Tangela|Tangela, L85|242\/284
|move|p2a: Cloyster|Blizzard|p1a: Tangela|[miss]
|-miss|p2a: Cloyster
|
|turn|12
|choice|move 2|move 3
|
|move|p2a: Cloyster|Blizzard|p1a: Tangela|[miss]
|-miss|p2a: Cloyster
|move|p1a: Tangela|Stun Spore|p2a: Cloyster
|-status|p2a: Cloyster|par
|
|turn|13
|choice|move 1|move 3
|
|move|p1a: Tangela|Mega Drain|p2a: Cloyster
|-supereffective|p2a: Cloyster
|-damage|p2a: Cloyster|152\/253 par
|-heal|p1a: Tangela|284\/284|[from] drain|[of] p2a: Cloyster
|move|p2a: Cloyster|Blizzard|p1a: Tangela
|-supereffective|p1a: Tangela
|-damage|p1a: Tangela|67\/284
|-status|p1a: Tangela|frz
|
|turn|14
|choice|switch 5|move 3
|
|switch|p1a: Clefable|Clefable, L85|335\/335
|move|p2a: Cloyster|Blizzard|p1a: Clefable
|-crit|p1a: Clefable
|-damage|p1a: Clefable|103\/335
|
|turn|15
|choice|move 3|move 3
|
|move|p1a: Clefable|Hyper Beam|p2a: Cloyster
|-damage|p2a: Cloyster|75\/253 par
|move|p2a: Cloyster|Blizzard|p1a: Clefable
|-damage|p1a: Clefable|0 fnt
|faint|p1a: Clefable
|choice|switch 2|
|
|switch|p1a: Weezing|Weezing, L90|80\/300
|turn|16
|choice|move 3|move 2
|
|move|p1a: Weezing|Thunderbolt|p2a: Cloyster
|-supereffective|p2a: Cloyster
|-damage|p2a: Cloyster|0 fnt
|faint|p2a: Cloyster
|choice||switch 2
|
|switch|p2a: Hitmonchan|Hitmonchan, L90|273\/273
|turn|17
|choice|move 1|move 2
|
|move|p2a: Hitmonchan|Seismic Toss|p1a: Weezing
|-damage|p1a: Weezing|0 fnt
|faint|p1a: Weezing
|choice|switch 3|
|
|switch|p1a: Seadra|Seadra, L90|237\/282
|turn|18
|choice|move 4|move 3
|
|move|p1a: Seadra|Surf|p2a: Hitmonchan
|-damage|p2a: Hitmonchan|103\/273
|move|p2a: Hitmonchan|Body Slam|p1a: Seadra
|-damage|p1a: Seadra|175\/282
|
|turn|19
|choice|move 4|switch 3
|
|switch|p2a: Muk|Muk, L90|349\/372
|move|p1a: Seadra|Surf|p2a: Muk
|-damage|p2a: Muk|218\/372
|
|turn|20
|choice|switch 5|move 1
|
|switch|p1a: Tangela|Tangela, L85|67\/284 frz
|move|p2a: Muk|Explosion|p1a: Tangela
|-damage|p1a: Tangela|0 fnt
|faint|p1a: Tangela
|faint|p2a: Muk
|choice|switch 4|switch 6
|
|switch|p1a: Omastar|Omastar, L90|309\/309
|switch|p2a: Exeggutor|Exeggutor, L79|312\/312
|turn|21
|choice|move 1|move 1
|
|move|p1a: Omastar|Blizzard|p2a: Exeggutor|[miss]
|-miss|p1a: Omastar
|move|p2a: Exeggutor|Sleep Powder|p1a: Omastar
|-status|p1a: Omastar|slp
|
|turn|22
|choice|switch 6|move 4
|
|switch|p1a: Arcanine|Arcanine, L85|327\/327
|move|p2a: Exeggutor|Psychic|p1a: Arcanine
|-crit|p1a: Arcanine
|-damage|p1a: Arcanine|134\/327
|
|turn|23
|choice|move 4|move 2
|
|move|p1a: Arcanine|Fire Blast|p2a: Exeggutor
|-supereffective|p2a: Exeggutor
|-damage|p2a: Exeggutor|107\/312
|move|p2a: Exeggutor|Hyper Beam|p1a: Arcanine
|-damage|p1a: Arcanine|36\/327
|
|turn|24
|-mustrecharge|p2a: Exeggutor
|-mustrecharge|p2a: Exeggutor
|choice|move 3|move 1
|
|move|p1a: Arcanine|Body Slam|p2a: Exeggutor
|-damage|p2a: Exeggutor|35\/312
|cant|p2a: Exeggutor|recharge
|
|turn|25
|-message|sciberbia forfeited.
|
|win|MALESANI
|leave|sciberbia
|player|p2
|raw|MALESANI's rating: 1336 &rarr; <strong>1360<\/strong><br \/>(+24 for winning)
|raw|sciberbia's rating: 1407 &rarr; <strong>1383<\/strong><br \/>(-24 for losing)