|join|yaldyyyy
|join|1timeplayerperson
|player|p1|yaldyyyy|2
|player|p2|1timeplayerperson|2
|gametype|singles
|gen|1
|tier|[Gen 1] Random Battle
|rated
|rule|Sleep Clause Mod: Limit one foe put to sleep
|rule|Freeze Clause Mod: Limit one foe frozen
|rule|HP Percentage Mod: HP is shown in percentages
|
|start
|switch|p1a: Abra|Abra, L96|243\/243
|switch|p2a: Spearow|Spearow, L96|272\/272
|turn|1
|
|move|p1a: Abra|Psychic|p2a: Spearow
|-damage|p2a: Spearow|83\/272
|move|p2a: Spearow|Drill Peck|p1a: Abra
|-damage|p1a: Abra|86\/243
|
|turn|2
|
|move|p1a: Abra|Psychic|p2a: Spearow
|-damage|p2a: Spearow|0 fnt
|faint|p2a: Spearow
|
|switch|p2a: Dugtrio|Dugtrio, L85|233\/233
|turn|3
|
|move|p2a: Dugtrio|Earthquake|p1a: Abra
|-damage|p1a: Abra|0 fnt
|faint|p1a: Abra
|
|switch|p1a: Dragonair|Dragonair, L85|277\/277
|turn|4
|
|switch|p2a: Blastoise|Blastoise, L85|308\/308
|move|p1a: Dragonair|Surf|p2a: Blastoise
|-resisted|p2a: Blastoise
|-damage|p2a: Blastoise|278\/308
|
|turn|5
|
|switch|p1a: Machamp|Machamp, L85|327\/327
|move|p2a: Blastoise|Body Slam|p1a: Machamp
|-crit|p1a: Machamp
|-damage|p1a: Machamp|216\/327
|
|turn|6
|
|move|p2a: Blastoise|Hydro Pump|p1a: Machamp
|-damage|p1a: Machamp|70\/327
|move|p1a: Machamp|Body Slam|p2a: Blastoise
|-damage|p2a: Blastoise|203\/308
|-status|p2a: Blastoise|par
|
|turn|7
|
|move|p1a: Machamp|Hyper Beam|p2a: Blastoise
|-damage|p2a: Blastoise|86\/308 par
|move|p2a: Blastoise|Hydro Pump|p1a: Machamp|[miss]
|-miss|p2a: Blastoise
|
|turn|8
|-mustrecharge|p1a: Machamp
|-mustrecharge|p1a: Machamp
|
|cant|p1a: Machamp|recharge
|cant|p2a: Blastoise|par
|
|turn|9
|
|move|p1a: Machamp|Body Slam|p2a: Blastoise
|-damage|p2a: Blastoise|11\/308 par
|move|p2a: Blastoise|Hydro Pump|p1a: Machamp
|-damage|p1a: Machamp|0 fnt
|faint|p1a: Machamp
|
|switch|p1a: Victreebel|Victreebel, L85|310\/310
|turn|10
|
|move|p1a: Victreebel|Razor Leaf|p2a: Blastoise
|-crit|p2a: Blastoise
|-supereffective|p2a: Blastoise
|-damage|p2a: Blastoise|0 fnt
|faint|p2a: Blastoise
|
|switch|p2a: Scyther|Scyther, L85|293\/293
|turn|11
|
|move|p2a: Scyther|Slash|p1a: Victreebel
|-crit|p1a: Victreebel
|-damage|p1a: Victreebel|178\/310
|move|p1a: Victreebel|Body Slam|p2a: Scyther
|-crit|p2a: Scyther
|-damage|p2a: Scyther|169\/293
|
|turn|12
|
|move|p2a: Scyther|Slash|p1a: Victreebel
|-crit|p1a: Victreebel
|-damage|p1a: Victreebel|58\/310
|move|p1a: Victreebel|Body Slam|p2a: Scyther
|-damage|p2a: Scyther|107\/293
|
|turn|13
|
|switch|p1a: Golem|Golem, L79|288\/288
|move|p2a: Scyther|Slash|p1a: Golem
|-crit|p1a: Golem
|-resisted|p1a: Golem
|-damage|p1a: Golem|245\/288
|
|turn|14
|
|switch|p2a: Dugtrio|Dugtrio, L85|233\/233
|move|p1a: Golem|Rock Slide|p2a: Dugtrio
|-crit|p2a: Dugtrio
|-resisted|p2a: Dugtrio
|-damage|p2a: Dugtrio|130\/233
|
|turn|15
|
|switch|p1a: Dragonair|Dragonair, L85|277\/277
|move|p2a: Dugtrio|Earthquake|p1a: Dragonair
|-damage|p1a: Dragonair|153\/277
|
|turn|16
|
|switch|p2a: Tangela|Tangela, L85|284\/284
|move|p1a: Dragonair|Ice Beam|p2a: Tangela
|-supereffective|p2a: Tangela
|-damage|p2a: Tangela|179\/284
|
|turn|17
|
|move|p1a: Dragonair|Ice Beam|p2a: Tangela
|-supereffective|p2a: Tangela
|-damage|p2a: Tangela|78\/284
|move|p2a: Tangela|Body Slam|p1a: Dragonair
|-damage|p1a: Dragonair|105\/277
|
|turn|18
|
|move|p1a: Dragonair|Ice Beam|p2a: Tangela
|-supereffective|p2a: Tangela
|-damage|p2a: Tangela|0 fnt
|faint|p2a: Tangela
|
|switch|p2a: Scyther|Scyther, L85|107\/293
|turn|19
|
|switch|p1a: Golem|Golem, L79|245\/288
|move|p2a: Scyther|Hyper Beam|p1a: Golem
|-resisted|p1a: Golem
|-damage|p1a: Golem|198\/288
|
|turn|20
|-mustrecharge|p2a: Scyther
|-mustrecharge|p2a: Scyther
|
|cant|p2a: Scyther|recharge
|move|p1a: Golem|Rock Slide|p2a: Scyther
|-supereffective|p2a: Scyther
|-damage|p2a: Scyther|0 fnt
|faint|p2a: Scyther
|
|switch|p2a: Kangaskhan|Kangaskhan, L85|352\/352
|turn|21
|
|switch|p1a: Parasect|Parasect, L85|276\/276
|move|p2a: Kangaskhan|Counter|p1a: Parasect
|-fail|p2a: Kangaskhan
|
|turn|22
|
|move|p2a: Kangaskhan|Body Slam|p1a: Parasect
|-crit|p1a: Parasect
|-damage|p1a: Parasect|85\/276
|move|p1a: Parasect|Spore|p2a: Kangaskhan
|-status|p2a: Kangaskhan|slp
|
|turn|23
|
|cant|p2a: Kangaskhan|slp
|move|p1a: Parasect|Mega Drain|p2a: Kangaskhan
|-damage|p2a: Kangaskhan|288\/352 slp
|-heal|p1a: Parasect|117\/276|[from] drain|[of] p2a: Kangaskhan
|
|turn|24
|
|cant|p2a: Kangaskhan|slp
|move|p1a: Parasect|Body Slam|p2a: Kangaskhan
|-damage|p2a: Kangaskhan|222\/352 slp
|
|turn|25
|
|switch|p1a: Victreebel|Victreebel, L85|58\/310
|cant|p2a: Kangaskhan|slp
|
|turn|26
|
|cant|p2a: Kangaskhan|slp
|-curestatus|p2a: Kangaskhan|slp
|move|p1a: Victreebel|Razor Leaf|p2a: Kangaskhan|[miss]
|-miss|p1a: Victreebel
|
|turn|27
|
|switch|p1a: Golem|Golem, L79|198\/288
|move|p2a: Kangaskhan|Body Slam|p1a: Golem
|-resisted|p1a: Golem
|-damage|p1a: Golem|161\/288
|
|turn|28
|
|move|p1a: Golem|Earthquake|p2a: Kangaskhan
|-damage|p2a: Kangaskhan|109\/352
|move|p2a: Kangaskhan|Counter|p1a: Golem
|-fail|p2a: Kangaskhan
|
|turn|29
|
|move|p2a: Kangaskhan|Earthquake|p1a: Golem
|-supereffective|p1a: Golem
|-damage|p1a: Golem|47\/288
|move|p1a: Golem|Earthquake|p2a: Kangaskhan
|-damage|p2a: Kangaskhan|10\/352
|
|turn|30
|
|switch|p1a: Parasect|Parasect, L85|117\/276
|move|p2a: Kangaskhan|Earthquake|p1a: Parasect
|-resisted|p1a: Parasect
|-damage|p1a: Parasect|100\/276
|
|turn|31
|
|move|p2a: Kangaskhan|Body Slam|p1a: Parasect
|-damage|p1a: Parasect|0 fnt
|faint|p1a: Parasect
|
|switch|p1a: Dragonair|Dragonair, L85|105\/277
|turn|32
|
|move|p2a: Kangaskhan|Hyper Beam|p1a: Dragonair
|-damage|p1a: Dragonair|0 fnt
|faint|p1a: Dragonair
|
|switch|p1a: Golem|Golem, L79|47\/288
|turn|33
|
|move|p2a: Kangaskhan|Earthquake|p1a: Golem
|-supereffective|p1a: Golem
|-damage|p1a: Golem|0 fnt
|faint|p1a: Golem
|
|switch|p1a: Victreebel|Victreebel, L85|58\/310
|turn|34
|
|move|p2a: Kangaskhan|Earthquake|p1a: Victreebel
|-crit|p1a: Victreebel
|-damage|p1a: Victreebel|0 fnt
|faint|p1a: Victreebel
|
|win|1timeplayerperson
|raw|Ladder updating...
|raw|yaldyyyy's rating: 1195 &rarr; <strong>1176<\/strong><br \/>(-19 for losing)
|raw|1timeplayerperson's rating: 1276 &rarr; <strong>1295<\/strong><br \/>(+19 for winning)