|j|MALESANI
|j|GeodudeNiglet
|player|p1|MALESANI|238
|player|p2|GeodudeNiglet|2
|gametype|singles
|gen|1
|tier|[Gen 1] Random Battle
|rated
|seed|2204,38850,17338,8108
|rule|Sleep Clause Mod: Limit one foe put to sleep
|rule|Freeze Clause Mod: Limit one foe frozen
|rule|HP Percentage Mod: HP is shown in percentages
|
|start
|switch|p1a: Bellsprout|Bellsprout, L96|291\/291
|switch|p2a: Magneton|Magneton, L90|273\/273
|turn|1
|choice|move 1|move 2
|
|move|p2a: Magneton|Thunder Wave|p1a: Bellsprout
|-status|p1a: Bellsprout|par
|move|p1a: Bellsprout|Sleep Powder|p2a: Magneton
|-status|p2a: Magneton|slp
|
|turn|2
|choice|move 2|move 3
|
|-curestatus|p2a: Magneton|slp
|cant|p1a: Bellsprout|par
|
|turn|3
|choice|switch 4|move 3
|
|switch|p1a: Rhydon|Rhydon, L79|328\/328
|move|p2a: Magneton|Double-Edge|p1a: Rhydon
|-resisted|p1a: Rhydon
|-damage|p1a: Rhydon|301\/328
|-damage|p2a: Magneton|267\/273|[from] recoil|[of] p1a: Rhydon
|
|turn|4
|choice|move 2|switch 3
|
|switch|p2a: Articuno|Articuno, L79|304\/304
|move|p1a: Rhydon|Body Slam|p2a: Articuno
|-damage|p2a: Articuno|239\/304
|
|turn|5
|choice|switch 5|move 2
|
|switch|p1a: Starmie|Starmie, L79|257\/257
|move|p2a: Articuno|Blizzard|p1a: Starmie
|-resisted|p1a: Starmie
|-damage|p1a: Starmie|190\/257
|
|turn|6
|choice|move 2|switch 4
|
|switch|p2a: Raticate|Raticate, L85|267\/267
|move|p1a: Starmie|Thunder Wave|p2a: Raticate
|-status|p2a: Raticate|par
|
|turn|7
|choice|move 4|move 4
|
|move|p1a: Starmie|Surf|p2a: Raticate
|-damage|p2a: Raticate|152\/267 par
|cant|p2a: Raticate|par
|
|turn|8
|choice|move 4|move 4
|
|move|p1a: Starmie|Surf|p2a: Raticate
|-crit|p2a: Raticate
|-damage|p2a: Raticate|0 fnt
|faint|p2a: Raticate
|choice||switch 3
|
|switch|p2a: Magneton|Magneton, L90|267\/273
|turn|9
|choice|switch 5|switch 4
|
|switch|p1a: Rhydon|Rhydon, L79|301\/328
|switch|p2a: Articuno|Articuno, L79|239\/304
|
|turn|10
|choice|switch 3|move 2
|
|switch|p1a: Arcanine|Arcanine, L85|327\/327
|move|p2a: Articuno|Blizzard|p1a: Arcanine
|-damage|p1a: Arcanine|182\/327
|
|turn|11
|choice|move 1|switch 6
|
|switch|p2a: Golem|Golem, L79|288\/288
|move|p1a: Arcanine|Fire Blast|p2a: Golem
|-resisted|p2a: Golem
|-damage|p2a: Golem|214\/288
|
|turn|12
|choice|switch 5|move 1
|
|switch|p1a: Starmie|Starmie, L79|190\/257
|move|p2a: Golem|Earthquake|p1a: Starmie
|-damage|p1a: Starmie|79\/257
|
|turn|13
|choice|move 4|switch 5
|
|switch|p2a: Kangaskhan|Kangaskhan, L85|352\/352
|move|p1a: Starmie|Surf|p2a: Kangaskhan
|-damage|p2a: Kangaskhan|219\/352
|
|turn|14
|choice|switch 4|move 1
|
|switch|p1a: Bellsprout|Bellsprout, L96|291\/291 par
|move|p2a: Kangaskhan|Earthquake|p1a: Bellsprout
|-damage|p1a: Bellsprout|194\/291 par
|
|turn|15
|choice|move 4|move 1
|
|move|p2a: Kangaskhan|Earthquake|p1a: Bellsprout
|-damage|p1a: Bellsprout|93\/291 par
|cant|p1a: Bellsprout|par
|
|turn|16
|choice|move 1|move 1
|
|move|p2a: Kangaskhan|Earthquake|p1a: Bellsprout
|-crit|p1a: Bellsprout
|-damage|p1a: Bellsprout|0 fnt
|faint|p1a: Bellsprout
|choice|switch 6|
|
|switch|p1a: Hitmonchan|Hitmonchan, L90|273\/273
|turn|17
|choice|move 1|move 4
|
|move|p1a: Hitmonchan|Submission|p2a: Kangaskhan
|-supereffective|p2a: Kangaskhan
|-damage|p2a: Kangaskhan|0 fnt
|-damage|p1a: Hitmonchan|219\/273|[from] recoil|[of] p2a: Kangaskhan
|faint|p2a: Kangaskhan
|choice||switch 4
|
|switch|p2a: Magneton|Magneton, L90|267\/273
|turn|18
|choice|switch 3|move 3
|
|switch|p1a: Rhydon|Rhydon, L79|301\/328
|move|p2a: Magneton|Double-Edge|p1a: Rhydon
|-resisted|p1a: Rhydon
|-damage|p1a: Rhydon|277\/328
|-damage|p2a: Magneton|261\/273|[from] recoil|[of] p1a: Rhydon
|
|turn|19
|choice|move 3|switch 5
|
|switch|p2a: Golem|Golem, L79|214\/288
|move|p1a: Rhydon|Rock Slide|p2a: Golem
|-resisted|p2a: Golem
|-damage|p2a: Golem|182\/288
|
|turn|20
|choice|switch 3|move 1
|
|switch|p1a: Hitmonchan|Hitmonchan, L90|219\/273
|move|p2a: Golem|Earthquake|p1a: Hitmonchan
|-damage|p1a: Hitmonchan|112\/273
|
|turn|21
|choice|move 1|switch 5
|
|switch|p2a: Magneton|Magneton, L90|261\/273
|move|p1a: Hitmonchan|Submission|p2a: Magneton
|-crit|p2a: Magneton
|-damage|p2a: Magneton|75\/273
|-damage|p1a: Hitmonchan|66\/273|[from] recoil|[of] p2a: Magneton
|
|turn|22
|choice|move 1|move 3
|
|move|p1a: Hitmonchan|Submission|p2a: Magneton
|-damage|p2a: Magneton|0 fnt
|-damage|p1a: Hitmonchan|48\/273|[from] recoil|[of] p2a: Magneton
|faint|p2a: Magneton
|choice||switch 2
|
|switch|p2a: Charizard|Charizard, L85|306\/306
|turn|23
|choice|move 3|move 4
|
|move|p2a: Charizard|Fire Blast|p1a: Hitmonchan
|-damage|p1a: Hitmonchan|0 fnt
|faint|p1a: Hitmonchan
|choice|switch 2|
|
|switch|p1a: Hypno|Hypno, L85|318\/318
|turn|24
|choice|move 3|switch 6
|
|switch|p2a: Articuno|Articuno, L79|239\/304
|move|p1a: Hypno|Hypnosis|p2a: Articuno
|-status|p2a: Articuno|slp
|
|turn|25
|choice|move 1|move 3
|
|-curestatus|p2a: Articuno|slp
|move|p1a: Hypno|Psychic|p2a: Articuno
|-crit|p2a: Articuno
|-damage|p2a: Articuno|50\/304
|
|turn|26
|choice|move 2|move 2
|
|move|p2a: Articuno|Blizzard|p1a: Hypno
|-damage|p1a: Hypno|202\/318
|move|p1a: Hypno|Thunder Wave|p2a: Articuno
|-status|p2a: Articuno|par
|
|turn|27
|choice|move 1|move 2
|
|move|p1a: Hypno|Psychic|p2a: Articuno
|-damage|p2a: Articuno|0 fnt
|faint|p2a: Articuno
|choice||switch 5
|
|switch|p2a: Golem|Golem, L79|182\/288
|turn|28
|choice|move 1|move 1
|
|move|p1a: Hypno|Psychic|p2a: Golem
|-damage|p2a: Golem|41\/288
|move|p2a: Golem|Earthquake|p1a: Hypno
|-damage|p1a: Hypno|79\/318
|
|turn|29
|choice|move 1|move 1
|
|move|p1a: Hypno|Psychic|p2a: Golem
|-damage|p2a: Golem|0 fnt
|faint|p2a: Golem
|choice||switch 6
|
|switch|p2a: Charizard|Charizard, L85|306\/306
|turn|30
|choice|move 2|move 2
|
|move|p2a: Charizard|Earthquake|p1a: Hypno
|-damage|p1a: Hypno|9\/318
|move|p1a: Hypno|Thunder Wave|p2a: Charizard
|-status|p2a: Charizard|par
|
|turn|31
|c|★GeodudeNiglet|i figured that would do 25%
|c|★GeodudeNiglet|well fuck
|c|★MALESANI|sorry man
|choice|move 1|move 2
|
|move|p1a: Hypno|Psychic|p2a: Charizard
|-damage|p2a: Charizard|190\/306 par
|move|p2a: Charizard|Earthquake|p1a: Hypno
|-damage|p1a: Hypno|0 fnt
|faint|p1a: Hypno
|choice|switch 5|
|
|switch|p1a: Arcanine|Arcanine, L85|182\/327
|turn|32
|choice|move 2|move 2
|
|move|p1a: Arcanine|Hyper Beam|p2a: Charizard
|-crit|p2a: Charizard
|-damage|p2a: Charizard|0 fnt
|faint|p2a: Charizard
|
|win|MALESANI
|player|p1
|player|p2
|raw|MALESANI's rating: 1435 &rarr; <strong>1447<\/strong><br \/>(+12 for winning)
|raw|GeodudeNiglet's rating: 1278 &rarr; <strong>1263<\/strong><br \/>(-15 for losing)