|join|MALESANI
|join|asdlfjlkj
|player|p1|MALESANI|238
|player|p2|asdlfjlkj|2
|gametype|singles
|gen|1
|tier|[Gen 1] Random Battle
|rated
|rule|Sleep Clause Mod: Limit one foe put to sleep
|rule|Freeze Clause Mod: Limit one foe frozen
|rule|HP Percentage Mod: HP is shown in percentages
|
|start
|switch|p1a: Poliwrath|Poliwrath, L85|327\/327
|switch|p2a: Weezing|Weezing, L90|300\/300
|turn|1
|
|move|p1a: Poliwrath|Amnesia|p1a: Poliwrath
|-boost|p1a: Poliwrath|spd|2
|-boost|p1a: Poliwrath|spa|2
|move|p2a: Weezing|Thunderbolt|p1a: Poliwrath
|-supereffective|p1a: Poliwrath
|-damage|p1a: Poliwrath|245\/327
|-status|p1a: Poliwrath|par
|
|turn|2
|
|move|p2a: Weezing|Explosion|p1a: Poliwrath
|-damage|p1a: Poliwrath|16\/327 par
|faint|p2a: Weezing
|
|switch|p2a: Hitmonlee|Hitmonlee, L90|273\/273
|turn|3
|
|move|p2a: Hitmonlee|Body Slam|p1a: Poliwrath
|-damage|p1a: Poliwrath|0 fnt
|faint|p1a: Poliwrath
|
|switch|p1a: Flareon|Flareon, L90|300\/300
|turn|4
|
|move|p2a: Hitmonlee|High Jump Kick|p1a: Flareon
|-damage|p1a: Flareon|155\/300
|move|p1a: Flareon|Fire Blast|p2a: Hitmonlee
|-damage|p2a: Hitmonlee|28\/273
|-status|p2a: Hitmonlee|brn
|
|turn|5
|
|switch|p2a: Onix|Onix, L90|246\/246
|move|p1a: Flareon|Body Slam|p2a: Onix
|-resisted|p2a: Onix
|-damage|p2a: Onix|220\/246
|
|turn|6
|
|switch|p1a: Lickitung|Lickitung, L90|345\/345
|move|p2a: Onix|Earthquake|p1a: Lickitung
|-damage|p1a: Lickitung|265\/345
|
|turn|7
|
|switch|p2a: Vileplume|Vileplume, L90|318\/318
|move|p1a: Lickitung|Earthquake|p2a: Vileplume
|-damage|p2a: Vileplume|262\/318
|
|turn|8
|
|move|p2a: Vileplume|Sleep Powder|p1a: Lickitung
|-status|p1a: Lickitung|slp
|cant|p1a: Lickitung|slp
|
|turn|9
|
|switch|p1a: Flareon|Flareon, L90|155\/300
|move|p2a: Vileplume|Body Slam|p1a: Flareon
|-damage|p1a: Flareon|78\/300
|
|turn|10
|
|switch|p2a: Hitmonlee|Hitmonlee, L90|28\/273 brn
|-damage|p2a: Hitmonlee|11\/273 brn|[from] brn
|move|p1a: Flareon|Fire Blast|p2a: Hitmonlee
|-crit|p2a: Hitmonlee
|-damage|p2a: Hitmonlee|0 fnt
|faint|p2a: Hitmonlee
|
|switch|p2a: Persian|Persian, L79|265\/265
|turn|11
|
|switch|p1a: Graveler|Graveler, L85|267\/267
|move|p2a: Persian|Slash|p1a: Graveler
|-crit|p1a: Graveler
|-resisted|p1a: Graveler
|-damage|p1a: Graveler|223\/267
|
|turn|12
|
|switch|p2a: Vileplume|Vileplume, L90|262\/318
|move|p1a: Graveler|Earthquake|p2a: Vileplume
|-crit|p2a: Vileplume
|-damage|p2a: Vileplume|79\/318
|
|turn|13
|
|switch|p1a: Hitmonchan|Hitmonchan, L90|273\/273
|move|p2a: Vileplume|Mega Drain|p1a: Hitmonchan
|-crit|p1a: Hitmonchan
|-damage|p1a: Hitmonchan|119\/273
|-heal|p2a: Vileplume|156\/318|[from] drain|[of] p1a: Hitmonchan
|
|turn|14
|
|move|p1a: Hitmonchan|Body Slam|p2a: Vileplume
|-damage|p2a: Vileplume|91\/318
|move|p2a: Vileplume|Mega Drain|p1a: Hitmonchan
|-damage|p1a: Hitmonchan|34\/273
|-heal|p2a: Vileplume|133\/318|[from] drain|[of] p1a: Hitmonchan
|
|turn|15
|
|switch|p2a: Tauros|Tauros, L79|280\/280
|move|p1a: Hitmonchan|Seismic Toss|p2a: Tauros
|-damage|p2a: Tauros|190\/280
|
|turn|16
|
|switch|p1a: Flareon|Flareon, L90|78\/300
|move|p2a: Tauros|Earthquake|p1a: Flareon
|-supereffective|p1a: Flareon
|-damage|p1a: Flareon|0 fnt
|faint|p1a: Flareon
|
|switch|p1a: Graveler|Graveler, L85|223\/267
|turn|17
|
|move|p2a: Tauros|Blizzard|p1a: Graveler
|-crit|p1a: Graveler
|-supereffective|p1a: Graveler
|-damage|p1a: Graveler|0 fnt
|faint|p1a: Graveler
|
|switch|p1a: Onix|Onix, L90|246\/246
|turn|18
|
|move|p2a: Tauros|Blizzard|p1a: Onix
|-supereffective|p1a: Onix
|-damage|p1a: Onix|35\/246
|move|p1a: Onix|Explosion|p2a: Tauros
|-damage|p2a: Tauros|0 fnt
|faint|p2a: Tauros
|faint|p1a: Onix
|c|★asdlfjlkj|gg fgt
|
|switch|p2a: Persian|Persian, L79|265\/265
|switch|p1a: Lickitung|Lickitung, L90|265\/345 slp
|turn|19
|c|★MALESANI|fgt your mum
|-message|MALESANI forfeited.
|
|win|asdlfjlkj
|raw|Ladder updating...
|leave|MALESANI
|player|p1
|c|★asdlfjlkj|you're that terrible italian dude who always loses
|raw|MALESANI's rating: 1330 &rarr; <strong>1297<\/strong><br \/>(-33 for losing)
|raw|asdlfjlkj's rating: 1070 &rarr; <strong>1118<\/strong><br \/>(+48 for winning)