|join|Whoremaster
|join|gr1234
|player|p1|Whoremaster|43
|player|p2|gr1234|34
|gametype|singles
|gen|1
|tier|[Gen 1] OU (beta)
|rated
|rule|Sleep Clause Mod: Limit one foe put to sleep
|rule|Species Clause: Limit one of each Pokemon
|rule|OHKO Clause: OHKO moves are banned
|rule|Moody Clause: Moody is banned
|rule|Evasion Moves Clause: Evasion moves are banned
|rule|Endless Battle Clause: Forcing endless battles is banned
|rule|HP Percentage Mod: HP is reported as percentages
|
|start
|switch|p1a: Alakazam|Alakazam|313\/313
|switch|p2a: Jynx|Jynx|333\/333
|turn|1
|
|switch|p2a: Chansey|Chansey|703\/703
|move|p1a: Alakazam|Seismic Toss|p2a: Chansey
|-damage|p2a: Chansey|603\/703
|
|turn|2
|
|move|p1a: Alakazam|Psychic|p2a: Chansey
|-damage|p2a: Chansey|468\/703
|move|p2a: Chansey|Ice Beam|p1a: Alakazam
|-damage|p1a: Alakazam|250\/313
|
|turn|3
|
|move|p1a: Alakazam|Psychic|p2a: Chansey
|-damage|p2a: Chansey|348\/703
|move|p2a: Chansey|Ice Beam|p1a: Alakazam
|-damage|p1a: Alakazam|193\/313
|
|turn|4
|
|move|p1a: Alakazam|Psychic|p2a: Chansey
|-damage|p2a: Chansey|216\/703
|move|p2a: Chansey|Soft-Boiled|p2a: Chansey
|-heal|p2a: Chansey|567\/703
|
|turn|5
|
|switch|p2a: Alakazam|Alakazam|313\/313
|move|p1a: Alakazam|Recover|p1a: Alakazam
|-heal|p1a: Alakazam|313\/313
|
|turn|6
|
|move|p2a: Alakazam|Psychic|p1a: Alakazam
|-resisted|p1a: Alakazam
|-damage|p1a: Alakazam|259\/313
|-unboost|p1a: Alakazam|spd|1
|-unboost|p1a: Alakazam|spa|1
|move|p1a: Alakazam|Seismic Toss|p2a: Alakazam
|-damage|p2a: Alakazam|213\/313
|
|turn|7
|
|switch|p1a: Snorlax|Snorlax|523\/523
|move|p2a: Alakazam|Psychic|p1a: Snorlax
|-damage|p1a: Snorlax|365\/523
|-unboost|p1a: Snorlax|spd|1
|-unboost|p1a: Snorlax|spa|1
|
|turn|8
|
|move|p2a: Alakazam|Psychic|p1a: Snorlax
|-crit|p1a: Snorlax
|-damage|p1a: Snorlax|16\/523
|move|p1a: Snorlax|Body Slam|p2a: Alakazam
|-damage|p2a: Alakazam|41\/313
|
|turn|9
|chat|Whoremaster|arggh fuck
|
|move|p2a: Alakazam|Psychic|p1a: Snorlax
|-damage|p1a: Snorlax|0 fnt
|faint|p1a: Snorlax
|
|
|switch|p1a: Alakazam|Alakazam|259\/313
|turn|10
|chat|gr1234|;\/
|
|move|p2a: Alakazam|Recover|p2a: Alakazam
|-heal|p2a: Alakazam|197\/313
|move|p1a: Alakazam|Seismic Toss|p2a: Alakazam
|-damage|p2a: Alakazam|97\/313
|
|turn|11
|
|move|p1a: Alakazam|Seismic Toss|p2a: Alakazam
|-damage|p2a: Alakazam|0 fnt
|faint|p2a: Alakazam
|
|
|switch|p2a: Exeggutor|Exeggutor|393\/393
|turn|12
|
|move|p1a: Alakazam|Seismic Toss|p2a: Exeggutor
|-damage|p2a: Exeggutor|293\/393
|move|p2a: Exeggutor|Sleep Powder|p1a: Alakazam|[miss]
|-miss|p2a: Exeggutor
|
|turn|13
|
|move|p1a: Alakazam|Seismic Toss|p2a: Exeggutor
|-damage|p2a: Exeggutor|193\/393
|move|p2a: Exeggutor|Sleep Powder|p1a: Alakazam
|-status|p1a: Alakazam|slp
|
|turn|14
|
|switch|p1a: Exeggutor|Exeggutor|393\/393
|switch|p2a: Tauros|Tauros|353\/353
|
|turn|15
|
|switch|p2a: Jynx|Jynx|333\/333
|move|p1a: Exeggutor|Sleep Powder|p2a: Jynx
|-status|p2a: Jynx|slp
|
|turn|16
|
|switch|p2a: Exeggutor|Exeggutor|193\/393
|move|p1a: Exeggutor|Psychic|p2a: Exeggutor
|-resisted|p2a: Exeggutor
|-damage|p2a: Exeggutor|140\/393
|
|turn|17
|
|move|p1a: Exeggutor|Psychic|p2a: Exeggutor
|-resisted|p2a: Exeggutor
|-damage|p2a: Exeggutor|88\/393
|move|p2a: Exeggutor|Explosion|p1a: Exeggutor
|-damage|p1a: Exeggutor|104\/393
|faint|p2a: Exeggutor
|
|switch|p2a: Tauros|Tauros|353\/353
|turn|18
|
|switch|p1a: Gengar|Gengar|323\/323
|move|p2a: Tauros|Blizzard|p1a: Gengar
|-damage|p1a: Gengar|257\/323
|-status|p1a: Gengar|frz
|
|turn|19
|chat|Whoremaster|noo
|chat|Whoremaster|:(
|chat|gr1234|sorry
|
|switch|p1a: Slowbro|Slowbro|393\/393
|move|p2a: Tauros|Blizzard|p1a: Slowbro
|-resisted|p1a: Slowbro
|-damage|p1a: Slowbro|347\/393
|
|turn|20
|chat|Whoremaster|i forgive you m8
|
|switch|p2a: Chansey|Chansey|567\/703
|move|p1a: Slowbro|Reflect|p1a: Slowbro
|
|turn|21
|
|switch|p1a: Exeggutor|Exeggutor|104\/393
|move|p2a: Chansey|Thunderbolt|p1a: Exeggutor
|-crit|p1a: Exeggutor
|-resisted|p1a: Exeggutor
|-damage|p1a: Exeggutor|37\/393
|
|turn|22
|
|move|p1a: Exeggutor|Explosion|p2a: Chansey
|-damage|p2a: Chansey|0 fnt
|faint|p2a: Chansey
|faint|p1a: Exeggutor
|
|switch|p2a: Golem|Golem|363\/363
|switch|p1a: Slowbro|Slowbro|347\/393
|turn|23
|
|move|p2a: Golem|Explosion|p1a: Slowbro
|-damage|p1a: Slowbro|78\/393
|faint|p2a: Golem
|
|switch|p2a: Tauros|Tauros|353\/353
|turn|24
|
|move|p2a: Tauros|Body Slam|p1a: Slowbro
|-damage|p1a: Slowbro|0 fnt
|faint|p1a: Slowbro
|
|
|switch|p1a: Chansey|Chansey|703\/703
|turn|25
|
|switch|p2a: Jynx|Jynx|333\/333 slp
|move|p1a: Chansey|Thunderbolt|p2a: Jynx
|-damage|p2a: Jynx|250\/333 slp
|
|turn|26
|
|cant|p2a: Jynx|slp
|move|p1a: Chansey|Thunderbolt|p2a: Jynx
|-damage|p2a: Jynx|170\/333 slp
|
|turn|27
|
|cant|p2a: Jynx|slp
|move|p1a: Chansey|Thunderbolt|p2a: Jynx
|-damage|p2a: Jynx|91\/333 slp
|
|turn|28
|
|cant|p2a: Jynx|slp
|move|p1a: Chansey|Thunderbolt|p2a: Jynx
|-crit|p2a: Jynx
|-damage|p2a: Jynx|0 fnt
|faint|p2a: Jynx
|
|
|switch|p2a: Tauros|Tauros|353\/353
|turn|29
|
|move|p2a: Tauros|Body Slam|p1a: Chansey
|-crit|p1a: Chansey
|-damage|p1a: Chansey|166\/703
|move|p1a: Chansey|Thunderbolt|p2a: Tauros
|-damage|p2a: Tauros|264\/353
|
|turn|30
|chat|Whoremaster|fuuuucckkkk
|chat|Whoremaster|i did not need that in my life
|
|switch|p1a: Gengar|Gengar|257\/323 frz
|move|p2a: Tauros|Body Slam|p1a: Gengar
|-immune|p1a: Gengar|[msg]
|
|turn|31
|
|move|p2a: Tauros|Earthquake|p1a: Gengar
|-crit|p1a: Gengar
|-supereffective|p1a: Gengar
|-damage|p1a: Gengar|0 fnt
|faint|p1a: Gengar
|
|
|switch|p1a: Alakazam|Alakazam|259\/313 slp
|turn|32
|
|cant|p1a: Alakazam|slp
|move|p2a: Tauros|Body Slam|p1a: Alakazam
|-damage|p1a: Alakazam|106\/313 slp
|
|turn|33
|
|cant|p1a: Alakazam|slp
|move|p2a: Tauros|Body Slam|p1a: Alakazam
|-crit|p1a: Alakazam
|-damage|p1a: Alakazam|0 fnt
|faint|p1a: Alakazam
|
|
|switch|p1a: Chansey|Chansey|166\/703
|turn|34
|chat|gr1234|gg
|
|move|p2a: Tauros|Body Slam|p1a: Chansey
|-damage|p1a: Chansey|0 fnt
|faint|p1a: Chansey
|
|win|gr1234
|raw|Ladder updating...
|raw|Whoremaster's rating: 1103 &rarr; <strong>1071<\/strong><br \/>(-32 for losing)
|raw|gr1234's rating: 1000 &rarr; <strong>1052<\/strong><br \/>(+52 for winning)
|chat|Whoremaster|gg d00d
|leave|Whoremaster
|player|p1