|join|AitorMaster
|join|MadAsPenguins
|player|p1|AitorMaster|163
|player|p2|MadAsPenguins|30
|gametype|singles
|gen|1
|tier|[Gen 1] Random Battle
|rated
|rule|Sleep Clause Mod: Limit one foe put to sleep
|rule|Freeze Clause Mod: Limit one foe frozen
|rule|HP Percentage Mod: HP is shown in percentages
|
|start
|switch|p1a: Psyduck|Psyduck, L96|291\/291
|switch|p2a: Charmeleon|Charmeleon, L85|272\/272
|turn|1
|
|switch|p2a: Venusaur|Venusaur, L85|310\/310
|move|p1a: Psyduck|Amnesia|p1a: Psyduck
|-boost|p1a: Psyduck|spd|2
|-boost|p1a: Psyduck|spa|2
|
|turn|2
|
|move|p2a: Venusaur|Leech Seed|p1a: Psyduck|[miss]
|-miss|p2a: Venusaur
|move|p1a: Psyduck|Ice Beam|p2a: Venusaur
|-supereffective|p2a: Venusaur
|-damage|p2a: Venusaur|83\/310
|
|turn|3
|join|tindelion
|
|move|p2a: Venusaur|Razor Leaf|p1a: Psyduck
|-crit|p1a: Psyduck
|-supereffective|p1a: Psyduck
|-damage|p1a: Psyduck|0 fnt
|faint|p1a: Psyduck
|
|switch|p1a: Tauros|Tauros, L79|280\/280
|turn|4
|
|move|p1a: Tauros|Hyper Beam|p2a: Venusaur
|-damage|p2a: Venusaur|0 fnt
|faint|p2a: Venusaur
|
|switch|p2a: Hitmonchan|Hitmonchan, L90|273\/273
|turn|5
|
|switch|p1a: Oddish|Oddish, L96|281\/281
|move|p2a: Hitmonchan|Submission|p1a: Oddish
|-crit|p1a: Oddish
|-resisted|p1a: Oddish
|-damage|p1a: Oddish|170\/281
|-damage|p2a: Hitmonchan|246\/273|[from] recoil|[of] p1a: Oddish
|
|turn|6
|
|move|p2a: Hitmonchan|Body Slam|p1a: Oddish
|-crit|p1a: Oddish
|-damage|p1a: Oddish|0 fnt
|faint|p1a: Oddish
|
|switch|p1a: Machamp|Machamp, L90|345\/345
|turn|7
|
|move|p1a: Machamp|Earthquake|p2a: Hitmonchan
|-damage|p2a: Hitmonchan|138\/273
|move|p2a: Hitmonchan|Counter|p1a: Machamp
|-fail|p2a: Hitmonchan
|
|turn|8
|
|move|p2a: Hitmonchan|Body Slam|p1a: Machamp
|-damage|p1a: Machamp|271\/345
|-status|p1a: Machamp|par
|cant|p1a: Machamp|par
|
|turn|9
|
|move|p2a: Hitmonchan|Seismic Toss|p1a: Machamp
|-damage|p1a: Machamp|181\/345 par
|move|p1a: Machamp|Earthquake|p2a: Hitmonchan
|-damage|p2a: Hitmonchan|31\/273
|
|turn|10
|
|move|p2a: Hitmonchan|Submission|p1a: Machamp
|-damage|p1a: Machamp|82\/345 par
|-damage|p2a: Hitmonchan|7\/273|[from] recoil|[of] p1a: Machamp
|move|p1a: Machamp|Earthquake|p2a: Hitmonchan
|-damage|p2a: Hitmonchan|0 fnt
|faint|p2a: Hitmonchan
|
|switch|p2a: Jolteon|Jolteon, L79|265\/265
|turn|11
|
|move|p2a: Jolteon|Thunderbolt|p1a: Machamp
|-crit|p1a: Machamp
|-damage|p1a: Machamp|0 fnt
|faint|p1a: Machamp
|
|switch|p1a: Sandslash|Sandslash, L85|301\/301
|turn|12
|
|switch|p2a: Fearow|Fearow, L90|300\/300
|move|p1a: Sandslash|Earthquake|p2a: Fearow
|-immune|p2a: Fearow|[msg]
|
|turn|13
|
|move|p2a: Fearow|Drill Peck|p1a: Sandslash
|-crit|p1a: Sandslash
|-damage|p1a: Sandslash|142\/301
|move|p1a: Sandslash|Rock Slide|p2a: Fearow
|-supereffective|p2a: Fearow
|-damage|p2a: Fearow|179\/300
|
|turn|14
|
|move|p2a: Fearow|Hyper Beam|p1a: Sandslash
|-crit|p1a: Sandslash
|-damage|p1a: Sandslash|0 fnt
|faint|p1a: Sandslash
|
|switch|p1a: Cloyster|Cloyster, L83|253\/253
|turn|15
|
|move|p2a: Fearow|Drill Peck|p1a: Cloyster
|-damage|p1a: Cloyster|193\/253
|move|p1a: Cloyster|Ice Beam|p2a: Fearow
|-supereffective|p2a: Fearow
|-damage|p2a: Fearow|0 fnt
|faint|p2a: Fearow
|
|switch|p2a: Jolteon|Jolteon, L79|265\/265
|turn|16
|
|move|p2a: Jolteon|Thunderbolt|p1a: Cloyster
|-supereffective|p1a: Cloyster
|-damage|p1a: Cloyster|0 fnt
|faint|p1a: Cloyster
|
|switch|p1a: Tauros|Tauros, L79|280\/280
|turn|17
|
|move|p2a: Jolteon|Double Kick|p1a: Tauros
|-crit|p1a: Tauros
|-supereffective|p1a: Tauros
|-damage|p1a: Tauros|218\/280
|-damage|p1a: Tauros|156\/280
|-hitcount|p1a: Tauros|2
|move|p1a: Tauros|Earthquake|p2a: Jolteon
|-crit|p2a: Jolteon
|-supereffective|p2a: Jolteon
|-damage|p2a: Jolteon|0 fnt
|faint|p2a: Jolteon
|
|switch|p2a: Charmeleon|Charmeleon, L85|272\/272
|turn|18
|
|move|p1a: Tauros|Earthquake|p2a: Charmeleon
|-supereffective|p2a: Charmeleon
|-damage|p2a: Charmeleon|110\/272
|move|p2a: Charmeleon|Submission|p1a: Tauros
|-crit|p1a: Tauros
|-supereffective|p1a: Tauros
|-damage|p1a: Tauros|0 fnt
|-damage|p2a: Charmeleon|71\/272|[from] recoil|[of] p1a: Tauros
|faint|p1a: Tauros
|
|win|MadAsPenguins
|raw|AitorMaster's rating: 1183 &rarr; <strong>1150<\/strong><br \/>(-33 for losing)
|raw|MadAsPenguins's rating: 1070 &rarr; <strong>1109<\/strong><br \/>(+39 for winning)