|j|ilsharko
|j|Dervodel2
|player|p1|ilsharko|170
|player|p2|Dervodel2|238
|gametype|singles
|gen|1
|tier|[Gen 1] Random Battle
|rated
|seed|18225,7882,35426,19092
|rule|Sleep Clause Mod: Limit one foe put to sleep
|rule|Freeze Clause Mod: Limit one foe frozen
|rule|HP Percentage Mod: HP is shown in percentages
|
|start
|switch|p1a: Charmeleon|Charmeleon, L85|272\/272
|switch|p2a: Snorlax|Snorlax, L79|415\/415
|turn|1
|choice|switch 2|move 2
|
|switch|p1a: Ekans|Ekans, L96|262\/262
|move|p2a: Snorlax|Surf|p1a: Ekans
|-crit|p1a: Ekans
|-damage|p1a: Ekans|132\/262
|
|turn|2
|choice|move 3|move 1
|
|move|p1a: Ekans|Glare|p2a: Snorlax
|-status|p2a: Snorlax|par
|cant|p2a: Snorlax|par
|
|turn|3
|choice|move 4|move 1
|
|move|p1a: Ekans|Earthquake|p2a: Snorlax
|-damage|p2a: Snorlax|330\/415 par
|move|p2a: Snorlax|Amnesia|p2a: Snorlax
|-boost|p2a: Snorlax|spd|2
|-boost|p2a: Snorlax|spa|2
|
|turn|4
|choice|move 4|move 2
|
|move|p1a: Ekans|Earthquake|p2a: Snorlax
|-damage|p2a: Snorlax|238\/415 par
|move|p2a: Snorlax|Surf|p1a: Ekans
|-damage|p1a: Ekans|16\/262
|
|turn|5
|choice|move 4|move 2
|
|move|p1a: Ekans|Earthquake|p2a: Snorlax
|-damage|p2a: Snorlax|159\/415 par
|move|p2a: Snorlax|Surf|p1a: Ekans
|-damage|p1a: Ekans|0 fnt
|faint|p1a: Ekans
|choice|switch 2|
|
|switch|p1a: Charmeleon|Charmeleon, L85|272\/272
|turn|6
|choice|move 2|move 2
|
|move|p1a: Charmeleon|Substitute|p1a: Charmeleon
|-start|p1a: Charmeleon|Substitute
|-damage|p1a: Charmeleon|204\/272
|move|p2a: Snorlax|Surf|p1a: Charmeleon
|-supereffective|p1a: Charmeleon
|-end|p1a: Charmeleon|Substitute
|
|turn|7
|choice|move 2|move 2
|
|move|p1a: Charmeleon|Substitute|p1a: Charmeleon
|-start|p1a: Charmeleon|Substitute
|-damage|p1a: Charmeleon|136\/272
|move|p2a: Snorlax|Surf|p1a: Charmeleon
|-supereffective|p1a: Charmeleon
|-end|p1a: Charmeleon|Substitute
|
|turn|8
|choice|move 2|move 2
|
|move|p1a: Charmeleon|Substitute|p1a: Charmeleon
|-start|p1a: Charmeleon|Substitute
|-damage|p1a: Charmeleon|68\/272
|cant|p2a: Snorlax|par
|
|turn|9
|choice|move 3|move 2
|
|move|p1a: Charmeleon|Swords Dance|p1a: Charmeleon
|-boost|p1a: Charmeleon|atk|2
|move|p2a: Snorlax|Surf|p1a: Charmeleon
|-supereffective|p1a: Charmeleon
|-end|p1a: Charmeleon|Substitute
|
|turn|10
|choice|move 1|move 2
|
|move|p1a: Charmeleon|Body Slam|p2a: Snorlax
|-damage|p2a: Snorlax|43\/415 par
|move|p2a: Snorlax|Surf|p1a: Charmeleon
|-supereffective|p1a: Charmeleon
|-damage|p1a: Charmeleon|0 fnt
|faint|p1a: Charmeleon
|choice|switch 4|
|
|switch|p1a: Kabutops|Kabutops, L85|276\/276
|turn|11
|choice|move 3|move 2
|
|move|p1a: Kabutops|Body Slam|p2a: Snorlax
|-damage|p2a: Snorlax|0 fnt
|faint|p2a: Snorlax
|choice||switch 2
|
|switch|p2a: Parasect|Parasect, L90|291\/291
|turn|12
|choice|switch 3|move 3
|
|switch|p1a: Articuno|Articuno, L79|304\/304
|move|p2a: Parasect|Spore|p1a: Articuno
|-status|p1a: Articuno|slp
|
|turn|13
|choice|switch 6|move 1
|
|switch|p1a: Rapidash|Rapidash, L90|300\/300
|move|p2a: Parasect|Body Slam|p1a: Rapidash
|-crit|p1a: Rapidash
|-damage|p1a: Rapidash|167\/300
|
|turn|14
|choice|move 1|switch 6
|
|switch|p2a: Ninetales|Ninetales, L85|298\/298
|move|p1a: Rapidash|Fire Blast|p2a: Ninetales
|-resisted|p2a: Ninetales
|-damage|p2a: Ninetales|237\/298
|
|turn|15
|choice|move 3|move 3
|
|move|p1a: Rapidash|Reflect|p1a: Rapidash
|-start|p1a: Rapidash|Reflect
|move|p2a: Ninetales|Confuse Ray|p1a: Rapidash
|-start|p1a: Rapidash|confusion
|
|turn|16
|choice|move 4|move 2
|
|-activate|p1a: Rapidash|confusion
|move|p1a: Rapidash|Hyper Beam|p2a: Ninetales
|-damage|p2a: Ninetales|98\/298
|move|p2a: Ninetales|Reflect|p2a: Ninetales
|-start|p2a: Ninetales|Reflect
|
|turn|17
|-mustrecharge|p1a: Rapidash
|-mustrecharge|p1a: Rapidash
|choice|move 1|switch 4
|
|switch|p2a: Poliwag|Poliwag, L96|272\/272
|cant|p1a: Rapidash|recharge
|
|turn|18
|choice|move 4|move 1
|
|-activate|p1a: Rapidash|confusion
|move|p1a: Rapidash|Hyper Beam|p2a: Poliwag
|-damage|p2a: Poliwag|115\/272
|move|p2a: Poliwag|Amnesia|p2a: Poliwag
|-boost|p2a: Poliwag|spd|2
|-boost|p2a: Poliwag|spa|2
|
|turn|19
|-mustrecharge|p1a: Rapidash
|-mustrecharge|p1a: Rapidash
|choice|move 1|move 4
|
|cant|p1a: Rapidash|recharge
|move|p2a: Poliwag|Psychic|p1a: Rapidash
|-damage|p1a: Rapidash|61\/300
|
|turn|20
|choice|move 2|move 4
|
|-activate|p1a: Rapidash|confusion
|move|p1a: Rapidash|Agility|p1a: Rapidash
|-boost|p1a: Rapidash|spe|2
|move|p2a: Poliwag|Psychic|p1a: Rapidash
|-damage|p1a: Rapidash|0 fnt
|faint|p1a: Rapidash
|c|★Dervodel2|missclick?
|choice|switch 5|
|
|switch|p1a: Exeggutor|Exeggutor, L79|312\/312
|turn|21
|choice|move 1|move 2
|
|move|p2a: Poliwag|Blizzard|p1a: Exeggutor
|-supereffective|p1a: Exeggutor
|-damage|p1a: Exeggutor|91\/312
|move|p1a: Exeggutor|Sleep Powder|p2a: Poliwag
|-status|p2a: Poliwag|slp
|
|turn|22
|choice|move 2|move 2
|
|cant|p2a: Poliwag|slp
|move|p1a: Exeggutor|Egg Bomb|p2a: Poliwag
|-damage|p2a: Poliwag|33\/272 slp
|
|turn|23
|choice|switch 3|move 2
|
|switch|p1a: Kabutops|Kabutops, L85|276\/276
|-curestatus|p2a: Poliwag|slp
|
|turn|24
|choice|move 3|move 4
|
|move|p2a: Poliwag|Psychic|p1a: Kabutops
|-crit|p1a: Kabutops
|-damage|p1a: Kabutops|171\/276
|move|p1a: Kabutops|Body Slam|p2a: Poliwag
|-damage|p2a: Poliwag|0 fnt
|faint|p2a: Poliwag
|choice||switch 5
|
|switch|p2a: Jolteon|Jolteon, L79|265\/265
|turn|25
|choice|switch 6|move 1
|
|switch|p1a: Articuno|Articuno, L79|304\/304 slp
|move|p2a: Jolteon|Thunderbolt|p1a: Articuno
|-supereffective|p1a: Articuno
|-damage|p1a: Articuno|125\/304 slp
|
|turn|26
|choice|move 1|move 1
|
|move|p2a: Jolteon|Thunderbolt|p1a: Articuno
|-supereffective|p1a: Articuno
|-damage|p1a: Articuno|0 fnt
|faint|p1a: Articuno
|choice|switch 3|
|
|switch|p1a: Exeggutor|Exeggutor, L79|91\/312
|turn|27
|choice|move 1|switch 4
|
|switch|p2a: Ninetales|Ninetales, L85|98\/298
|move|p1a: Exeggutor|Sleep Powder|p2a: Ninetales
|-status|p2a: Ninetales|slp
|
|turn|28
|choice|move 2|switch 6
|
|switch|p2a: Parasect|Parasect, L90|291\/291
|move|p1a: Exeggutor|Egg Bomb|p2a: Parasect
|-damage|p2a: Parasect|227\/291
|
|turn|29
|choice|move 2|move 3
|
|move|p1a: Exeggutor|Egg Bomb|p2a: Parasect
|-damage|p2a: Parasect|165\/291
|move|p2a: Parasect|Spore|p1a: Exeggutor
|-status|p1a: Exeggutor|slp
|
|turn|30
|choice|move 2|move 2
|
|cant|p1a: Exeggutor|slp
|move|p2a: Parasect|Mega Drain|p1a: Exeggutor
|-resisted|p1a: Exeggutor
|-damage|p1a: Exeggutor|74\/312 slp
|-heal|p2a: Parasect|173\/291|[from] drain|[of] p1a: Exeggutor
|
|turn|31
|choice|move 2|move 1
|
|cant|p1a: Exeggutor|slp
|move|p2a: Parasect|Body Slam|p1a: Exeggutor
|-damage|p1a: Exeggutor|0 fnt
|faint|p1a: Exeggutor
|-message|ilsharko forfeited.
|
|win|Dervodel2
|player|p1
|player|p2
|l|ilsharko
|raw|ilsharko's rating: 1360 &rarr; <strong>1336<\/strong><br \/>(-24 for losing)
|raw|Dervodel2's rating: 1280 &rarr; <strong>1311<\/strong><br \/>(+31 for winning)