|join|yaldyyyy
|join|Jovu
|player|p1|yaldyyyy|170
|player|p2|Jovu|286
|gametype|singles
|gen|1
|tier|[Gen 1] Random Battle
|rated
|rule|Sleep Clause Mod: Limit one foe put to sleep
|rule|Freeze Clause Mod: Limit one foe frozen
|rule|HP Percentage Mod: HP is shown in percentages
|
|start
|switch|p1a: Pidgeot|Pidgeot, L90|333\/333
|switch|p2a: Seadra|Seadra, L90|282\/282
|turn|1
|
|switch|p1a: Muk|Muk, L90|372\/372
|move|p2a: Seadra|Smokescreen|p1a: Muk
|-unboost|p1a: Muk|accuracy|1
|
|turn|2
|
|move|p2a: Seadra|Blizzard|p1a: Muk
|-damage|p1a: Muk|271\/372
|move|p1a: Muk|Mega Drain|p2a: Seadra
|-supereffective|p2a: Seadra
|-damage|p2a: Seadra|232\/282
|-heal|p1a: Muk|296\/372|[from] drain|[of] p2a: Seadra
|
|turn|3
|
|move|p2a: Seadra|Hydro Pump|p1a: Muk
|-damage|p1a: Muk|141\/372
|move|p1a: Muk|Body Slam|p2a: Seadra
|-damage|p2a: Seadra|167\/282
|
|turn|4
|
|move|p2a: Seadra|Hydro Pump|p1a: Muk
|-damage|p1a: Muk|0 fnt
|faint|p1a: Muk
|
|switch|p1a: Jigglypuff|Jigglypuff, L99|428\/428
|turn|5
|
|move|p2a: Seadra|Smokescreen|p1a: Jigglypuff
|-unboost|p1a: Jigglypuff|accuracy|1
|move|p1a: Jigglypuff|Double-Edge|p2a: Seadra
|-damage|p2a: Seadra|88\/282
|-damage|p1a: Jigglypuff|409\/428|[from] recoil|[of] p2a: Seadra
|
|turn|6
|
|move|p2a: Seadra|Mimic|p1a: Jigglypuff
|-start|p2a: Seadra|Mimic|Double-Edge
|move|p1a: Jigglypuff|Double-Edge|p2a: Seadra
|-damage|p2a: Seadra|5\/282
|-damage|p1a: Jigglypuff|389\/428|[from] recoil|[of] p2a: Seadra
|
|turn|7
|
|move|p2a: Seadra|Double-Edge|p1a: Jigglypuff
|-crit|p1a: Jigglypuff
|-damage|p1a: Jigglypuff|168\/428
|-damage|p2a: Seadra|0 fnt|[from] recoil|[of] p1a: Jigglypuff
|faint|p2a: Seadra
|
|switch|p2a: Nidorina|Nidorina, L90|309\/309
|turn|8
|
|move|p2a: Nidorina|Leer|p1a: Jigglypuff
|-unboost|p1a: Jigglypuff|def|1
|move|p1a: Jigglypuff|Double-Edge|p2a: Nidorina|[miss]
|-miss|p1a: Jigglypuff
|
|turn|9
|
|move|p2a: Nidorina|Substitute|p2a: Nidorina
|-start|p2a: Nidorina|Substitute
|-damage|p2a: Nidorina|232\/309
|move|p1a: Jigglypuff|Double-Edge|p2a: Nidorina
|-end|p2a: Nidorina|Substitute
|-damage|p1a: Jigglypuff|149\/428|[from] recoil|[of] p2a: Nidorina
|
|turn|10
|
|move|p2a: Nidorina|Substitute|p2a: Nidorina
|-start|p2a: Nidorina|Substitute
|-damage|p2a: Nidorina|155\/309
|move|p1a: Jigglypuff|Double-Edge|p2a: Nidorina
|-end|p2a: Nidorina|Substitute
|-damage|p1a: Jigglypuff|130\/428|[from] recoil|[of] p2a: Nidorina
|
|turn|11
|
|move|p2a: Nidorina|Bubble Beam|p1a: Jigglypuff
|-crit|p1a: Jigglypuff
|-damage|p1a: Jigglypuff|11\/428
|move|p1a: Jigglypuff|Double-Edge|p2a: Nidorina
|-damage|p2a: Nidorina|49\/309
|-damage|p1a: Jigglypuff|0 fnt|[from] recoil|[of] p2a: Nidorina
|faint|p1a: Jigglypuff
|
|switch|p1a: Alakazam|Alakazam, L79|249\/249
|turn|12
|
|move|p1a: Alakazam|Psychic|p2a: Nidorina
|-crit|p2a: Nidorina
|-supereffective|p2a: Nidorina
|-damage|p2a: Nidorina|0 fnt
|faint|p2a: Nidorina
|
|switch|p2a: Magneton|Magneton, L90|273\/273
|turn|13
|
|switch|p1a: Venusaur|Venusaur, L85|310\/310
|move|p2a: Magneton|Thunderbolt|p1a: Venusaur
|-resisted|p1a: Venusaur
|-damage|p1a: Venusaur|247\/310
|
|turn|14
|
|switch|p2a: Gloom|Gloom, L90|291\/291
|move|p1a: Venusaur|Sleep Powder|p2a: Gloom
|-status|p2a: Gloom|slp
|
|turn|15
|
|switch|p1a: Dragonite|Dragonite, L85|328\/328
|cant|p2a: Gloom|slp
|
|turn|16
|
|move|p1a: Dragonite|Blizzard|p2a: Gloom
|-supereffective|p2a: Gloom
|-damage|p2a: Gloom|122\/291 slp
|cant|p2a: Gloom|slp
|
|turn|17
|
|move|p1a: Dragonite|Blizzard|p2a: Gloom
|-crit|p2a: Gloom
|-supereffective|p2a: Gloom
|-damage|p2a: Gloom|0 fnt
|faint|p2a: Gloom
|
|switch|p2a: Machoke|Machoke, L85|310\/310
|turn|18
|
|move|p1a: Dragonite|Blizzard|p2a: Machoke
|-damage|p2a: Machoke|196\/310
|move|p2a: Machoke|Leer|p1a: Dragonite
|-unboost|p1a: Dragonite|def|1
|
|turn|19
|
|move|p1a: Dragonite|Blizzard|p2a: Machoke
|-damage|p2a: Machoke|65\/310
|move|p2a: Machoke|Leer|p1a: Dragonite
|-unboost|p1a: Dragonite|def|1
|
|turn|20
|
|move|p1a: Dragonite|Thunderbolt|p2a: Machoke
|-damage|p2a: Machoke|0 fnt
|faint|p2a: Machoke
|
|switch|p2a: Magneton|Magneton, L90|273\/273
|turn|21
|
|switch|p1a: Venusaur|Venusaur, L85|247\/310
|move|p2a: Magneton|Thunderbolt|p1a: Venusaur
|-resisted|p1a: Venusaur
|-damage|p1a: Venusaur|185\/310
|
|turn|22
|
|move|p1a: Venusaur|Sleep Powder|p2a: Magneton
|-status|p2a: Magneton|slp
|cant|p2a: Magneton|slp
|
|turn|23
|
|move|p1a: Venusaur|Swords Dance|p1a: Venusaur
|-boost|p1a: Venusaur|atk|2
|cant|p2a: Magneton|slp
|-curestatus|p2a: Magneton|slp
|
|turn|24
|
|move|p1a: Venusaur|Swords Dance|p1a: Venusaur
|-boost|p1a: Venusaur|atk|2
|move|p2a: Magneton|Hyper Beam|p1a: Venusaur
|-damage|p1a: Venusaur|87\/310
|
|turn|25
|-mustrecharge|p2a: Magneton
|c|★Jovu|gg
|-mustrecharge|p2a: Magneton
|
|move|p1a: Venusaur|Body Slam|p2a: Magneton
|-damage|p2a: Magneton|118\/273
|-status|p2a: Magneton|par
|cant|p2a: Magneton|recharge
|
|turn|26
|
|move|p1a: Venusaur|Body Slam|p2a: Magneton
|-damage|p2a: Magneton|0 fnt
|faint|p2a: Magneton
|
|switch|p2a: Gyarados|Gyarados, L85|335\/335
|turn|27
|
|move|p2a: Gyarados|Blizzard|p1a: Venusaur|[miss]
|-miss|p2a: Gyarados
|move|p1a: Venusaur|Sleep Powder|p2a: Gyarados
|-status|p2a: Gyarados|slp
|
|turn|28
|
|cant|p2a: Gyarados|slp
|move|p1a: Venusaur|Body Slam|p2a: Gyarados
|-damage|p2a: Gyarados|167\/335 slp
|
|turn|29
|
|cant|p2a: Gyarados|slp
|move|p1a: Venusaur|Body Slam|p2a: Gyarados
|-damage|p2a: Gyarados|0 fnt
|faint|p2a: Gyarados
|
|win|yaldyyyy
|raw|Ladder updating...