|join|Soytudios
|join|lana86
|player|p1|Soytudios|101
|player|p2|lana86|211
|gametype|singles
|gen|1
|tier|[Gen 1] Random Battle
|rated
|rule|Sleep Clause Mod: Limit one foe put to sleep
|rule|Freeze Clause Mod: Limit one foe frozen
|rule|HP Percentage Mod: HP is shown in percentages
|
|start
|switch|p1a: Venonat|Venonat, L96|310\/310
|switch|p2a: Voltorb|Voltorb, L96|272\/272
|turn|1
|
|switch|p2a: Jynx|Jynx, L79|265\/265
|move|p1a: Venonat|Mega Drain|p2a: Jynx
|-damage|p2a: Jynx|243\/265
|
|turn|2
|
|move|p2a: Jynx|Psychic|p1a: Venonat
|-supereffective|p1a: Venonat
|-damage|p1a: Venonat|103\/310
|-unboost|p1a: Venonat|spd|1
|-unboost|p1a: Venonat|spa|1
|move|p1a: Venonat|Toxic|p2a: Jynx
|-status|p2a: Jynx|tox
|
|turn|3
|
|move|p2a: Jynx|Psychic|p1a: Venonat
|-crit|p1a: Venonat
|-supereffective|p1a: Venonat
|-damage|p1a: Venonat|0 fnt
|faint|p1a: Venonat
|
|switch|p1a: Weezing|Weezing, L90|300\/300
|turn|4
|
|move|p2a: Jynx|Psychic|p1a: Weezing
|-supereffective|p1a: Weezing
|-damage|p1a: Weezing|137\/300
|-damage|p2a: Jynx|227\/265 tox|[from] tox|[of] p1a: Weezing
|move|p1a: Weezing|Fire Blast|p2a: Jynx
|-supereffective|p2a: Jynx
|-damage|p2a: Jynx|53\/265 tox
|
|turn|5
|
|move|p2a: Jynx|Psychic|p1a: Weezing
|-supereffective|p1a: Weezing
|-damage|p1a: Weezing|0 fnt
|faint|p1a: Weezing
|
|switch|p1a: Persian|Persian, L79|265\/265
|turn|6
|
|switch|p2a: Machoke|Machoke, L85|310\/310
|move|p1a: Persian|Screech|p2a: Machoke
|-unboost|p2a: Machoke|def|2
|
|turn|7
|
|move|p1a: Persian|Slash|p2a: Machoke
|-crit|p2a: Machoke
|-damage|p2a: Machoke|196\/310
|move|p2a: Machoke|Counter|p1a: Persian
|-damage|p1a: Persian|37\/265
|
|turn|8
|
|move|p1a: Persian|Body Slam|p2a: Machoke
|-damage|p2a: Machoke|47\/310
|-status|p2a: Machoke|par
|move|p2a: Machoke|Body Slam|p1a: Persian
|-damage|p1a: Persian|0 fnt
|faint|p1a: Persian
|
|switch|p1a: Poliwhirl|Poliwhirl, L85|284\/284
|turn|9
|
|switch|p2a: Voltorb|Voltorb, L96|272\/272
|move|p1a: Poliwhirl|Surf|p2a: Voltorb
|-damage|p2a: Voltorb|186\/272
|
|turn|10
|
|move|p2a: Voltorb|Thunderbolt|p1a: Poliwhirl
|-supereffective|p1a: Poliwhirl
|-damage|p1a: Poliwhirl|53\/284
|move|p1a: Poliwhirl|Amnesia|p1a: Poliwhirl
|-boost|p1a: Poliwhirl|spd|2
|-boost|p1a: Poliwhirl|spa|2
|
|turn|11
|
|move|p2a: Voltorb|Thunderbolt|p1a: Poliwhirl
|-supereffective|p1a: Poliwhirl
|-damage|p1a: Poliwhirl|0 fnt
|faint|p1a: Poliwhirl
|
|switch|p1a: Rhydon|Rhydon, L79|328\/328
|turn|12
|
|switch|p2a: Venomoth|Venomoth, L85|293\/293
|move|p1a: Rhydon|Body Slam|p2a: Venomoth
|-damage|p2a: Venomoth|215\/293
|-status|p2a: Venomoth|par
|
|turn|13
|
|move|p1a: Rhydon|Earthquake|p2a: Venomoth
|-damage|p2a: Venomoth|73\/293 par
|move|p2a: Venomoth|Sleep Powder|p1a: Rhydon
|-status|p1a: Rhydon|slp
|
|turn|14
|
|cant|p1a: Rhydon|slp
|move|p2a: Venomoth|Mega Drain|p1a: Rhydon
|-supereffective|p1a: Rhydon
|-damage|p1a: Rhydon|157\/328 slp
|-heal|p2a: Venomoth|158\/293 par|[from] drain|[of] p1a: Rhydon
|
|turn|15
|
|cant|p1a: Rhydon|slp
|move|p2a: Venomoth|Mega Drain|p1a: Rhydon
|-supereffective|p1a: Rhydon
|-damage|p1a: Rhydon|0 fnt
|-heal|p2a: Venomoth|236\/293 par|[from] drain|[of] p1a: Rhydon
|faint|p1a: Rhydon
|
|switch|p1a: Dratini|Dratini, L96|274\/274
|turn|16
|
|move|p1a: Dratini|Blizzard|p2a: Venomoth
|-damage|p2a: Venomoth|165\/293 par
|move|p2a: Venomoth|Sleep Powder|p1a: Dratini
|-status|p1a: Dratini|slp
|
|turn|17
|
|switch|p2a: Exeggutor|Exeggutor, L79|312\/312
|cant|p1a: Dratini|slp
|
|turn|18
|
|cant|p1a: Dratini|slp
|move|p2a: Exeggutor|Psychic|p1a: Dratini
|-damage|p1a: Dratini|160\/274 slp
|
|turn|19
|
|cant|p1a: Dratini|slp
|move|p2a: Exeggutor|Psychic|p1a: Dratini
|-damage|p1a: Dratini|39\/274 slp
|-unboost|p1a: Dratini|spd|1
|-unboost|p1a: Dratini|spa|1
|
|turn|20
|
|-curestatus|p1a: Dratini|slp
|move|p2a: Exeggutor|Psychic|p1a: Dratini
|-damage|p1a: Dratini|0 fnt
|faint|p1a: Dratini
|
|win|lana86
|raw|Soytudios's rating: 1000 &rarr; <strong>1000<\/strong><br \/>(+0 for losing)
|raw|lana86's rating: 1098 &rarr; <strong>1116<\/strong><br \/>(+18 for winning)
|leave|Soytudios
|player|p1