|j|samusco
|j|SweetLemonade
|player|p1|samusco|258
|player|p2|SweetLemonade|238
|gametype|singles
|gen|1
|tier|[Gen 1] OU
|rated
|seed|22237,50139,8703,35700
|rule|Sleep Clause Mod: Limit one foe put to sleep
|rule|Freeze Clause Mod: Limit one foe frozen
|rule|Species Clause: Limit one of each Pokémon
|rule|OHKO Clause: OHKO moves are banned
|rule|Evasion Moves Clause: Evasion moves are banned
|rule|HP Percentage Mod: HP is shown in percentages
|
|start
|switch|p1a: Jynx|Jynx|333\/333
|switch|p2a: Starmie|Starmie|323\/323
|turn|1
|choice|move 4|move 2
|
|move|p2a: Starmie|Thunder Wave|p1a: Jynx|[miss]
|-miss|p2a: Starmie
|move|p1a: Jynx|Lovely Kiss|p2a: Starmie
|-status|p2a: Starmie|slp
|
|turn|2
|choice|switch 5|switch 4
|
|switch|p2a: Chansey|Chansey|703\/703
|switch|p1a: Slowbro|Slowbro|393\/393
|
|turn|3
|choice|move 3|move 4
|
|move|p2a: Chansey|Thunderbolt|p1a: Slowbro
|-supereffective|p1a: Slowbro
|-damage|p1a: Slowbro|199\/393
|move|p1a: Slowbro|Thunder Wave|p2a: Chansey
|-status|p2a: Chansey|par
|
|turn|4
|choice|switch 4|move 3
|
|switch|p1a: Golem|Golem|363\/363
|move|p2a: Chansey|Thunder Wave|p1a: Golem
|-immune|p1a: Golem|[msg]
|
|turn|5
|choice|switch 5|switch 2
|
|switch|p1a: Jynx|Jynx|333\/333
|switch|p2a: Exeggutor|Exeggutor|393\/393
|
|turn|6
|choice|move 1|switch 2
|
|switch|p2a: Chansey|Chansey|703\/703 par
|move|p1a: Jynx|Blizzard|p2a: Chansey
|-damage|p2a: Chansey|578\/703 par
|
|turn|7
|choice|move 3|move 3
|
|move|p1a: Jynx|Mimic|p2a: Chansey
|-start|p1a: Jynx|Mimic|Thunderbolt
|cant|p2a: Chansey|par
|
|turn|8
|choice|move 1|move 3
|
|move|p1a: Jynx|Blizzard|p2a: Chansey
|-damage|p2a: Chansey|434\/703 par
|move|p2a: Chansey|Thunder Wave|p1a: Jynx
|-status|p1a: Jynx|par
|
|turn|9
|choice|move 1|move 2
|
|move|p1a: Jynx|Blizzard|p2a: Chansey
|-crit|p2a: Chansey
|-damage|p2a: Chansey|178\/703 par
|move|p2a: Chansey|Soft-Boiled|p2a: Chansey
|-heal|p2a: Chansey|529\/703 par
|
|turn|10
|choice|move 1|move 4
|
|move|p1a: Jynx|Blizzard|p2a: Chansey
|-crit|p2a: Chansey
|-damage|p2a: Chansey|263\/703 par
|move|p2a: Chansey|Thunderbolt|p1a: Jynx
|-damage|p1a: Jynx|254\/333 par
|
|turn|11
|choice|move 1|move 2
|
|move|p1a: Jynx|Blizzard|p2a: Chansey
|-crit|p2a: Chansey
|-damage|p2a: Chansey|13\/703 par
|move|p2a: Chansey|Soft-Boiled|p2a: Chansey
|-heal|p2a: Chansey|364\/703 par
|
|turn|12
|choice|move 1|move 2
|
|move|p1a: Jynx|Blizzard|p2a: Chansey
|-damage|p2a: Chansey|235\/703 par
|cant|p2a: Chansey|par
|
|turn|13
|choice|move 1|move 2
|
|move|p1a: Jynx|Blizzard|p2a: Chansey|[miss]
|-miss|p1a: Jynx
|move|p2a: Chansey|Soft-Boiled|p2a: Chansey
|-heal|p2a: Chansey|586\/703 par
|
|turn|14
|choice|move 1|move 4
|
|move|p1a: Jynx|Blizzard|p2a: Chansey
|-damage|p2a: Chansey|463\/703 par
|cant|p2a: Chansey|par
|
|turn|15
|choice|move 3|move 2
|
|move|p1a: Jynx|Thunderbolt|p2a: Chansey
|-damage|p2a: Chansey|396\/703 par
|cant|p2a: Chansey|par
|
|turn|16
|choice|switch 3|move 2
|
|switch|p1a: Tauros|Tauros|353\/353
|move|p2a: Chansey|Soft-Boiled|p2a: Chansey
|-heal|p2a: Chansey|703\/703 par
|
|turn|17
|choice|move 3|switch 6
|
|switch|p2a: Golem|Golem|363\/363
|move|p1a: Tauros|Body Slam|p2a: Golem
|-resisted|p2a: Golem
|-damage|p2a: Golem|323\/363
|-status|p2a: Golem|par
|
|turn|18
|choice|move 1|move 2
|
|move|p1a: Tauros|Blizzard|p2a: Golem
|-supereffective|p2a: Golem
|-damage|p2a: Golem|108\/363 par
|move|p2a: Golem|Earthquake|p1a: Tauros
|-damage|p1a: Tauros|229\/353
|
|turn|19
|choice|move 1|switch 3
|
|switch|p2a: Alakazam|Alakazam|313\/313
|move|p1a: Tauros|Blizzard|p2a: Alakazam
|-damage|p2a: Alakazam|257\/313
|
|turn|20
|choice|switch 5|move 4
|
|switch|p1a: Golem|Golem|363\/363
|move|p2a: Alakazam|Thunder Wave|p1a: Golem
|-immune|p1a: Golem|[msg]
|
|turn|21
|choice|move 2|move 3
|
|move|p2a: Alakazam|Reflect|p2a: Alakazam
|-start|p2a: Alakazam|Reflect
|move|p1a: Golem|Rock Slide|p2a: Alakazam
|-crit|p2a: Alakazam
|-damage|p2a: Alakazam|0 fnt
|faint|p2a: Alakazam
|choice||switch 2
|
|switch|p2a: Exeggutor|Exeggutor|393\/393
|turn|22
|choice|switch 2|move 4
|
|switch|p1a: Exeggutor|Exeggutor|393\/393
|move|p2a: Exeggutor|Mega Drain|p1a: Exeggutor
|-resisted|p1a: Exeggutor
|-damage|p1a: Exeggutor|370\/393
|
|turn|23
|choice|move 1|move 3
|
|move|p1a: Exeggutor|Psychic|p2a: Exeggutor
|-resisted|p2a: Exeggutor
|-damage|p2a: Exeggutor|342\/393
|move|p2a: Exeggutor|Sleep Powder|p1a: Exeggutor
|-status|p1a: Exeggutor|slp
|
|turn|24
|choice|switch 4|move 2
|
|switch|p1a: Slowbro|Slowbro|199\/393
|move|p2a: Exeggutor|Psychic|p1a: Slowbro
|-resisted|p1a: Slowbro
|-damage|p1a: Slowbro|131\/393
|-unboost|p1a: Slowbro|spd|1
|-unboost|p1a: Slowbro|spa|1
|
|turn|25
|choice|switch 5|move 4
|
|switch|p1a: Tauros|Tauros|229\/353
|move|p2a: Exeggutor|Mega Drain|p1a: Tauros
|-damage|p1a: Tauros|164\/353
|-heal|p2a: Exeggutor|374\/393|[from] drain|[of] p1a: Tauros
|
|turn|26
|choice|move 1|move 2
|
|move|p1a: Tauros|Blizzard|p2a: Exeggutor|[miss]
|-miss|p1a: Tauros
|move|p2a: Exeggutor|Psychic|p1a: Tauros
|-damage|p1a: Tauros|8\/353
|
|turn|27
|choice|move 1|move 4
|
|move|p1a: Tauros|Blizzard|p2a: Exeggutor
|-crit|p2a: Exeggutor
|-supereffective|p2a: Exeggutor
|-damage|p2a: Exeggutor|118\/393
|move|p2a: Exeggutor|Mega Drain|p1a: Tauros
|-damage|p1a: Tauros|0 fnt
|-heal|p2a: Exeggutor|122\/393|[from] drain|[of] p1a: Tauros
|faint|p1a: Tauros
|choice|switch 6|
|
|switch|p1a: Gengar|Gengar|323\/323
|turn|28
|choice|move 3|move 2
|
|move|p1a: Gengar|Night Shade|p2a: Exeggutor
|-damage|p2a: Exeggutor|22\/393
|move|p2a: Exeggutor|Psychic|p1a: Gengar
|-supereffective|p1a: Gengar
|-damage|p1a: Gengar|108\/323
|-unboost|p1a: Gengar|spd|1
|-unboost|p1a: Gengar|spa|1
|
|turn|29
|choice|move 3|switch 6
|
|switch|p2a: Chansey|Chansey|703\/703 par
|move|p1a: Gengar|Night Shade|p2a: Chansey
|-damage|p2a: Chansey|603\/703 par
|
|turn|30
|choice|move 2|move 1
|
|move|p1a: Gengar|Mega Drain|p2a: Chansey
|-damage|p2a: Chansey|578\/703 par
|-heal|p1a: Gengar|120\/323|[from] drain|[of] p2a: Chansey
|cant|p2a: Chansey|par
|
|turn|31
|choice|move 4|move 1
|
|move|p1a: Gengar|Explosion|p2a: Chansey
|-damage|p2a: Chansey|0 fnt
|faint|p2a: Chansey
|faint|p1a: Gengar
|choice|switch 5|switch 6
|
|switch|p2a: Exeggutor|Exeggutor|22\/393
|switch|p1a: Slowbro|Slowbro|131\/393
|turn|32
|choice|switch 3|move 4
|
|switch|p1a: Jynx|Jynx|254\/333 par
|move|p2a: Exeggutor|Mega Drain|p1a: Jynx
|-damage|p1a: Jynx|200\/333 par
|-heal|p2a: Exeggutor|49\/393|[from] drain|[of] p1a: Jynx
|
|turn|33
|choice|move 3|move 1
|
|move|p2a: Exeggutor|Explosion|p1a: Jynx
|-damage|p1a: Jynx|0 fnt
|faint|p1a: Jynx
|faint|p2a: Exeggutor
|j|Stryxx
|choice|switch 3|switch 4
|
|switch|p2a: Starmie|Starmie|323\/323 slp
|switch|p1a: Slowbro|Slowbro|131\/393
|turn|34
|choice|move 4|switch 5
|
|switch|p2a: Tauros|Tauros|353\/353
|move|p1a: Slowbro|Rest|p1a: Slowbro
|-status|p1a: Slowbro|slp
|-heal|p1a: Slowbro|393\/393 slp|[silent]
|-status|p1a: Slowbro|slp|[from] move: Rest
|
|turn|35
|choice|move 3|move 2
|
|move|p2a: Tauros|Body Slam|p1a: Slowbro
|-damage|p1a: Slowbro|303\/393 slp
|cant|p1a: Slowbro|slp
|
|turn|36
|choice|move 3|move 2
|
|move|p2a: Tauros|Body Slam|p1a: Slowbro
|-damage|p1a: Slowbro|210\/393 slp
|-curestatus|p1a: Slowbro|slp
|
|turn|37
|choice|move 3|move 2
|
|move|p2a: Tauros|Body Slam|p1a: Slowbro
|-damage|p1a: Slowbro|111\/393
|move|p1a: Slowbro|Thunder Wave|p2a: Tauros
|-status|p2a: Tauros|par
|
|turn|38
|choice|move 4|move 2
|
|move|p1a: Slowbro|Rest|p1a: Slowbro
|-status|p1a: Slowbro|slp
|-heal|p1a: Slowbro|393\/393 slp|[silent]
|-status|p1a: Slowbro|slp|[from] move: Rest
|cant|p2a: Tauros|par
|
|turn|39
|choice|move 1|switch 5
|
|switch|p2a: Starmie|Starmie|323\/323 slp
|cant|p1a: Slowbro|slp
|
|turn|40
|j|LeInf
|choice|move 1|move 3
|
|cant|p2a: Starmie|slp
|-curestatus|p1a: Slowbro|slp
|
|turn|41
|choice|move 1|move 2
|
|cant|p2a: Starmie|slp
|move|p1a: Slowbro|Amnesia|p1a: Slowbro
|-boost|p1a: Slowbro|spd|2
|-boost|p1a: Slowbro|spa|2
|
|turn|42
|choice|move 1|switch 5
|
|switch|p2a: Tauros|Tauros|353\/353 par
|move|p1a: Slowbro|Amnesia|p1a: Slowbro
|-boost|p1a: Slowbro|spd|2
|-boost|p1a: Slowbro|spa|2
|
|turn|43
|c|★SweetLemonade|this gets touygh now
|choice|move 2|move 2
|
|move|p1a: Slowbro|Surf|p2a: Tauros
|-damage|p2a: Tauros|14\/353 par
|move|p2a: Tauros|Body Slam|p1a: Slowbro
|-damage|p1a: Slowbro|296\/393
|
|turn|44
|choice|move 2|move 2
|
|move|p1a: Slowbro|Surf|p2a: Tauros
|-damage|p2a: Tauros|0 fnt
|faint|p2a: Tauros
|choice||switch 5
|
|switch|p2a: Starmie|Starmie|323\/323 slp
|turn|45
|choice|move 1|move 3
|
|cant|p2a: Starmie|slp
|move|p1a: Slowbro|Amnesia|p1a: Slowbro
|-boost|p1a: Slowbro|spd|2
|-boost|p1a: Slowbro|spa|2
|
|turn|46
|choice|move 2|move 3
|
|cant|p2a: Starmie|slp
|move|p1a: Slowbro|Surf|p2a: Starmie
|-resisted|p2a: Starmie
|-damage|p2a: Starmie|126\/323 slp
|
|turn|47
|choice|move 2|move 1
|
|-curestatus|p2a: Starmie|slp
|move|p1a: Slowbro|Surf|p2a: Starmie
|-resisted|p2a: Starmie
|-damage|p2a: Starmie|0 fnt
|faint|p2a: Starmie
|c|★SweetLemonade|over
|choice||switch 3
|
|switch|p2a: Golem|Golem|108\/363 par
|turn|48
|choice|move 2|move 1
|
|move|p1a: Slowbro|Surf|p2a: Golem
|-supereffective|p2a: Golem
|-damage|p2a: Golem|0 fnt
|faint|p2a: Golem
|
|win|samusco
|player|p1
|player|p2
|raw|samusco's rating: 1146 &rarr; <strong>1173<\/strong><br \/>(+27 for winning)
|raw|SweetLemonade's rating: 1175 &rarr; <strong>1148<\/strong><br \/>(-27 for losing)
|l|LeInf
|l|SweetLemonade
|l|Stryxx