|join|Blue53
|join|lololiamnotsomeone
|player|p1|Blue53|99
|player|p2|lololiamnotsomeone|169
|gametype|singles
|gen|1
|tier|[Gen 1] OU (beta)
|rule|Sleep Clause Mod: Limit one foe put to sleep
|rule|Species Clause: Limit one of each Pokemon
|rule|OHKO Clause: OHKO moves are banned
|rule|Moody Clause: Moody is banned
|rule|Evasion Moves Clause: Evasion moves are banned
|rule|Endless Battle Clause: Forcing endless battles is banned.
|rule|HP Percentage Mod: HP is reported as percentages
|
|start
|switch|p1a: Dragón del lago|Gyarados|393\/393
|switch|p2a: Ninetales|Ninetales|349\/349
|turn|1
|chat|Blue53|dat shiny XD
|
|move|p2a: Ninetales|Fire Spin|p1a: Dragón del lago|[miss]
|-miss|p2a: Ninetales
|move|p1a: Dragón del lago|Blizzard|p2a: Ninetales
|-damage|p2a: Ninetales|251\/349
|
|turn|2
|
|move|p2a: Ninetales|Fire Spin|p1a: Dragón del lago|[miss]
|-miss|p2a: Ninetales
|move|p1a: Dragón del lago|Body Slam|p2a: Ninetales
|-damage|p2a: Ninetales|160\/349
|-status|p2a: Ninetales|par
|
|turn|3
|
|move|p1a: Dragón del lago|Hyper Beam|p2a: Ninetales
|-damage|p2a: Ninetales|0 fnt
|faint|p2a: Ninetales
|
|
|switch|p2a: Jolteon|Jolteon|333\/333
|turn|4
|
|switch|p1a: Cocobombs|Exeggutor|393\/393
|move|p2a: Jolteon|Thunderbolt|p1a: Cocobombs
|-crit|p1a: Cocobombs
|-resisted|p1a: Cocobombs
|-damage|p1a: Cocobombs|282\/393
|
|turn|5
|
|move|p2a: Jolteon|Pin Missile|p1a: Cocobombs
|-supereffective|p1a: Cocobombs
|-damage|p1a: Cocobombs|240\/393
|-damage|p1a: Cocobombs|198\/393
|-hitcount|p1a: Cocobombs|2
|move|p1a: Cocobombs|Stun Spore|p2a: Jolteon|[miss]
|-miss|p1a: Cocobombs
|
|turn|6
|
|move|p2a: Jolteon|Pin Missile|p1a: Cocobombs
|-supereffective|p1a: Cocobombs
|-damage|p1a: Cocobombs|152\/393
|-damage|p1a: Cocobombs|106\/393
|-hitcount|p1a: Cocobombs|2
|move|p1a: Cocobombs|Stun Spore|p2a: Jolteon|[miss]
|-miss|p1a: Cocobombs
|
|turn|7
|chat|Blue53|damn.
|
|move|p2a: Jolteon|Pin Missile|p1a: Cocobombs
|-crit|p1a: Cocobombs
|-supereffective|p1a: Cocobombs
|-damage|p1a: Cocobombs|16\/393
|-damage|p1a: Cocobombs|0 fnt
|-hitcount|p1a: Cocobombs|2
|faint|p1a: Cocobombs
|
|
|switch|p1a: Frost|Articuno|383\/383
|turn|8
|
|move|p2a: Jolteon|Thunderbolt|p1a: Frost
|-supereffective|p1a: Frost
|-damage|p1a: Frost|190\/383
|move|p1a: Frost|Agility|p1a: Frost
|-boost|p1a: Frost|spe|2
|
|turn|9
|
|move|p1a: Frost|Blizzard|p2a: Jolteon
|-crit|p2a: Jolteon
|-damage|p2a: Jolteon|41\/333
|move|p2a: Jolteon|Thunder Wave|p1a: Frost
|-status|p1a: Frost|par
|
|turn|10
|
|move|p2a: Jolteon|Thunderbolt|p1a: Frost
|-supereffective|p1a: Frost
|-damage|p1a: Frost|0 fnt
|faint|p1a: Frost
|
|
|switch|p1a: Hugsz|Snorlax|523\/523
|turn|11
|
|switch|p2a: Tangela|Tangela|333\/333
|move|p1a: Hugsz|Body Slam|p2a: Tangela
|-damage|p2a: Tangela|238\/333
|-status|p2a: Tangela|par
|
|turn|12
|
|move|p1a: Hugsz|Body Slam|p2a: Tangela
|-damage|p2a: Tangela|137\/333 par
|move|p2a: Tangela|Sleep Powder|p1a: Hugsz|[miss]
|-miss|p2a: Tangela
|
|turn|13
|
|switch|p2a: Jolteon|Jolteon|41\/333
|move|p1a: Hugsz|Hyper Beam|p2a: Jolteon
|-damage|p2a: Jolteon|0 fnt
|faint|p2a: Jolteon
|
|
|switch|p2a: Dewgong|Dewgong|383\/383
|turn|14
|
|move|p2a: Dewgong|Blizzard|p1a: Hugsz
|-damage|p1a: Hugsz|350\/523
|move|p1a: Hugsz|Body Slam|p2a: Dewgong
|-damage|p2a: Dewgong|262\/383
|
|turn|15
|
|move|p2a: Dewgong|Blizzard|p1a: Hugsz
|-damage|p1a: Hugsz|179\/523
|move|p1a: Hugsz|Self-Destruct|p2a: Dewgong
|-damage|p2a: Dewgong|0 fnt
|faint|p2a: Dewgong
|faint|p1a: Hugsz
|
|switch|p2a: Kangaskhan|Kangaskhan|413\/413
|switch|p1a: Blueking|Nidoking|365\/365
|turn|16
|
|move|p2a: Kangaskhan|Body Slam|p1a: Blueking
|-damage|p1a: Blueking|243\/365
|move|p1a: Blueking|Earthquake|p2a: Kangaskhan
|-damage|p2a: Kangaskhan|287\/413
|
|turn|17
|
|move|p2a: Kangaskhan|Body Slam|p1a: Blueking
|-damage|p1a: Blueking|126\/365
|move|p1a: Blueking|Thunder|p2a: Kangaskhan|[miss]
|-miss|p1a: Blueking
|
|turn|18
|
|move|p2a: Kangaskhan|Earthquake|p1a: Blueking
|-supereffective|p1a: Blueking
|-damage|p1a: Blueking|0 fnt
|faint|p1a: Blueking
|
|
|switch|p1a: Dragón del lago|Gyarados|393\/393
|turn|19
|
|move|p2a: Kangaskhan|Body Slam|p1a: Dragón del lago
|-damage|p1a: Dragón del lago|288\/393
|-status|p1a: Dragón del lago|par
|move|p1a: Dragón del lago|Blizzard|p2a: Kangaskhan
|-damage|p2a: Kangaskhan|117\/413
|
|turn|20
|
|move|p2a: Kangaskhan|Hyper Beam|p1a: Dragón del lago
|-crit|p1a: Dragón del lago
|-damage|p1a: Dragón del lago|0 fnt
|faint|p1a: Dragón del lago
|
|chat|Blue53|:O.
|
|switch|p1a: Scoop|Alakazam|313\/313
|turn|21
|c|★Blue53|!data tauros
|c|~|\/data-pokemon Tauros

|c|★Blue53|!data kangaskan
No Pokemon, item, move or ability named 'kangaskan' was found. Showing the data of 'Kangaskhan' instead.
|c|~|\/data-pokemon Kangaskhan

|
|move|p1a: Scoop|Psychic|p2a: Kangaskhan
|-damage|p2a: Kangaskhan|0 fnt
|faint|p2a: Kangaskhan
|
|
|switch|p2a: Tangela|Tangela|137\/333 par
|turn|22
|chat|Blue53|I would use tauros in gen 1
|chat|Blue53|:P
|
|move|p1a: Scoop|Psychic|p2a: Tangela
|-damage|p2a: Tangela|0 fnt
|faint|p2a: Tangela
|
|
|switch|p2a: Sandslash|Sandslash|353\/353
|turn|23
|
|move|p1a: Scoop|Reflect|p1a: Scoop
|move|p2a: Sandslash|Body Slam|p1a: Scoop
|-damage|p1a: Scoop|260\/313
|-status|p1a: Scoop|par
|
|turn|24
|
|move|p2a: Sandslash|Earthquake|p1a: Scoop
|-damage|p1a: Scoop|158\/313 par
|move|p1a: Scoop|Psychic|p2a: Sandslash
|-damage|p2a: Sandslash|170\/353
|
|turn|25
|
|move|p2a: Sandslash|Earthquake|p1a: Scoop
|-damage|p1a: Scoop|72\/313 par
|move|p1a: Scoop|Psychic|p2a: Sandslash
|-damage|p2a: Sandslash|0 fnt
|faint|p2a: Sandslash
|
|win|Blue53
|chat|lololiamnotsomeone|gg
|leave|Blue53
|player|p1
|chat|lololiamnotsomeone|i'm kel9901 btw
|leave|lololiamnotsomeone
|player|p2