|j|MALESANI
|j|BeardoMcWeirdo97
|player|p1|MALESANI|238
|player|p2|BeardoMcWeirdo97|164
|gametype|singles
|gen|1
|tier|[Gen 1] Random Battle
|rated
|seed|25640,13232,28974,17404
|rule|Sleep Clause Mod: Limit one foe put to sleep
|rule|Freeze Clause Mod: Limit one foe frozen
|rule|HP Percentage Mod: HP is shown in percentages
|
|start
|switch|p1a: Dewgong|Dewgong, L85|327\/327
|switch|p2a: Ninetales|Ninetales, L85|298\/298
|turn|1
|choice|move 3|move 3
|
|move|p2a: Ninetales|Body Slam|p1a: Dewgong
|-damage|p1a: Dewgong|269\/327
|move|p1a: Dewgong|Blizzard|p2a: Ninetales
|-damage|p2a: Ninetales|188\/298
|
|turn|2
|choice|move 2|move 1
|
|move|p2a: Ninetales|Fire Blast|p1a: Dewgong
|-damage|p1a: Dewgong|145\/327
|move|p1a: Dewgong|Surf|p2a: Ninetales
|-supereffective|p2a: Ninetales
|-damage|p2a: Ninetales|15\/298
|
|turn|3
|choice|switch 6|move 4
|
|switch|p1a: Magmar|Magmar, L90|300\/300
|move|p2a: Ninetales|Confuse Ray|p1a: Magmar
|-start|p1a: Magmar|confusion
|
|turn|4
|choice|move 2|move 2
|
|-activate|p1a: Magmar|confusion
|move|p1a: Magmar|Body Slam|p2a: Ninetales
|-crit|p2a: Ninetales
|-damage|p2a: Ninetales|0 fnt
|faint|p2a: Ninetales
|choice||switch 6
|
|switch|p2a: Lickitung|Lickitung, L90|345\/345
|turn|5
|choice|switch 4|move 3
|
|switch|p1a: Dragonite|Dragonite, L85|328\/328
|move|p2a: Lickitung|Earthquake|p1a: Dragonite
|-immune|p1a: Dragonite|[msg]
|
|turn|6
|choice|move 2|move 4
|
|move|p1a: Dragonite|Thunder|p2a: Lickitung
|-damage|p2a: Lickitung|249\/345
|move|p2a: Lickitung|Hyper Beam|p1a: Dragonite
|-damage|p1a: Dragonite|211\/328
|
|turn|7
|-mustrecharge|p2a: Lickitung
|-mustrecharge|p2a: Lickitung
|choice|move 1|move 1
|
|move|p1a: Dragonite|Body Slam|p2a: Lickitung
|-damage|p2a: Lickitung|163\/345
|cant|p2a: Lickitung|recharge
|
|turn|8
|choice|move 3|move 2
|
|move|p1a: Dragonite|Hyper Beam|p2a: Lickitung
|-damage|p2a: Lickitung|10\/345
|move|p2a: Lickitung|Swords Dance|p2a: Lickitung
|-boost|p2a: Lickitung|atk|2
|
|turn|9
|-mustrecharge|p1a: Dragonite
|-mustrecharge|p1a: Dragonite
|choice|move 1|move 4
|
|cant|p1a: Dragonite|recharge
|move|p2a: Lickitung|Hyper Beam|p1a: Dragonite
|-damage|p1a: Dragonite|0 fnt
|faint|p1a: Dragonite
|choice|switch 4|
|
|switch|p1a: Magmar|Magmar, L90|300\/300
|turn|10
|choice|move 2|move 4
|
|move|p1a: Magmar|Body Slam|p2a: Lickitung
|-damage|p2a: Lickitung|0 fnt
|faint|p2a: Lickitung
|choice||switch 5
|
|switch|p2a: Nidoking|Nidoking, L85|311\/311
|turn|11
|choice|move 1|move 1
|
|move|p1a: Magmar|Fire Blast|p2a: Nidoking
|-damage|p2a: Nidoking|155\/311
|move|p2a: Nidoking|Earthquake|p1a: Magmar
|-supereffective|p1a: Magmar
|-damage|p1a: Magmar|46\/300
|
|turn|12
|choice|move 1|move 1
|
|move|p1a: Magmar|Fire Blast|p2a: Nidoking|[miss]
|-miss|p1a: Magmar
|move|p2a: Nidoking|Earthquake|p1a: Magmar
|-supereffective|p1a: Magmar
|-damage|p1a: Magmar|0 fnt
|faint|p1a: Magmar
|choice|switch 5|
|
|switch|p1a: Tauros|Tauros, L79|280\/280
|turn|13
|choice|move 4|move 1
|
|move|p1a: Tauros|Blizzard|p2a: Nidoking
|-crit|p2a: Nidoking
|-supereffective|p2a: Nidoking
|-damage|p2a: Nidoking|0 fnt
|faint|p2a: Nidoking
|choice||switch 4
|
|switch|p2a: Hitmonchan|Hitmonchan, L90|273\/273
|turn|14
|choice|switch 2|move 1
|
|switch|p1a: Nidoran-M|Nidoran-M, L96|283\/283
|move|p2a: Hitmonchan|Counter|p1a: Nidoran-M
|-fail|p2a: Hitmonchan
|
|turn|15
|choice|move 1|move 3
|
|move|p2a: Hitmonchan|Body Slam|p1a: Nidoran-M
|-damage|p1a: Nidoran-M|182\/283
|move|p1a: Nidoran-M|Leer|p2a: Hitmonchan
|-unboost|p2a: Hitmonchan|def|1
|
|turn|16
|choice|move 3|move 3
|
|move|p2a: Hitmonchan|Body Slam|p1a: Nidoran-M
|-damage|p1a: Nidoran-M|85\/283
|move|p1a: Nidoran-M|Body Slam|p2a: Hitmonchan
|-damage|p2a: Hitmonchan|185\/273
|
|turn|17
|choice|move 2|move 3
|
|move|p2a: Hitmonchan|Body Slam|p1a: Nidoran-M
|-damage|p1a: Nidoran-M|0 fnt
|faint|p1a: Nidoran-M
|choice|switch 2|
|
|switch|p1a: Tauros|Tauros, L79|280\/280
|turn|18
|choice|move 3|move 1
|
|move|p1a: Tauros|Hyper Beam|p2a: Hitmonchan
|-damage|p2a: Hitmonchan|0 fnt
|faint|p2a: Hitmonchan
|choice||switch 2
|
|switch|p2a: Exeggcute|Exeggcute, L96|310\/310
|turn|19
|choice|switch 6|move 1
|
|switch|p1a: Dewgong|Dewgong, L85|145\/327
|move|p2a: Exeggcute|Psychic|p1a: Dewgong
|-damage|p1a: Dewgong|53\/327
|
|turn|20
|choice|move 3|move 2
|
|move|p1a: Dewgong|Blizzard|p2a: Exeggcute
|-supereffective|p2a: Exeggcute
|-damage|p2a: Exeggcute|7\/310
|move|p2a: Exeggcute|Mega Drain|p1a: Dewgong
|-supereffective|p1a: Dewgong
|-damage|p1a: Dewgong|0 fnt
|-heal|p2a: Exeggcute|33\/310|[from] drain|[of] p1a: Dewgong
|faint|p1a: Dewgong
|choice|switch 6|
|
|switch|p1a: Tauros|Tauros, L79|280\/280
|turn|21
|choice|move 2|move 4
|
|move|p1a: Tauros|Body Slam|p2a: Exeggcute
|-damage|p2a: Exeggcute|0 fnt
|faint|p2a: Exeggcute
|choice||switch 3
|
|switch|p2a: Mewtwo|Mewtwo, L68|285\/285
|turn|22
|choice|move 2|move 4
|
|move|p1a: Tauros|Body Slam|p2a: Mewtwo
|-damage|p2a: Mewtwo|188\/285
|-status|p2a: Mewtwo|par
|move|p2a: Mewtwo|Thunder Wave|p1a: Tauros
|-status|p1a: Tauros|par
|
|turn|23
|choice|switch 3|move 2
|
|switch|p1a: Graveler|Graveler, L85|267\/267
|move|p2a: Mewtwo|Amnesia|p2a: Mewtwo
|-boost|p2a: Mewtwo|spd|2
|-boost|p2a: Mewtwo|spa|2
|
|turn|24
|choice|move 3|move 3
|
|move|p1a: Graveler|Explosion|p2a: Mewtwo
|-damage|p2a: Mewtwo|0 fnt
|faint|p2a: Mewtwo
|faint|p1a: Graveler
|
|win|MALESANI
|player|p1
|player|p2
|raw|MALESANI's rating: 1221 &rarr; <strong>1238<\/strong><br \/>(+17 for winning)
|raw|BeardoMcWeirdo97's rating: 1103 &rarr; <strong>1086<\/strong><br \/>(-17 for losing)
|l|BeardoMcWeirdo97