|join|Has543
|join|endy
|player|p1|Has543|99
|player|p2|endy|273
|gametype|singles
|gen|1
|tier|[Gen 1] OU (beta)
|rated
|rule|Sleep Clause Mod: Limit one foe put to sleep
|rule|Species Clause: Limit one of each Pokemon
|rule|OHKO Clause: OHKO moves are banned
|rule|Moody Clause: Moody is banned
|rule|Evasion Moves Clause: Evasion moves are banned
|rule|Endless Battle Clause: Forcing endless battles is banned.
|rule|HP Percentage Mod: HP is reported as percentages
|
|start
|switch|p1a: Gengar|Gengar|323\/323
|switch|p2a: Gengar|Gengar|323\/323
|turn|1
|
|move|p1a: Gengar|Hypnosis|p2a: Gengar
|-status|p2a: Gengar|slp
|cant|p2a: Gengar|slp
|
|turn|2
|
|switch|p2a: Chansey|Chansey|703\/703
|move|p1a: Gengar|Thunderbolt|p2a: Chansey
|-damage|p2a: Chansey|612\/703
|
|turn|3
|
|move|p1a: Gengar|Explosion|p2a: Chansey
|-damage|p2a: Chansey|8\/703
|faint|p1a: Gengar
|
|switch|p1a: Dragonite|Dragonite|385\/385
|turn|4
|
|move|p1a: Dragonite|Wrap|p2a: Chansey
|-crit|p2a: Chansey
|-damage|p2a: Chansey|0 fnt
|faint|p2a: Chansey
|
|
|switch|p2a: Lapras|Lapras|463\/463
|turn|5
|
|switch|p1a: Cloyster|Cloyster|303\/303
|move|p2a: Lapras|Blizzard|p1a: Cloyster
|-resisted|p1a: Cloyster
|-damage|p1a: Cloyster|265\/303
|
|turn|6
|
|move|p1a: Cloyster|Clamp|p2a: Lapras
|-crit|p2a: Lapras
|-resisted|p2a: Lapras
|-damage|p2a: Lapras|424\/463
|-activate|p2a: Lapras|move: Clamp|[of] p1a: Cloyster
|cant|p2a: Lapras|partiallytrapped
|
|turn|7
|
|move|p1a: Cloyster|Clamp|p2a: Lapras
|-damage|p2a: Lapras|385\/463
|cant|p2a: Lapras|partiallytrapped
|
|turn|8
|
|move|p1a: Cloyster|Clamp|p2a: Lapras
|-damage|p2a: Lapras|346\/463
|cant|p2a: Lapras|partiallytrapped
|
|-end|p2a: Lapras|Clamp|[partiallytrapped]
|turn|9
|
|move|p1a: Cloyster|Clamp|p2a: Lapras
|-resisted|p2a: Lapras
|-damage|p2a: Lapras|327\/463
|-activate|p2a: Lapras|move: Clamp|[of] p1a: Cloyster
|cant|p2a: Lapras|partiallytrapped
|
|turn|10
|
|move|p1a: Cloyster|Clamp|p2a: Lapras
|-damage|p2a: Lapras|308\/463
|cant|p2a: Lapras|partiallytrapped
|
|turn|11
|
|move|p1a: Cloyster|Clamp|p2a: Lapras
|-damage|p2a: Lapras|289\/463
|cant|p2a: Lapras|partiallytrapped
|
|turn|12
|chat|Has543|sorry i'm being an asshole
|
|move|p1a: Cloyster|Clamp|p2a: Lapras
|-damage|p2a: Lapras|270\/463
|cant|p2a: Lapras|partiallytrapped
|
|-end|p2a: Lapras|Clamp|[partiallytrapped]
|turn|13
|
|move|p1a: Cloyster|Clamp|p2a: Lapras
|-resisted|p2a: Lapras
|-damage|p2a: Lapras|251\/463
|-activate|p2a: Lapras|move: Clamp|[of] p1a: Cloyster
|cant|p2a: Lapras|partiallytrapped
|
|turn|14
|
|move|p1a: Cloyster|Clamp|p2a: Lapras
|-damage|p2a: Lapras|232\/463
|cant|p2a: Lapras|partiallytrapped
|
|-end|p2a: Lapras|Clamp|[partiallytrapped]
|turn|15
|
|move|p1a: Cloyster|Clamp|p2a: Lapras
|-resisted|p2a: Lapras
|-damage|p2a: Lapras|212\/463
|-activate|p2a: Lapras|move: Clamp|[of] p1a: Cloyster
|cant|p2a: Lapras|partiallytrapped
|
|turn|16
|
|move|p1a: Cloyster|Clamp|p2a: Lapras
|-damage|p2a: Lapras|192\/463
|cant|p2a: Lapras|partiallytrapped
|
|turn|17
|
|move|p1a: Cloyster|Clamp|p2a: Lapras
|-damage|p2a: Lapras|172\/463
|cant|p2a: Lapras|partiallytrapped
|
|turn|18
|
|move|p1a: Cloyster|Clamp|p2a: Lapras
|-damage|p2a: Lapras|152\/463
|cant|p2a: Lapras|partiallytrapped
|
|-end|p2a: Lapras|Clamp|[partiallytrapped]
|turn|19
|
|move|p1a: Cloyster|Hyper Beam|p2a: Lapras
|-damage|p2a: Lapras|18\/463
|move|p2a: Lapras|Thunderbolt|p1a: Cloyster
|-supereffective|p1a: Cloyster
|-damage|p1a: Cloyster|102\/303
|
|turn|20
|chat|Has543|nooooo
|
|cant|p1a: Cloyster|recharge
|move|p2a: Lapras|Thunderbolt|p1a: Cloyster
|-supereffective|p1a: Cloyster
|-damage|p1a: Cloyster|0 fnt
|faint|p1a: Cloyster
|
|chat|Has543|i deserve every hit xD
|
|switch|p1a: Alakazam|Alakazam|313\/313
|turn|21
|
|move|p1a: Alakazam|Psychic|p2a: Lapras
|-damage|p2a: Lapras|0 fnt
|faint|p2a: Lapras
|
|
|switch|p2a: Alakazam|Alakazam|313\/313
|turn|22
|
|switch|p1a: Rhydon|Rhydon|413\/413
|move|p2a: Alakazam|Thunder Wave|p1a: Rhydon
|-immune|p1a: Rhydon|[msg]
|
|turn|23
|
|switch|p2a: Gengar|Gengar|323\/323 slp
|move|p1a: Rhydon|Body Slam|p2a: Gengar
|-immune|p2a: Gengar|[msg]
|
|turn|24
|
|cant|p2a: Gengar|slp
|move|p1a: Rhydon|Earthquake|p2a: Gengar
|-supereffective|p2a: Gengar
|-damage|p2a: Gengar|0 fnt
|faint|p2a: Gengar
|
|
|switch|p2a: Rhydon|Rhydon|413\/413
|turn|25
|
|switch|p1a: Dragonite|Dragonite|385\/385
|move|p2a: Rhydon|Earthquake|p1a: Dragonite
|-immune|p1a: Dragonite|[msg]
|
|turn|26
|
|move|p1a: Dragonite|Surf|p2a: Rhydon
|-supereffective|p2a: Rhydon
|-damage|p2a: Rhydon|0 fnt
|faint|p2a: Rhydon
|
|
|switch|p2a: Tauros|Tauros|353\/353
|turn|27
|
|move|p2a: Tauros|Body Slam|p1a: Dragonite
|-damage|p1a: Dragonite|286\/385
|-status|p1a: Dragonite|par
|move|p1a: Dragonite|Wrap|p2a: Tauros
|-damage|p2a: Tauros|337\/353
|-activate|p2a: Tauros|move: Wrap|[of] p1a: Dragonite
|
|turn|28
|
|cant|p2a: Tauros|partiallytrapped
|move|p1a: Dragonite|Wrap|p2a: Tauros
|-damage|p2a: Tauros|321\/353
|
|turn|29
|
|cant|p2a: Tauros|partiallytrapped
|move|p1a: Dragonite|Wrap|p2a: Tauros
|-damage|p2a: Tauros|305\/353
|
|-end|p2a: Tauros|Wrap|[partiallytrapped]
|turn|30
|
|move|p2a: Tauros|Blizzard|p1a: Dragonite
|-supereffective|p1a: Dragonite
|-damage|p1a: Dragonite|0 fnt
|faint|p1a: Dragonite
|
|
|switch|p1a: Alakazam|Alakazam|313\/313
|turn|31
|
|switch|p2a: Alakazam|Alakazam|313\/313
|move|p1a: Alakazam|Thunder Wave|p2a: Alakazam
|-status|p2a: Alakazam|par
|
|turn|32
|
|move|p1a: Alakazam|Psychic|p2a: Alakazam
|-resisted|p2a: Alakazam
|-damage|p2a: Alakazam|260\/313 par
|move|p2a: Alakazam|Psychic|p1a: Alakazam
|-resisted|p1a: Alakazam
|-damage|p1a: Alakazam|260\/313
|-unboost|p1a: Alakazam|spd|1
|-unboost|p1a: Alakazam|spa|1
|
|turn|33
|
|switch|p1a: Rhydon|Rhydon|413\/413
|move|p2a: Alakazam|Thunder Wave|p1a: Rhydon
|-immune|p1a: Rhydon|[msg]
|
|turn|34
|
|move|p1a: Rhydon|Substitute|p1a: Rhydon
|-start|p1a: Rhydon|Substitute
|-damage|p1a: Rhydon|310\/413
|move|p2a: Alakazam|Psychic|p1a: Rhydon
|-end|p1a: Rhydon|Substitute
|
|turn|35
|
|move|p1a: Rhydon|Earthquake|p2a: Alakazam
|-damage|p2a: Alakazam|46\/313 par
|move|p2a: Alakazam|Psychic|p1a: Rhydon
|-crit|p1a: Rhydon
|-damage|p1a: Rhydon|0 fnt
|faint|p1a: Rhydon
|
|
|switch|p1a: Tauros|Tauros|353\/353
|turn|36
|
|move|p1a: Tauros|Hyper Beam|p2a: Alakazam
|-crit|p2a: Alakazam
|-damage|p2a: Alakazam|0 fnt
|faint|p2a: Alakazam
|
|
|switch|p2a: Tauros|Tauros|305\/353
|turn|37
|
|move|p1a: Tauros|Body Slam|p2a: Tauros
|-damage|p2a: Tauros|200\/353
|-status|p2a: Tauros|par
|cant|p2a: Tauros|par
|
|turn|38
|chat|endy|gg
|
|move|p1a: Tauros|Hyper Beam|p2a: Tauros
|-damage|p2a: Tauros|10\/353 par
|move|p2a: Tauros|Body Slam|p1a: Tauros
|-crit|p1a: Tauros
|-damage|p1a: Tauros|155\/353
|
|turn|39
|chat|Has543|gg wp
|chat|Has543|wow rly
|
|cant|p1a: Tauros|recharge
|move|p2a: Tauros|Body Slam|p1a: Tauros
|-crit|p1a: Tauros
|-damage|p1a: Tauros|0 fnt
|faint|p1a: Tauros
|
|chat|Has543|xD
|
|switch|p1a: Alakazam|Alakazam|260\/313
|turn|40
|
|move|p1a: Alakazam|Psychic|p2a: Tauros
|-damage|p2a: Tauros|0 fnt
|faint|p2a: Tauros
|
|win|Has543
|raw|Ladder updating...
|raw|Has543's rating: 1000 &rarr; <strong>1050<\/strong><br \/>(+50 for winning)
|raw|endy's rating: 1091 &rarr; <strong>1061<\/strong><br \/>(-30 for losing)