|join|poopyface5000
|join|MichaelXD
|player|p1|poopyface5000|56
|player|p2|MichaelXD|5
|gametype|singles
|gen|1
|tier|[Gen 1] Random Battle
|rated
|seed|41252,5580,20989,28341
|rule|Sleep Clause Mod: Limit one foe put to sleep
|rule|Freeze Clause Mod: Limit one foe frozen
|rule|HP Percentage Mod: HP is shown in percentages
|
|start
|switch|p1a: Machoke|Machoke, L85|310\/310
|switch|p2a: Machoke|Machoke, L85|310\/310
|turn|1
|choice|move 2|move 3
|
|move|p1a: Machoke|Earthquake|p2a: Machoke
|-damage|p2a: Machoke|223\/310
|move|p2a: Machoke|Counter|p1a: Machoke
|-fail|p2a: Machoke
|
|turn|2
|choice|move 2|move 1
|
|move|p2a: Machoke|Body Slam|p1a: Machoke
|-damage|p1a: Machoke|236\/310
|move|p1a: Machoke|Earthquake|p2a: Machoke
|-damage|p2a: Machoke|138\/310
|
|turn|3
|choice|move 2|move 1
|
|move|p2a: Machoke|Body Slam|p1a: Machoke
|-damage|p1a: Machoke|160\/310
|move|p1a: Machoke|Earthquake|p2a: Machoke
|-damage|p2a: Machoke|47\/310
|
|turn|4
|choice|move 2|move 1
|
|move|p1a: Machoke|Earthquake|p2a: Machoke
|-crit|p2a: Machoke
|-damage|p2a: Machoke|0 fnt
|faint|p2a: Machoke
|choice||switch 6
|
|switch|p2a: Fearow|Fearow, L90|300\/300
|turn|5
|choice|move 4|move 2
|
|move|p2a: Fearow|Drill Peck|p1a: Machoke
|-supereffective|p1a: Machoke
|-damage|p1a: Machoke|0 fnt
|faint|p1a: Machoke
|choice|switch 6|
|
|switch|p1a: Clefable|Clefable, L85|335\/335
|turn|6
|choice|move 1|move 2
|
|move|p2a: Fearow|Drill Peck|p1a: Clefable
|-crit|p1a: Clefable
|-damage|p1a: Clefable|147\/335
|move|p1a: Clefable|Thunder|p2a: Fearow
|-supereffective|p2a: Fearow
|-damage|p2a: Fearow|125\/300
|
|turn|7
|choice|move 1|move 2
|
|move|p2a: Fearow|Drill Peck|p1a: Clefable
|-damage|p1a: Clefable|50\/335
|move|p1a: Clefable|Thunder|p2a: Fearow|[miss]
|-miss|p1a: Clefable
|
|turn|8
|choice|move 1|move 2
|
|move|p2a: Fearow|Drill Peck|p1a: Clefable
|-damage|p1a: Clefable|0 fnt
|faint|p1a: Clefable
|choice|switch 4|
|
|switch|p1a: Mr. Mime|Mr. Mime, L85|242\/242
|turn|9
|choice|move 4|move 2
|
|move|p2a: Fearow|Drill Peck|p1a: Mr. Mime
|-damage|p1a: Mr. Mime|130\/242
|move|p1a: Mr. Mime|Thunderbolt|p2a: Fearow
|-supereffective|p2a: Fearow
|-damage|p2a: Fearow|0 fnt
|faint|p2a: Fearow
|choice||switch 5
|
|switch|p2a: Mewtwo|Mewtwo, L70|293\/293
|turn|10
|choice|move 2|move 2
|
|move|p2a: Mewtwo|Thunder Wave|p1a: Mr. Mime
|-status|p1a: Mr. Mime|par
|move|p1a: Mr. Mime|Thunder Wave|p2a: Mewtwo
|-status|p2a: Mewtwo|par
|
|turn|11
|choice|move 4|move 3
|
|move|p2a: Mewtwo|Ice Beam|p1a: Mr. Mime
|-damage|p1a: Mr. Mime|74\/242 par
|cant|p1a: Mr. Mime|par
|
|turn|12
|choice|move 4|move 3
|
|move|p2a: Mewtwo|Ice Beam|p1a: Mr. Mime
|-damage|p1a: Mr. Mime|16\/242 par
|move|p1a: Mr. Mime|Thunderbolt|p2a: Mewtwo
|-damage|p2a: Mewtwo|231\/293 par
|
|turn|13
|choice|move 4|move 3
|
|move|p2a: Mewtwo|Ice Beam|p1a: Mr. Mime
|-crit|p1a: Mr. Mime
|-damage|p1a: Mr. Mime|0 fnt
|faint|p1a: Mr. Mime
|choice|switch 5|
|
|switch|p1a: Lickitung|Lickitung, L90|345\/345
|turn|14
|choice|move 3|move 2
|
|move|p1a: Lickitung|Earthquake|p2a: Mewtwo
|-damage|p2a: Mewtwo|169\/293 par
|move|p2a: Mewtwo|Thunder Wave|p1a: Lickitung
|-status|p1a: Lickitung|par
|
|turn|15
|choice|move 3|move 4
|
|move|p2a: Mewtwo|Rest|p2a: Mewtwo
|-status|p2a: Mewtwo|slp
|-heal|p2a: Mewtwo|293\/293 slp|[silent]
|-status|p2a: Mewtwo|slp|[from] move: Rest
|move|p1a: Lickitung|Earthquake|p2a: Mewtwo
|-damage|p2a: Mewtwo|222\/293 slp
|
|turn|16
|choice|move 3|move 1
|
|cant|p2a: Mewtwo|slp
|cant|p1a: Lickitung|par
|
|turn|17
|choice|move 3|move 1
|
|-curestatus|p2a: Mewtwo|slp
|move|p1a: Lickitung|Earthquake|p2a: Mewtwo
|-damage|p2a: Mewtwo|159\/293
|
|turn|18
|choice|move 4|move 1
|
|move|p2a: Mewtwo|Psychic|p1a: Lickitung
|-damage|p1a: Lickitung|241\/345 par
|move|p1a: Lickitung|Body Slam|p2a: Mewtwo
|-crit|p2a: Mewtwo
|-damage|p2a: Mewtwo|0 fnt
|faint|p2a: Mewtwo
|choice||switch 3
|
|switch|p2a: Arcanine|Arcanine, L85|327\/327
|turn|19
|choice|move 3|move 4
|
|move|p2a: Arcanine|Reflect|p2a: Arcanine
|-start|p2a: Arcanine|Reflect
|move|p1a: Lickitung|Earthquake|p2a: Arcanine
|-crit|p2a: Arcanine
|-supereffective|p2a: Arcanine
|-damage|p2a: Arcanine|73\/327
|
|turn|20
|choice|move 3|move 3
|
|move|p2a: Arcanine|Mimic|p1a: Lickitung
|-start|p2a: Arcanine|Mimic|Hyper Beam
|move|p1a: Lickitung|Earthquake|p2a: Arcanine
|-supereffective|p2a: Arcanine
|-damage|p2a: Arcanine|13\/327
|
|turn|21
|choice|move 3|move 3
|
|move|p2a: Arcanine|Hyper Beam|p1a: Lickitung
|-damage|p1a: Lickitung|118\/345 par
|move|p1a: Lickitung|Earthquake|p2a: Arcanine
|-supereffective|p2a: Arcanine
|-damage|p2a: Arcanine|0 fnt
|faint|p2a: Arcanine
|choice||switch 4
|
|switch|p2a: Vileplume|Vileplume, L90|318\/318
|turn|22
|choice|move 3|move 2
|
|move|p2a: Vileplume|Swords Dance|p2a: Vileplume
|-boost|p2a: Vileplume|atk|2
|cant|p1a: Lickitung|par
|
|turn|23
|choice|move 4|move 3
|
|move|p2a: Vileplume|Body Slam|p1a: Lickitung
|-damage|p1a: Lickitung|0 fnt
|faint|p1a: Lickitung
|choice|switch 2|
|
|switch|p1a: Squirtle|Squirtle, L96|279\/279
|turn|24
|choice|move 3|move 4
|
|move|p2a: Vileplume|Mega Drain|p1a: Squirtle
|-supereffective|p1a: Squirtle
|-damage|p1a: Squirtle|149\/279
|move|p1a: Squirtle|Surf|p2a: Vileplume
|-resisted|p2a: Vileplume
|-damage|p2a: Vileplume|278\/318
|
|turn|25
|choice|move 2|move 4
|
|move|p2a: Vileplume|Mega Drain|p1a: Squirtle
|-supereffective|p1a: Squirtle
|-damage|p1a: Squirtle|24\/279
|-heal|p2a: Vileplume|318\/318|[from] drain|[of] p1a: Squirtle
|move|p1a: Squirtle|Body Slam|p2a: Vileplume
|-damage|p2a: Vileplume|271\/318
|
|turn|26
|choice|move 2|move 4
|
|move|p2a: Vileplume|Mega Drain|p1a: Squirtle
|-supereffective|p1a: Squirtle
|-damage|p1a: Squirtle|0 fnt
|-heal|p2a: Vileplume|283\/318|[from] drain|[of] p1a: Squirtle
|faint|p1a: Squirtle
|choice|switch 3|
|
|switch|p1a: Muk|Muk, L90|372\/372
|turn|27
|choice|move 4|move 1
|
|move|p2a: Vileplume|Sleep Powder|p1a: Muk
|-status|p1a: Muk|slp
|cant|p1a: Muk|slp
|
|turn|28
|choice|move 4|move 2
|
|move|p2a: Vileplume|Swords Dance|p2a: Vileplume
|-boost|p2a: Vileplume|atk|2
|cant|p1a: Muk|slp
|
|turn|29
|choice|move 4|move 2
|
|cant|p1a: Muk|slp
|move|p2a: Vileplume|Swords Dance|p2a: Vileplume
|-boost|p2a: Vileplume|atk|2
|
|turn|30
|choice|move 4|move 3
|
|cant|p1a: Muk|slp
|move|p2a: Vileplume|Body Slam|p1a: Muk
|-damage|p1a: Muk|132\/372 slp
|
|turn|31
|choice|move 4|move 3
|
|cant|p1a: Muk|slp
|move|p2a: Vileplume|Body Slam|p1a: Muk
|-damage|p1a: Muk|0 fnt
|faint|p1a: Muk
|
|win|MichaelXD
|raw|poopyface5000's rating: 1133 &rarr; <strong>1110<\/strong><br \/>(-23 for losing)
|raw|MichaelXD's rating: 1163 &rarr; <strong>1186<\/strong><br \/>(+23 for winning)