|j|TitinhoRibeiro
|j|Clexa
|player|p1|TitinhoRibeiro|161
|player|p2|Clexa|101
|gametype|singles
|gen|1
|tier|[Gen 1] OU
|rated
|seed|4342,37051,22276,41865
|rule|Sleep Clause Mod: Limit one foe put to sleep
|rule|Freeze Clause Mod: Limit one foe frozen
|rule|Species Clause: Limit one of each Pokémon
|rule|OHKO Clause: OHKO moves are banned
|rule|Evasion Moves Clause: Evasion moves are banned
|rule|HP Percentage Mod: HP is shown in percentages
|
|start
|switch|p1a: Gengar|Gengar|323\/323
|switch|p2a: Jynx|Jynx|333\/333
|turn|1
|choice|move 1|move 3
|
|move|p1a: Gengar|Hypnosis|p2a: Jynx
|-status|p2a: Jynx|slp
|cant|p2a: Jynx|slp
|
|turn|2
|choice|move 2|move 3
|
|move|p1a: Gengar|Thunderbolt|p2a: Jynx
|-damage|p2a: Jynx|241\/333 slp
|cant|p2a: Jynx|slp
|
|turn|3
|choice|move 2|switch 6
|
|switch|p2a: Exeggutor|Exeggutor|393\/393
|move|p1a: Gengar|Thunderbolt|p2a: Exeggutor
|-crit|p2a: Exeggutor
|-resisted|p2a: Exeggutor
|-damage|p2a: Exeggutor|315\/393
|-status|p2a: Exeggutor|par
|
|turn|4
|choice|move 3|move 1
|
|move|p1a: Gengar|Night Shade|p2a: Exeggutor
|-damage|p2a: Exeggutor|215\/393 par
|cant|p2a: Exeggutor|par
|
|turn|5
|choice|move 3|move 2
|
|move|p1a: Gengar|Night Shade|p2a: Exeggutor
|-damage|p2a: Exeggutor|115\/393 par
|move|p2a: Exeggutor|Psychic|p1a: Gengar
|-supereffective|p1a: Gengar
|-damage|p1a: Gengar|105\/323
|
|turn|6
|choice|move 3|move 2
|
|move|p1a: Gengar|Night Shade|p2a: Exeggutor
|-damage|p2a: Exeggutor|15\/393 par
|move|p2a: Exeggutor|Psychic|p1a: Gengar
|-crit|p1a: Gengar
|-supereffective|p1a: Gengar
|-damage|p1a: Gengar|0 fnt
|faint|p1a: Gengar
|choice|switch 2|
|
|switch|p1a: Alakazam|Alakazam|313\/313
|turn|7
|choice|move 1|move 3
|
|move|p1a: Alakazam|Psychic|p2a: Exeggutor
|-resisted|p2a: Exeggutor
|-damage|p2a: Exeggutor|0 fnt
|faint|p2a: Exeggutor
|choice||switch 5
|
|switch|p2a: Snorlax|Snorlax|523\/523
|turn|8
|choice|switch 4|move 1
|
|switch|p1a: Cloyster|Cloyster|303\/303
|move|p2a: Snorlax|Body Slam|p1a: Cloyster
|-damage|p1a: Cloyster|233\/303
|
|turn|9
|choice|move 1|switch 2
|
|switch|p2a: Starmie|Starmie|323\/323
|move|p1a: Cloyster|Clamp|p2a: Starmie
|-resisted|p2a: Starmie
|-damage|p2a: Starmie|303\/323
|-activate|p2a: Starmie|move: Clamp|[of] p1a: Cloyster
|
|turn|10
|choice|switch 3|move 4
|
|switch|p1a: Chansey|Chansey|703\/703
|cant|p2a: Starmie|partiallytrapped
|
|-end|p2a: Starmie|Clamp|[partiallytrapped]
|turn|11
|choice|move 4|switch 6
|
|switch|p2a: Jynx|Jynx|241\/333 slp
|move|p1a: Chansey|Thunderbolt|p2a: Jynx
|-damage|p2a: Jynx|165\/333 slp
|
|turn|12
|choice|switch 6|move 1
|
|switch|p1a: Tauros|Tauros|353\/353
|cant|p2a: Jynx|slp
|
|turn|13
|choice|move 1|switch 2
|
|switch|p2a: Snorlax|Snorlax|523\/523
|move|p1a: Tauros|Body Slam|p2a: Snorlax
|-damage|p2a: Snorlax|385\/523
|
|turn|14
|choice|switch 3|move 1
|
|switch|p1a: Cloyster|Cloyster|233\/303
|move|p2a: Snorlax|Body Slam|p1a: Cloyster
|-damage|p1a: Cloyster|163\/303
|-status|p1a: Cloyster|par
|
|turn|15
|choice|move 2|switch 6
|
|switch|p2a: Starmie|Starmie|303\/323
|cant|p1a: Cloyster|par
|
|turn|16
|choice|switch 6|move 3
|
|switch|p1a: Chansey|Chansey|703\/703
|move|p2a: Starmie|Blizzard|p1a: Chansey
|-damage|p1a: Chansey|613\/703
|
|turn|17
|choice|move 4|switch 2
|
|switch|p2a: Jynx|Jynx|165\/333 slp
|move|p1a: Chansey|Thunderbolt|p2a: Jynx
|-damage|p2a: Jynx|79\/333 slp
|
|turn|18
|choice|move 4|move 2
|
|-curestatus|p2a: Jynx|slp
|move|p1a: Chansey|Thunderbolt|p2a: Jynx
|-damage|p2a: Jynx|0 fnt
|faint|p2a: Jynx
|choice||switch 6
|
|switch|p2a: Snorlax|Snorlax|385\/523
|turn|19
|choice|move 1|move 1
|
|move|p1a: Chansey|Thunder Wave|p2a: Snorlax
|-status|p2a: Snorlax|par
|cant|p2a: Snorlax|par
|
|turn|20
|choice|switch 6|move 1
|
|switch|p1a: Cloyster|Cloyster|163\/303 par
|move|p2a: Snorlax|Body Slam|p1a: Cloyster
|-damage|p1a: Cloyster|97\/303 par
|
|turn|21
|choice|move 2|move 4
|
|cant|p1a: Cloyster|par
|move|p2a: Snorlax|Hyper Beam|p1a: Cloyster
|-crit|p1a: Cloyster
|-damage|p1a: Cloyster|0 fnt
|faint|p1a: Cloyster
|choice|switch 5|
|
|switch|p1a: Exeggutor|Exeggutor|393\/393
|turn|22
|choice|move 3|move 2
|
|move|p1a: Exeggutor|Psychic|p2a: Snorlax
|-damage|p2a: Snorlax|226\/523 par
|move|p2a: Snorlax|Self-Destruct|p1a: Exeggutor
|-damage|p1a: Exeggutor|55\/393
|faint|p2a: Snorlax
|choice||switch 3
|
|switch|p2a: Tauros|Tauros|353\/353
|turn|23
|choice|move 3|move 1
|
|move|p2a: Tauros|Body Slam|p1a: Exeggutor
|-damage|p1a: Exeggutor|0 fnt
|faint|p1a: Exeggutor
|choice|switch 4|
|
|switch|p1a: Alakazam|Alakazam|313\/313
|turn|24
|choice|move 1|switch 4
|
|switch|p2a: Chansey|Chansey|703\/703
|move|p1a: Alakazam|Psychic|p2a: Chansey
|-damage|p2a: Chansey|569\/703
|
|turn|25
|choice|switch 6|move 4
|
|switch|p1a: Chansey|Chansey|613\/703
|move|p2a: Chansey|Thunder Wave|p1a: Chansey
|-status|p1a: Chansey|par
|
|turn|26
|choice|move 1|move 1
|
|move|p2a: Chansey|Soft-Boiled|p2a: Chansey
|-heal|p2a: Chansey|703\/703
|move|p1a: Chansey|Thunder Wave|p2a: Chansey
|-status|p2a: Chansey|par
|
|turn|27
|choice|move 4|move 2
|
|move|p2a: Chansey|Ice Beam|p1a: Chansey
|-damage|p1a: Chansey|541\/703 par
|move|p1a: Chansey|Thunderbolt|p2a: Chansey
|-damage|p2a: Chansey|633\/703 par
|
|turn|28
|choice|move 4|move 3
|
|move|p1a: Chansey|Thunderbolt|p2a: Chansey
|-damage|p2a: Chansey|559\/703 par
|move|p2a: Chansey|Reflect|p2a: Chansey
|-start|p2a: Chansey|Reflect
|
|turn|29
|choice|move 4|move 4
|
|move|p2a: Chansey|Thunder Wave|p1a: Chansey
|-fail|p1a: Chansey|par
|move|p1a: Chansey|Thunderbolt|p2a: Chansey
|-damage|p2a: Chansey|482\/703 par
|
|turn|30
|choice|move 4|move 1
|
|move|p2a: Chansey|Soft-Boiled|p2a: Chansey
|-heal|p2a: Chansey|703\/703 par
|cant|p1a: Chansey|par
|
|turn|31
|choice|move 4|move 4
|
|move|p1a: Chansey|Thunderbolt|p2a: Chansey
|-damage|p2a: Chansey|628\/703 par
|cant|p2a: Chansey|par
|
|turn|32
|choice|move 4|move 3
|
|move|p2a: Chansey|Reflect|p2a: Chansey
|-fail|p2a: Chansey
|cant|p1a: Chansey|par
|
|turn|33
|choice|move 4|move 3
|
|cant|p2a: Chansey|par
|move|p1a: Chansey|Thunderbolt|p2a: Chansey
|-crit|p2a: Chansey
|-damage|p2a: Chansey|484\/703 par
|
|turn|34
|choice|move 4|move 1
|
|move|p2a: Chansey|Soft-Boiled|p2a: Chansey
|-heal|p2a: Chansey|703\/703 par
|move|p1a: Chansey|Thunderbolt|p2a: Chansey
|-damage|p2a: Chansey|632\/703 par
|
|turn|35
|choice|switch 6|move 2
|
|switch|p1a: Alakazam|Alakazam|313\/313
|move|p2a: Chansey|Ice Beam|p1a: Alakazam
|-damage|p1a: Alakazam|249\/313
|
|turn|36
|choice|move 1|move 2
|
|move|p1a: Alakazam|Psychic|p2a: Chansey
|-crit|p2a: Chansey
|-damage|p2a: Chansey|370\/703 par
|cant|p2a: Chansey|par
|
|turn|37
|choice|move 1|move 1
|
|move|p1a: Alakazam|Psychic|p2a: Chansey
|-crit|p2a: Chansey
|-damage|p2a: Chansey|105\/703 par
|move|p2a: Chansey|Soft-Boiled|p2a: Chansey
|-heal|p2a: Chansey|456\/703 par
|
|turn|38
|choice|move 1|move 1
|
|move|p1a: Alakazam|Psychic|p2a: Chansey
|-damage|p2a: Chansey|324\/703 par
|cant|p2a: Chansey|par
|
|turn|39
|choice|move 1|move 1
|
|move|p1a: Alakazam|Psychic|p2a: Chansey
|-damage|p2a: Chansey|202\/703 par
|move|p2a: Chansey|Soft-Boiled|p2a: Chansey
|-heal|p2a: Chansey|553\/703 par
|
|turn|40
|choice|move 1|move 1
|
|move|p1a: Alakazam|Psychic|p2a: Chansey
|-damage|p2a: Chansey|426\/703 par
|-unboost|p2a: Chansey|spd|1
|-unboost|p2a: Chansey|spa|1
|cant|p2a: Chansey|par
|
|turn|41
|choice|move 1|move 1
|
|move|p1a: Alakazam|Psychic|p2a: Chansey
|-crit|p2a: Chansey
|-damage|p2a: Chansey|183\/703 par
|-unboost|p2a: Chansey|spd|1
|-unboost|p2a: Chansey|spa|1
|move|p2a: Chansey|Soft-Boiled|p2a: Chansey
|-heal|p2a: Chansey|534\/703 par
|
|turn|42
|choice|move 1|switch 2
|
|switch|p2a: Starmie|Starmie|303\/323
|move|p1a: Alakazam|Psychic|p2a: Starmie
|-resisted|p2a: Starmie
|-damage|p2a: Starmie|233\/323
|
|turn|43
|choice|switch 3|move 3
|
|switch|p1a: Tauros|Tauros|353\/353
|move|p2a: Starmie|Blizzard|p1a: Tauros
|-damage|p1a: Tauros|237\/353
|
|turn|44
|choice|move 1|move 2
|
|move|p2a: Starmie|Thunder Wave|p1a: Tauros
|-status|p1a: Tauros|par
|move|p1a: Tauros|Body Slam|p2a: Starmie
|-damage|p2a: Starmie|118\/323
|
|turn|45
|choice|move 1|move 1
|
|move|p2a: Starmie|Recover|p2a: Starmie
|-heal|p2a: Starmie|279\/323
|move|p1a: Tauros|Body Slam|p2a: Starmie
|-damage|p2a: Starmie|177\/323
|
|turn|46
|choice|move 1|move 3
|
|move|p2a: Starmie|Blizzard|p1a: Tauros
|-damage|p1a: Tauros|112\/353 par
|move|p1a: Tauros|Body Slam|p2a: Starmie
|-damage|p2a: Starmie|66\/323
|-status|p2a: Starmie|par
|
|turn|47
|choice|move 2|move 3
|
|move|p2a: Starmie|Blizzard|p1a: Tauros|[miss]
|-miss|p2a: Starmie
|move|p1a: Tauros|Hyper Beam|p2a: Starmie
|-crit|p2a: Starmie
|-damage|p2a: Starmie|0 fnt
|faint|p2a: Starmie
|choice||switch 4
|
|switch|p2a: Tauros|Tauros|353\/353
|turn|48
|choice|move 2|move 4
|
|move|p2a: Tauros|Hyper Beam|p1a: Tauros
|-damage|p1a: Tauros|0 fnt
|faint|p1a: Tauros
|choice|switch 6|
|
|switch|p1a: Chansey|Chansey|541\/703 par
|turn|49
|choice|move 1|switch 2
|
|switch|p2a: Chansey|Chansey|534\/703 par
|move|p1a: Chansey|Thunder Wave|p2a: Chansey
|-fail|p2a: Chansey|par
|
|turn|50
|choice|move 4|move 1
|
|move|p2a: Chansey|Soft-Boiled|p2a: Chansey
|-heal|p2a: Chansey|703\/703 par
|move|p1a: Chansey|Thunderbolt|p2a: Chansey
|-crit|p2a: Chansey
|-damage|p2a: Chansey|555\/703 par
|
|turn|51
|choice|move 4|move 2
|
|move|p1a: Chansey|Thunderbolt|p2a: Chansey
|-damage|p2a: Chansey|481\/703 par
|move|p2a: Chansey|Ice Beam|p1a: Chansey
|-damage|p1a: Chansey|471\/703 par
|
|turn|52
|choice|move 4|move 2
|
|move|p2a: Chansey|Ice Beam|p1a: Chansey
|-damage|p1a: Chansey|392\/703 par
|cant|p1a: Chansey|par
|
|turn|53
|choice|move 4|move 2
|
|move|p2a: Chansey|Ice Beam|p1a: Chansey
|-damage|p1a: Chansey|317\/703 par
|move|p1a: Chansey|Thunderbolt|p2a: Chansey
|-damage|p2a: Chansey|400\/703 par
|
|turn|54
|choice|move 3|switch 2
|
|switch|p2a: Tauros|Tauros|353\/353
|move|p1a: Chansey|Soft-Boiled|p1a: Chansey
|-heal|p1a: Chansey|668\/703 par
|
|turn|55
|choice|move 1|switch 2
|
|switch|p2a: Chansey|Chansey|400\/703 par
|move|p1a: Chansey|Thunder Wave|p2a: Chansey
|-fail|p2a: Chansey|par
|
|turn|56
|choice|move 4|move 1
|
|move|p2a: Chansey|Soft-Boiled|p2a: Chansey
|-heal|p2a: Chansey|703\/703 par
|cant|p1a: Chansey|par
|
|turn|57
|choice|move 4|move 2
|
|move|p1a: Chansey|Thunderbolt|p2a: Chansey
|-damage|p2a: Chansey|626\/703 par
|move|p2a: Chansey|Ice Beam|p1a: Chansey
|-damage|p1a: Chansey|591\/703 par
|
|turn|58
|choice|move 4|move 2
|
|cant|p2a: Chansey|par
|cant|p1a: Chansey|par
|
|turn|59
|choice|move 4|move 2
|
|move|p2a: Chansey|Ice Beam|p1a: Chansey
|-damage|p1a: Chansey|520\/703 par
|move|p1a: Chansey|Thunderbolt|p2a: Chansey
|-damage|p2a: Chansey|550\/703 par
|
|turn|60
|choice|move 3|move 2
|
|move|p1a: Chansey|Soft-Boiled|p1a: Chansey
|-heal|p1a: Chansey|703\/703 par
|move|p2a: Chansey|Ice Beam|p1a: Chansey
|-damage|p1a: Chansey|628\/703 par
|
|turn|61
|choice|move 4|move 2
|
|move|p1a: Chansey|Thunderbolt|p2a: Chansey
|-damage|p2a: Chansey|477\/703 par
|move|p2a: Chansey|Ice Beam|p1a: Chansey
|-damage|p1a: Chansey|550\/703 par
|
|turn|62
|choice|move 4|move 2
|
|move|p2a: Chansey|Ice Beam|p1a: Chansey
|-damage|p1a: Chansey|476\/703 par
|move|p1a: Chansey|Thunderbolt|p2a: Chansey
|-damage|p2a: Chansey|403\/703 par
|
|turn|63
|choice|move 4|switch 2
|
|switch|p2a: Tauros|Tauros|353\/353
|move|p1a: Chansey|Thunderbolt|p2a: Tauros
|-damage|p2a: Tauros|262\/353
|
|turn|64
|choice|move 1|move 4
|
|move|p2a: Tauros|Hyper Beam|p1a: Chansey
|-crit|p1a: Chansey
|-damage|p1a: Chansey|0 fnt
|faint|p1a: Chansey
|choice|switch 3|
|
|switch|p1a: Alakazam|Alakazam|249\/313
|turn|65
|choice|move 1|switch 2
|
|switch|p2a: Chansey|Chansey|403\/703 par
|move|p1a: Alakazam|Psychic|p2a: Chansey
|-damage|p2a: Chansey|280\/703 par
|
|turn|66
|choice|move 1|move 4
|
|move|p1a: Alakazam|Psychic|p2a: Chansey
|-damage|p2a: Chansey|152\/703 par
|move|p2a: Chansey|Thunder Wave|p1a: Alakazam
|-status|p1a: Alakazam|par
|
|turn|67
|choice|move 1|move 1
|
|move|p1a: Alakazam|Psychic|p2a: Chansey
|-crit|p2a: Chansey
|-damage|p2a: Chansey|0 fnt
|faint|p2a: Chansey
|choice||switch 2
|
|switch|p2a: Tauros|Tauros|262\/353
|turn|68
|choice|move 2|move 4
|
|move|p2a: Tauros|Hyper Beam|p1a: Alakazam
|-damage|p1a: Alakazam|0 fnt
|faint|p1a: Alakazam
|
|win|Clexa
|c|★Clexa|gg
|raw|TitinhoRibeiro's rating: 1376 &rarr; <strong>1352<\/strong><br \/>(-24 for losing)
|raw|Clexa's rating: 1298 &rarr; <strong>1328<\/strong><br \/>(+30 for winning)
|c|★Clexa|very gg
|c|★Clexa|had me on the edge of my seat