|join|arafalo2
|join|Dead Or Alive
|player|p1|arafalo2|101
|player|p2|Dead Or Alive|143
|gametype|singles
|gen|1
|tier|[Gen 1] OU (beta)
|rated
|rule|Sleep Clause Mod: Limit one foe put to sleep
|rule|Species Clause: Limit one of each Pokemon
|rule|OHKO Clause: OHKO moves are banned
|rule|Moody Clause: Moody is banned
|rule|Evasion Moves Clause: Evasion moves are banned
|rule|Endless Battle Clause: Forcing endless battles is banned.
|rule|HP Percentage Mod: HP is reported as percentages
|
|start
|switch|p1a: Jynx|Jynx|333\/333
|switch|p2a: Snorlax|Snorlax|523\/523
|turn|1
|
|switch|p2a: Chansey|Chansey|703\/703
|move|p1a: Jynx|Lovely Kiss|p2a: Chansey|[miss]
|-miss|p1a: Jynx
|
|turn|2
|
|move|p1a: Jynx|Lovely Kiss|p2a: Chansey
|-status|p2a: Chansey|slp
|cant|p2a: Chansey|slp
|
|turn|3
|
|switch|p2a: Alakazam|Alakazam|313\/313
|move|p1a: Jynx|Blizzard|p2a: Alakazam
|-damage|p2a: Alakazam|205\/313
|
|turn|4
|
|switch|p1a: Chansey|Chansey|703\/703
|move|p2a: Alakazam|Seismic Toss|p1a: Chansey
|-damage|p1a: Chansey|603\/703
|
|turn|5
|
|switch|p2a: Chansey|Chansey|703\/703 slp
|move|p1a: Chansey|Ice Beam|p2a: Chansey
|-damage|p2a: Chansey|628\/703 slp
|
|turn|6
|
|switch|p2a: Snorlax|Snorlax|523\/523
|switch|p1a: Tauros|Tauros|353\/353
|
|turn|7
|
|switch|p1a: Exeggutor|Exeggutor|393\/393
|move|p2a: Snorlax|Amnesia|p2a: Snorlax
|-boost|p2a: Snorlax|spd|2
|-boost|p2a: Snorlax|spa|2
|
|turn|8
|
|move|p1a: Exeggutor|Stun Spore|p2a: Snorlax
|-status|p2a: Snorlax|par
|move|p2a: Snorlax|Amnesia|p2a: Snorlax
|-boost|p2a: Snorlax|spd|2
|-boost|p2a: Snorlax|spa|2
|
|turn|9
|
|move|p1a: Exeggutor|Psychic|p2a: Snorlax
|-damage|p2a: Snorlax|469\/523 par
|move|p2a: Snorlax|Amnesia|p2a: Snorlax
|-boost|p2a: Snorlax|spd|2
|-boost|p2a: Snorlax|spa|2
|
|turn|10
|
|move|p1a: Exeggutor|Psychic|p2a: Snorlax
|-crit|p2a: Snorlax
|-damage|p2a: Snorlax|147\/523 par
|move|p2a: Snorlax|Blizzard|p1a: Exeggutor
|-supereffective|p1a: Exeggutor
|-damage|p1a: Exeggutor|0 fnt
|faint|p1a: Exeggutor
|
|
|switch|p1a: Jynx|Jynx|333\/333
|turn|11
|
|move|p1a: Jynx|Psychic|p2a: Snorlax
|-damage|p2a: Snorlax|113\/523 par
|move|p2a: Snorlax|Rest|p2a: Snorlax
|-status|p2a: Snorlax|slp
|-heal|p2a: Snorlax|523\/523 slp|[silent]
|-status|p2a: Snorlax|slp|[from] move: Rest
|
|turn|12
|
|move|p1a: Jynx|Psychic|p2a: Snorlax
|-damage|p2a: Snorlax|488\/523 slp
|cant|p2a: Snorlax|slp
|
|turn|13
|
|move|p1a: Jynx|Psychic|p2a: Snorlax
|-damage|p2a: Snorlax|452\/523 slp
|-unboost|p2a: Snorlax|spd|1
|-unboost|p2a: Snorlax|spa|1
|cant|p2a: Snorlax|slp
|-curestatus|p2a: Snorlax|slp
|
|turn|14
|
|move|p1a: Jynx|Blizzard|p2a: Snorlax
|-damage|p2a: Snorlax|397\/523
|move|p2a: Snorlax|Thunderbolt|p1a: Jynx
|-damage|p1a: Jynx|144\/333
|
|turn|15
|
|move|p1a: Jynx|Blizzard|p2a: Snorlax
|-damage|p2a: Snorlax|348\/523
|move|p2a: Snorlax|Thunderbolt|p1a: Jynx
|-damage|p1a: Jynx|0 fnt
|faint|p1a: Jynx
|
|
|switch|p1a: Chansey|Chansey|603\/703
|turn|16
|
|move|p1a: Chansey|Ice Beam|p2a: Snorlax
|-damage|p2a: Snorlax|318\/523
|move|p2a: Snorlax|Amnesia|p2a: Snorlax
|-boost|p2a: Snorlax|spd|2
|-boost|p2a: Snorlax|spa|2
|
|turn|17
|
|move|p1a: Chansey|Ice Beam|p2a: Snorlax
|-damage|p2a: Snorlax|292\/523
|-status|p2a: Snorlax|frz
|cant|p2a: Snorlax|frz
|
|turn|18
|
|switch|p2a: Chansey|Chansey|628\/703 slp
|move|p1a: Chansey|Ice Beam|p2a: Chansey
|-damage|p2a: Chansey|555\/703 slp
|
|turn|19
|
|move|p1a: Chansey|Seismic Toss|p2a: Chansey
|-damage|p2a: Chansey|455\/703 slp
|cant|p2a: Chansey|slp
|
|turn|20
|
|switch|p1a: Tauros|Tauros|353\/353
|cant|p2a: Chansey|slp
|
|turn|21
|
|switch|p2a: Snorlax|Snorlax|292\/523 frz
|move|p1a: Tauros|Earthquake|p2a: Snorlax
|-damage|p2a: Snorlax|184\/523 frz
|
|turn|22
|
|switch|p1a: Chansey|Chansey|603\/703
|cant|p2a: Snorlax|frz
|
|turn|23
|
|switch|p2a: Chansey|Chansey|455\/703 slp
|move|p1a: Chansey|Soft-Boiled|p1a: Chansey
|-heal|p1a: Chansey|703\/703
|
|turn|24
|
|switch|p1a: Tauros|Tauros|353\/353
|cant|p2a: Chansey|slp
|
|turn|25
|
|switch|p2a: Snorlax|Snorlax|184\/523 frz
|move|p1a: Tauros|Body Slam|p2a: Snorlax
|-damage|p2a: Snorlax|54\/523 frz
|
|turn|26
|
|switch|p1a: Chansey|Chansey|703\/703
|cant|p2a: Snorlax|frz
|
|turn|27
|
|switch|p2a: Chansey|Chansey|455\/703 slp
|move|p1a: Chansey|Seismic Toss|p2a: Chansey
|-damage|p2a: Chansey|355\/703 slp
|
|turn|28
|
|switch|p1a: Tauros|Tauros|353\/353
|cant|p2a: Chansey|slp
|-curestatus|p2a: Chansey|slp
|
|turn|29
|
|switch|p2a: Snorlax|Snorlax|54\/523 frz
|move|p1a: Tauros|Hyper Beam|p2a: Snorlax
|-damage|p2a: Snorlax|0 fnt
|faint|p2a: Snorlax
|
|
|switch|p2a: Tauros|Tauros|353\/353
|turn|30
|
|move|p2a: Tauros|Body Slam|p1a: Tauros
|-damage|p1a: Tauros|258\/353
|move|p1a: Tauros|Body Slam|p2a: Tauros
|-damage|p2a: Tauros|256\/353
|
|turn|31
|
|move|p2a: Tauros|Body Slam|p1a: Tauros
|-damage|p1a: Tauros|151\/353
|move|p1a: Tauros|Body Slam|p2a: Tauros
|-damage|p2a: Tauros|159\/353
|-status|p2a: Tauros|par
|
|turn|32
|
|move|p1a: Tauros|Hyper Beam|p2a: Tauros
|-damage|p2a: Tauros|0 fnt
|faint|p2a: Tauros
|
|
|switch|p2a: Alakazam|Alakazam|205\/313
|turn|33
|
|switch|p1a: Alakazam|Alakazam|313\/313
|move|p2a: Alakazam|Psychic|p1a: Alakazam
|-resisted|p1a: Alakazam
|-damage|p1a: Alakazam|263\/313
|
|turn|34
|
|switch|p1a: Chansey|Chansey|703\/703
|switch|p2a: Chansey|Chansey|355\/703
|
|turn|35
|
|move|p1a: Chansey|Ice Beam|p2a: Chansey
|-damage|p2a: Chansey|278\/703
|move|p2a: Chansey|Soft-Boiled|p2a: Chansey
|-heal|p2a: Chansey|629\/703
|
|turn|36
|
|move|p1a: Chansey|Ice Beam|p2a: Chansey
|-damage|p2a: Chansey|561\/703
|move|p2a: Chansey|Ice Beam|p1a: Chansey
|-damage|p1a: Chansey|623\/703
|
|turn|37
|
|move|p2a: Chansey|Ice Beam|p1a: Chansey
|-damage|p1a: Chansey|555\/703
|move|p1a: Chansey|Ice Beam|p2a: Chansey
|-damage|p2a: Chansey|484\/703
|
|turn|38
|leave|Dead Or Alive
|player|p2
|join|Dead Or Alive
|player|p2|Dead Or Alive|143
|
|move|p2a: Chansey|Ice Beam|p1a: Chansey
|-damage|p1a: Chansey|476\/703
|move|p1a: Chansey|Thunder Wave|p2a: Chansey
|-status|p2a: Chansey|par
|
|turn|39
|
|move|p1a: Chansey|Seismic Toss|p2a: Chansey
|-damage|p2a: Chansey|384\/703 par
|move|p2a: Chansey|Ice Beam|p1a: Chansey
|-crit|p1a: Chansey
|-damage|p1a: Chansey|318\/703
|
|turn|40
|
|move|p1a: Chansey|Seismic Toss|p2a: Chansey
|-damage|p2a: Chansey|284\/703 par
|move|p2a: Chansey|Ice Beam|p1a: Chansey
|-damage|p1a: Chansey|248\/703
|
|turn|41
|
|switch|p1a: Tauros|Tauros|151\/353
|cant|p2a: Chansey|par
|
|turn|42
|
|switch|p2a: Golem|Golem|363\/363
|move|p1a: Tauros|Earthquake|p2a: Golem
|-supereffective|p2a: Golem
|-damage|p2a: Golem|229\/363
|
|turn|43
|
|switch|p1a: Chansey|Chansey|248\/703
|move|p2a: Golem|Earthquake|p1a: Chansey
|-damage|p1a: Chansey|0 fnt
|faint|p1a: Chansey
|
|
|switch|p1a: Starmie|Starmie|323\/323
|turn|44
|
|switch|p2a: Chansey|Chansey|284\/703 par
|move|p1a: Starmie|Blizzard|p2a: Chansey
|-damage|p2a: Chansey|196\/703 par
|
|turn|45
|
|move|p1a: Starmie|Psychic|p2a: Chansey
|-damage|p2a: Chansey|96\/703 par
|move|p2a: Chansey|Soft-Boiled|p2a: Chansey
|-heal|p2a: Chansey|447\/703 par
|
|turn|46
|
|switch|p1a: Tauros|Tauros|151\/353
|cant|p2a: Chansey|par
|
|turn|47
|
|move|p1a: Tauros|Hyper Beam|p2a: Chansey
|-damage|p2a: Chansey|0 fnt
|faint|p2a: Chansey
|
|
|switch|p2a: Alakazam|Alakazam|205\/313
|turn|48
|
|switch|p1a: Alakazam|Alakazam|263\/313
|move|p2a: Alakazam|Psychic|p1a: Alakazam
|-resisted|p1a: Alakazam
|-damage|p1a: Alakazam|209\/313
|
|turn|49
|
|switch|p2a: Exeggutor|Exeggutor|393\/393
|move|p1a: Alakazam|Psychic|p2a: Exeggutor
|-crit|p2a: Exeggutor
|-resisted|p2a: Exeggutor
|-damage|p2a: Exeggutor|291\/393
|-unboost|p2a: Exeggutor|spd|1
|-unboost|p2a: Exeggutor|spa|1
|
|turn|50
|
|move|p1a: Alakazam|Thunder Wave|p2a: Exeggutor
|-status|p2a: Exeggutor|par
|move|p2a: Exeggutor|Sleep Powder|p1a: Alakazam
|-status|p1a: Alakazam|slp
|
|turn|51
|
|switch|p2a: Golem|Golem|229\/363
|cant|p1a: Alakazam|slp
|
|turn|52
|
|switch|p1a: Starmie|Starmie|323\/323
|move|p2a: Golem|Earthquake|p1a: Starmie
|-damage|p1a: Starmie|188\/323
|
|turn|53
|
|switch|p2a: Alakazam|Alakazam|205\/313
|move|p1a: Starmie|Blizzard|p2a: Alakazam
|-crit|p2a: Alakazam
|-damage|p2a: Alakazam|64\/313
|
|turn|54
|
|move|p2a: Alakazam|Recover|p2a: Alakazam
|-heal|p2a: Alakazam|220\/313
|move|p1a: Starmie|Blizzard|p2a: Alakazam
|-damage|p2a: Alakazam|143\/313
|
|turn|55
|
|move|p2a: Alakazam|Recover|p2a: Alakazam
|-heal|p2a: Alakazam|299\/313
|move|p1a: Starmie|Blizzard|p2a: Alakazam
|-crit|p2a: Alakazam
|-damage|p2a: Alakazam|158\/313
|
|turn|56
|
|move|p2a: Alakazam|Recover|p2a: Alakazam
|-heal|p2a: Alakazam|313\/313
|move|p1a: Starmie|Blizzard|p2a: Alakazam
|-damage|p2a: Alakazam|232\/313
|
|turn|57
|
|move|p2a: Alakazam|Thunder Wave|p1a: Starmie
|-status|p1a: Starmie|par
|cant|p1a: Starmie|par
|
|turn|58
|
|move|p2a: Alakazam|Seismic Toss|p1a: Starmie
|-damage|p1a: Starmie|88\/323 par
|move|p1a: Starmie|Blizzard|p2a: Alakazam
|-damage|p2a: Alakazam|156\/313
|-status|p2a: Alakazam|frz
|
|turn|59
|
|cant|p2a: Alakazam|frz
|move|p1a: Starmie|Recover|p1a: Starmie
|-heal|p1a: Starmie|249\/323 par
|
|turn|60
|
|cant|p2a: Alakazam|frz
|move|p1a: Starmie|Psychic|p2a: Alakazam
|-resisted|p2a: Alakazam
|-damage|p2a: Alakazam|110\/313 frz
|
|turn|61
|
|cant|p2a: Alakazam|frz
|move|p1a: Starmie|Recover|p1a: Starmie
|-heal|p1a: Starmie|323\/323 par
|
|turn|62
|
|switch|p1a: Alakazam|Alakazam|209\/313 slp
|cant|p2a: Alakazam|frz
|
|turn|63
|
|switch|p2a: Golem|Golem|229\/363
|switch|p1a: Tauros|Tauros|151\/353
|
|turn|64
|
|move|p1a: Tauros|Blizzard|p2a: Golem
|-supereffective|p2a: Golem
|-damage|p2a: Golem|28\/363
|move|p2a: Golem|Explosion|p1a: Tauros
|-damage|p1a: Tauros|0 fnt
|faint|p1a: Tauros
|faint|p2a: Golem
|
|switch|p2a: Alakazam|Alakazam|110\/313 frz
|switch|p1a: Starmie|Starmie|323\/323 par
|turn|65
|
|cant|p2a: Alakazam|frz
|move|p1a: Starmie|Psychic|p2a: Alakazam
|-crit|p2a: Alakazam
|-resisted|p2a: Alakazam
|-damage|p2a: Alakazam|20\/313 frz
|
|turn|66
|
|switch|p1a: Alakazam|Alakazam|209\/313 slp
|cant|p2a: Alakazam|frz
|
|turn|67
|
|switch|p2a: Exeggutor|Exeggutor|291\/393 par
|switch|p1a: Starmie|Starmie|323\/323 par
|
|turn|68
|
|move|p1a: Starmie|Thunderbolt|p2a: Exeggutor
|-crit|p2a: Exeggutor
|-resisted|p2a: Exeggutor
|-damage|p2a: Exeggutor|231\/393 par
|move|p2a: Exeggutor|Mega Drain|p1a: Starmie
|-supereffective|p1a: Starmie
|-damage|p1a: Starmie|211\/323 par
|-heal|p2a: Exeggutor|287\/393 par|[from] drain|[of] p1a: Starmie
|
|turn|69
|
|move|p1a: Starmie|Blizzard|p2a: Exeggutor
|-supereffective|p2a: Exeggutor
|-damage|p2a: Exeggutor|124\/393 par
|move|p2a: Exeggutor|Mega Drain|p1a: Starmie
|-supereffective|p1a: Starmie
|-damage|p1a: Starmie|94\/323 par
|-heal|p2a: Exeggutor|183\/393 par|[from] drain|[of] p1a: Starmie
|
|turn|70
|
|move|p1a: Starmie|Blizzard|p2a: Exeggutor
|-supereffective|p2a: Exeggutor
|-damage|p2a: Exeggutor|29\/393 par
|move|p2a: Exeggutor|Mega Drain|p1a: Starmie
|-supereffective|p1a: Starmie
|-damage|p1a: Starmie|0 fnt
|-heal|p2a: Exeggutor|76\/393 par|[from] drain|[of] p1a: Starmie
|faint|p1a: Starmie
|
|
|switch|p1a: Alakazam|Alakazam|209\/313 slp
|turn|71
|
|cant|p1a: Alakazam|slp
|-curestatus|p1a: Alakazam|slp
|move|p2a: Exeggutor|Explosion|p1a: Alakazam
|-damage|p1a: Alakazam|0 fnt
|faint|p1a: Alakazam
|faint|p2a: Exeggutor
|
|win|Dead Or Alive
|raw|Ladder updating...
|raw|arafalo2's rating: 1460 &rarr; <strong>1428<\/strong><br \/>(-32 for losing)
|raw|Dead Or Alive's rating: 1222 &rarr; <strong>1261<\/strong><br \/>(+39 for winning)
|chat|arafalo2|gg
|chat|Dead Or Alive|gg