|j|marcoasd
|j|smilzo
|player|p1|marcoasd|2
|player|p2|smilzo|157
|gametype|singles
|gen|1
|tier|[Gen 1] OU
|seed|5990,15439,10242,5697
|rule|Sleep Clause Mod: Limit one foe put to sleep
|rule|Freeze Clause Mod: Limit one foe frozen
|rule|Species Clause: Limit one of each Pokémon
|rule|OHKO Clause: OHKO moves are banned
|rule|Evasion Moves Clause: Evasion moves are banned
|rule|HP Percentage Mod: HP is shown in percentages
|
|start
|switch|p1a: Jynx|Jynx|333\/333
|switch|p2a: Alakazam|Alakazam|313\/313
|turn|1
|choice|move 1|move 4
|
|move|p2a: Alakazam|Thunder Wave|p1a: Jynx
|-status|p1a: Jynx|par
|cant|p1a: Jynx|par
|
|turn|2
|choice|move 1|move 1
|
|move|p2a: Alakazam|Psychic|p1a: Jynx
|-resisted|p1a: Jynx
|-damage|p1a: Jynx|260\/333 par
|move|p1a: Jynx|Lovely Kiss|p2a: Alakazam|[miss]
|-miss|p1a: Jynx
|
|turn|3
|choice|move 1|move 1
|
|move|p2a: Alakazam|Psychic|p1a: Jynx
|-crit|p1a: Jynx
|-resisted|p1a: Jynx
|-damage|p1a: Jynx|138\/333 par
|move|p1a: Jynx|Lovely Kiss|p2a: Alakazam
|-status|p2a: Alakazam|slp
|
|turn|4
|c|★marcoasd|dio blue
|choice|move 2|switch 5
|
|switch|p2a: Cloyster|Cloyster|303\/303
|move|p1a: Jynx|Blizzard|p2a: Cloyster
|-resisted|p2a: Cloyster
|-damage|p2a: Cloyster|266\/303
|
|turn|5
|choice|switch 6|move 2
|
|switch|p1a: Lapras|Lapras|463\/463
|move|p2a: Cloyster|Clamp|p1a: Lapras|[miss]
|-miss|p2a: Cloyster
|
|turn|6
|choice|move 1|switch 4
|
|switch|p2a: Chansey|Chansey|703\/703
|move|p1a: Lapras|Blizzard|p2a: Chansey
|-damage|p2a: Chansey|572\/703
|
|turn|7
|choice|switch 2|move 4
|
|switch|p1a: Chansey|Chansey|703\/703
|move|p2a: Chansey|Thunderbolt|p1a: Chansey
|-damage|p1a: Chansey|630\/703
|
|turn|8
|choice|move 1|move 3
|
|move|p2a: Chansey|Thunder Wave|p1a: Chansey
|-status|p1a: Chansey|par
|move|p1a: Chansey|Thunder Wave|p2a: Chansey
|-status|p2a: Chansey|par
|
|turn|9
|choice|move 2|switch 2
|
|switch|p2a: Snorlax|Snorlax|523\/523
|move|p1a: Chansey|Reflect|p1a: Chansey
|-start|p1a: Chansey|Reflect
|
|turn|10
|choice|move 1|move 1
|
|move|p2a: Snorlax|Body Slam|p1a: Chansey
|-damage|p1a: Chansey|482\/703 par
|move|p1a: Chansey|Thunder Wave|p2a: Snorlax
|-status|p2a: Snorlax|par
|
|turn|11
|j|Pima
|choice|move 4|move 1
|
|move|p1a: Chansey|Soft-Boiled|p1a: Chansey
|-heal|p1a: Chansey|703\/703 par
|move|p2a: Snorlax|Body Slam|p1a: Chansey
|-damage|p1a: Chansey|554\/703 par
|
|turn|12
|choice|move 3|move 1
|
|move|p1a: Chansey|Seismic Toss|p2a: Snorlax
|-damage|p2a: Snorlax|423\/523 par
|cant|p2a: Snorlax|par
|
|turn|13
|choice|move 3|move 1
|
|move|p1a: Chansey|Seismic Toss|p2a: Snorlax
|-damage|p2a: Snorlax|323\/523 par
|move|p2a: Snorlax|Body Slam|p1a: Chansey
|-damage|p1a: Chansey|404\/703 par
|
|turn|14
|choice|move 4|move 1
|
|move|p1a: Chansey|Soft-Boiled|p1a: Chansey
|-heal|p1a: Chansey|703\/703 par
|move|p2a: Snorlax|Body Slam|p1a: Chansey
|-damage|p1a: Chansey|556\/703 par
|
|turn|15
|choice|move 4|move 1
|
|move|p1a: Chansey|Soft-Boiled|p1a: Chansey
|-heal|p1a: Chansey|703\/703 par
|move|p2a: Snorlax|Body Slam|p1a: Chansey
|-damage|p1a: Chansey|546\/703 par
|
|turn|16
|choice|move 3|move 1
|
|move|p1a: Chansey|Seismic Toss|p2a: Snorlax
|-damage|p2a: Snorlax|223\/523 par
|move|p2a: Snorlax|Body Slam|p1a: Chansey
|-damage|p1a: Chansey|392\/703 par
|
|turn|17
|choice|move 4|move 1
|
|move|p1a: Chansey|Soft-Boiled|p1a: Chansey
|-heal|p1a: Chansey|703\/703 par
|move|p2a: Snorlax|Body Slam|p1a: Chansey
|-damage|p1a: Chansey|566\/703 par
|
|turn|18
|choice|move 4|move 3
|
|move|p1a: Chansey|Soft-Boiled|p1a: Chansey
|-heal|p1a: Chansey|703\/703 par
|move|p2a: Snorlax|Self-Destruct|p1a: Chansey
|-damage|p1a: Chansey|260\/703 par
|faint|p2a: Snorlax
|choice||switch 6
|
|switch|p2a: Tauros|Tauros|353\/353
|turn|19
|c|★smilzo|meh
|choice|switch 5|move 4
|
|switch|p1a: Slowbro|Slowbro|393\/393
|move|p2a: Tauros|Hyper Beam|p1a: Slowbro
|-damage|p1a: Slowbro|217\/393
|
|turn|20
|-mustrecharge|p2a: Tauros
|-mustrecharge|p2a: Tauros
|c|★marcoasd|che poi non capisco perchè
|c|★marcoasd|tanto non uccide
|c|★marcoasd|tanto vale slammare
|choice|move 1|move 1
|
|cant|p2a: Tauros|recharge
|move|p1a: Slowbro|Thunder Wave|p2a: Tauros
|-status|p2a: Tauros|par
|
|turn|21
|c|★smilzo|eh ma ho sbagliato a mettere tauros
|j|Duck
|c|★marcoasd|cloyster clam
|c|★smilzo|infatti
|choice|switch 6|switch 3
|
|switch|p1a: Jynx|Jynx|138\/333 par
|switch|p2a: Exeggutor|Exeggutor|393\/393
|
|turn|22
|c|★marcoasd|oppure scoppiare meglio prima asd
|choice|move 4|switch 3
|
|switch|p2a: Tauros|Tauros|353\/353 par
|move|p1a: Jynx|Rest|p1a: Jynx
|-status|p1a: Jynx|slp
|-heal|p1a: Jynx|333\/333 slp|[silent]
|-status|p1a: Jynx|slp|[from] move: Rest
|
|turn|23
|choice|switch 4|move 2
|
|switch|p1a: Snorlax|Snorlax|523\/523
|cant|p2a: Tauros|par
|
|turn|24
|choice|move 1|switch 4
|
|switch|p2a: Cloyster|Cloyster|266\/303
|move|p1a: Snorlax|Body Slam|p2a: Cloyster
|-damage|p2a: Cloyster|199\/303
|
|turn|25
|choice|switch 2|move 1
|
|switch|p1a: Lapras|Lapras|463\/463
|move|p2a: Cloyster|Blizzard|p1a: Lapras
|-resisted|p1a: Lapras
|-damage|p1a: Lapras|433\/463
|
|turn|26
|choice|move 3|move 2
|
|move|p2a: Cloyster|Clamp|p1a: Lapras
|-resisted|p1a: Lapras
|-damage|p1a: Lapras|413\/463
|-activate|p1a: Lapras|move: Clamp|[of] p2a: Cloyster
|cant|p1a: Lapras|partiallytrapped
|
|turn|27
|choice|switch 4|switch 2
|
|switch|p2a: Chansey|Chansey|572\/703 par
|switch|p1a: Jynx|Jynx|333\/333 slp
|
|turn|28
|choice|move 3|switch 4
|
|switch|p2a: Tauros|Tauros|353\/353 par
|cant|p1a: Jynx|slp
|
|turn|29
|choice|switch 2|move 2
|
|switch|p1a: Snorlax|Snorlax|523\/523
|cant|p2a: Tauros|par
|
|turn|30
|c|★smilzo|pf
|choice|move 1|switch 2
|
|switch|p2a: Cloyster|Cloyster|199\/303
|move|p1a: Snorlax|Body Slam|p2a: Cloyster
|-damage|p2a: Cloyster|132\/303
|-status|p2a: Cloyster|par
|
|turn|31
|choice|switch 4|move 4
|
|switch|p1a: Lapras|Lapras|413\/463
|move|p2a: Cloyster|Rest|p2a: Cloyster
|-status|p2a: Cloyster|slp
|-heal|p2a: Cloyster|303\/303 slp|[silent]
|-status|p2a: Cloyster|slp|[from] move: Rest
|
|turn|32
|choice|switch 4|switch 4
|
|switch|p1a: Snorlax|Snorlax|523\/523
|switch|p2a: Chansey|Chansey|572\/703 par
|
|turn|33
|choice|move 1|switch 4
|
|switch|p2a: Cloyster|Cloyster|303\/303 slp
|move|p1a: Snorlax|Body Slam|p2a: Cloyster
|-damage|p2a: Cloyster|228\/303 slp
|
|turn|34
|choice|move 1|move 2
|
|cant|p2a: Cloyster|slp
|move|p1a: Snorlax|Body Slam|p2a: Cloyster
|-damage|p2a: Cloyster|162\/303 slp
|
|turn|35
|choice|move 1|move 2
|
|-curestatus|p2a: Cloyster|slp
|move|p1a: Snorlax|Body Slam|p2a: Cloyster
|-damage|p2a: Cloyster|93\/303
|
|turn|36
|choice|switch 4|move 2
|
|switch|p1a: Lapras|Lapras|413\/463
|move|p2a: Cloyster|Clamp|p1a: Lapras|[miss]
|-miss|p2a: Cloyster
|
|turn|37
|j|Peasounay
|choice|move 2|switch 4
|
|switch|p2a: Chansey|Chansey|572\/703 par
|move|p1a: Lapras|Thunderbolt|p2a: Chansey
|-damage|p2a: Chansey|499\/703 par
|
|turn|38
|choice|move 3|switch 2
|
|switch|p2a: Tauros|Tauros|353\/353 par
|move|p1a: Lapras|Confuse Ray|p2a: Tauros
|-start|p2a: Tauros|confusion
|
|turn|39
|choice|move 2|switch 2
|
|switch|p2a: Chansey|Chansey|499\/703 par
|move|p1a: Lapras|Thunderbolt|p2a: Chansey
|-damage|p2a: Chansey|429\/703 par
|
|turn|40
|choice|switch 5|move 2
|
|switch|p1a: Chansey|Chansey|260\/703 par
|move|p2a: Chansey|Soft-Boiled|p2a: Chansey
|-heal|p2a: Chansey|703\/703 par
|
|turn|41
|choice|move 4|switch 2
|
|switch|p2a: Tauros|Tauros|353\/353 par
|cant|p1a: Chansey|par
|
|turn|42
|choice|switch 4|move 2
|
|switch|p1a: Snorlax|Snorlax|523\/523
|move|p2a: Tauros|Body Slam|p1a: Snorlax
|-damage|p1a: Snorlax|404\/523
|
|turn|43
|choice|move 1|switch 4
|
|switch|p2a: Cloyster|Cloyster|93\/303
|move|p1a: Snorlax|Body Slam|p2a: Cloyster
|-damage|p2a: Cloyster|26\/303
|-status|p2a: Cloyster|par
|
|turn|44
|c|★marcoasd|rip
|choice|move 1|move 3
|
|move|p1a: Snorlax|Body Slam|p2a: Cloyster
|-damage|p2a: Cloyster|0 fnt
|faint|p2a: Cloyster
|choice||switch 3
|
|switch|p2a: Exeggutor|Exeggutor|393\/393
|turn|45
|choice|switch 2|move 2
|
|switch|p1a: Jynx|Jynx|333\/333 slp
|move|p2a: Exeggutor|Psychic|p1a: Jynx
|-resisted|p1a: Jynx
|-damage|p1a: Jynx|268\/333 slp
|
|turn|46
|choice|move 2|move 3
|
|-curestatus|p1a: Jynx|slp
|move|p2a: Exeggutor|Sleep Powder|p1a: Jynx|[miss]
|-miss|p2a: Exeggutor
|
|turn|47
|choice|switch 4|switch 2
|
|switch|p1a: Chansey|Chansey|260\/703 par
|switch|p2a: Chansey|Chansey|703\/703 par
|
|turn|48
|choice|move 4|switch 4
|
|switch|p2a: Tauros|Tauros|353\/353 par
|move|p1a: Chansey|Soft-Boiled|p1a: Chansey
|-heal|p1a: Chansey|611\/703 par
|
|turn|49
|choice|switch 2|move 2
|
|switch|p1a: Snorlax|Snorlax|404\/523
|move|p2a: Tauros|Body Slam|p1a: Snorlax
|-damage|p1a: Snorlax|269\/523
|
|turn|50
|j|Diegolh
|choice|move 1|move 2
|
|move|p1a: Snorlax|Body Slam|p2a: Tauros
|-damage|p2a: Tauros|245\/353 par
|move|p2a: Tauros|Body Slam|p1a: Snorlax
|-damage|p1a: Snorlax|138\/523
|
|turn|51
|choice|move 4|move 2
|
|move|p1a: Snorlax|Rest|p1a: Snorlax
|-status|p1a: Snorlax|slp
|-heal|p1a: Snorlax|523\/523 slp|[silent]
|-status|p1a: Snorlax|slp|[from] move: Rest
|move|p2a: Tauros|Body Slam|p1a: Snorlax
|-damage|p1a: Snorlax|397\/523 slp
|
|turn|52
|choice|move 1|move 2
|
|cant|p1a: Snorlax|slp
|move|p2a: Tauros|Body Slam|p1a: Snorlax
|-crit|p1a: Snorlax
|-damage|p1a: Snorlax|156\/523 slp
|
|turn|53
|choice|switch 6|move 4
|
|switch|p1a: Slowbro|Slowbro|217\/393
|move|p2a: Tauros|Hyper Beam|p1a: Slowbro
|-damage|p1a: Slowbro|52\/393
|
|turn|54
|-mustrecharge|p2a: Tauros
|-mustrecharge|p2a: Tauros
|choice|move 2|move 1
|
|move|p1a: Slowbro|Surf|p2a: Tauros
|-damage|p2a: Tauros|115\/353 par
|cant|p2a: Tauros|recharge
|
|turn|55
|choice|move 4|switch 4
|
|switch|p2a: Chansey|Chansey|703\/703 par
|move|p1a: Slowbro|Rest|p1a: Slowbro
|-status|p1a: Slowbro|slp
|-heal|p1a: Slowbro|393\/393 slp|[silent]
|-status|p1a: Slowbro|slp|[from] move: Rest
|
|turn|56
|choice|switch 6|move 4
|
|switch|p1a: Snorlax|Snorlax|156\/523 slp
|move|p2a: Chansey|Thunderbolt|p1a: Snorlax
|-damage|p1a: Snorlax|50\/523 slp
|
|turn|57
|choice|move 1|move 4
|
|-curestatus|p1a: Snorlax|slp
|cant|p2a: Chansey|par
|
|turn|58
|c|@Duck|mai una gioia
|c|★marcoasd|ho fatto una giocata molto criticabile
|c|★marcoasd|lol
|c|★smilzo|eh vabbe
|choice|move 4|switch 2
|
|switch|p2a: Exeggutor|Exeggutor|393\/393
|move|p1a: Snorlax|Rest|p1a: Snorlax
|-status|p1a: Snorlax|slp
|-heal|p1a: Snorlax|523\/523 slp|[silent]
|-status|p1a: Snorlax|slp|[from] move: Rest
|
|turn|59
|choice|move 1|move 3
|
|move|p2a: Exeggutor|Sleep Powder|p1a: Snorlax|[miss]
|-miss|p2a: Exeggutor
|cant|p1a: Snorlax|slp
|
|turn|60
|choice|switch 2|move 3
|
|switch|p1a: Chansey|Chansey|611\/703 par
|move|p2a: Exeggutor|Sleep Powder|p1a: Chansey
|-fail|p1a: Chansey
|
|turn|61
|choice|switch 4|switch 5
|
|switch|p2a: Alakazam|Alakazam|313\/313 slp
|switch|p1a: Jynx|Jynx|268\/333
|
|turn|62
|l|Diegolh
|choice|move 2|switch 2
|
|switch|p2a: Chansey|Chansey|703\/703 par
|move|p1a: Jynx|Blizzard|p2a: Chansey
|-damage|p2a: Chansey|563\/703 par
|
|turn|63
|choice|switch 2|move 4
|
|switch|p1a: Snorlax|Snorlax|523\/523 slp
|cant|p2a: Chansey|par
|
|turn|64
|choice|move 1|switch 5
|
|switch|p2a: Exeggutor|Exeggutor|393\/393
|-curestatus|p1a: Snorlax|slp
|
|turn|65
|choice|switch 4|move 2
|
|switch|p1a: Chansey|Chansey|611\/703 par
|move|p2a: Exeggutor|Psychic|p1a: Chansey
|-damage|p1a: Chansey|481\/703 par
|-unboost|p1a: Chansey|spd|1
|-unboost|p1a: Chansey|spa|1
|
|turn|66
|choice|move 4|move 2
|
|move|p2a: Exeggutor|Psychic|p1a: Chansey
|-damage|p1a: Chansey|302\/703 par
|move|p1a: Chansey|Soft-Boiled|p1a: Chansey
|-heal|p1a: Chansey|653\/703 par
|
|turn|67
|choice|move 1|move 2
|
|move|p2a: Exeggutor|Psychic|p1a: Chansey
|-damage|p1a: Chansey|478\/703 par
|move|p1a: Chansey|Thunder Wave|p2a: Exeggutor
|-status|p2a: Exeggutor|par
|
|turn|68
|choice|switch 2|move 3
|
|switch|p1a: Jynx|Jynx|268\/333
|move|p2a: Exeggutor|Sleep Powder|p1a: Jynx
|-status|p1a: Jynx|slp
|
|turn|69
|c|★marcoasd|yay
|choice|switch 3|switch 4
|
|switch|p1a: Exeggutor|Exeggutor|393\/393
|switch|p2a: Tauros|Tauros|115\/353 par
|
|turn|70
|choice|move 3|switch 2
|
|switch|p2a: Alakazam|Alakazam|313\/313 slp
|move|p1a: Exeggutor|Psychic|p2a: Alakazam
|-resisted|p2a: Alakazam
|-damage|p2a: Alakazam|260\/313 slp
|-unboost|p2a: Alakazam|spd|1
|-unboost|p2a: Alakazam|spa|1
|
|turn|71
|choice|move 3|switch 5
|
|switch|p2a: Chansey|Chansey|563\/703 par
|move|p1a: Exeggutor|Psychic|p2a: Chansey
|-damage|p2a: Chansey|437\/703 par
|
|turn|72
|l|Duck
|choice|switch 5|move 2
|
|switch|p1a: Lapras|Lapras|413\/463
|cant|p2a: Chansey|par
|
|turn|73
|l|Peasounay
|choice|move 3|move 3
|
|move|p1a: Lapras|Confuse Ray|p2a: Chansey
|-start|p2a: Chansey|confusion
|-activate|p2a: Chansey|confusion
|move|p2a: Chansey|Thunder Wave|p1a: Lapras
|-status|p1a: Lapras|par
|
|turn|74
|choice|move 1|move 4
|
|move|p1a: Lapras|Blizzard|p2a: Chansey
|-damage|p2a: Chansey|296\/703 par
|cant|p2a: Chansey|par
|
|turn|75
|choice|switch 4|move 2
|
|switch|p1a: Snorlax|Snorlax|523\/523
|cant|p2a: Chansey|par
|
|turn|76
|choice|move 1|move 3
|
|move|p1a: Snorlax|Body Slam|p2a: Chansey
|-damage|p2a: Chansey|28\/703 par
|cant|p2a: Chansey|par
|
|turn|77
|c|★marcoasd|gg
|c|★smilzo|vabbe
|c|★smilzo|gg
|-message|smilzo forfeited.
|
|win|marcoasd
|player|p1
|player|p2