|join|kid gf lol
|join|DavidXanatos
|player|p1|kid gf lol|168
|player|p2|DavidXanatos|291
|gametype|singles
|gen|1
|tier|[Gen 1] OU (beta)
|rated
|rule|Sleep Clause Mod: Limit one foe put to sleep
|rule|Species Clause: Limit one of each Pokemon
|rule|OHKO Clause: OHKO moves are banned
|rule|Moody Clause: Moody is banned
|rule|Evasion Moves Clause: Evasion moves are banned
|rule|Endless Battle Clause: Forcing endless battles is banned.
|rule|HP Percentage Mod: HP is reported as percentages
|
|start
|switch|p1a: Zam Lead|Alakazam|313\/313
|switch|p2a: Alakazam|Alakazam|313\/313
|turn|1
|
|switch|p2a: Exeggutor|Exeggutor|393\/393
|switch|p1a: Result of Incest|Exeggutor|393\/393
|
|turn|2
|
|switch|p2a: Alakazam|Alakazam|313\/313
|move|p1a: Result of Incest|Sleep Powder|p2a: Alakazam
|-status|p2a: Alakazam|slp
|
|turn|3
|
|switch|p2a: Exeggutor|Exeggutor|393\/393
|switch|p1a: Zam Lead|Alakazam|313\/313
|
|turn|4
|
|move|p1a: Zam Lead|Seismic Toss|p2a: Exeggutor
|-damage|p2a: Exeggutor|293\/393
|move|p2a: Exeggutor|Sleep Powder|p1a: Zam Lead
|-status|p1a: Zam Lead|slp
|
|turn|5
|
|switch|p1a: Result of Incest|Exeggutor|393\/393
|move|p2a: Exeggutor|Stun Spore|p1a: Result of Incest|[miss]
|-miss|p2a: Exeggutor
|
|turn|6
|
|switch|p1a: Egg Kangaroo|Chansey|703\/703
|move|p2a: Exeggutor|Stun Spore|p1a: Egg Kangaroo
|-status|p1a: Egg Kangaroo|par
|
|turn|7
|
|switch|p2a: Lapras|Lapras|463\/463
|switch|p1a: Result of Incest|Exeggutor|393\/393
|
|turn|8
|
|switch|p1a: Mr Mime|Jynx|333\/333
|move|p2a: Lapras|Blizzard|p1a: Mr Mime
|-resisted|p1a: Mr Mime
|-damage|p1a: Mr Mime|265\/333
|
|turn|9
|
|move|p1a: Mr Mime|Reflect|p1a: Mr Mime
|move|p2a: Lapras|Body Slam|p1a: Mr Mime
|-damage|p1a: Mr Mime|216\/333
|
|turn|10
|
|move|p1a: Mr Mime|Psychic|p2a: Lapras
|-damage|p2a: Lapras|363\/463
|move|p2a: Lapras|Confuse Ray|p1a: Mr Mime
|-start|p1a: Mr Mime|confusion
|
|turn|11
|
|-activate|p1a: Mr Mime|confusion
|move|p1a: Mr Mime|Psychic|p2a: Lapras
|-crit|p2a: Lapras
|-damage|p2a: Lapras|137\/463
|move|p2a: Lapras|Body Slam|p1a: Mr Mime
|-damage|p1a: Mr Mime|160\/333
|
|turn|12
|
|-end|p1a: Mr Mime|confusion
|move|p1a: Mr Mime|Psychic|p2a: Lapras
|-damage|p2a: Lapras|31\/463
|move|p2a: Lapras|Body Slam|p1a: Mr Mime
|-damage|p1a: Mr Mime|111\/333
|
|turn|13
|
|switch|p2a: Exeggutor|Exeggutor|293\/393
|move|p1a: Mr Mime|Psychic|p2a: Exeggutor
|-resisted|p2a: Exeggutor
|-damage|p2a: Exeggutor|253\/393
|-unboost|p2a: Exeggutor|spd|1
|-unboost|p2a: Exeggutor|spa|1
|
|turn|14
|
|switch|p2a: Lapras|Lapras|31\/463
|move|p1a: Mr Mime|Blizzard|p2a: Lapras
|-resisted|p2a: Lapras
|-damage|p2a: Lapras|0 fnt
|faint|p2a: Lapras
|
|
|switch|p2a: Snorlax|Snorlax|523\/523
|turn|15
|
|move|p1a: Mr Mime|Blizzard|p2a: Snorlax
|-damage|p2a: Snorlax|356\/523
|move|p2a: Snorlax|Body Slam|p1a: Mr Mime
|-damage|p1a: Mr Mime|15\/333
|
|turn|16
|
|move|p1a: Mr Mime|Blizzard|p2a: Snorlax
|-damage|p2a: Snorlax|189\/523
|move|p2a: Snorlax|Body Slam|p1a: Mr Mime
|-damage|p1a: Mr Mime|0 fnt
|faint|p1a: Mr Mime
|
|
|switch|p1a: Clamp Bot|Cloyster|303\/303
|turn|17
|
|switch|p2a: Alakazam|Alakazam|313\/313 slp
|move|p1a: Clamp Bot|Clamp|p2a: Alakazam
|-damage|p2a: Alakazam|284\/313 slp
|-activate|p2a: Alakazam|move: Clamp|[of] p1a: Clamp Bot
|
|turn|18
|
|switch|p1a: No TNT|Rhydon|413\/413
|cant|p2a: Alakazam|slp
|-curestatus|p2a: Alakazam|slp
|
|-end|p2a: Alakazam|Clamp|[partiallytrapped]
|turn|19
|
|switch|p1a: Result of Incest|Exeggutor|393\/393
|move|p2a: Alakazam|Reflect|p2a: Alakazam
|
|turn|20
|
|move|p2a: Alakazam|Thunder Wave|p1a: Result of Incest
|-status|p1a: Result of Incest|par
|move|p1a: Result of Incest|Sleep Powder|p2a: Alakazam|[miss]
|-miss|p1a: Result of Incest
|
|turn|21
|
|move|p2a: Alakazam|Psychic|p1a: Result of Incest
|-resisted|p1a: Result of Incest
|-damage|p1a: Result of Incest|341\/393 par
|-unboost|p1a: Result of Incest|spd|1
|-unboost|p1a: Result of Incest|spa|1
|cant|p1a: Result of Incest|par
|
|turn|22
|
|switch|p1a: Egg Kangaroo|Chansey|703\/703 par
|move|p2a: Alakazam|Psychic|p1a: Egg Kangaroo
|-damage|p1a: Egg Kangaroo|570\/703 par
|
|turn|23
|
|switch|p2a: Golem|Golem|363\/363
|move|p1a: Egg Kangaroo|Reflect|p1a: Egg Kangaroo
|
|turn|24
|
|switch|p2a: Alakazam|Alakazam|284\/313
|move|p1a: Egg Kangaroo|Ice Beam|p2a: Alakazam
|-damage|p2a: Alakazam|216\/313
|
|turn|25
|
|move|p2a: Alakazam|Psychic|p1a: Egg Kangaroo
|-damage|p1a: Egg Kangaroo|437\/703 par
|cant|p1a: Egg Kangaroo|par
|
|turn|26
|
|move|p2a: Alakazam|Psychic|p1a: Egg Kangaroo
|-damage|p1a: Egg Kangaroo|299\/703 par
|-unboost|p1a: Egg Kangaroo|spd|1
|-unboost|p1a: Egg Kangaroo|spa|1
|cant|p1a: Egg Kangaroo|par
|
|turn|27
|
|switch|p1a: Result of Incest|Exeggutor|341\/393 par
|move|p2a: Alakazam|Psychic|p1a: Result of Incest
|-resisted|p1a: Result of Incest
|-damage|p1a: Result of Incest|288\/393 par
|
|turn|28
|
|move|p2a: Alakazam|Psychic|p1a: Result of Incest
|-resisted|p1a: Result of Incest
|-damage|p1a: Result of Incest|234\/393 par
|move|p1a: Result of Incest|Sleep Powder|p2a: Alakazam
|-status|p2a: Alakazam|slp
|
|turn|29
|
|cant|p2a: Alakazam|slp
|cant|p1a: Result of Incest|par
|
|turn|30
|
|cant|p2a: Alakazam|slp
|move|p1a: Result of Incest|Psychic|p2a: Alakazam
|-resisted|p2a: Alakazam
|-damage|p2a: Alakazam|163\/313 slp
|
|turn|31
|join|oreano
|
|cant|p2a: Alakazam|slp
|move|p1a: Result of Incest|Sleep Powder|p2a: Alakazam
|-fail|p2a: Alakazam|slp
|
|turn|32
|
|cant|p2a: Alakazam|slp
|-curestatus|p2a: Alakazam|slp
|move|p1a: Result of Incest|Sleep Powder|p2a: Alakazam
|-status|p2a: Alakazam|slp
|
|turn|33
|leave|oreano
|
|switch|p2a: Exeggutor|Exeggutor|253\/393
|move|p1a: Result of Incest|Psychic|p2a: Exeggutor
|-resisted|p2a: Exeggutor
|-damage|p2a: Exeggutor|199\/393
|-unboost|p2a: Exeggutor|spd|1
|-unboost|p2a: Exeggutor|spa|1
|
|turn|34
|
|move|p2a: Exeggutor|Psychic|p1a: Result of Incest
|-crit|p1a: Result of Incest
|-resisted|p1a: Result of Incest
|-damage|p1a: Result of Incest|122\/393 par
|move|p1a: Result of Incest|Psychic|p2a: Exeggutor
|-resisted|p2a: Exeggutor
|-damage|p2a: Exeggutor|122\/393
|
|turn|35
|
|move|p2a: Exeggutor|Psychic|p1a: Result of Incest
|-resisted|p1a: Result of Incest
|-damage|p1a: Result of Incest|85\/393 par
|move|p1a: Result of Incest|Psychic|p2a: Exeggutor
|-resisted|p2a: Exeggutor
|-damage|p2a: Exeggutor|41\/393
|
|turn|36
|
|move|p2a: Exeggutor|Psychic|p1a: Result of Incest
|-resisted|p1a: Result of Incest
|-damage|p1a: Result of Incest|52\/393 par
|-unboost|p1a: Result of Incest|spd|1
|-unboost|p1a: Result of Incest|spa|1
|move|p1a: Result of Incest|Psychic|p2a: Exeggutor
|-resisted|p2a: Exeggutor
|-damage|p2a: Exeggutor|0 fnt
|faint|p2a: Exeggutor
|
|
|switch|p2a: Snorlax|Snorlax|189\/523
|turn|37
|
|move|p2a: Snorlax|Body Slam|p1a: Result of Incest
|-damage|p1a: Result of Incest|0 fnt
|faint|p1a: Result of Incest
|
|
|switch|p1a: Clamp Bot|Cloyster|303\/303
|turn|38
|
|switch|p2a: Alakazam|Alakazam|163\/313 slp
|move|p1a: Clamp Bot|Blizzard|p2a: Alakazam
|-damage|p2a: Alakazam|54\/313 slp
|
|turn|39
|
|cant|p2a: Alakazam|slp
|-curestatus|p2a: Alakazam|slp
|move|p1a: Clamp Bot|Blizzard|p2a: Alakazam
|-damage|p2a: Alakazam|0 fnt
|faint|p2a: Alakazam
|
|
|switch|p2a: Snorlax|Snorlax|189\/523
|turn|40
|
|move|p1a: Clamp Bot|Clamp|p2a: Snorlax
|-damage|p2a: Snorlax|140\/523
|-activate|p2a: Snorlax|move: Clamp|[of] p1a: Clamp Bot
|cant|p2a: Snorlax|partiallytrapped
|
|turn|41
|
|move|p1a: Clamp Bot|Clamp|p2a: Snorlax
|-damage|p2a: Snorlax|91\/523
|cant|p2a: Snorlax|partiallytrapped
|
|-end|p2a: Snorlax|Clamp|[partiallytrapped]
|turn|42
|
|move|p1a: Clamp Bot|Blizzard|p2a: Snorlax
|-damage|p2a: Snorlax|0 fnt
|faint|p2a: Snorlax
|
|
|switch|p2a: Tauros|Tauros|353\/353
|turn|43
|
|move|p2a: Tauros|Body Slam|p1a: Clamp Bot
|-damage|p1a: Clamp Bot|234\/303
|-status|p1a: Clamp Bot|par
|move|p1a: Clamp Bot|Blizzard|p2a: Tauros
|-damage|p2a: Tauros|202\/353
|
|turn|44
|
|move|p2a: Tauros|Body Slam|p1a: Clamp Bot
|-damage|p1a: Clamp Bot|169\/303 par
|move|p1a: Clamp Bot|Blizzard|p2a: Tauros|[miss]
|-miss|p1a: Clamp Bot
|
|turn|45
|
|move|p2a: Tauros|Body Slam|p1a: Clamp Bot
|-damage|p1a: Clamp Bot|108\/303 par
|move|p1a: Clamp Bot|Blizzard|p2a: Tauros
|-damage|p2a: Tauros|56\/353
|
|turn|46
|
|switch|p1a: Zam Lead|Alakazam|313\/313 slp
|move|p2a: Tauros|Hyper Beam|p1a: Zam Lead
|-damage|p1a: Zam Lead|19\/313 slp
|
|turn|47
|
|cant|p1a: Zam Lead|slp
|cant|p2a: Tauros|recharge
|
|turn|48
|
|cant|p1a: Zam Lead|slp
|-curestatus|p1a: Zam Lead|slp
|move|p2a: Tauros|Body Slam|p1a: Zam Lead
|-damage|p1a: Zam Lead|0 fnt
|faint|p1a: Zam Lead
|
|
|switch|p1a: Clamp Bot|Cloyster|108\/303 par
|turn|49
|
|switch|p1a: No TNT|Rhydon|413\/413
|move|p2a: Tauros|Hyper Beam|p1a: No TNT
|-resisted|p1a: No TNT
|-damage|p1a: No TNT|331\/413
|
|turn|50
|
|cant|p2a: Tauros|recharge
|move|p1a: No TNT|Body Slam|p2a: Tauros
|-damage|p2a: Tauros|0 fnt
|faint|p2a: Tauros
|
|
|switch|p2a: Golem|Golem|363\/363
|turn|51
|
|move|p2a: Golem|Earthquake|p1a: No TNT
|-supereffective|p1a: No TNT
|-damage|p1a: No TNT|114\/413
|move|p1a: No TNT|Body Slam|p2a: Golem
|-resisted|p2a: Golem
|-damage|p2a: Golem|332\/363
|
|turn|52
|
|move|p2a: Golem|Earthquake|p1a: No TNT
|-supereffective|p1a: No TNT
|-damage|p1a: No TNT|0 fnt
|faint|p1a: No TNT
|
|join|Beltra
|
|switch|p1a: Clamp Bot|Cloyster|108\/303 par
|turn|53
|
|move|p2a: Golem|Rock Slide|p1a: Clamp Bot
|-supereffective|p1a: Clamp Bot
|-damage|p1a: Clamp Bot|0 fnt
|faint|p1a: Clamp Bot
|
|
|switch|p1a: Egg Kangaroo|Chansey|299\/703 par
|turn|54
|
|move|p2a: Golem|Earthquake|p1a: Egg Kangaroo
|-damage|p1a: Egg Kangaroo|0 fnt
|faint|p1a: Egg Kangaroo
|
|win|DavidXanatos
|raw|Ladder updating...
|raw|kid gf lol's rating: 1411 &rarr; <strong>1390<\/strong><br \/>(-21 for losing)
|raw|DavidXanatos's rating: 1386 &rarr; <strong>1407<\/strong><br \/>(+21 for winning)
|leave|kid gf lol
|leave|Beltra
|player|p1