|j|TonyRBY
|j|Groudon80
|player|p1|TonyRBY|130
|player|p2|Groudon80|168
|gametype|singles
|gen|1
|tier|[Gen 1] OU
|rated
|seed|
|rule|Sleep Clause Mod: Limit one foe put to sleep
|rule|Freeze Clause Mod: Limit one foe frozen
|rule|Species Clause: Limit one of each Pokémon
|rule|OHKO Clause: OHKO moves are banned
|rule|Evasion Moves Clause: Evasion moves are banned
|rule|HP Percentage Mod: HP is shown in percentages
|
|start
|switch|p1a: Alakazam|Alakazam|100\/100
|switch|p2a: Jynx|Jynx|100\/100
|turn|1
|choice||
|
|move|p1a: Alakazam|Thunder Wave|p2a: Jynx
|-status|p2a: Jynx|par
|move|p2a: Jynx|Lovely Kiss|p1a: Alakazam|[miss]
|-miss|p2a: Jynx
|
|turn|2
|choice||
|
|switch|p1a: Chansey|Chansey|100\/100
|cant|p2a: Jynx|par
|
|turn|3
|choice||
|
|move|p1a: Chansey|Thunderbolt|p2a: Jynx
|-damage|p2a: Jynx|78\/100 par
|move|p2a: Jynx|Lovely Kiss|p1a: Chansey
|-status|p1a: Chansey|slp
|
|turn|4
|choice||
|
|switch|p1a: Slowbro|Slowbro|100\/100
|switch|p2a: Snorlax|Snorlax|100\/100
|
|turn|5
|choice||
|
|move|p1a: Slowbro|Thunder Wave|p2a: Snorlax
|-status|p2a: Snorlax|par
|move|p2a: Snorlax|Body Slam|p1a: Slowbro
|-damage|p1a: Slowbro|77\/100
|-status|p1a: Slowbro|par
|
|turn|6
|choice||
|
|cant|p2a: Snorlax|par
|move|p1a: Slowbro|Amnesia|p1a: Slowbro
|-boost|p1a: Slowbro|spd|2
|-boost|p1a: Slowbro|spa|2
|
|turn|7
|choice||
|
|move|p1a: Slowbro|Amnesia|p1a: Slowbro
|-boost|p1a: Slowbro|spd|2
|-boost|p1a: Slowbro|spa|2
|move|p2a: Snorlax|Body Slam|p1a: Slowbro
|-damage|p1a: Slowbro|52\/100 par
|
|turn|8
|choice||
|
|move|p1a: Slowbro|Psychic|p2a: Snorlax
|-crit|p2a: Snorlax
|-damage|p2a: Snorlax|57\/100 par
|-unboost|p2a: Snorlax|spd|1
|-unboost|p2a: Snorlax|spa|1
|move|p2a: Snorlax|Body Slam|p1a: Slowbro
|-damage|p1a: Slowbro|25\/100 par
|
|turn|9
|choice||
|
|switch|p2a: Chansey|Chansey|100\/100
|cant|p1a: Slowbro|par
|
|turn|10
|choice||
|
|move|p2a: Chansey|Thunderbolt|p1a: Slowbro
|-supereffective|p1a: Slowbro
|-damage|p1a: Slowbro|8\/100 par
|move|p1a: Slowbro|Rest|p1a: Slowbro
|-status|p1a: Slowbro|slp
|-heal|p1a: Slowbro|100\/100 slp|[silent]
|-status|p1a: Slowbro|slp|[from] move: Rest
|
|turn|11
|choice||
|
|move|p2a: Chansey|Thunderbolt|p1a: Slowbro
|-supereffective|p1a: Slowbro
|-damage|p1a: Slowbro|85\/100 slp
|cant|p1a: Slowbro|slp
|
|turn|12
|choice||
|
|move|p2a: Chansey|Thunderbolt|p1a: Slowbro
|-supereffective|p1a: Slowbro
|-damage|p1a: Slowbro|69\/100 slp
|-curestatus|p1a: Slowbro|slp
|
|turn|13
|choice||
|
|move|p2a: Chansey|Thunderbolt|p1a: Slowbro
|-crit|p1a: Slowbro
|-supereffective|p1a: Slowbro
|-damage|p1a: Slowbro|0 fnt
|faint|p1a: Slowbro
|choice||
|
|switch|p1a: Exeggutor|Exeggutor|100\/100
|turn|14
|choice||
|
|switch|p2a: Jynx|Jynx|78\/100 par
|move|p1a: Exeggutor|Sleep Powder|p2a: Jynx
|-fail|p2a: Jynx
|
|turn|15
|choice||
|
|switch|p1a: Chansey|Chansey|100\/100 slp
|move|p2a: Jynx|Blizzard|p1a: Chansey
|-damage|p1a: Chansey|83\/100 slp
|
|turn|16
|choice||
|
|switch|p2a: Tauros|Tauros|100\/100
|cant|p1a: Chansey|slp
|
|turn|17
|choice||
|
|switch|p1a: Exeggutor|Exeggutor|100\/100
|move|p2a: Tauros|Body Slam|p1a: Exeggutor
|-damage|p1a: Exeggutor|73\/100
|
|turn|18
|choice||
|
|switch|p2a: Jynx|Jynx|78\/100 par
|move|p1a: Exeggutor|Psychic|p2a: Jynx
|-resisted|p2a: Jynx
|-damage|p2a: Jynx|59\/100 par
|
|turn|19
|choice||
|
|switch|p1a: Chansey|Chansey|83\/100 slp
|cant|p2a: Jynx|par
|
|turn|20
|choice||
|
|switch|p2a: Tauros|Tauros|100\/100
|cant|p1a: Chansey|slp
|
|turn|21
|choice||
|
|switch|p1a: Exeggutor|Exeggutor|73\/100
|move|p2a: Tauros|Blizzard|p1a: Exeggutor
|-crit|p1a: Exeggutor
|-supereffective|p1a: Exeggutor
|-damage|p1a: Exeggutor|9\/100
|
|turn|22
|choice||
|
|switch|p1a: Kangaskhan|Kangaskhan|100\/100
|move|p2a: Tauros|Body Slam|p1a: Kangaskhan
|-crit|p1a: Kangaskhan
|-damage|p1a: Kangaskhan|44\/100
|
|turn|23
|choice||
|
|move|p2a: Tauros|Earthquake|p1a: Kangaskhan
|-damage|p1a: Kangaskhan|23\/100
|move|p1a: Kangaskhan|Body Slam|p2a: Tauros
|-crit|p2a: Tauros
|-damage|p2a: Tauros|49\/100
|
|turn|24
|choice||
|
|switch|p1a: Alakazam|Alakazam|100\/100
|move|p2a: Tauros|Body Slam|p1a: Alakazam
|-damage|p1a: Alakazam|50\/100
|
|turn|25
|choice||
|
|switch|p2a: Snorlax|Snorlax|57\/100 par
|move|p1a: Alakazam|Psychic|p2a: Snorlax
|-damage|p2a: Snorlax|26\/100 par
|
|turn|26
|choice||
|
|move|p1a: Alakazam|Psychic|p2a: Snorlax
|-damage|p2a: Snorlax|0 fnt
|faint|p2a: Snorlax
|choice||
|
|switch|p2a: Slowbro|Slowbro|100\/100
|turn|27
|choice||
|
|move|p1a: Alakazam|Thunder Wave|p2a: Slowbro
|-status|p2a: Slowbro|par
|cant|p2a: Slowbro|par
|
|turn|28
|choice||
|
|move|p1a: Alakazam|Recover|p1a: Alakazam
|-heal|p1a: Alakazam|99\/100
|cant|p2a: Slowbro|par
|
|turn|29
|choice||
|
|switch|p1a: Exeggutor|Exeggutor|9\/100
|move|p2a: Slowbro|Thunder Wave|p1a: Exeggutor
|-status|p1a: Exeggutor|par
|
|turn|30
|choice||
|
|switch|p2a: Golem|Golem|100\/100
|move|p1a: Exeggutor|Explosion|p2a: Golem
|-resisted|p2a: Golem
|-damage|p2a: Golem|68\/100
|faint|p1a: Exeggutor
|choice||
|
|switch|p1a: Kangaskhan|Kangaskhan|23\/100
|turn|31
|choice||
|
|switch|p2a: Slowbro|Slowbro|100\/100 par
|move|p1a: Kangaskhan|Body Slam|p2a: Slowbro
|-crit|p2a: Slowbro
|-damage|p2a: Slowbro|58\/100 par
|
|turn|32
|choice||
|
|move|p1a: Kangaskhan|Body Slam|p2a: Slowbro
|-damage|p2a: Slowbro|35\/100 par
|move|p2a: Slowbro|Surf|p1a: Kangaskhan
|-crit|p1a: Kangaskhan
|-damage|p1a: Kangaskhan|0 fnt
|faint|p1a: Kangaskhan
|choice||
|
|switch|p1a: Tauros|Tauros|100\/100
|turn|33
|choice||
|
|move|p1a: Tauros|Body Slam|p2a: Slowbro
|-damage|p2a: Slowbro|11\/100 par
|move|p2a: Slowbro|Thunder Wave|p1a: Tauros
|-status|p1a: Tauros|par
|
|turn|34
|choice||
|
|switch|p2a: Chansey|Chansey|100\/100
|move|p1a: Tauros|Body Slam|p2a: Chansey
|-crit|p2a: Chansey
|-damage|p2a: Chansey|23\/100
|
|turn|35
|choice||
|
|move|p2a: Chansey|Soft-Boiled|p2a: Chansey
|-heal|p2a: Chansey|73\/100
|move|p1a: Tauros|Hyper Beam|p2a: Chansey
|-crit|p2a: Chansey
|-damage|p2a: Chansey|0 fnt
|faint|p2a: Chansey
|c|★Groudon80|haha
|choice||
|
|switch|p2a: Golem|Golem|68\/100
|turn|36
|choice||
|
|move|p2a: Golem|Earthquake|p1a: Tauros
|-damage|p1a: Tauros|61\/100 par
|move|p1a: Tauros|Blizzard|p2a: Golem
|-crit|p2a: Golem
|-supereffective|p2a: Golem
|-damage|p2a: Golem|0 fnt
|faint|p2a: Golem
|c|★Groudon80|critical session
|choice||
|
|switch|p2a: Slowbro|Slowbro|11\/100 par
|turn|37
|choice||
|
|cant|p1a: Tauros|par
|move|p2a: Slowbro|Rest|p2a: Slowbro
|-status|p2a: Slowbro|slp
|-heal|p2a: Slowbro|100\/100 slp|[silent]
|-status|p2a: Slowbro|slp|[from] move: Rest
|
|turn|38
|choice||
|
|move|p1a: Tauros|Body Slam|p2a: Slowbro
|-damage|p2a: Slowbro|79\/100 slp
|cant|p2a: Slowbro|slp
|
|turn|39
|choice||
|
|switch|p2a: Jynx|Jynx|59\/100 par
|move|p1a: Tauros|Body Slam|p2a: Jynx
|-damage|p2a: Jynx|9\/100 par
|
|turn|40
|choice||
|
|move|p1a: Tauros|Body Slam|p2a: Jynx
|-damage|p2a: Jynx|0 fnt
|faint|p2a: Jynx
|choice||
|
|switch|p2a: Slowbro|Slowbro|79\/100 slp
|turn|41
|choice||
|
|-curestatus|p2a: Slowbro|slp
|move|p1a: Tauros|Body Slam|p2a: Slowbro
|-crit|p2a: Slowbro
|-damage|p2a: Slowbro|32\/100
|
|turn|42
|choice||
|
|move|p2a: Slowbro|Rest|p2a: Slowbro
|-status|p2a: Slowbro|slp
|-heal|p2a: Slowbro|100\/100 slp|[silent]
|-status|p2a: Slowbro|slp|[from] move: Rest
|move|p1a: Tauros|Hyper Beam|p2a: Slowbro
|-damage|p2a: Slowbro|59\/100 slp
|
|turn|43
|-mustrecharge|p1a: Tauros
|-mustrecharge|p1a: Tauros
|choice||
|
|cant|p2a: Slowbro|slp
|cant|p1a: Tauros|recharge
|
|turn|44
|choice||
|
|-curestatus|p2a: Slowbro|slp
|cant|p1a: Tauros|par
|
|turn|45
|choice||
|
|move|p2a: Slowbro|Surf|p1a: Tauros
|-damage|p1a: Tauros|25\/100 par
|cant|p1a: Tauros|par
|
|turn|46
|choice||
|
|move|p2a: Slowbro|Surf|p1a: Tauros
|-damage|p1a: Tauros|0 fnt
|faint|p1a: Tauros
|choice||
|
|switch|p1a: Chansey|Chansey|83\/100 slp
|turn|47
|choice||
|
|switch|p2a: Tauros|Tauros|49\/100
|-curestatus|p1a: Chansey|slp
|
|turn|48
|choice||
|
|move|p2a: Tauros|Body Slam|p1a: Chansey
|-damage|p1a: Chansey|41\/100
|move|p1a: Chansey|Thunder Wave|p2a: Tauros
|-status|p2a: Tauros|par
|
|turn|49
|choice||
|
|move|p1a: Chansey|Thunderbolt|p2a: Tauros
|-damage|p2a: Tauros|23\/100 par
|cant|p2a: Tauros|par
|
|turn|50
|choice||
|
|move|p1a: Chansey|Thunderbolt|p2a: Tauros
|-damage|p2a: Tauros|0 fnt
|faint|p2a: Tauros
|choice||
|
|switch|p2a: Slowbro|Slowbro|59\/100
|turn|51
|choice||
|
|move|p1a: Chansey|Thunderbolt|p2a: Slowbro
|-supereffective|p2a: Slowbro
|-damage|p2a: Slowbro|16\/100
|move|p2a: Slowbro|Thunder Wave|p1a: Chansey
|-status|p1a: Chansey|par
|
|turn|52
|choice||
|
|move|p2a: Slowbro|Rest|p2a: Slowbro
|-status|p2a: Slowbro|slp
|-heal|p2a: Slowbro|100\/100 slp|[silent]
|-status|p2a: Slowbro|slp|[from] move: Rest
|move|p1a: Chansey|Thunderbolt|p2a: Slowbro
|-supereffective|p2a: Slowbro
|-damage|p2a: Slowbro|52\/100 slp
|
|turn|53
|choice||
|
|cant|p2a: Slowbro|slp
|move|p1a: Chansey|Thunderbolt|p2a: Slowbro
|-supereffective|p2a: Slowbro
|-damage|p2a: Slowbro|3\/100 slp
|
|turn|54
|choice||
|
|switch|p1a: Alakazam|Alakazam|99\/100
|-curestatus|p2a: Slowbro|slp
|
|turn|55
|-message|Groudon80 forfeited.
|
|win|TonyRBY
|player|p1
|player|p2
|l|Groudon80
|raw|TonyRBY's rating: 1533 &rarr; <strong>1554<\/strong><br \/>(+21 for winning)
|raw|Groudon80's rating: 1557 &rarr; <strong>1535<\/strong><br \/>(-22 for losing)