|j|Lusch
|j|RainPB
|player|p1|Lusch|153
|player|p2|RainPB|155
|gametype|singles
|gen|1
|tier|[Gen 1] OU
|seed|63161,56285,10966,10353
|rule|Sleep Clause Mod: Limit one foe put to sleep
|rule|Freeze Clause Mod: Limit one foe frozen
|rule|Species Clause: Limit one of each Pokémon
|rule|OHKO Clause: OHKO moves are banned
|rule|Evasion Moves Clause: Evasion moves are banned
|rule|HP Percentage Mod: HP is shown in percentages
|
|start
|switch|p1a: Gengar|Gengar|323\/323
|switch|p2a: Exeggutor|Exeggutor|393\/393
|turn|1
|c|★Lusch|hf
|c|★RainPB|u2
|choice|move 1|move 3
|
|move|p1a: Gengar|Hypnosis|p2a: Exeggutor
|-status|p2a: Exeggutor|slp
|cant|p2a: Exeggutor|slp
|
|turn|2
|choice|move 2|move 3
|
|move|p1a: Gengar|Night Shade|p2a: Exeggutor
|-damage|p2a: Exeggutor|293\/393 slp
|-curestatus|p2a: Exeggutor|slp
|
|turn|3
|choice|move 1|move 3
|
|move|p1a: Gengar|Hypnosis|p2a: Exeggutor
|-status|p2a: Exeggutor|slp
|-curestatus|p2a: Exeggutor|slp
|
|turn|4
|choice|move 1|move 3
|
|move|p1a: Gengar|Hypnosis|p2a: Exeggutor
|-status|p2a: Exeggutor|slp
|cant|p2a: Exeggutor|slp
|
|turn|5
|choice|move 2|switch 5
|
|switch|p2a: Snorlax|Snorlax|523\/523
|move|p1a: Gengar|Night Shade|p2a: Snorlax
|-damage|p2a: Snorlax|423\/523
|
|turn|6
|choice|switch 6|move 2
|
|switch|p1a: Exeggutor|Exeggutor|393\/393
|move|p2a: Snorlax|Earthquake|p1a: Exeggutor
|-resisted|p1a: Exeggutor
|-damage|p1a: Exeggutor|345\/393
|
|turn|7
|choice|move 4|switch 6
|
|switch|p2a: Starmie|Starmie|323\/323
|move|p1a: Exeggutor|Stun Spore|p2a: Starmie
|-status|p2a: Starmie|par
|
|turn|8
|j|slurmz
|choice|move 2|move 1
|
|move|p1a: Exeggutor|Psychic|p2a: Starmie
|-resisted|p2a: Starmie
|-damage|p2a: Starmie|265\/323 par
|-unboost|p2a: Starmie|spd|1
|-unboost|p2a: Starmie|spa|1
|move|p2a: Starmie|Blizzard|p1a: Exeggutor
|-supereffective|p1a: Exeggutor
|-damage|p1a: Exeggutor|244\/393
|
|turn|9
|choice|switch 2|switch 5
|
|switch|p1a: Jolteon|Jolteon|333\/333
|switch|p2a: Exeggutor|Exeggutor|293\/393 slp
|
|turn|10
|choice|move 2|move 3
|
|move|p1a: Jolteon|Thunder Wave|p2a: Exeggutor
|-fail|p2a: Exeggutor
|-curestatus|p2a: Exeggutor|slp
|
|turn|11
|choice|move 3|move 1
|
|move|p1a: Jolteon|Pin Missile|p2a: Exeggutor
|-supereffective|p2a: Exeggutor
|-damage|p2a: Exeggutor|251\/393
|-damage|p2a: Exeggutor|209\/393
|-hitcount|p2a: Exeggutor|2
|move|p2a: Exeggutor|Sleep Powder|p1a: Jolteon|[miss]
|-miss|p2a: Exeggutor
|
|turn|12
|choice|move 3|move 1
|
|move|p1a: Jolteon|Pin Missile|p2a: Exeggutor
|-supereffective|p2a: Exeggutor
|-damage|p2a: Exeggutor|162\/393
|-damage|p2a: Exeggutor|115\/393
|-damage|p2a: Exeggutor|68\/393
|-damage|p2a: Exeggutor|21\/393
|-hitcount|p2a: Exeggutor|4
|move|p2a: Exeggutor|Sleep Powder|p1a: Jolteon|[miss]
|-miss|p2a: Exeggutor
|
|turn|13
|choice|move 1|switch 3
|
|switch|p2a: Chansey|Chansey|703\/703
|move|p1a: Jolteon|Thunderbolt|p2a: Chansey
|-damage|p2a: Chansey|597\/703
|
|turn|14
|choice|move 2|move 3
|
|move|p1a: Jolteon|Thunder Wave|p2a: Chansey
|-status|p2a: Chansey|par
|cant|p2a: Chansey|par
|
|turn|15
|choice|switch 5|move 3
|
|switch|p1a: Snorlax|Snorlax|523\/523
|move|p2a: Chansey|Ice Beam|p1a: Snorlax
|-damage|p1a: Snorlax|431\/523
|
|turn|16
|choice|move 2|move 1
|
|move|p1a: Snorlax|Earthquake|p2a: Chansey
|-damage|p2a: Chansey|373\/703 par
|cant|p2a: Chansey|par
|
|turn|17
|choice|move 3|move 1
|
|move|p1a: Snorlax|Hyper Beam|p2a: Chansey|[miss]
|-miss|p1a: Snorlax
|move|p2a: Chansey|Counter|p1a: Snorlax
|-fail|p2a: Chansey
|
|turn|18
|choice|move 2|switch 3
|
|switch|p2a: Exeggutor|Exeggutor|21\/393
|move|p1a: Snorlax|Earthquake|p2a: Exeggutor
|-resisted|p2a: Exeggutor
|-damage|p2a: Exeggutor|0 fnt
|faint|p2a: Exeggutor
|choice||switch 6
|
|switch|p2a: Snorlax|Snorlax|423\/523
|turn|19
|l|slurmz
|choice|move 4|move 1
|
|move|p1a: Snorlax|Self-Destruct|p2a: Snorlax
|-damage|p2a: Snorlax|20\/523
|faint|p1a: Snorlax
|choice|switch 4|
|
|switch|p1a: Persian|Persian|333\/333
|turn|20
|choice|move 3|move 4
|
|move|p1a: Persian|Slash|p2a: Snorlax
|-crit|p2a: Snorlax
|-damage|p2a: Snorlax|0 fnt
|faint|p2a: Snorlax
|choice||switch 2
|
|switch|p2a: Tauros|Tauros|353\/353
|turn|21
|choice|move 3|move 2
|
|move|p1a: Persian|Slash|p2a: Tauros
|-crit|p2a: Tauros
|-damage|p2a: Tauros|215\/353
|move|p2a: Tauros|Body Slam|p1a: Persian
|-damage|p1a: Persian|206\/333
|
|turn|22
|choice|switch 2|move 4
|
|switch|p1a: Exeggutor|Exeggutor|244\/393
|move|p2a: Tauros|Hyper Beam|p1a: Exeggutor
|-crit|p1a: Exeggutor
|-damage|p1a: Exeggutor|0 fnt
|faint|p1a: Exeggutor
|choice|switch 3|
|
|switch|p1a: Tauros|Tauros|353\/353
|turn|23
|choice|move 2|switch 5
|
|switch|p2a: Starmie|Starmie|265\/323 par
|move|p1a: Tauros|Body Slam|p2a: Starmie
|-damage|p2a: Starmie|154\/323 par
|
|turn|24
|choice|move 4|move 4
|
|move|p1a: Tauros|Hyper Beam|p2a: Starmie|[miss]
|-miss|p1a: Tauros
|move|p2a: Starmie|Thunder Wave|p1a: Tauros
|-status|p1a: Tauros|par
|
|turn|25
|choice|move 2|move 3
|
|move|p2a: Starmie|Recover|p2a: Starmie
|-heal|p2a: Starmie|315\/323 par
|move|p1a: Tauros|Body Slam|p2a: Starmie
|-damage|p2a: Starmie|205\/323 par
|
|turn|26
|choice|switch 5|move 3
|
|switch|p1a: Jolteon|Jolteon|333\/333
|move|p2a: Starmie|Recover|p2a: Starmie
|-heal|p2a: Starmie|323\/323 par
|
|turn|27
|choice|move 1|switch 3
|
|switch|p2a: Chansey|Chansey|373\/703 par
|move|p1a: Jolteon|Thunderbolt|p2a: Chansey
|-damage|p2a: Chansey|255\/703 par
|
|turn|28
|choice|move 4|move 2
|
|move|p1a: Jolteon|Double Kick|p2a: Chansey
|-supereffective|p2a: Chansey
|-damage|p2a: Chansey|149\/703 par
|-damage|p2a: Chansey|43\/703 par
|-hitcount|p2a: Chansey|2
|move|p2a: Chansey|Soft-Boiled|p2a: Chansey
|-heal|p2a: Chansey|394\/703 par
|
|turn|29
|choice|switch 5|move 2
|
|switch|p1a: Tauros|Tauros|353\/353 par
|move|p2a: Chansey|Soft-Boiled|p2a: Chansey
|-heal|p2a: Chansey|703\/703 par
|
|turn|30
|choice|move 3|switch 3
|
|switch|p2a: Starmie|Starmie|323\/323 par
|cant|p1a: Tauros|par
|
|turn|31
|choice|switch 5|move 2
|
|switch|p1a: Jolteon|Jolteon|333\/333
|move|p2a: Starmie|Psychic|p1a: Jolteon
|-crit|p1a: Jolteon
|-damage|p1a: Jolteon|123\/333
|
|turn|32
|choice|switch 5|switch 3
|
|switch|p1a: Tauros|Tauros|353\/353 par
|switch|p2a: Chansey|Chansey|703\/703 par
|
|turn|33
|choice|move 3|switch 3
|
|switch|p2a: Starmie|Starmie|323\/323 par
|move|p1a: Tauros|Earthquake|p2a: Starmie
|-damage|p2a: Starmie|231\/323 par
|
|turn|34
|choice|move 2|move 2
|
|move|p2a: Starmie|Psychic|p1a: Tauros
|-damage|p1a: Tauros|214\/353 par
|move|p1a: Tauros|Body Slam|p2a: Starmie
|-damage|p2a: Starmie|122\/323 par
|
|turn|35
|choice|move 2|move 3
|
|cant|p2a: Starmie|par
|cant|p1a: Tauros|par
|
|turn|36
|choice|move 2|move 2
|
|move|p2a: Starmie|Psychic|p1a: Tauros
|-damage|p1a: Tauros|71\/353 par
|move|p1a: Tauros|Body Slam|p2a: Starmie
|-damage|p2a: Starmie|20\/323 par
|
|turn|37
|choice|move 4|move 2
|
|cant|p2a: Starmie|par
|move|p1a: Tauros|Hyper Beam|p2a: Starmie
|-damage|p2a: Starmie|0 fnt
|faint|p2a: Starmie
|choice||switch 5
|
|switch|p2a: Tauros|Tauros|215\/353
|turn|38
|choice|switch 6|move 3
|
|switch|p1a: Gengar|Gengar|323\/323
|move|p2a: Tauros|Earthquake|p1a: Gengar
|-supereffective|p1a: Gengar
|-damage|p1a: Gengar|123\/323
|
|turn|39
|choice|move 4|switch 3
|
|switch|p2a: Chansey|Chansey|703\/703 par
|move|p1a: Gengar|Explosion|p2a: Chansey
|-damage|p2a: Chansey|161\/703 par
|faint|p1a: Gengar
|choice|switch 2|
|
|switch|p1a: Persian|Persian|206\/333
|turn|40
|choice|move 3|move 2
|
|move|p1a: Persian|Slash|p2a: Chansey
|-crit|p2a: Chansey
|-damage|p2a: Chansey|0 fnt
|faint|p2a: Chansey
|choice||switch 4
|
|switch|p2a: Articuno|Articuno|383\/383
|turn|41
|choice|move 1|move 4
|
|move|p1a: Persian|Hyper Beam|p2a: Articuno
|-damage|p2a: Articuno|238\/383
|move|p2a: Articuno|Agility|p2a: Articuno
|-boost|p2a: Articuno|spe|2
|
|turn|42
|-mustrecharge|p1a: Persian
|-mustrecharge|p1a: Persian
|choice|move 1|move 1
|
|move|p2a: Articuno|Blizzard|p1a: Persian
|-damage|p1a: Persian|0 fnt
|faint|p1a: Persian
|choice|switch 5|
|
|switch|p1a: Jolteon|Jolteon|123\/333
|turn|43
|c|★Lusch|gg
|c|★Lusch|but maybe not
|c|★Lusch|maybe ur blizzard misses twice like my hyper beams ;)
|choice|move 2|move 1
|
|move|p2a: Articuno|Blizzard|p1a: Jolteon
|-crit|p1a: Jolteon
|-damage|p1a: Jolteon|0 fnt
|faint|p1a: Jolteon
|c|★Lusch|nop
|choice|switch 6|
|
|switch|p1a: Tauros|Tauros|71\/353 par
|turn|44
|c|★RainPB|gg i guess
|c|★Lusch|ye
|c|★Lusch|gg
|c|★Lusch|was ok
|c|★Lusch|played it wrong
|c|★Lusch|and luck didnt take my side
|c|★RainPB|same
|c|★Lusch|just a little annoyed
|c|★Lusch|had a best of 3 for a tournament before
|c|★Lusch|and of course thats my view on it but i should have won every match
|c|★Lusch|but lost 2-1
|c|★RainPB|yea happens
|c|★Lusch|so  sorry if it comes cross as bitter
|choice|move 4|move 1
|
|move|p2a: Articuno|Blizzard|p1a: Tauros
|-damage|p1a: Tauros|0 fnt
|faint|p1a: Tauros
|
|win|RainPB
|c|★RainPB|dw
|c|★Lusch|wanna play again=
|c|★Lusch|?
|c|★RainPB|sure
|l|Lusch
|player|p1