|j|luisblaze
|j|icm
|player|p1|luisblaze|290
|player|p2|icm|247
|gametype|singles
|gen|1
|tier|[Gen 1] Random Battle
|rated
|seed|65158,60699,14340,45194
|rule|Sleep Clause Mod: Limit one foe put to sleep
|rule|Freeze Clause Mod: Limit one foe frozen
|rule|HP Percentage Mod: HP is shown in percentages
|
|start
|switch|p1a: Blastoise|Blastoise, L85|308\/308
|switch|p2a: Cubone|Cubone, L96|291\/291
|turn|1
|choice|move 2|switch 2
|
|switch|p2a: Seel|Seel, L96|320\/320
|move|p1a: Blastoise|Hydro Pump|p2a: Seel
|-crit|p2a: Seel
|-resisted|p2a: Seel
|-damage|p2a: Seel|201\/320
|
|turn|2
|choice|move 4|move 4
|
|move|p1a: Blastoise|Mimic|p2a: Seel
|-start|p1a: Blastoise|Mimic|Blizzard
|move|p2a: Seel|Body Slam|p1a: Blastoise
|-crit|p1a: Blastoise
|-damage|p1a: Blastoise|221\/308
|
|turn|3
|choice|switch 4|move 1
|
|switch|p1a: Dragonair|Dragonair, L85|277\/277
|move|p2a: Seel|Blizzard|p1a: Dragonair|[miss]
|-miss|p2a: Seel
|
|turn|4
|choice|move 4|move 4
|
|move|p1a: Dragonair|Substitute|p1a: Dragonair
|-start|p1a: Dragonair|Substitute
|-damage|p1a: Dragonair|208\/277
|move|p2a: Seel|Body Slam|p1a: Dragonair
|-activate|p1a: Dragonair|Substitute|[damage]
|
|turn|5
|choice|move 1|move 3
|
|move|p1a: Dragonair|Thunder|p2a: Seel|[miss]
|-miss|p1a: Dragonair
|move|p2a: Seel|Surf|p1a: Dragonair
|-resisted|p1a: Dragonair
|-end|p1a: Dragonair|Substitute
|
|turn|6
|choice|move 1|switch 6
|
|switch|p2a: Nidorina|Nidorina, L90|309\/309
|move|p1a: Dragonair|Thunder|p2a: Nidorina
|-damage|p2a: Nidorina|226\/309
|
|turn|7
|choice|move 3|move 1
|
|move|p1a: Dragonair|Thunder Wave|p2a: Nidorina
|-status|p2a: Nidorina|par
|move|p2a: Nidorina|Blizzard|p1a: Dragonair
|-supereffective|p1a: Dragonair
|-damage|p1a: Dragonair|49\/277
|
|turn|8
|choice|move 2|move 4
|
|move|p1a: Dragonair|Ice Beam|p2a: Nidorina
|-damage|p2a: Nidorina|158\/309 par
|move|p2a: Nidorina|Thunderbolt|p1a: Dragonair
|-resisted|p1a: Dragonair
|-damage|p1a: Dragonair|18\/277
|
|turn|9
|choice|move 2|move 4
|
|move|p1a: Dragonair|Ice Beam|p2a: Nidorina
|-damage|p2a: Nidorina|91\/309 par
|move|p2a: Nidorina|Thunderbolt|p1a: Dragonair
|-resisted|p1a: Dragonair
|-damage|p1a: Dragonair|0 fnt
|faint|p1a: Dragonair
|choice|switch 5|
|
|switch|p1a: Ninetales|Ninetales, L85|298\/298
|turn|10
|choice|move 1|move 1
|
|move|p1a: Ninetales|Fire Blast|p2a: Nidorina
|-damage|p2a: Nidorina|0 fnt
|faint|p2a: Nidorina
|choice||switch 6
|
|switch|p2a: Seel|Seel, L96|201\/320
|turn|11
|choice|move 4|move 1
|
|move|p1a: Ninetales|Hyper Beam|p2a: Seel
|-crit|p2a: Seel
|-damage|p2a: Seel|3\/320
|move|p2a: Seel|Blizzard|p1a: Ninetales|[miss]
|-miss|p2a: Seel
|
|turn|12
|-mustrecharge|p1a: Ninetales
|-mustrecharge|p1a: Ninetales
|choice|move 1|move 1
|
|cant|p1a: Ninetales|recharge
|move|p2a: Seel|Blizzard|p1a: Ninetales
|-damage|p1a: Ninetales|217\/298
|-status|p1a: Ninetales|frz
|
|turn|13
|choice|move 1|move 4
|
|cant|p1a: Ninetales|frz
|move|p2a: Seel|Body Slam|p1a: Ninetales
|-damage|p1a: Ninetales|160\/298 frz
|
|turn|14
|choice|move 1|move 3
|
|cant|p1a: Ninetales|frz
|move|p2a: Seel|Surf|p1a: Ninetales
|-supereffective|p1a: Ninetales
|-damage|p1a: Ninetales|0 fnt
|faint|p1a: Ninetales
|choice|switch 2|
|
|switch|p1a: Seaking|Seaking, L90|327\/327
|turn|15
|choice|move 4|move 4
|
|move|p1a: Seaking|Blizzard|p2a: Seel
|-resisted|p2a: Seel
|-damage|p2a: Seel|0 fnt
|faint|p2a: Seel
|choice||switch 5
|
|switch|p2a: Hypno|Hypno, L85|318\/318
|turn|16
|choice|move 2|move 2
|
|move|p1a: Seaking|Hyper Beam|p2a: Hypno
|-damage|p2a: Hypno|192\/318
|move|p2a: Hypno|Thunder Wave|p1a: Seaking
|-status|p1a: Seaking|par
|
|turn|17
|-mustrecharge|p1a: Seaking
|-mustrecharge|p1a: Seaking
|choice|move 1|move 1
|
|move|p2a: Hypno|Psychic|p1a: Seaking
|-crit|p1a: Seaking
|-damage|p1a: Seaking|130\/327 par
|cant|p1a: Seaking|recharge
|
|turn|18
|choice|move 2|move 1
|
|move|p2a: Hypno|Psychic|p1a: Seaking
|-damage|p1a: Seaking|28\/327 par
|-unboost|p1a: Seaking|spd|1
|-unboost|p1a: Seaking|spa|1
|cant|p1a: Seaking|par
|
|turn|19
|choice|switch 6|move 1
|
|switch|p1a: Jolteon|Jolteon, L79|265\/265
|move|p2a: Hypno|Psychic|p1a: Jolteon
|-damage|p1a: Jolteon|171\/265
|
|turn|20
|choice|move 2|move 2
|
|move|p1a: Jolteon|Pin Missile|p2a: Hypno
|-supereffective|p2a: Hypno
|-damage|p2a: Hypno|175\/318
|-damage|p2a: Hypno|158\/318
|-damage|p2a: Hypno|141\/318
|-hitcount|p2a: Hypno|3
|move|p2a: Hypno|Thunder Wave|p1a: Jolteon
|-status|p1a: Jolteon|par
|
|turn|21
|choice|move 1|move 1
|
|move|p2a: Hypno|Psychic|p1a: Jolteon
|-damage|p1a: Jolteon|78\/265 par
|move|p1a: Jolteon|Thunderbolt|p2a: Hypno
|-crit|p2a: Hypno
|-damage|p2a: Hypno|0 fnt
|faint|p2a: Hypno
|choice||switch 2
|
|switch|p2a: Cubone|Cubone, L96|291\/291
|turn|22
|choice|switch 4|move 2
|
|switch|p1a: Blastoise|Blastoise, L85|221\/308
|move|p2a: Cubone|Body Slam|p1a: Blastoise
|-damage|p1a: Blastoise|174\/308
|
|turn|23
|choice|move 2|switch 4
|
|switch|p2a: Electrode|Electrode, L90|291\/291
|move|p1a: Blastoise|Hydro Pump|p2a: Electrode|[miss]
|-miss|p1a: Blastoise
|
|turn|24
|choice|switch 4|move 2
|
|switch|p1a: Jolteon|Jolteon, L79|78\/265 par
|move|p2a: Electrode|Thunder Wave|p1a: Jolteon
|-fail|p1a: Jolteon|par
|
|turn|25
|choice|switch 4|switch 4
|
|switch|p2a: Cubone|Cubone, L96|291\/291
|switch|p1a: Blastoise|Blastoise, L85|174\/308
|
|turn|26
|choice|move 3|switch 4
|
|switch|p2a: Electrode|Electrode, L90|291\/291
|move|p1a: Blastoise|Rest|p1a: Blastoise
|-status|p1a: Blastoise|slp
|-heal|p1a: Blastoise|308\/308 slp|[silent]
|-status|p1a: Blastoise|slp|[from] move: Rest
|
|turn|27
|choice|switch 4|move 4
|
|switch|p1a: Jolteon|Jolteon, L79|78\/265 par
|move|p2a: Electrode|Screech|p1a: Jolteon|[miss]
|-miss|p2a: Electrode
|
|turn|28
|choice|move 2|switch 4
|
|switch|p2a: Cubone|Cubone, L96|291\/291
|cant|p1a: Jolteon|par
|
|turn|29
|choice|move 2|move 4
|
|move|p2a: Cubone|Earthquake|p1a: Jolteon
|-supereffective|p1a: Jolteon
|-damage|p1a: Jolteon|0 fnt
|faint|p1a: Jolteon
|choice|switch 4|
|
|switch|p1a: Blastoise|Blastoise, L85|308\/308 slp
|turn|30
|choice|move 2|move 4
|
|cant|p1a: Blastoise|slp
|move|p2a: Cubone|Earthquake|p1a: Blastoise
|-damage|p1a: Blastoise|220\/308 slp
|
|turn|31
|choice|move 2|move 4
|
|-curestatus|p1a: Blastoise|slp
|move|p2a: Cubone|Earthquake|p1a: Blastoise
|-damage|p1a: Blastoise|132\/308
|
|turn|32
|choice|move 2|switch 3
|
|switch|p2a: Pidgeotto|Pidgeotto, L90|297\/297
|move|p1a: Blastoise|Hydro Pump|p2a: Pidgeotto
|-damage|p2a: Pidgeotto|143\/297
|
|turn|33
|choice|move 1|move 1
|
|move|p1a: Blastoise|Blizzard|p2a: Pidgeotto
|-supereffective|p2a: Pidgeotto
|-damage|p2a: Pidgeotto|0 fnt
|faint|p2a: Pidgeotto
|choice||switch 4
|
|switch|p2a: Electrode|Electrode, L90|291\/291
|turn|34
|choice|move 3|move 2
|
|move|p2a: Electrode|Thunder Wave|p1a: Blastoise
|-status|p1a: Blastoise|par
|cant|p1a: Blastoise|par
|
|turn|35
|choice|move 3|move 1
|
|move|p2a: Electrode|Explosion|p1a: Blastoise
|-crit|p1a: Blastoise
|-damage|p1a: Blastoise|0 fnt
|faint|p1a: Blastoise
|faint|p2a: Electrode
|choice|switch 6|switch 3
|
|switch|p2a: Cubone|Cubone, L96|291\/291
|switch|p1a: Seaking|Seaking, L90|28\/327 par
|turn|36
|choice|move 3|move 4
|
|move|p2a: Cubone|Earthquake|p1a: Seaking
|-damage|p1a: Seaking|0 fnt
|faint|p1a: Seaking
|choice|switch 3|
|
|switch|p1a: Wigglytuff|Wigglytuff, L90|435\/435
|turn|37
|choice|move 1|move 2
|
|move|p1a: Wigglytuff|Sing|p2a: Cubone
|-status|p2a: Cubone|slp
|cant|p2a: Cubone|slp
|
|turn|38
|choice|move 4|move 2
|
|move|p1a: Wigglytuff|Blizzard|p2a: Cubone
|-crit|p2a: Cubone
|-supereffective|p2a: Cubone
|-damage|p2a: Cubone|0 fnt
|faint|p2a: Cubone
|
|win|luisblaze
|player|p1
|player|p2
|raw|luisblaze's rating: 1000 &rarr; <strong>1057<\/strong><br \/>(+57 for winning)
|raw|icm's rating: 1154 &rarr; <strong>1119<\/strong><br \/>(-35 for losing)