|j|Ray Strong
|j|poopyface5000
|player|p1|Ray Strong|1
|player|p2|poopyface5000|196
|gametype|singles
|gen|1
|tier|[Gen 1] OU
|rated
|seed|49407,58738,63508,20407
|rule|Sleep Clause Mod: Limit one foe put to sleep
|rule|Freeze Clause Mod: Limit one foe frozen
|rule|Species Clause: Limit one of each Pokémon
|rule|OHKO Clause: OHKO moves are banned
|rule|Evasion Moves Clause: Evasion moves are banned
|rule|HP Percentage Mod: HP is shown in percentages
|
|start
|switch|p1a: Exeggutor|Exeggutor|393\/393
|switch|p2a: Alakazam|Alakazam|313\/313
|turn|1
|choice|move 1|switch 6
|
|switch|p2a: Zapdos|Zapdos|383\/383
|move|p1a: Exeggutor|Sleep Powder|p2a: Zapdos
|-status|p2a: Zapdos|slp
|
|turn|2
|choice|switch 4|switch 4
|
|switch|p2a: Jynx|Jynx|333\/333
|switch|p1a: Snorlax|Snorlax|523\/523
|
|turn|3
|choice|switch 4|move 1
|
|switch|p1a: Exeggutor|Exeggutor|393\/393
|move|p2a: Jynx|Lovely Kiss|p1a: Exeggutor
|-status|p1a: Exeggutor|slp
|
|turn|4
|choice|switch 3|move 3
|
|switch|p1a: Chansey|Chansey|703\/703
|move|p2a: Jynx|Ice Beam|p1a: Chansey
|-damage|p1a: Chansey|603\/703
|-status|p1a: Chansey|frz
|
|turn|5
|choice|switch 2|switch 6
|
|switch|p2a: Alakazam|Alakazam|313\/313
|switch|p1a: Alakazam|Alakazam|313\/313
|
|turn|6
|choice|move 2|move 3
|
|move|p2a: Alakazam|Thunder Wave|p1a: Alakazam
|-status|p1a: Alakazam|par
|cant|p1a: Alakazam|par
|
|turn|7
|choice|move 2|move 1
|
|move|p2a: Alakazam|Psychic|p1a: Alakazam
|-resisted|p1a: Alakazam
|-damage|p1a: Alakazam|257\/313 par
|cant|p1a: Alakazam|par
|
|turn|8
|choice|move 2|switch 5
|
|switch|p2a: Persian|Persian|333\/333
|move|p1a: Alakazam|Thunder Wave|p2a: Persian
|-status|p2a: Persian|par
|
|turn|9
|choice|switch 4|move 1
|
|switch|p1a: Snorlax|Snorlax|523\/523
|move|p2a: Persian|Slash|p1a: Snorlax
|-crit|p1a: Snorlax
|-damage|p1a: Snorlax|355\/523
|
|turn|10
|choice|move 1|switch 5
|
|switch|p2a: Alakazam|Alakazam|313\/313
|move|p1a: Snorlax|Body Slam|p2a: Alakazam
|-damage|p2a: Alakazam|142\/313
|-status|p2a: Alakazam|par
|
|turn|11
|choice|move 1|move 3
|
|move|p1a: Snorlax|Body Slam|p2a: Alakazam
|-damage|p2a: Alakazam|0 fnt
|faint|p2a: Alakazam
|choice||switch 2
|
|switch|p2a: Chansey|Chansey|703\/703
|turn|12
|choice|move 1|move 3
|
|move|p2a: Chansey|Thunder Wave|p1a: Snorlax
|-status|p1a: Snorlax|par
|move|p1a: Snorlax|Body Slam|p2a: Chansey
|-damage|p2a: Chansey|435\/703
|
|turn|13
|choice|move 1|move 2
|
|move|p2a: Chansey|Soft-Boiled|p2a: Chansey
|-heal|p2a: Chansey|703\/703
|move|p1a: Snorlax|Body Slam|p2a: Chansey
|-damage|p2a: Chansey|405\/703
|
|turn|14
|choice|move 4|move 4
|
|move|p2a: Chansey|Fire Blast|p1a: Snorlax
|-crit|p1a: Snorlax
|-damage|p1a: Snorlax|106\/523 par
|move|p1a: Snorlax|Self-Destruct|p2a: Chansey
|-damage|p2a: Chansey|0 fnt
|faint|p2a: Chansey
|faint|p1a: Snorlax
|choice|switch 4|switch 5
|
|switch|p1a: Alakazam|Alakazam|257\/313 par
|switch|p2a: Persian|Persian|333\/333 par
|turn|15
|choice|switch 2|move 1
|
|switch|p1a: Chansey|Chansey|603\/703 frz
|cant|p2a: Persian|par
|
|turn|16
|choice|move 1|switch 3
|
|switch|p2a: Rhydon|Rhydon|413\/413
|cant|p1a: Chansey|frz
|
|turn|17
|choice|switch 3|move 1
|
|switch|p1a: Exeggutor|Exeggutor|393\/393 slp
|move|p2a: Rhydon|Earthquake|p1a: Exeggutor
|-resisted|p1a: Exeggutor
|-damage|p1a: Exeggutor|314\/393 slp
|
|turn|18
|choice|move 2|move 4
|
|cant|p1a: Exeggutor|slp
|move|p2a: Rhydon|Fire Blast|p1a: Exeggutor
|-supereffective|p1a: Exeggutor
|-damage|p1a: Exeggutor|205\/393 slp
|
|turn|19
|choice|move 2|move 3
|
|-curestatus|p1a: Exeggutor|slp
|move|p2a: Rhydon|Body Slam|p1a: Exeggutor
|-damage|p1a: Exeggutor|119\/393
|
|turn|20
|choice|move 3|switch 6
|
|switch|p2a: Jynx|Jynx|333\/333
|move|p1a: Exeggutor|Psychic|p2a: Jynx
|-resisted|p2a: Jynx
|-damage|p2a: Jynx|268\/333
|
|turn|21
|choice|switch 2|move 3
|
|switch|p1a: Alakazam|Alakazam|257\/313 par
|move|p2a: Jynx|Ice Beam|p1a: Alakazam
|-damage|p1a: Alakazam|161\/313 par
|
|turn|22
|choice|move 2|move 4
|
|move|p2a: Jynx|Hyper Beam|p1a: Alakazam
|-crit|p1a: Alakazam
|-damage|p1a: Alakazam|0 fnt
|faint|p1a: Alakazam
|choice|switch 5|
|
|switch|p1a: Tauros|Tauros|353\/353
|turn|23
|choice|move 1|move 1
|
|move|p1a: Tauros|Body Slam|p2a: Jynx
|-damage|p2a: Jynx|93\/333
|move|p2a: Jynx|Lovely Kiss|p1a: Tauros
|-status|p1a: Tauros|slp
|
|turn|24
|choice|move 1|move 3
|
|cant|p1a: Tauros|slp
|move|p2a: Jynx|Ice Beam|p1a: Tauros
|-damage|p1a: Tauros|225\/353 slp
|
|turn|25
|choice|move 1|move 2
|
|cant|p1a: Tauros|slp
|move|p2a: Jynx|Psychic|p1a: Tauros
|-damage|p1a: Tauros|94\/353 slp
|
|turn|26
|choice|switch 3|move 3
|
|switch|p1a: Chansey|Chansey|603\/703 frz
|move|p2a: Jynx|Ice Beam|p1a: Chansey
|-damage|p1a: Chansey|504\/703 frz
|
|turn|27
|choice|move 1|move 2
|
|move|p2a: Jynx|Psychic|p1a: Chansey
|-damage|p1a: Chansey|398\/703 frz
|cant|p1a: Chansey|frz
|
|turn|28
|choice|move 1|move 2
|
|move|p2a: Jynx|Psychic|p1a: Chansey
|-damage|p1a: Chansey|304\/703 frz
|cant|p1a: Chansey|frz
|
|turn|29
|choice|move 1|move 2
|
|move|p2a: Jynx|Psychic|p1a: Chansey
|-damage|p1a: Chansey|210\/703 frz
|-unboost|p1a: Chansey|spd|1
|-unboost|p1a: Chansey|spa|1
|cant|p1a: Chansey|frz
|
|turn|30
|choice|move 1|move 2
|
|move|p2a: Jynx|Psychic|p1a: Chansey
|-damage|p1a: Chansey|47\/703 frz
|-unboost|p1a: Chansey|spd|1
|-unboost|p1a: Chansey|spa|1
|cant|p1a: Chansey|frz
|
|turn|31
|choice|move 1|move 2
|
|move|p2a: Jynx|Psychic|p1a: Chansey
|-damage|p1a: Chansey|0 fnt
|faint|p1a: Chansey
|choice|switch 6|
|
|switch|p1a: Starmie|Starmie|323\/323
|turn|32
|choice|move 2|switch 3
|
|switch|p2a: Persian|Persian|333\/333 par
|move|p1a: Starmie|Thunderbolt|p2a: Persian
|-damage|p2a: Persian|244\/333 par
|
|turn|33
|choice|move 3|move 3
|
|move|p1a: Starmie|Psychic|p2a: Persian
|-crit|p2a: Persian
|-damage|p2a: Persian|0 fnt
|faint|p2a: Persian
|choice||switch 6
|
|switch|p2a: Rhydon|Rhydon|413\/413
|turn|34
|choice|move 1|move 3
|
|move|p1a: Starmie|Blizzard|p2a: Rhydon
|-supereffective|p2a: Rhydon
|-damage|p2a: Rhydon|99\/413
|move|p2a: Rhydon|Body Slam|p1a: Starmie
|-damage|p1a: Starmie|234\/323
|
|turn|35
|choice|move 3|move 3
|
|move|p1a: Starmie|Psychic|p2a: Rhydon
|-crit|p2a: Rhydon
|-damage|p2a: Rhydon|0 fnt
|faint|p2a: Rhydon
|choice||switch 4
|
|switch|p2a: Zapdos|Zapdos|383\/383 slp
|turn|36
|choice|move 1|move 4
|
|move|p1a: Starmie|Blizzard|p2a: Zapdos
|-crit|p2a: Zapdos
|-supereffective|p2a: Zapdos
|-damage|p2a: Zapdos|76\/383 slp
|cant|p2a: Zapdos|slp
|
|turn|37
|choice|move 1|move 4
|
|move|p1a: Starmie|Blizzard|p2a: Zapdos
|-supereffective|p2a: Zapdos
|-damage|p2a: Zapdos|0 fnt
|faint|p2a: Zapdos
|choice||switch 3
|
|switch|p2a: Jynx|Jynx|93\/333
|turn|38
|choice|move 2|move 3
|
|move|p1a: Starmie|Thunderbolt|p2a: Jynx
|-damage|p2a: Jynx|19\/333
|move|p2a: Jynx|Ice Beam|p1a: Starmie
|-crit|p1a: Starmie
|-resisted|p1a: Starmie
|-damage|p1a: Starmie|127\/323
|
|turn|39
|choice|move 2|move 3
|
|move|p1a: Starmie|Thunderbolt|p2a: Jynx
|-damage|p2a: Jynx|0 fnt
|faint|p2a: Jynx
|
|win|Ray Strong
|player|p1
|player|p2
|raw|Ray Strong's rating: 1137 &rarr; <strong>1159<\/strong><br \/>(+22 for winning)
|raw|poopyface5000's rating: 1096 &rarr; <strong>1074<\/strong><br \/>(-22 for losing)
|c|★poopyface5000|gg
|c|★Ray Strong|gg
|l|poopyface5000