|j|Dervodel
|j|Subject Platinum
|player|p1|Dervodel|238
|player|p2|Subject Platinum|70
|gametype|singles
|gen|1
|tier|[Gen 1] Random Battle
|rated
|seed|43675,62362,63259,53918
|rule|Sleep Clause Mod: Limit one foe put to sleep
|rule|Freeze Clause Mod: Limit one foe frozen
|rule|HP Percentage Mod: HP is shown in percentages
|
|start
|switch|p1a: Nidoqueen|Nidoqueen, L85|327\/327
|switch|p2a: Magikarp|Magikarp, L99|240\/240
|turn|1
|c|★Subject Platinum|lol
|choice|move 3|move 1
|
|move|p2a: Magikarp|Dragon Rage|p1a: Nidoqueen
|-damage|p1a: Nidoqueen|287\/327
|move|p1a: Nidoqueen|Thunder|p2a: Magikarp
|-supereffective|p2a: Magikarp
|-damage|p2a: Magikarp|0 fnt
|faint|p2a: Magikarp
|c|★Subject Platinum|its okay
|choice||switch 6
|
|switch|p2a: Gengar|Gengar, L79|257\/257
|turn|2
|choice|move 1|move 1
|
|move|p2a: Gengar|Hypnosis|p1a: Nidoqueen
|-status|p1a: Nidoqueen|slp
|cant|p1a: Nidoqueen|slp
|
|turn|3
|choice|switch 2|move 4
|
|switch|p1a: Starmie|Starmie, L79|257\/257
|move|p2a: Gengar|Psychic|p1a: Starmie
|-crit|p1a: Starmie
|-resisted|p1a: Starmie
|-damage|p1a: Starmie|189\/257
|
|turn|4
|choice|move 3|switch 3
|
|switch|p2a: Chansey|Chansey, L79|557\/557
|move|p1a: Starmie|Thunder Wave|p2a: Chansey
|-status|p2a: Chansey|par
|
|turn|5
|choice|switch 4|move 2
|
|switch|p1a: Lickitung|Lickitung, L90|345\/345
|cant|p2a: Chansey|par
|
|turn|6
|choice|move 3|switch 3
|
|switch|p2a: Gengar|Gengar, L79|257\/257
|move|p1a: Lickitung|Swords Dance|p1a: Lickitung
|-boost|p1a: Lickitung|atk|2
|
|turn|7
|choice|move 4|move 4
|
|move|p2a: Gengar|Psychic|p1a: Lickitung
|-damage|p1a: Lickitung|271\/345
|-unboost|p1a: Lickitung|spd|1
|-unboost|p1a: Lickitung|spa|1
|move|p1a: Lickitung|Earthquake|p2a: Gengar
|-supereffective|p2a: Gengar
|-damage|p2a: Gengar|0 fnt
|faint|p2a: Gengar
|choice||switch 2
|
|switch|p2a: Mew|Mew, L74|300\/300
|turn|8
|choice|move 1|move 3
|
|move|p2a: Mew|Horn Drill|p1a: Lickitung
|-damage|p1a: Lickitung|0 fnt
|-ohko
|faint|p1a: Lickitung
|c|★Dervodel|ahfuck off
|choice|switch 6|
|
|switch|p1a: Persian|Persian, L79|265\/265
|turn|9
|choice|move 1|move 1
|
|move|p1a: Persian|Slash|p2a: Mew
|-crit|p2a: Mew
|-damage|p2a: Mew|188\/300
|move|p2a: Mew|Thunder Wave|p1a: Persian
|-status|p1a: Persian|par
|
|turn|10
|choice|move 1|move 3
|
|move|p2a: Mew|Horn Drill|p1a: Persian|[miss]
|-miss|p2a: Mew
|cant|p1a: Persian|par
|
|turn|11
|choice|move 3|move 3
|
|move|p2a: Mew|Horn Drill|p1a: Persian|[miss]
|-miss|p2a: Mew
|move|p1a: Persian|Hyper Beam|p2a: Mew
|-crit|p2a: Mew
|-damage|p2a: Mew|0 fnt
|faint|p2a: Mew
|choice||switch 5
|
|switch|p2a: Jolteon|Jolteon, L79|265\/265
|turn|12
|choice|switch 5|move 1
|
|switch|p1a: Golem|Golem, L79|288\/288
|move|p2a: Jolteon|Thunderbolt|p1a: Golem
|-immune|p1a: Golem|[msg]
|
|turn|13
|choice|move 4|switch 4
|
|switch|p2a: Dragonite|Dragonite, L85|328\/328
|move|p1a: Golem|Earthquake|p2a: Dragonite
|-immune|p2a: Dragonite|[msg]
|
|turn|14
|choice|switch 3|move 2
|
|switch|p1a: Tentacruel|Tentacruel, L85|310\/310
|move|p2a: Dragonite|Blizzard|p1a: Tentacruel
|-resisted|p1a: Tentacruel
|-damage|p1a: Tentacruel|273\/310
|
|turn|15
|choice|move 1|switch 3
|
|switch|p2a: Chansey|Chansey, L79|557\/557 par
|move|p1a: Tentacruel|Blizzard|p2a: Chansey
|-damage|p2a: Chansey|459\/557 par
|
|turn|16
|choice|move 4|move 2
|
|move|p1a: Tentacruel|Swords Dance|p1a: Tentacruel
|-boost|p1a: Tentacruel|atk|2
|move|p2a: Chansey|Thunderbolt|p1a: Tentacruel
|-supereffective|p1a: Tentacruel
|-damage|p1a: Tentacruel|180\/310
|
|turn|17
|choice|move 4|move 3
|
|move|p1a: Tentacruel|Swords Dance|p1a: Tentacruel
|-boost|p1a: Tentacruel|atk|2
|move|p2a: Chansey|Reflect|p2a: Chansey
|-start|p2a: Chansey|Reflect
|
|turn|18
|choice|move 4|move 2
|
|move|p1a: Tentacruel|Swords Dance|p1a: Tentacruel
|-boost|p1a: Tentacruel|atk|2
|move|p2a: Chansey|Thunderbolt|p1a: Tentacruel
|-supereffective|p1a: Tentacruel
|-damage|p1a: Tentacruel|74\/310
|
|turn|19
|choice|move 3|move 2
|
|move|p1a: Tentacruel|Hyper Beam|p2a: Chansey
|-crit|p2a: Chansey
|-damage|p2a: Chansey|0 fnt
|faint|p2a: Chansey
|choice||switch 3
|
|switch|p2a: Dragonite|Dragonite, L85|328\/328
|turn|20
|choice|move 1|move 4
|
|move|p1a: Tentacruel|Blizzard|p2a: Dragonite|[miss]
|-miss|p1a: Tentacruel
|move|p2a: Dragonite|Thunder|p1a: Tentacruel
|-supereffective|p1a: Tentacruel
|-damage|p1a: Tentacruel|0 fnt
|faint|p1a: Tentacruel
|choice|switch 4|
|
|switch|p1a: Starmie|Starmie, L79|189\/257
|turn|21
|choice|move 4|move 1
|
|move|p1a: Starmie|Thunderbolt|p2a: Dragonite
|-damage|p2a: Dragonite|270\/328
|move|p2a: Dragonite|Thunder Wave|p1a: Starmie
|-status|p1a: Starmie|par
|
|turn|22
|choice|move 3|move 3
|
|move|p2a: Dragonite|Hyper Beam|p1a: Starmie
|-damage|p1a: Starmie|38\/257 par
|move|p1a: Starmie|Thunder Wave|p2a: Dragonite
|-status|p2a: Dragonite|par
|
|turn|23
|-mustrecharge|p2a: Dragonite
|-mustrecharge|p2a: Dragonite
|choice|move 1|move 1
|
|move|p1a: Starmie|Recover|p1a: Starmie
|-heal|p1a: Starmie|166\/257 par
|cant|p2a: Dragonite|recharge
|
|turn|24
|choice|move 1|move 4
|
|move|p1a: Starmie|Recover|p1a: Starmie
|-heal|p1a: Starmie|257\/257 par
|move|p2a: Dragonite|Thunder|p1a: Starmie
|-crit|p1a: Starmie
|-supereffective|p1a: Starmie
|-damage|p1a: Starmie|0 fnt
|faint|p1a: Starmie
|choice|switch 5|
|
|switch|p1a: Persian|Persian, L79|265\/265 par
|turn|25
|choice|move 1|switch 4
|
|switch|p2a: Jolteon|Jolteon, L79|265\/265
|move|p1a: Persian|Slash|p2a: Jolteon
|-crit|p2a: Jolteon
|-damage|p2a: Jolteon|135\/265
|
|turn|26
|choice|move 3|move 4
|
|move|p2a: Jolteon|Sand Attack|p1a: Persian
|-unboost|p1a: Persian|accuracy|1
|move|p1a: Persian|Hyper Beam|p2a: Jolteon
|-damage|p2a: Jolteon|0 fnt
|faint|p2a: Jolteon
|choice||switch 4
|
|switch|p2a: Dragonite|Dragonite, L85|270\/328 par
|turn|27
|choice|move 1|move 2
|
|move|p2a: Dragonite|Blizzard|p1a: Persian
|-damage|p1a: Persian|143\/265 par
|move|p1a: Persian|Slash|p2a: Dragonite
|-crit|p2a: Dragonite
|-damage|p2a: Dragonite|166\/328 par
|
|turn|28
|choice|move 1|move 2
|
|move|p2a: Dragonite|Blizzard|p1a: Persian
|-damage|p1a: Persian|22\/265 par
|move|p1a: Persian|Slash|p2a: Dragonite
|-crit|p2a: Dragonite
|-damage|p2a: Dragonite|60\/328 par
|
|turn|29
|choice|move 1|move 2
|
|cant|p2a: Dragonite|par
|move|p1a: Persian|Slash|p2a: Dragonite
|-crit|p2a: Dragonite
|-damage|p2a: Dragonite|0 fnt
|faint|p2a: Dragonite
|
|win|Dervodel
|raw|Dervodel's rating: 1257 &rarr; <strong>1280<\/strong><br \/>(+23 for winning)
|raw|Subject Platinum's rating: 1236 &rarr; <strong>1213<\/strong><br \/>(-23 for losing)
|l|Subject Platinum
|player|p2