|join|DaTechnoD00d
|join|TrebleKlefki
|player|p1|DaTechnoD00d|163
|player|p2|TrebleKlefki|149
|gametype|singles
|gen|1
|tier|[Gen 1] Random Battle
|rated
|rule|Sleep Clause Mod: Limit one foe put to sleep
|rule|Freeze Clause Mod: Limit one foe frozen
|rule|HP Percentage Mod: HP is shown in percentages
|
|start
|switch|p1a: Kabutops|Kabutops, L85|276\/276
|switch|p2a: Vaporeon|Vaporeon, L85|395\/395
|turn|1
|
|move|p1a: Kabutops|Swords Dance|p1a: Kabutops
|-boost|p1a: Kabutops|atk|2
|move|p2a: Vaporeon|Hydro Pump|p1a: Kabutops
|-damage|p1a: Kabutops|121\/276
|
|turn|2
|
|move|p1a: Kabutops|Hyper Beam|p2a: Vaporeon
|-damage|p2a: Vaporeon|71\/395
|move|p2a: Vaporeon|Hydro Pump|p1a: Kabutops|[miss]
|-miss|p2a: Vaporeon
|
|turn|3
|-mustrecharge|p1a: Kabutops
|-mustrecharge|p1a: Kabutops
|
|cant|p1a: Kabutops|recharge
|move|p2a: Vaporeon|Hydro Pump|p1a: Kabutops
|-damage|p1a: Kabutops|0 fnt
|faint|p1a: Kabutops
|
|switch|p1a: Jolteon|Jolteon, L79|265\/265
|turn|4
|
|switch|p2a: Exeggutor|Exeggutor, L79|312\/312
|move|p1a: Jolteon|Thunderbolt|p2a: Exeggutor
|-crit|p2a: Exeggutor
|-resisted|p2a: Exeggutor
|-damage|p2a: Exeggutor|229\/312
|-status|p2a: Exeggutor|par
|
|turn|5
|
|switch|p1a: Tangela|Tangela, L85|284\/284
|move|p2a: Exeggutor|Sleep Powder|p1a: Tangela|[miss]
|-miss|p2a: Exeggutor
|
|turn|6
|
|switch|p2a: Articuno|Articuno, L79|304\/304
|move|p1a: Tangela|Hyper Beam|p2a: Articuno
|-damage|p2a: Articuno|224\/304
|
|turn|7
|-mustrecharge|p1a: Tangela
|-mustrecharge|p1a: Tangela
|
|move|p2a: Articuno|Blizzard|p1a: Tangela
|-supereffective|p1a: Tangela
|-damage|p1a: Tangela|48\/284
|-status|p1a: Tangela|frz
|cant|p1a: Tangela|recharge
|
|turn|8
|
|move|p2a: Articuno|Blizzard|p1a: Tangela
|-supereffective|p1a: Tangela
|-damage|p1a: Tangela|0 fnt
|faint|p1a: Tangela
|
|switch|p1a: Ninetales|Ninetales, L85|298\/298
|turn|9
|
|switch|p2a: Raichu|Raichu, L85|276\/276
|move|p1a: Ninetales|Fire Blast|p2a: Raichu
|-crit|p2a: Raichu
|-damage|p2a: Raichu|13\/276
|
|turn|10
|
|move|p1a: Ninetales|Double-Edge|p2a: Raichu
|-crit|p2a: Raichu
|-damage|p2a: Raichu|0 fnt
|-damage|p1a: Ninetales|295\/298|[from] recoil|[of] p2a: Raichu
|faint|p2a: Raichu
|
|switch|p2a: Machoke|Machoke, L85|310\/310
|turn|11
|
|move|p1a: Ninetales|Reflect|p1a: Ninetales
|-start|p1a: Ninetales|Reflect
|move|p2a: Machoke|Body Slam|p1a: Ninetales
|-damage|p1a: Ninetales|260\/298
|
|turn|12
|
|move|p1a: Ninetales|Fire Blast|p2a: Machoke
|-damage|p2a: Machoke|139\/310
|-status|p2a: Machoke|brn
|move|p2a: Machoke|Body Slam|p1a: Ninetales
|-damage|p1a: Ninetales|242\/298
|-damage|p2a: Machoke|120\/310 brn|[from] brn|[of] p1a: Ninetales
|
|turn|13
|
|move|p1a: Ninetales|Fire Blast|p2a: Machoke|[miss]
|-miss|p1a: Ninetales
|move|p2a: Machoke|Mega Kick|p1a: Ninetales
|-damage|p1a: Ninetales|217\/298
|-damage|p2a: Machoke|101\/310 brn|[from] brn|[of] p1a: Ninetales
|
|turn|14
|c|★DaTechnoD00d|stahp
|c|★DaTechnoD00d|it tickles
|
|move|p1a: Ninetales|Fire Blast|p2a: Machoke
|-damage|p2a: Machoke|0 fnt
|faint|p2a: Machoke
|
|switch|p2a: Venusaur|Venusaur, L85|310\/310
|turn|15
|
|move|p1a: Ninetales|Fire Blast|p2a: Venusaur
|-crit|p2a: Venusaur
|-supereffective|p2a: Venusaur
|-damage|p2a: Venusaur|0 fnt
|faint|p2a: Venusaur
|c|★DaTechnoD00d|phew
|
|switch|p2a: Vaporeon|Vaporeon, L85|71\/395
|turn|16
|
|move|p1a: Ninetales|Fire Blast|p2a: Vaporeon
|-resisted|p2a: Vaporeon
|-damage|p2a: Vaporeon|16\/395
|move|p2a: Vaporeon|Hydro Pump|p1a: Ninetales
|-supereffective|p1a: Ninetales
|-damage|p1a: Ninetales|0 fnt
|faint|p1a: Ninetales
|c|★TrebleKlefki|hmm
|
|switch|p1a: Jolteon|Jolteon, L79|265\/265
|turn|17
|
|switch|p2a: Exeggutor|Exeggutor, L79|229\/312 par
|move|p1a: Jolteon|Body Slam|p2a: Exeggutor
|-damage|p2a: Exeggutor|181\/312 par
|
|turn|18
|
|switch|p1a: Butterfree|Butterfree, L90|291\/291
|move|p2a: Exeggutor|Sleep Powder|p1a: Butterfree
|-status|p1a: Butterfree|slp
|
|turn|19
|
|switch|p1a: Jolteon|Jolteon, L79|265\/265
|move|p2a: Exeggutor|Psychic|p1a: Jolteon
|-damage|p1a: Jolteon|167\/265
|-unboost|p1a: Jolteon|spd|1
|-unboost|p1a: Jolteon|spa|1
|
|turn|20
|
|move|p1a: Jolteon|Sand Attack|p2a: Exeggutor
|-unboost|p2a: Exeggutor|accuracy|1
|move|p2a: Exeggutor|Psychic|p1a: Jolteon
|-damage|p1a: Jolteon|27\/265
|
|turn|21
|
|move|p1a: Jolteon|Sand Attack|p2a: Exeggutor
|-unboost|p2a: Exeggutor|accuracy|1
|move|p2a: Exeggutor|Psychic|p1a: Jolteon|[miss]
|-miss|p2a: Exeggutor
|
|turn|22
|
|move|p1a: Jolteon|Sand Attack|p2a: Exeggutor
|-unboost|p2a: Exeggutor|accuracy|1
|move|p2a: Exeggutor|Psychic|p1a: Jolteon
|-damage|p1a: Jolteon|0 fnt
|faint|p1a: Jolteon
|
|switch|p1a: Mew|Mew, L74|300\/300
|turn|23
|
|move|p1a: Mew|Horn Drill|p2a: Exeggutor
|-damage|p2a: Exeggutor|0 fnt
|-ohko
|faint|p2a: Exeggutor
|
|switch|p2a: Articuno|Articuno, L79|224\/304
|turn|24
|c|★DaTechnoD00d|YEEEEEEESSSSSSSSS
|
|move|p1a: Mew|Thunder Wave|p2a: Articuno
|-status|p2a: Articuno|par
|move|p2a: Articuno|Blizzard|p1a: Mew
|-damage|p1a: Mew|166\/300
|
|turn|25
|
|move|p1a: Mew|Horn Drill|p2a: Articuno
|-damage|p2a: Articuno|0 fnt
|-ohko
|faint|p2a: Articuno
|c|★TrebleKlefki|oh come on
|
|switch|p2a: Vaporeon|Vaporeon, L85|16\/395
|turn|26
|c|★DaTechnoD00d|HOOOOOLLLLYYYYYYY SHHHIIIIIIIIIITTTTTTSSSSSSS
|c|★DaTechnoD00d|YYEEEEEESSSSSS HAAAAAXXXX
|c|★DaTechnoD00d|LEEEEEEEERRRRRRRRROOOOOOOOOOOOYYYYYYYY
|c|★DaTechnoD00d|JEEEEEEEEEEENNNNNNNNNNKIIIIIIIINNNNNNNNNNNSSSSSSS
|
|move|p1a: Mew|Earthquake|p2a: Vaporeon
|-damage|p2a: Vaporeon|0 fnt
|faint|p2a: Vaporeon
|
|win|DaTechnoD00d
|raw|DaTechnoD00d's rating: 1326 &rarr; <strong>1336<\/strong><br \/>(+10 for winning)
|raw|TrebleKlefki's rating: 1140 &rarr; <strong>1127<\/strong><br \/>(-13 for losing)
|c|★TrebleKlefki|lol not gg
|leave|TrebleKlefki
|player|p2
|join|Zigzagspoon
|join|bunkbeds
|join|altaria to pieces
|c|★DaTechnoD00d|sorry
|c|★DaTechnoD00d|let me post link
|leave|bunkbeds
|c|★DaTechnoD00d|http:\/\/replay.pokemonshowdown.com\/gen1randombattle-278114551
|join|foootballman
|leave|Zigzagspoon
|c|★DaTechnoD00d|http:\/\/replay.pokemonshowdown.com\/gen1randombattle-278114551
|leave|foootballman
|leave|DaTechnoD00d
|player|p1