|join|Jesserowbotham
|join|yaldyyyy
|player|p1|Jesserowbotham|39
|player|p2|yaldyyyy|266
|gametype|singles
|gen|1
|tier|[Gen 1] Random Battle
|rated
|rule|Sleep Clause Mod: Limit one foe put to sleep
|rule|Freeze Clause Mod: Limit one foe frozen
|rule|HP Percentage Mod: HP is shown in percentages
|
|start
|switch|p1a: Aerodactyl|Aerodactyl, L90|327\/327
|switch|p2a: Pikachu|Pikachu, L96|262\/262
|turn|1
|
|move|p1a: Aerodactyl|Double-Edge|p2a: Pikachu
|-damage|p2a: Pikachu|120\/262
|-damage|p1a: Aerodactyl|292\/327|[from] recoil|[of] p2a: Pikachu
|move|p2a: Pikachu|Thunder|p1a: Aerodactyl
|-supereffective|p1a: Aerodactyl
|-damage|p1a: Aerodactyl|20\/327
|
|turn|2
|
|switch|p2a: Sandslash|Sandslash, L85|301\/301
|move|p1a: Aerodactyl|Hyper Beam|p2a: Sandslash|[miss]
|-miss|p1a: Aerodactyl
|
|turn|3
|
|switch|p1a: Vaporeon|Vaporeon, L85|395\/395
|move|p2a: Sandslash|Rock Slide|p1a: Vaporeon|[miss]
|-miss|p2a: Sandslash
|
|turn|4
|
|switch|p2a: Electrode|Electrode, L90|291\/291
|move|p1a: Vaporeon|Surf|p2a: Electrode
|-damage|p2a: Electrode|173\/291
|
|turn|5
|
|switch|p1a: Chansey|Chansey, L79|557\/557
|move|p2a: Electrode|Thunder Wave|p1a: Chansey
|-status|p1a: Chansey|par
|
|turn|6
|
|switch|p2a: Cloyster|Cloyster, L83|253\/253
|move|p1a: Chansey|Ice Beam|p2a: Cloyster
|-resisted|p2a: Cloyster
|-damage|p2a: Cloyster|237\/253
|
|turn|7
|
|move|p2a: Cloyster|Surf|p1a: Chansey
|-damage|p1a: Chansey|476\/557 par
|move|p1a: Chansey|Thunderbolt|p2a: Cloyster
|-supereffective|p2a: Cloyster
|-damage|p2a: Cloyster|113\/253
|
|turn|8
|
|switch|p2a: Electrode|Electrode, L90|173\/291
|move|p1a: Chansey|Thunderbolt|p2a: Electrode
|-resisted|p2a: Electrode
|-damage|p2a: Electrode|142\/291
|
|turn|9
|
|move|p2a: Electrode|Explosion|p1a: Chansey
|-damage|p1a: Chansey|0 fnt
|faint|p1a: Chansey
|faint|p2a: Electrode
|
|switch|p1a: Aerodactyl|Aerodactyl, L90|20\/327
|switch|p2a: Pikachu|Pikachu, L96|120\/262
|turn|10
|
|switch|p2a: Sandslash|Sandslash, L85|301\/301
|move|p1a: Aerodactyl|Hyper Beam|p2a: Sandslash
|-damage|p2a: Sandslash|186\/301
|
|turn|11
|-mustrecharge|p1a: Aerodactyl
|-mustrecharge|p1a: Aerodactyl
|
|cant|p1a: Aerodactyl|recharge
|move|p2a: Sandslash|Rock Slide|p1a: Aerodactyl
|-supereffective|p1a: Aerodactyl
|-damage|p1a: Aerodactyl|0 fnt
|faint|p1a: Aerodactyl
|
|switch|p1a: Vaporeon|Vaporeon, L85|395\/395
|turn|12
|
|switch|p2a: Cloyster|Cloyster, L83|113\/253
|move|p1a: Vaporeon|Surf|p2a: Cloyster
|-resisted|p2a: Cloyster
|-damage|p2a: Cloyster|55\/253
|
|turn|13
|
|move|p2a: Cloyster|Toxic|p1a: Vaporeon|[miss]
|-miss|p2a: Cloyster
|move|p1a: Vaporeon|Surf|p2a: Cloyster
|-resisted|p2a: Cloyster
|-damage|p2a: Cloyster|2\/253
|
|turn|14
|
|move|p2a: Cloyster|Explosion|p1a: Vaporeon
|-damage|p1a: Vaporeon|97\/395
|faint|p2a: Cloyster
|
|switch|p2a: Pikachu|Pikachu, L96|120\/262
|turn|15
|
|switch|p1a: Metapod|Metapod, L99|300\/300
|move|p2a: Pikachu|Thunder|p1a: Metapod|[miss]
|-miss|p2a: Pikachu
|
|turn|16
|
|switch|p2a: Sandslash|Sandslash, L85|186\/301
|move|p1a: Metapod|String Shot|p2a: Sandslash
|-unboost|p2a: Sandslash|spe|1
|
|turn|17
|
|switch|p1a: Vaporeon|Vaporeon, L85|97\/395
|move|p2a: Sandslash|Rock Slide|p1a: Vaporeon
|-damage|p1a: Vaporeon|24\/395
|
|turn|18
|
|switch|p2a: Pikachu|Pikachu, L96|120\/262
|move|p1a: Vaporeon|Surf|p2a: Pikachu
|-damage|p2a: Pikachu|0 fnt
|faint|p2a: Pikachu
|
|switch|p2a: Abra|Abra, L96|243\/243
|turn|19
|
|switch|p1a: Metapod|Metapod, L99|300\/300
|move|p2a: Abra|Psychic|p1a: Metapod
|-crit|p1a: Metapod
|-damage|p1a: Metapod|0 fnt
|faint|p1a: Metapod
|
|switch|p1a: Venonat|Venonat, L96|310\/310
|turn|20
|
|move|p2a: Abra|Psychic|p1a: Venonat
|-supereffective|p1a: Venonat
|-damage|p1a: Venonat|0 fnt
|faint|p1a: Venonat
|
|switch|p1a: Jynx|Jynx, L79|265\/265
|turn|21
|
|switch|p2a: Weepinbell|Weepinbell, L85|284\/284
|move|p1a: Jynx|Lovely Kiss|p2a: Weepinbell|[miss]
|-miss|p1a: Jynx
|
|turn|22
|
|move|p1a: Jynx|Blizzard|p2a: Weepinbell
|-supereffective|p2a: Weepinbell
|-damage|p2a: Weepinbell|43\/284
|move|p2a: Weepinbell|Sleep Powder|p1a: Jynx
|-status|p1a: Jynx|slp
|
|turn|23
|
|switch|p2a: Sandslash|Sandslash, L85|186\/301
|cant|p1a: Jynx|slp
|
|turn|24
|
|cant|p1a: Jynx|slp
|move|p2a: Sandslash|Rock Slide|p1a: Jynx
|-supereffective|p1a: Jynx
|-damage|p1a: Jynx|86\/265 slp
|
|turn|25
|
|cant|p1a: Jynx|slp
|move|p2a: Sandslash|Earthquake|p1a: Jynx
|-crit|p1a: Jynx
|-damage|p1a: Jynx|0 fnt
|faint|p1a: Jynx
|-message|Jesserowbotham forfeited.
|
|win|yaldyyyy
|raw|Ladder updating...
|leave|Jesserowbotham
|player|p1