|j|Dervodel2
|j|LaganjaStranja
|player|p1|Dervodel2|101
|player|p2|LaganjaStranja|78
|gametype|singles
|gen|1
|tier|[Gen 1] Random Battle
|rated
|seed|63615,46159,22607,48525
|rule|Sleep Clause Mod: Limit one foe put to sleep
|rule|Freeze Clause Mod: Limit one foe frozen
|rule|HP Percentage Mod: HP is shown in percentages
|
|start
|switch|p1a: Parasect|Parasect, L90|291\/291
|switch|p2a: Arcanine|Arcanine, L85|327\/327
|turn|1
|choice|switch 3|move 1
|
|switch|p1a: Slowbro|Slowbro, L79|312\/312
|move|p2a: Arcanine|Fire Blast|p1a: Slowbro
|-resisted|p1a: Slowbro
|-damage|p1a: Slowbro|247\/312
|-status|p1a: Slowbro|brn
|
|turn|2
|choice|move 4|switch 6
|
|switch|p2a: Slowbro|Slowbro, L79|312\/312
|move|p1a: Slowbro|Amnesia|p1a: Slowbro
|-boost|p1a: Slowbro|spd|2
|-boost|p1a: Slowbro|spa|2
|-damage|p1a: Slowbro|228\/312 brn|[from] brn
|
|turn|3
|choice|move 2|move 2
|
|move|p2a: Slowbro|Amnesia|p2a: Slowbro
|-boost|p2a: Slowbro|spd|2
|-boost|p2a: Slowbro|spa|2
|move|p1a: Slowbro|Thunder Wave|p2a: Slowbro
|-status|p2a: Slowbro|par
|-damage|p1a: Slowbro|209\/312 brn|[from] brn|[of] p2a: Slowbro
|
|turn|4
|j|Chemanton
|choice|move 4|move 2
|
|move|p1a: Slowbro|Amnesia|p1a: Slowbro
|-boost|p1a: Slowbro|spd|2
|-boost|p1a: Slowbro|spa|2
|-damage|p1a: Slowbro|190\/312 brn|[from] brn
|move|p2a: Slowbro|Amnesia|p2a: Slowbro
|-boost|p2a: Slowbro|spd|2
|-boost|p2a: Slowbro|spa|2
|
|turn|5
|choice|move 4|move 2
|
|move|p1a: Slowbro|Amnesia|p1a: Slowbro
|-boost|p1a: Slowbro|spd|2
|-boost|p1a: Slowbro|spa|2
|-damage|p1a: Slowbro|171\/312 brn|[from] brn
|move|p2a: Slowbro|Amnesia|p2a: Slowbro
|-boost|p2a: Slowbro|spd|2
|-boost|p2a: Slowbro|spa|2
|
|turn|6
|choice|move 1|move 4
|
|move|p1a: Slowbro|Surf|p2a: Slowbro
|-resisted|p2a: Slowbro
|-damage|p2a: Slowbro|266\/312 par
|-damage|p1a: Slowbro|152\/312 brn|[from] brn|[of] p2a: Slowbro
|move|p2a: Slowbro|Rest|p2a: Slowbro
|-status|p2a: Slowbro|slp
|-heal|p2a: Slowbro|312\/312 slp|[silent]
|-status|p2a: Slowbro|slp|[from] move: Rest
|
|turn|7
|choice|move 3|move 3
|
|move|p1a: Slowbro|Rest|p1a: Slowbro
|-status|p1a: Slowbro|slp
|-heal|p1a: Slowbro|312\/312 slp|[silent]
|-status|p1a: Slowbro|slp|[from] move: Rest
|cant|p2a: Slowbro|slp
|
|turn|8
|choice|move 2|move 3
|
|cant|p1a: Slowbro|slp
|-curestatus|p2a: Slowbro|slp
|
|turn|9
|choice|move 1|move 3
|
|-curestatus|p1a: Slowbro|slp
|move|p2a: Slowbro|Surf|p1a: Slowbro
|-resisted|p1a: Slowbro
|-damage|p1a: Slowbro|266\/312
|
|turn|10
|choice|move 2|move 1
|
|move|p1a: Slowbro|Thunder Wave|p2a: Slowbro
|-status|p2a: Slowbro|par
|move|p2a: Slowbro|Thunder Wave|p1a: Slowbro
|-status|p1a: Slowbro|par
|
|turn|11
|c|★Dervodel2|damn
|c|★Dervodel2|wanna split xD
|choice|move 1|move 3
|
|cant|p1a: Slowbro|par
|move|p2a: Slowbro|Surf|p1a: Slowbro
|-resisted|p1a: Slowbro
|-damage|p1a: Slowbro|219\/312 par
|
|turn|12
|c|★LaganjaStranja|we're both trapped
|c|★Dervodel2|hahaha xD
|choice|move 1|move 3
|
|move|p1a: Slowbro|Surf|p2a: Slowbro
|-resisted|p2a: Slowbro
|-damage|p2a: Slowbro|271\/312 par
|cant|p2a: Slowbro|par
|
|turn|13
|choice|move 1|move 3
|
|move|p1a: Slowbro|Surf|p2a: Slowbro
|-resisted|p2a: Slowbro
|-damage|p2a: Slowbro|224\/312 par
|move|p2a: Slowbro|Surf|p1a: Slowbro
|-crit|p1a: Slowbro
|-resisted|p1a: Slowbro
|-damage|p1a: Slowbro|128\/312 par
|
|turn|14
|choice|move 3|move 3
|
|move|p1a: Slowbro|Rest|p1a: Slowbro
|-status|p1a: Slowbro|slp
|-heal|p1a: Slowbro|312\/312 slp|[silent]
|-status|p1a: Slowbro|slp|[from] move: Rest
|cant|p2a: Slowbro|par
|
|turn|15
|choice|move 1|move 4
|
|cant|p1a: Slowbro|slp
|move|p2a: Slowbro|Rest|p2a: Slowbro
|-status|p2a: Slowbro|slp
|-heal|p2a: Slowbro|312\/312 slp|[silent]
|-status|p2a: Slowbro|slp|[from] move: Rest
|
|turn|16
|choice|move 4|move 1
|
|-curestatus|p1a: Slowbro|slp
|cant|p2a: Slowbro|slp
|
|turn|17
|choice|move 1|move 1
|
|move|p1a: Slowbro|Surf|p2a: Slowbro
|-resisted|p2a: Slowbro
|-damage|p2a: Slowbro|265\/312 slp
|-curestatus|p2a: Slowbro|slp
|
|turn|18
|choice|move 4|move 1
|
|move|p1a: Slowbro|Amnesia|p1a: Slowbro
|-boost|p1a: Slowbro|spd|2
|-boost|p1a: Slowbro|spa|2
|move|p2a: Slowbro|Thunder Wave|p1a: Slowbro
|-status|p1a: Slowbro|par
|
|turn|19
|choice|move 2|move 3
|
|move|p1a: Slowbro|Thunder Wave|p2a: Slowbro
|-status|p2a: Slowbro|par
|move|p2a: Slowbro|Surf|p1a: Slowbro
|-resisted|p1a: Slowbro
|-damage|p1a: Slowbro|266\/312 par
|
|turn|20
|c|★LaganjaStranja|annoying as fuck!! right?
|choice|move 4|move 3
|
|move|p1a: Slowbro|Amnesia|p1a: Slowbro
|-boost|p1a: Slowbro|spd|2
|-boost|p1a: Slowbro|spa|2
|move|p2a: Slowbro|Surf|p1a: Slowbro
|-resisted|p1a: Slowbro
|-damage|p1a: Slowbro|219\/312 par
|
|turn|21
|choice|move 2|move 3
|
|move|p1a: Slowbro|Thunder Wave|p2a: Slowbro
|-fail|p2a: Slowbro|par
|move|p2a: Slowbro|Surf|p1a: Slowbro
|-resisted|p1a: Slowbro
|-damage|p1a: Slowbro|172\/312 par
|
|turn|22
|choice|move 4|move 3
|
|move|p1a: Slowbro|Amnesia|p1a: Slowbro
|-boost|p1a: Slowbro|spd|2
|-boost|p1a: Slowbro|spa|2
|move|p2a: Slowbro|Surf|p1a: Slowbro
|-resisted|p1a: Slowbro
|-damage|p1a: Slowbro|125\/312 par
|
|turn|23
|l|Chemanton
|choice|move 3|move 3
|
|move|p1a: Slowbro|Rest|p1a: Slowbro
|-status|p1a: Slowbro|slp
|-heal|p1a: Slowbro|312\/312 slp|[silent]
|-status|p1a: Slowbro|slp|[from] move: Rest
|move|p2a: Slowbro|Surf|p1a: Slowbro
|-resisted|p1a: Slowbro
|-damage|p1a: Slowbro|266\/312 slp
|
|turn|24
|choice|move 1|switch 3
|
|switch|p2a: Tauros|Tauros, L79|280\/280
|cant|p1a: Slowbro|slp
|
|turn|25
|choice|move 1|move 2
|
|move|p2a: Tauros|Body Slam|p1a: Slowbro
|-damage|p1a: Slowbro|196\/312 slp
|-curestatus|p1a: Slowbro|slp
|
|turn|26
|choice|move 1|switch 5
|
|switch|p2a: Clefable|Clefable, L85|335\/335
|move|p1a: Slowbro|Surf|p2a: Clefable
|-damage|p2a: Clefable|23\/335
|
|turn|27
|choice|move 1|move 1
|
|move|p2a: Clefable|Sing|p1a: Slowbro
|-status|p1a: Slowbro|slp
|cant|p1a: Slowbro|slp
|
|turn|28
|choice|move 1|move 2
|
|move|p2a: Clefable|Hyper Beam|p1a: Slowbro
|-crit|p1a: Slowbro
|-damage|p1a: Slowbro|0 fnt
|faint|p1a: Slowbro
|c|★LaganjaStranja|bye bye piece of shit lol
|choice|switch 6|
|
|switch|p1a: Charmeleon|Charmeleon, L85|272\/272
|turn|29
|c|★Dervodel2|:)
|choice|move 3|move 2
|
|move|p1a: Charmeleon|Slash|p2a: Clefable
|-crit|p2a: Clefable
|-damage|p2a: Clefable|0 fnt
|faint|p2a: Clefable
|choice||switch 3
|
|switch|p2a: Slowbro|Slowbro, L79|265\/312 par
|turn|30
|c|★Dervodel2|slowbro fights are horible
|choice|move 3|move 1
|
|move|p1a: Charmeleon|Slash|p2a: Slowbro
|-crit|p2a: Slowbro
|-damage|p2a: Slowbro|197\/312 par
|move|p2a: Slowbro|Thunder Wave|p1a: Charmeleon
|-status|p1a: Charmeleon|par
|
|turn|31
|c|★LaganjaStranja|amnesia should be banned
|c|★LaganjaStranja|at least using more than one
|choice|switch 2|move 3
|
|switch|p1a: Exeggcute|Exeggcute, L96|310\/310
|move|p2a: Slowbro|Surf|p1a: Exeggcute
|-resisted|p1a: Exeggcute
|-damage|p1a: Exeggcute|266\/310
|
|turn|32
|c|★Dervodel2|true
|choice|move 3|move 2
|
|move|p1a: Exeggcute|Mega Drain|p2a: Slowbro
|-supereffective|p2a: Slowbro
|-damage|p2a: Slowbro|106\/312 par
|-heal|p1a: Exeggcute|310\/310|[from] drain|[of] p2a: Slowbro
|move|p2a: Slowbro|Amnesia|p2a: Slowbro
|-boost|p2a: Slowbro|spd|2
|-boost|p2a: Slowbro|spa|2
|
|turn|33
|choice|move 3|move 1
|
|move|p1a: Exeggcute|Mega Drain|p2a: Slowbro
|-supereffective|p2a: Slowbro
|-damage|p2a: Slowbro|60\/312 par
|cant|p2a: Slowbro|par
|
|turn|34
|choice|move 3|move 1
|
|move|p1a: Exeggcute|Mega Drain|p2a: Slowbro
|-supereffective|p2a: Slowbro
|-damage|p2a: Slowbro|11\/312 par
|cant|p2a: Slowbro|par
|
|turn|35
|choice|move 3|switch 2
|
|switch|p2a: Ninetales|Ninetales, L85|298\/298
|move|p1a: Exeggcute|Mega Drain|p2a: Ninetales
|-resisted|p2a: Ninetales
|-damage|p2a: Ninetales|280\/298
|
|turn|36
|choice|switch 4|move 1
|
|switch|p1a: Seadra|Seadra, L90|282\/282
|move|p2a: Ninetales|Fire Blast|p1a: Seadra
|-crit|p1a: Seadra
|-resisted|p1a: Seadra
|-damage|p1a: Seadra|158\/282
|
|turn|37
|choice|move 3|switch 4
|
|switch|p2a: Magneton|Magneton, L90|273\/273
|move|p1a: Seadra|Hydro Pump|p2a: Magneton
|-damage|p2a: Magneton|171\/273
|
|turn|38
|c|★Dervodel2|ofcorse crit xD
|choice|switch 3|move 1
|
|switch|p1a: Parasect|Parasect, L90|291\/291
|move|p2a: Magneton|Thunderbolt|p1a: Parasect
|-resisted|p1a: Parasect
|-damage|p1a: Parasect|221\/291
|
|turn|39
|c|★Dervodel2|what a team lol
|choice|move 2|move 3
|
|move|p2a: Magneton|Double-Edge|p1a: Parasect
|-damage|p1a: Parasect|162\/291
|-damage|p2a: Magneton|157\/273|[from] recoil|[of] p1a: Parasect
|move|p1a: Parasect|Spore|p2a: Magneton
|-status|p2a: Magneton|slp
|
|turn|40
|c|★LaganjaStranja|we both have amazing teams :)
|choice|move 4|switch 4
|
|switch|p2a: Ninetales|Ninetales, L85|280\/298
|move|p1a: Parasect|Slash|p2a: Ninetales
|-damage|p2a: Ninetales|219\/298
|
|turn|41
|c|★Dervodel2|nah
|c|★Dervodel2|charmeleon?
|c|★Dervodel2|guttor?
|c|★LaganjaStranja|seadra is great
|c|★Dervodel2|thats true xD
|choice|switch 5|move 1
|
|switch|p1a: Nidorina|Nidorina, L90|309\/309
|move|p2a: Ninetales|Fire Blast|p1a: Nidorina
|-damage|p1a: Nidorina|136\/309
|
|turn|42
|c|★LaganjaStranja|parasect if u put to sleep to a pokemon and set up swords dance can be good
|choice|move 3|move 1
|
|move|p2a: Ninetales|Fire Blast|p1a: Nidorina
|-damage|p1a: Nidorina|0 fnt
|faint|p1a: Nidorina
|c|★Dervodel2|no sd
|choice|switch 3|
|
|switch|p1a: Seadra|Seadra, L90|158\/282
|turn|43
|choice|move 3|move 1
|
|move|p2a: Ninetales|Fire Blast|p1a: Seadra
|-resisted|p1a: Seadra
|-damage|p1a: Seadra|102\/282
|move|p1a: Seadra|Hydro Pump|p2a: Ninetales|[miss]
|-miss|p1a: Seadra
|
|turn|44
|choice|move 3|move 4
|
|move|p2a: Ninetales|Double-Edge|p1a: Seadra
|-damage|p1a: Seadra|49\/282
|-damage|p2a: Ninetales|206\/298|[from] recoil|[of] p1a: Seadra
|move|p1a: Seadra|Hydro Pump|p2a: Ninetales
|-supereffective|p2a: Ninetales
|-damage|p2a: Ninetales|0 fnt
|faint|p2a: Ninetales
|c|★Dervodel2|nidorina sucks :\/
|c|★LaganjaStranja|lol
|choice||switch 5
|
|switch|p2a: Tauros|Tauros, L79|280\/280
|turn|45
|c|★LaganjaStranja|i luuuuuuuv ninetales
|choice|switch 4|move 2
|
|switch|p1a: Exeggcute|Exeggcute, L96|310\/310
|move|p2a: Tauros|Body Slam|p1a: Exeggcute
|-damage|p1a: Exeggcute|240\/310
|-status|p1a: Exeggcute|par
|
|turn|46
|c|★Dervodel2|jeah
|c|★Dervodel2|hes awesome
|choice|move 2|switch 4
|
|switch|p2a: Magneton|Magneton, L90|157\/273 slp
|move|p1a: Exeggcute|Stun Spore|p2a: Magneton
|-fail|p2a: Magneton
|
|turn|47
|choice|move 1|move 4
|
|cant|p2a: Magneton|slp
|move|p1a: Exeggcute|Psychic|p2a: Magneton
|-damage|p2a: Magneton|90\/273 slp
|-unboost|p2a: Magneton|spd|1
|-unboost|p2a: Magneton|spa|1
|
|turn|48
|choice|move 1|move 3
|
|cant|p2a: Magneton|slp
|move|p1a: Exeggcute|Psychic|p2a: Magneton
|-damage|p2a: Magneton|0 fnt
|faint|p2a: Magneton
|choice||switch 6
|
|switch|p2a: Arcanine|Arcanine, L85|327\/327
|turn|49
|choice|switch 2|move 1
|
|switch|p1a: Charmeleon|Charmeleon, L85|272\/272 par
|move|p2a: Arcanine|Fire Blast|p1a: Charmeleon
|-resisted|p1a: Charmeleon
|-damage|p1a: Charmeleon|206\/272 par
|
|turn|50
|choice|move 2|move 4
|
|move|p2a: Arcanine|Reflect|p2a: Arcanine
|-start|p2a: Arcanine|Reflect
|move|p1a: Charmeleon|Body Slam|p2a: Arcanine
|-damage|p2a: Arcanine|303\/327
|
|turn|51
|choice|move 4|move 3
|
|move|p2a: Arcanine|Hyper Beam|p1a: Charmeleon
|-damage|p1a: Charmeleon|60\/272 par
|move|p1a: Charmeleon|Seismic Toss|p2a: Arcanine
|-damage|p2a: Arcanine|218\/327
|
|turn|52
|-mustrecharge|p2a: Arcanine
|-mustrecharge|p2a: Arcanine
|choice|move 2|move 1
|
|cant|p2a: Arcanine|recharge
|move|p1a: Charmeleon|Body Slam|p2a: Arcanine
|-damage|p2a: Arcanine|193\/327
|-status|p2a: Arcanine|par
|
|turn|53
|choice|move 4|move 3
|
|move|p2a: Arcanine|Hyper Beam|p1a: Charmeleon
|-damage|p1a: Charmeleon|0 fnt
|faint|p1a: Charmeleon
|choice|switch 4|
|
|switch|p1a: Seadra|Seadra, L90|49\/282
|turn|54
|c|★LaganjaStranja|what a long battle my god!!
|c|★Dervodel2|but its good :)
|choice|move 3|switch 2
|
|switch|p2a: Slowbro|Slowbro, L79|11\/312 par
|move|p1a: Seadra|Hydro Pump|p2a: Slowbro
|-resisted|p2a: Slowbro
|-damage|p2a: Slowbro|0 fnt
|faint|p2a: Slowbro
|choice||switch 4
|
|switch|p2a: Tauros|Tauros, L79|280\/280
|turn|55
|c|★Dervodel2|i need you to miss xD
|choice|switch 2|move 2
|
|switch|p1a: Exeggcute|Exeggcute, L96|240\/310 par
|move|p2a: Tauros|Body Slam|p1a: Exeggcute
|-damage|p1a: Exeggcute|166\/310 par
|
|turn|56
|choice|move 2|switch 2
|
|switch|p2a: Arcanine|Arcanine, L85|193\/327 par
|cant|p1a: Exeggcute|par
|
|turn|57
|choice|move 4|move 1
|
|move|p2a: Arcanine|Fire Blast|p1a: Exeggcute
|-supereffective|p1a: Exeggcute
|-damage|p1a: Exeggcute|0 fnt
|faint|p1a: Exeggcute
|choice|switch 2|
|
|switch|p1a: Seadra|Seadra, L90|49\/282
|turn|58
|choice|move 3|move 1
|
|move|p1a: Seadra|Hydro Pump|p2a: Arcanine
|-supereffective|p2a: Arcanine
|-damage|p2a: Arcanine|0 fnt
|faint|p2a: Arcanine
|choice||switch 2
|
|switch|p2a: Tauros|Tauros, L79|280\/280
|turn|59
|choice|move 3|move 2
|
|move|p2a: Tauros|Body Slam|p1a: Seadra
|-damage|p1a: Seadra|0 fnt
|faint|p1a: Seadra
|choice|switch 5|
|
|switch|p1a: Parasect|Parasect, L90|162\/291
|turn|60
|choice|move 2|move 4
|
|move|p2a: Tauros|Blizzard|p1a: Parasect
|-supereffective|p1a: Parasect
|-damage|p1a: Parasect|42\/291
|move|p1a: Parasect|Spore|p2a: Tauros
|-status|p2a: Tauros|slp
|
|turn|61
|c|★LaganjaStranja|gooooood
|choice|move 4|move 2
|
|cant|p2a: Tauros|slp
|move|p1a: Parasect|Slash|p2a: Tauros
|-crit|p2a: Tauros
|-damage|p2a: Tauros|163\/280 slp
|
|turn|62
|c|★LaganjaStranja|wake up fast
|choice|move 4|move 2
|
|cant|p2a: Tauros|slp
|move|p1a: Parasect|Slash|p2a: Tauros
|-crit|p2a: Tauros
|-damage|p2a: Tauros|46\/280 slp
|
|turn|63
|c|★LaganjaStranja|gg
|c|★Dervodel2|im sory it was a great battle :)
|choice|move 4|move 2
|
|cant|p2a: Tauros|slp
|move|p1a: Parasect|Slash|p2a: Tauros
|-crit|p2a: Tauros
|-damage|p2a: Tauros|0 fnt
|faint|p2a: Tauros
|
|win|Dervodel2
|raw|Dervodel2's rating: 1184 &rarr; <strong>1203<\/strong><br \/>(+19 for winning)
|raw|LaganjaStranja's rating: 1099 &rarr; <strong>1080<\/strong><br \/>(-19 for losing)
|c|★LaganjaStranja|amazing one