|join|ggc
|join|DavidXanatos
|player|p1|ggc|10
|player|p2|DavidXanatos|291
|gametype|singles
|gen|1
|tier|[Gen 1] OU (beta)
|rated
|rule|Sleep Clause Mod: Limit one foe put to sleep
|rule|Species Clause: Limit one of each Pokemon
|rule|OHKO Clause: OHKO moves are banned
|rule|Moody Clause: Moody is banned
|rule|Evasion Moves Clause: Evasion moves are banned
|rule|Endless Battle Clause: Forcing endless battles is banned.
|rule|HP Percentage Mod: HP is reported as percentages
|
|start
|switch|p1a: Jynx|Jynx|333\/333
|switch|p2a: Alakazam|Alakazam|313\/313
|turn|1
|join|HitMonGoesHam
|
|switch|p1a: Chansey|Chansey|703\/703
|move|p2a: Alakazam|Thunder Wave|p1a: Chansey
|-status|p1a: Chansey|par
|
|turn|2
|
|switch|p2a: Chansey|Chansey|703\/703
|switch|p1a: Exeggutor|Exeggutor|393\/393
|
|turn|3
|
|switch|p2a: Alakazam|Alakazam|313\/313
|move|p1a: Exeggutor|Sleep Powder|p2a: Alakazam
|-status|p2a: Alakazam|slp
|
|turn|4
|
|switch|p2a: Lapras|Lapras|463\/463
|move|p1a: Exeggutor|Stun Spore|p2a: Lapras
|-status|p2a: Lapras|par
|
|turn|5
|
|switch|p1a: Jynx|Jynx|333\/333
|move|p2a: Lapras|Confuse Ray|p1a: Jynx
|-start|p1a: Jynx|confusion
|
|turn|6
|
|switch|p1a: Chansey|Chansey|703\/703 par
|cant|p2a: Lapras|par
|
|turn|7
|
|move|p2a: Lapras|Confuse Ray|p1a: Chansey
|-start|p1a: Chansey|confusion
|-activate|p1a: Chansey|confusion
|-damage|p1a: Chansey|671\/703 par|[from] confusion
|
|turn|8
|
|switch|p1a: Jynx|Jynx|333\/333
|move|p2a: Lapras|Body Slam|p1a: Jynx
|-damage|p1a: Jynx|235\/333
|-status|p1a: Jynx|par
|
|turn|9
|
|move|p1a: Jynx|Psychic|p2a: Lapras
|-crit|p2a: Lapras
|-damage|p2a: Lapras|246\/463 par
|-unboost|p2a: Lapras|spd|1
|-unboost|p2a: Lapras|spa|1
|move|p2a: Lapras|Confuse Ray|p1a: Jynx
|-start|p1a: Jynx|confusion
|
|turn|10
|
|switch|p2a: Chansey|Chansey|703\/703
|cant|p1a: Jynx|par
|
|turn|11
|
|switch|p2a: Snorlax|Snorlax|523\/523
|switch|p1a: Chansey|Chansey|671\/703 par
|
|turn|12
|
|move|p2a: Snorlax|Body Slam|p1a: Chansey
|-damage|p1a: Chansey|357\/703 par
|cant|p1a: Chansey|par
|
|turn|13
|
|switch|p1a: Exeggutor|Exeggutor|393\/393
|move|p2a: Snorlax|Body Slam|p1a: Exeggutor
|-damage|p1a: Exeggutor|284\/393
|
|turn|14
|
|move|p1a: Exeggutor|Psychic|p2a: Snorlax
|-damage|p2a: Snorlax|355\/523
|-unboost|p2a: Snorlax|spd|1
|-unboost|p2a: Snorlax|spa|1
|move|p2a: Snorlax|Body Slam|p1a: Exeggutor
|-damage|p1a: Exeggutor|158\/393
|
|turn|15
|
|switch|p2a: Chansey|Chansey|703\/703
|move|p1a: Exeggutor|Explosion|p2a: Chansey
|-damage|p2a: Chansey|47\/703
|faint|p1a: Exeggutor
|
|switch|p1a: Tauros|Tauros|353\/353
|turn|16
|
|switch|p2a: Exeggutor|Exeggutor|393\/393
|move|p1a: Tauros|Body Slam|p2a: Exeggutor
|-damage|p2a: Exeggutor|288\/393
|
|turn|17
|
|switch|p1a: Jynx|Jynx|235\/333 par
|move|p2a: Exeggutor|Psychic|p1a: Jynx
|-resisted|p1a: Jynx
|-damage|p1a: Jynx|171\/333 par
|
|turn|18
|
|switch|p2a: Snorlax|Snorlax|355\/523
|move|p1a: Jynx|Psychic|p2a: Snorlax
|-crit|p2a: Snorlax
|-damage|p2a: Snorlax|73\/523
|
|turn|19
|
|move|p2a: Snorlax|Body Slam|p1a: Jynx
|-damage|p1a: Jynx|0 fnt
|faint|p1a: Jynx
|
|
|switch|p1a: Alakazam|Alakazam|313\/313
|turn|20
|
|switch|p2a: Chansey|Chansey|47\/703
|move|p1a: Alakazam|Psychic|p2a: Chansey
|-damage|p2a: Chansey|0 fnt
|faint|p2a: Chansey
|
|
|switch|p2a: Exeggutor|Exeggutor|288\/393
|turn|21
|
|switch|p1a: Chansey|Chansey|357\/703 par
|move|p2a: Exeggutor|Stun Spore|p1a: Chansey
|-fail|p1a: Chansey|par
|
|turn|22
|
|move|p2a: Exeggutor|Explosion|p1a: Chansey
|-damage|p1a: Chansey|0 fnt
|faint|p1a: Chansey
|faint|p2a: Exeggutor
|
|switch|p2a: Alakazam|Alakazam|313\/313 slp
|switch|p1a: Alakazam|Alakazam|313\/313
|turn|23
|
|switch|p1a: Snorlax|Snorlax|523\/523
|cant|p2a: Alakazam|slp
|
|turn|24
|
|cant|p2a: Alakazam|slp
|move|p1a: Snorlax|Body Slam|p2a: Alakazam
|-damage|p2a: Alakazam|145\/313 slp
|
|turn|25
|
|cant|p2a: Alakazam|slp
|-curestatus|p2a: Alakazam|slp
|move|p1a: Snorlax|Body Slam|p2a: Alakazam
|-damage|p2a: Alakazam|0 fnt
|faint|p2a: Alakazam
|
|
|switch|p2a: Lapras|Lapras|246\/463 par
|turn|26
|
|move|p1a: Snorlax|Body Slam|p2a: Lapras
|-crit|p2a: Lapras
|-damage|p2a: Lapras|14\/463 par
|cant|p2a: Lapras|par
|
|turn|27
|
|switch|p1a: Alakazam|Alakazam|313\/313
|cant|p2a: Lapras|par
|
|turn|28
|
|move|p1a: Alakazam|Psychic|p2a: Lapras
|-damage|p2a: Lapras|0 fnt
|faint|p2a: Lapras
|
|
|switch|p2a: Tauros|Tauros|353\/353
|turn|29
|
|move|p1a: Alakazam|Reflect|p1a: Alakazam
|move|p2a: Tauros|Hyper Beam|p1a: Alakazam
|-damage|p1a: Alakazam|182\/313
|
|turn|30
|
|move|p1a: Alakazam|Thunder Wave|p2a: Tauros
|-status|p2a: Tauros|par
|cant|p2a: Tauros|par
|
|turn|31
|
|move|p1a: Alakazam|Recover|p1a: Alakazam
|-heal|p1a: Alakazam|313\/313
|move|p2a: Tauros|Body Slam|p1a: Alakazam
|-damage|p1a: Alakazam|235\/313
|
|turn|32
|
|move|p1a: Alakazam|Psychic|p2a: Tauros
|-damage|p2a: Tauros|178\/353 par
|move|p2a: Tauros|Body Slam|p1a: Alakazam
|-damage|p1a: Alakazam|157\/313
|
|turn|33
|leave|HitMonGoesHam
|
|move|p1a: Alakazam|Psychic|p2a: Tauros
|-crit|p2a: Tauros
|-damage|p2a: Tauros|0 fnt
|faint|p2a: Tauros
|
|
|switch|p2a: Snorlax|Snorlax|73\/523
|turn|34
|
|move|p1a: Alakazam|Psychic|p2a: Snorlax
|-damage|p2a: Snorlax|0 fnt
|faint|p2a: Snorlax
|
|win|ggc
|raw|Ladder updating...
|raw|ggc's rating: 1447 &rarr; <strong>1455<\/strong><br \/>(+8 for winning)
|raw|DavidXanatos's rating: 1202 &rarr; <strong>1192<\/strong><br \/>(-10 for losing)
|chat|ggc|gg