|join|HBGKing
|join|jonie148
|player|p1|HBGKing|52
|player|p2|jonie148|250
|gametype|singles
|gen|1
|tier|[Gen 1] Random Battle
|rated
|rule|Sleep Clause Mod: Limit one foe put to sleep
|rule|Freeze Clause Mod: Limit one foe frozen
|rule|HP Percentage Mod: HP is shown in percentages
|
|start
|switch|p1a: Ninetales|Ninetales, L86|301\/301
|switch|p2a: Omastar|Omastar, L86|296\/296
|turn|1
|
|switch|p1a: Slowbro|Slowbro, L82|324\/324
|move|p2a: Omastar|Surf|p1a: Slowbro
|-resisted|p1a: Slowbro
|-damage|p1a: Slowbro|265\/324
|
|turn|2
|
|move|p2a: Omastar|Seismic Toss|p1a: Slowbro
|-damage|p1a: Slowbro|179\/324
|move|p1a: Slowbro|Thunder Wave|p2a: Omastar
|-status|p2a: Omastar|par
|
|turn|3
|
|move|p1a: Slowbro|Surf|p2a: Omastar
|-damage|p2a: Omastar|226\/296 par
|cant|p2a: Omastar|par
|
|turn|4
|
|move|p1a: Slowbro|Surf|p2a: Omastar
|-damage|p2a: Omastar|160\/296 par
|cant|p2a: Omastar|par
|
|turn|5
|
|move|p1a: Slowbro|Surf|p2a: Omastar
|-damage|p2a: Omastar|94\/296 par
|cant|p2a: Omastar|par
|
|turn|6
|
|move|p1a: Slowbro|Surf|p2a: Omastar
|-damage|p2a: Omastar|27\/296 par
|move|p2a: Omastar|Seismic Toss|p1a: Slowbro
|-damage|p1a: Slowbro|93\/324
|
|turn|7
|
|move|p1a: Slowbro|Surf|p2a: Omastar
|-damage|p2a: Omastar|0 fnt
|faint|p2a: Omastar
|
|switch|p2a: Vileplume|Vileplume, L86|304\/304
|turn|8
|
|move|p2a: Vileplume|Mega Drain|p1a: Slowbro
|-supereffective|p1a: Slowbro
|-damage|p1a: Slowbro|0 fnt
|faint|p1a: Slowbro
|
|switch|p1a: Ninetales|Ninetales, L86|301\/301
|turn|9
|
|switch|p2a: Slowbro|Slowbro, L82|324\/324
|move|p1a: Ninetales|Fire Blast|p2a: Slowbro
|-resisted|p2a: Slowbro
|-damage|p2a: Slowbro|257\/324
|
|turn|10
|
|switch|p1a: Persian|Persian, L82|274\/274
|move|p2a: Slowbro|Thunder Wave|p1a: Persian
|-status|p1a: Persian|par
|
|turn|11
|
|move|p2a: Slowbro|Surf|p1a: Persian|[miss]
|-miss|p2a: Slowbro
|move|p1a: Persian|Thunderbolt|p2a: Slowbro
|-crit|p2a: Slowbro
|-supereffective|p2a: Slowbro
|-damage|p2a: Slowbro|30\/324
|-status|p2a: Slowbro|par
|
|turn|12
|
|move|p1a: Persian|Thunderbolt|p2a: Slowbro
|-supereffective|p2a: Slowbro
|-damage|p2a: Slowbro|0 fnt
|faint|p2a: Slowbro
|
|switch|p2a: Raichu|Raichu, L86|279\/279
|turn|13
|
|move|p2a: Raichu|Body Slam|p1a: Persian
|-damage|p1a: Persian|199\/274 par
|move|p1a: Persian|Body Slam|p2a: Raichu
|-damage|p2a: Raichu|188\/279
|
|turn|14
|
|move|p2a: Raichu|Surf|p1a: Persian
|-damage|p1a: Persian|112\/274 par
|move|p1a: Persian|Body Slam|p2a: Raichu
|-damage|p2a: Raichu|103\/279
|
|turn|15
|
|move|p2a: Raichu|Thunderbolt|p1a: Persian
|-crit|p1a: Persian
|-damage|p1a: Persian|0 fnt
|faint|p1a: Persian
|
|switch|p1a: Alakazam|Alakazam, L82|258\/258
|turn|16
|
|move|p1a: Alakazam|Psychic|p2a: Raichu
|-damage|p2a: Raichu|0 fnt
|faint|p2a: Raichu
|
|switch|p2a: Jynx|Jynx, L82|274\/274
|turn|17
|
|move|p1a: Alakazam|Thunder Wave|p2a: Jynx
|-status|p2a: Jynx|par
|move|p2a: Jynx|Blizzard|p1a: Alakazam
|-damage|p1a: Alakazam|167\/258
|
|turn|18
|
|move|p1a: Alakazam|Seismic Toss|p2a: Jynx
|-damage|p2a: Jynx|192\/274 par
|move|p2a: Jynx|Mimic|p1a: Alakazam
|-start|p2a: Jynx|Mimic|Reflect
|
|turn|19
|
|move|p1a: Alakazam|Seismic Toss|p2a: Jynx
|-damage|p2a: Jynx|110\/274 par
|cant|p2a: Jynx|par
|
|turn|20
|
|move|p1a: Alakazam|Seismic Toss|p2a: Jynx
|-damage|p2a: Jynx|28\/274 par
|move|p2a: Jynx|Lovely Kiss|p1a: Alakazam|[miss]
|-miss|p2a: Jynx
|
|turn|21
|
|move|p1a: Alakazam|Seismic Toss|p2a: Jynx
|-damage|p2a: Jynx|0 fnt
|faint|p2a: Jynx
|
|switch|p2a: Victreebel|Victreebel, L86|313\/313
|turn|22
|
|move|p1a: Alakazam|Psychic|p2a: Victreebel
|-supereffective|p2a: Victreebel
|-damage|p2a: Victreebel|107\/313
|-unboost|p2a: Victreebel|spd|1
|-unboost|p2a: Victreebel|spa|1
|move|p2a: Victreebel|Stun Spore|p1a: Alakazam|[miss]
|-miss|p2a: Victreebel
|
|turn|23
|
|move|p1a: Alakazam|Psychic|p2a: Victreebel
|-supereffective|p2a: Victreebel
|-damage|p2a: Victreebel|0 fnt
|faint|p2a: Victreebel
|
|switch|p2a: Vileplume|Vileplume, L86|304\/304
|turn|24
|
|move|p1a: Alakazam|Psychic|p2a: Vileplume
|-supereffective|p2a: Vileplume
|-damage|p2a: Vileplume|116\/304
|-unboost|p2a: Vileplume|spd|1
|-unboost|p2a: Vileplume|spa|1
|move|p2a: Vileplume|Sleep Powder|p1a: Alakazam
|-status|p1a: Alakazam|slp
|
|turn|25
|
|cant|p1a: Alakazam|slp
|move|p2a: Vileplume|Mega Drain|p1a: Alakazam
|-damage|p1a: Alakazam|142\/258 slp
|-heal|p2a: Vileplume|128\/304|[from] drain|[of] p1a: Alakazam
|
|turn|26
|
|cant|p1a: Alakazam|slp
|move|p2a: Vileplume|Body Slam|p1a: Alakazam
|-damage|p1a: Alakazam|55\/258 slp
|
|turn|27
|
|cant|p1a: Alakazam|slp
|move|p2a: Vileplume|Body Slam|p1a: Alakazam
|-crit|p1a: Alakazam
|-damage|p1a: Alakazam|0 fnt
|faint|p1a: Alakazam
|
|switch|p1a: Charmeleon|Charmeleon, L86|275\/275
|turn|28
|
|move|p1a: Charmeleon|Earthquake|p2a: Vileplume
|-damage|p2a: Vileplume|69\/304
|move|p2a: Vileplume|Sleep Powder|p1a: Charmeleon
|-status|p1a: Charmeleon|slp
|
|turn|29
|
|cant|p1a: Charmeleon|slp
|move|p2a: Vileplume|Body Slam|p1a: Charmeleon
|-damage|p1a: Charmeleon|203\/275 slp
|
|turn|30
|
|cant|p1a: Charmeleon|slp
|move|p2a: Vileplume|Body Slam|p1a: Charmeleon
|-damage|p1a: Charmeleon|130\/275 slp
|
|turn|31
|
|cant|p1a: Charmeleon|slp
|move|p2a: Vileplume|Body Slam|p1a: Charmeleon
|-damage|p1a: Charmeleon|62\/275 slp
|
|turn|32
|
|cant|p1a: Charmeleon|slp
|-curestatus|p1a: Charmeleon|slp
|move|p2a: Vileplume|Body Slam|p1a: Charmeleon
|-damage|p1a: Charmeleon|0 fnt
|faint|p1a: Charmeleon
|
|switch|p1a: Lickitung|Lickitung, L86|330\/330
|turn|33
|
|move|p2a: Vileplume|Sleep Powder|p1a: Lickitung
|-status|p1a: Lickitung|slp
|cant|p1a: Lickitung|slp
|
|turn|34
|
|move|p2a: Vileplume|Swords Dance|p2a: Vileplume
|-boost|p2a: Vileplume|atk|2
|cant|p1a: Lickitung|slp
|
|turn|35
|
|move|p2a: Vileplume|Body Slam|p1a: Lickitung
|-damage|p1a: Lickitung|213\/330 slp
|cant|p1a: Lickitung|slp
|
|turn|36
|
|move|p2a: Vileplume|Body Slam|p1a: Lickitung
|-crit|p1a: Lickitung
|-damage|p1a: Lickitung|91\/330 slp
|cant|p1a: Lickitung|slp
|
|turn|37
|
|move|p2a: Vileplume|Body Slam|p1a: Lickitung
|-damage|p1a: Lickitung|0 fnt
|faint|p1a: Lickitung
|
|switch|p1a: Ninetales|Ninetales, L86|301\/301
|turn|38
|
|move|p1a: Ninetales|Fire Spin|p2a: Vileplume
|-supereffective|p2a: Vileplume
|-damage|p2a: Vileplume|22\/304
|-activate|p2a: Vileplume|move: Fire Spin|[of] p1a: Ninetales
|cant|p2a: Vileplume|partiallytrapped
|
|turn|39
|
|move|p1a: Ninetales|Fire Spin|p2a: Vileplume
|-damage|p2a: Vileplume|0 fnt
|faint|p2a: Vileplume
|
|win|HBGKing
|raw|Ladder updating...
|c|★jonie148|gg
|raw|HBGKing's rating: 1109 &rarr; <strong>1129<\/strong><br \/>(+20 for winning)
|raw|jonie148's rating: 1047 &rarr; <strong>1033<\/strong><br \/>(-14 for losing)
|c|★HBGKing|gg
|c|★HBGKing|i forgot how broken sleep stuff was lol
|c|★jonie148|yeah, Gen 1 = broken
|c|★HBGKing|but fun for nostelgia :p
|c|★jonie148|indeed :D