|join|matdelucca
|join|Calebmon
|player|p1|matdelucca|121
|player|p2|Calebmon|155
|gametype|singles
|gen|1
|tier|[Gen 1] OU
|rated
|seed|22937,36303,41368,9811
|rule|Sleep Clause Mod: Limit one foe put to sleep
|rule|Freeze Clause Mod: Limit one foe frozen
|rule|Species Clause: Limit one of each Pokémon
|rule|OHKO Clause: OHKO moves are banned
|rule|Evasion Moves Clause: Evasion moves are banned
|rule|HP Percentage Mod: HP is shown in percentages
|
|start
|switch|p1a: Chansey|Chansey|703\/703
|switch|p2a: Jolteon|Jolteon|333\/333
|turn|1
|choice|move Thunder Wave|switch 3
|
|switch|p2a: Chansey|Chansey|703\/703
|move|p1a: Chansey|Thunder Wave|p2a: Chansey
|-status|p2a: Chansey|par
|
|turn|2
|choice|switch 3|move 4
|
|switch|p1a: Tauros|Tauros|353\/353
|move|p2a: Chansey|Ice Beam|p1a: Tauros
|-damage|p1a: Tauros|250\/353
|
|turn|3
|choice|move Body Slam|move 2
|
|move|p1a: Tauros|Body Slam|p2a: Chansey
|-damage|p2a: Chansey|491\/703 par
|move|p2a: Chansey|Counter|p1a: Tauros
|-damage|p1a: Tauros|0 fnt
|faint|p1a: Tauros
|c|★Calebmon|bye bye tauros
|choice|switch 4|
|
|switch|p1a: Snorlax|Snorlax|523\/523
|turn|4
|choice|move Hyper Beam|move 2
|
|move|p1a: Snorlax|Hyper Beam|p2a: Chansey
|-damage|p2a: Chansey|81\/703 par
|cant|p2a: Chansey|par
|
|turn|5
|-mustrecharge|p1a: Snorlax
|-mustrecharge|p1a: Snorlax
|choice|move Recharge|move 2
|
|cant|p1a: Snorlax|recharge
|move|p2a: Chansey|Counter|p1a: Snorlax
|-damage|p1a: Snorlax|0 fnt
|faint|p1a: Snorlax
|choice|switch 2|
|
|switch|p1a: Lapras|Lapras|463\/463
|turn|6
|c|★Calebmon|So you should save tauros for last, he is only OP when everyone is weak and paralyzed
|choice|move Blizzard|move 1
|
|move|p1a: Lapras|Blizzard|p2a: Chansey
|-damage|p2a: Chansey|0 fnt
|faint|p2a: Chansey
|c|★matdelucca|hah thx
|choice||switch 5
|
|switch|p2a: Snorlax|Snorlax|523\/523
|turn|7
|choice|move Confuse Ray|move 1
|
|move|p1a: Lapras|Confuse Ray|p2a: Snorlax
|-start|p2a: Snorlax|confusion
|-activate|p2a: Snorlax|confusion
|-damage|p2a: Snorlax|475\/523|[from] confusion
|
|turn|8
|choice|move Body Slam|move 1
|
|move|p1a: Lapras|Body Slam|p2a: Snorlax
|-damage|p2a: Snorlax|413\/523
|-end|p2a: Snorlax|confusion
|move|p2a: Snorlax|Amnesia|p2a: Snorlax
|-boost|p2a: Snorlax|spd|2
|-boost|p2a: Snorlax|spa|2
|
|turn|9
|choice|move Confuse Ray|move 4
|
|move|p1a: Lapras|Confuse Ray|p2a: Snorlax
|-start|p2a: Snorlax|confusion
|-activate|p2a: Snorlax|confusion
|move|p2a: Snorlax|Thunderbolt|p1a: Lapras
|-supereffective|p1a: Lapras
|-damage|p1a: Lapras|230\/463
|
|turn|10
|choice|move Body Slam|switch 3
|
|switch|p2a: Jolteon|Jolteon|333\/333
|move|p1a: Lapras|Body Slam|p2a: Jolteon
|-damage|p2a: Jolteon|266\/333
|-status|p2a: Jolteon|par
|
|turn|11
|choice|move Blizzard|move 3
|
|move|p1a: Lapras|Blizzard|p2a: Jolteon
|-damage|p2a: Jolteon|144\/333 par
|cant|p2a: Jolteon|par
|
|turn|12
|choice|move Blizzard|move 1
|
|move|p1a: Lapras|Blizzard|p2a: Jolteon
|-crit|p2a: Jolteon
|-damage|p2a: Jolteon|0 fnt
|faint|p2a: Jolteon
|choice||switch 2
|
|switch|p2a: Dragonite|Dragonite|385\/385
|turn|13
|c|★matdelucca|from what ive read same goes for jolteon
|choice|move Blizzard|move 2
|
|move|p2a: Dragonite|Wrap|p1a: Lapras
|-damage|p1a: Lapras|212\/463
|-activate|p1a: Lapras|move: Wrap|[of] p2a: Dragonite
|cant|p1a: Lapras|partiallytrapped
|
|turn|14
|choice|move Blizzard|move 2
|
|move|p2a: Dragonite|Wrap|p1a: Lapras
|-damage|p1a: Lapras|194\/463
|cant|p1a: Lapras|partiallytrapped
|
|turn|15
|c|★Calebmon|yeah true but I like Jolt as a lead poke and Tauros is my late game sweeper
|c|★Calebmon|If things go perfect though and Jolt isn't injured He can still be a Mini-Tauros
|choice|move Blizzard|move 2
|
|move|p2a: Dragonite|Wrap|p1a: Lapras
|-damage|p1a: Lapras|176\/463
|cant|p1a: Lapras|partiallytrapped
|
|turn|16
|c|★matdelucca|oh, ok
|c|★matdelucca|ive no idea how to deal w this wrap thing
|c|★matdelucca|last seen it on a wild ekans
|c|★matdelucca|haha yeah not much comp battling
|choice|switch 5|switch 4
|
|switch|p2a: Tauros|Tauros|353\/353
|switch|p1a: Starmie|Starmie|323\/323
|
|turn|17
|c|★Calebmon|Well you can switch to something faster than Dragonite or hope it misses
|choice|move Surf|switch 3
|
|switch|p2a: Snorlax|Snorlax|413\/523
|move|p1a: Starmie|Surf|p2a: Snorlax
|-damage|p2a: Snorlax|257\/523
|
|turn|18
|choice|move Surf|move 2
|
|move|p1a: Starmie|Surf|p2a: Snorlax
|-damage|p2a: Snorlax|100\/523
|move|p2a: Snorlax|Self-Destruct|p1a: Starmie
|-damage|p1a: Starmie|0 fnt
|faint|p1a: Starmie
|faint|p2a: Snorlax
|c|★matdelucca|yup guess i tried just that
|c|★Calebmon|I managed to bring your Lapras down to the A garunteed 1HKO from Tauros's Hyper Beam
|choice|switch 5|switch 4
|
|switch|p2a: Dragonite|Dragonite|385\/385
|switch|p1a: Lapras|Lapras|176\/463
|turn|19
|c|★Calebmon|Hyper beam does 40% damage to Lapras
|c|★Calebmon|from Tauros
|c|★matdelucca|hmm
|choice|move Blizzard|move 2
|
|move|p2a: Dragonite|Wrap|p1a: Lapras
|-damage|p1a: Lapras|159\/463
|-activate|p1a: Lapras|move: Wrap|[of] p2a: Dragonite
|cant|p1a: Lapras|partiallytrapped
|
|turn|20
|c|★matdelucca|wel, shit
|c|★matdelucca|haha
|c|★Calebmon|if it gets to 30% I can KO it with Dragonite's Hyper beam
|choice|switch 6|move 2
|
|switch|p1a: Zapdos|Zapdos|383\/383
|move|p2a: Dragonite|Wrap|p1a: Zapdos
|-damage|p1a: Zapdos|365\/383
|-activate|p1a: Zapdos|move: Wrap|[of] p2a: Dragonite
|
|turn|21
|choice|move Drill Peck|move 2
|
|cant|p1a: Zapdos|partiallytrapped
|move|p2a: Dragonite|Wrap|p1a: Zapdos
|-damage|p1a: Zapdos|347\/383
|
|turn|22
|choice|move Drill Peck|move 2
|
|cant|p1a: Zapdos|partiallytrapped
|move|p2a: Dragonite|Wrap|p1a: Zapdos
|-damage|p1a: Zapdos|329\/383
|
|turn|23
|choice|move Thunder Wave|move 2
|
|cant|p1a: Zapdos|partiallytrapped
|move|p2a: Dragonite|Wrap|p1a: Zapdos
|-damage|p1a: Zapdos|311\/383
|
|-end|p1a: Zapdos|Wrap|[partiallytrapped]
|turn|24
|choice|move Drill Peck|move 1
|
|move|p1a: Zapdos|Drill Peck|p2a: Dragonite
|-damage|p2a: Dragonite|309\/385
|move|p2a: Dragonite|Agility|p2a: Dragonite
|-boost|p2a: Dragonite|spe|2
|
|turn|25
|choice|move Agility|move 2
|
|move|p2a: Dragonite|Wrap|p1a: Zapdos
|-crit|p1a: Zapdos
|-damage|p1a: Zapdos|277\/383
|-activate|p1a: Zapdos|move: Wrap|[of] p2a: Dragonite
|cant|p1a: Zapdos|partiallytrapped
|
|turn|26
|c|★Calebmon|did you have THunder wave on Zapdos?
|choice|move Thunderbolt|move 2
|
|move|p2a: Dragonite|Wrap|p1a: Zapdos
|-damage|p1a: Zapdos|243\/383
|cant|p1a: Zapdos|partiallytrapped
|
|turn|27
|choice|move Drill Peck|move 2
|
|move|p2a: Dragonite|Wrap|p1a: Zapdos
|-damage|p1a: Zapdos|209\/383
|cant|p1a: Zapdos|partiallytrapped
|
|-end|p1a: Zapdos|Wrap|[partiallytrapped]
|turn|28
|choice|move Thunderbolt|move 2
|
|move|p2a: Dragonite|Wrap|p1a: Zapdos
|-damage|p1a: Zapdos|192\/383
|-activate|p1a: Zapdos|move: Wrap|[of] p2a: Dragonite
|cant|p1a: Zapdos|partiallytrapped
|
|turn|29
|choice|switch 3|move 2
|
|switch|p1a: Chansey|Chansey|703\/703
|move|p2a: Dragonite|Wrap|p1a: Chansey|[miss]
|-miss|p2a: Dragonite
|
|turn|30
|choice|move Ice Beam|move 2
|
|move|p2a: Dragonite|Wrap|p1a: Chansey
|-damage|p1a: Chansey|660\/703
|-activate|p1a: Chansey|move: Wrap|[of] p2a: Dragonite
|cant|p1a: Chansey|partiallytrapped
|
|turn|31
|choice|move Ice Beam|move 2
|
|move|p2a: Dragonite|Wrap|p1a: Chansey
|-damage|p1a: Chansey|617\/703
|cant|p1a: Chansey|partiallytrapped
|
|turn|32
|choice|move Ice Beam|move 2
|
|move|p2a: Dragonite|Wrap|p1a: Chansey
|-damage|p1a: Chansey|574\/703
|cant|p1a: Chansey|partiallytrapped
|
|-end|p1a: Chansey|Wrap|[partiallytrapped]
|turn|33
|c|★matdelucca|dude this strats so good i wanna smash my phone on a wall
|choice|move Ice Beam|move 2
|
|move|p2a: Dragonite|Wrap|p1a: Chansey
|-damage|p1a: Chansey|530\/703
|-activate|p1a: Chansey|move: Wrap|[of] p2a: Dragonite
|cant|p1a: Chansey|partiallytrapped
|
|turn|34
|choice|move Ice Beam|move 2
|
|move|p2a: Dragonite|Wrap|p1a: Chansey
|-damage|p1a: Chansey|486\/703
|cant|p1a: Chansey|partiallytrapped
|
|turn|35
|c|★Calebmon|If you Paralyse Dragonite he is dead
|c|★Calebmon|because eventually he will be too paralyzed to move
|choice|switch 3|move 2
|
|switch|p1a: Zapdos|Zapdos|192\/383
|move|p2a: Dragonite|Wrap|p1a: Zapdos
|-damage|p1a: Zapdos|176\/383
|-activate|p1a: Zapdos|move: Wrap|[of] p2a: Dragonite
|
|turn|36
|c|★matdelucca|yea been trying
|choice|move Thunder Wave|move 2
|
|move|p2a: Dragonite|Wrap|p1a: Zapdos
|-damage|p1a: Zapdos|160\/383
|cant|p1a: Zapdos|partiallytrapped
|
|turn|37
|c|★Calebmon|If Zapdos gets to 38% he will be in KO range from Dragonites Hyper beam
|choice|switch 6|move 2
|
|switch|p1a: Lapras|Lapras|159\/463
|move|p2a: Dragonite|Wrap|p1a: Lapras
|-damage|p1a: Lapras|143\/463
|-activate|p1a: Lapras|move: Wrap|[of] p2a: Dragonite
|
|turn|38
|choice|switch 6|move 2
|
|switch|p1a: Zapdos|Zapdos|160\/383
|move|p2a: Dragonite|Wrap|p1a: Zapdos
|-damage|p1a: Zapdos|142\/383
|-activate|p1a: Zapdos|move: Wrap|[of] p2a: Dragonite
|
|turn|39
|choice|move Thunder Wave|move 2
|
|move|p2a: Dragonite|Wrap|p1a: Zapdos
|-damage|p1a: Zapdos|124\/383
|cant|p1a: Zapdos|partiallytrapped
|
|turn|40
|choice|move Thunder Wave|move 2
|
|move|p2a: Dragonite|Wrap|p1a: Zapdos
|-damage|p1a: Zapdos|106\/383
|cant|p1a: Zapdos|partiallytrapped
|
|-end|p1a: Zapdos|Wrap|[partiallytrapped]
|turn|41
|choice|switch 3|move 3
|
|switch|p1a: Chansey|Chansey|486\/703
|move|p2a: Dragonite|Hyper Beam|p1a: Chansey
|-crit|p1a: Chansey
|-damage|p1a: Chansey|0 fnt
|faint|p1a: Chansey
|choice|switch 3|
|
|switch|p1a: Zapdos|Zapdos|106\/383
|turn|42
|choice|move Thunder Wave|move 3
|
|move|p2a: Dragonite|Hyper Beam|p1a: Zapdos
|-damage|p1a: Zapdos|0 fnt
|faint|p1a: Zapdos
|choice|switch 6|
|
|switch|p1a: Lapras|Lapras|143\/463
|turn|43
|choice|move Confuse Ray|move 3
|
|move|p2a: Dragonite|Hyper Beam|p1a: Lapras
|-damage|p1a: Lapras|0 fnt
|faint|p1a: Lapras
|
|win|Calebmon
|raw|matdelucca's rating: 1071 &rarr; <strong>1049<\/strong><br \/>(-22 for losing)
|raw|Calebmon's rating: 1048 &rarr; <strong>1083<\/strong><br \/>(+35 for winning)
|c|★Calebmon|gg
|c|★matdelucca|lol good game
|c|★matdelucca|learned some stuff
|c|★matdelucca|c ya
|c|★Calebmon|Bye