|join|Gildaro
|join|Doshyara
|player|p1|Gildaro|151
|player|p2|Doshyara|30
|gametype|singles
|gen|1
|tier|[Gen 1] OU (beta)
|rated
|rule|Sleep Clause Mod: Limit one foe put to sleep
|rule|Species Clause: Limit one of each Pokemon
|rule|OHKO Clause: OHKO moves are banned
|rule|Moody Clause: Moody is banned
|rule|Evasion Moves Clause: Evasion moves are banned
|rule|Endless Battle Clause: Forcing endless battles is banned.
|rule|HP Percentage Mod: HP is reported as percentages
|
|start
|switch|p1a: Gengar|Gengar|323\/323
|switch|p2a: Jynx|Jynx|333\/333
|turn|1
|
|switch|p1a: Exeggutor|Exeggutor|393\/393
|switch|p2a: Exeggutor|Exeggutor|393\/393
|
|turn|2
|
|move|p1a: Exeggutor|Sleep Powder|p2a: Exeggutor
|-status|p2a: Exeggutor|slp
|cant|p2a: Exeggutor|slp
|
|turn|3
|
|switch|p2a: Jynx|Jynx|333\/333
|switch|p1a: Snorlax|Snorlax|523\/523
|
|turn|4
|
|move|p2a: Jynx|Lovely Kiss|p1a: Snorlax|[miss]
|-miss|p2a: Jynx
|move|p1a: Snorlax|Amnesia|p1a: Snorlax
|-boost|p1a: Snorlax|spd|2
|-boost|p1a: Snorlax|spa|2
|
|turn|5
|
|move|p2a: Jynx|Ice Beam|p1a: Snorlax
|-damage|p1a: Snorlax|456\/523
|move|p1a: Snorlax|Amnesia|p1a: Snorlax
|-boost|p1a: Snorlax|spd|2
|-boost|p1a: Snorlax|spa|2
|
|turn|6
|
|move|p2a: Jynx|Lovely Kiss|p1a: Snorlax|[miss]
|-miss|p2a: Jynx
|move|p1a: Snorlax|Body Slam|p2a: Jynx
|-damage|p2a: Jynx|149\/333
|
|turn|7
|
|move|p2a: Jynx|Lovely Kiss|p1a: Snorlax
|-status|p1a: Snorlax|slp
|cant|p1a: Snorlax|slp
|
|turn|8
|
|move|p2a: Jynx|Ice Beam|p1a: Snorlax
|-damage|p1a: Snorlax|407\/523 slp
|cant|p1a: Snorlax|slp
|
|turn|9
|
|switch|p2a: Alakazam|Alakazam|313\/313
|cant|p1a: Snorlax|slp
|
|turn|10
|
|move|p2a: Alakazam|Psychic|p1a: Snorlax|[miss]
|-miss|p2a: Alakazam
|cant|p1a: Snorlax|slp
|-curestatus|p1a: Snorlax|slp
|
|turn|11
|
|move|p2a: Alakazam|Reflect|p2a: Alakazam
|move|p1a: Snorlax|Body Slam|p2a: Alakazam
|-damage|p2a: Alakazam|231\/313
|
|turn|12
|
|move|p2a: Alakazam|Psychic|p1a: Snorlax
|-damage|p1a: Snorlax|349\/523
|-unboost|p1a: Snorlax|spd|1
|-unboost|p1a: Snorlax|spa|1
|move|p1a: Snorlax|Body Slam|p2a: Alakazam
|-damage|p2a: Alakazam|150\/313
|-status|p2a: Alakazam|par
|
|turn|13
|
|move|p1a: Snorlax|Body Slam|p2a: Alakazam
|-damage|p2a: Alakazam|68\/313 par
|move|p2a: Alakazam|Recover|p2a: Alakazam
|-heal|p2a: Alakazam|224\/313 par
|
|turn|14
|
|move|p1a: Snorlax|Body Slam|p2a: Alakazam
|-damage|p2a: Alakazam|137\/313 par
|move|p2a: Alakazam|Thunder Wave|p1a: Snorlax
|-status|p1a: Snorlax|par
|
|turn|15
|
|move|p2a: Alakazam|Psychic|p1a: Snorlax
|-damage|p1a: Snorlax|282\/523 par
|move|p1a: Snorlax|Body Slam|p2a: Alakazam
|-damage|p2a: Alakazam|54\/313 par
|
|turn|16
|join|i am resh
|
|move|p2a: Alakazam|Recover|p2a: Alakazam
|-heal|p2a: Alakazam|210\/313 par
|move|p1a: Snorlax|Body Slam|p2a: Alakazam
|-damage|p2a: Alakazam|131\/313 par
|
|turn|17
|
|move|p2a: Alakazam|Recover|p2a: Alakazam
|-heal|p2a: Alakazam|287\/313 par
|move|p1a: Snorlax|Body Slam|p2a: Alakazam
|-damage|p2a: Alakazam|196\/313 par
|
|turn|18
|
|move|p2a: Alakazam|Psychic|p1a: Snorlax
|-crit|p1a: Snorlax
|-damage|p1a: Snorlax|0 fnt
|faint|p1a: Snorlax
|
|
|switch|p1a: Exeggutor|Exeggutor|393\/393
|turn|19
|
|switch|p2a: Jynx|Jynx|149\/333
|move|p1a: Exeggutor|Explosion|p2a: Jynx
|-damage|p2a: Jynx|0 fnt
|faint|p2a: Jynx
|faint|p1a: Exeggutor
|
|switch|p1a: Alakazam|Alakazam|313\/313
|switch|p2a: Tauros|Tauros|353\/353
|turn|20
|
|move|p1a: Alakazam|Thunder Wave|p2a: Tauros
|-status|p2a: Tauros|par
|cant|p2a: Tauros|par
|
|turn|21
|
|move|p1a: Alakazam|Reflect|p1a: Alakazam
|move|p2a: Tauros|Body Slam|p1a: Alakazam
|-damage|p1a: Alakazam|228\/313
|-status|p1a: Alakazam|par
|
|turn|22
|
|move|p1a: Alakazam|Psychic|p2a: Tauros
|-damage|p2a: Tauros|184\/353 par
|-unboost|p2a: Tauros|spd|1
|-unboost|p2a: Tauros|spa|1
|move|p2a: Tauros|Body Slam|p1a: Alakazam
|-damage|p1a: Alakazam|142\/313 par
|
|turn|23
|
|cant|p1a: Alakazam|par
|move|p2a: Tauros|Hyper Beam|p1a: Alakazam
|-crit|p1a: Alakazam
|-damage|p1a: Alakazam|0 fnt
|faint|p1a: Alakazam
|
|
|switch|p1a: Tauros|Tauros|353\/353
|turn|24
|
|move|p1a: Tauros|Body Slam|p2a: Tauros
|-crit|p2a: Tauros
|-damage|p2a: Tauros|0 fnt
|faint|p2a: Tauros
|
|
|switch|p2a: Snorlax|Snorlax|523\/523
|turn|25
|chat|i am resh|so much crits lolol
|
|switch|p1a: Gengar|Gengar|323\/323
|move|p2a: Snorlax|Body Slam|p1a: Gengar
|-immune|p1a: Gengar|[msg]
|
|turn|26
|
|switch|p1a: Chansey|Chansey|703\/703
|move|p2a: Snorlax|Earthquake|p1a: Chansey
|-damage|p1a: Chansey|459\/703
|
|turn|27
|
|move|p1a: Chansey|Thunder Wave|p2a: Snorlax
|-status|p2a: Snorlax|par
|move|p2a: Snorlax|Body Slam|p1a: Chansey
|-damage|p1a: Chansey|154\/703
|
|turn|28
|
|move|p1a: Chansey|Soft-Boiled|p1a: Chansey
|-heal|p1a: Chansey|505\/703
|move|p2a: Snorlax|Body Slam|p1a: Chansey
|-damage|p1a: Chansey|191\/703
|
|turn|29
|
|move|p1a: Chansey|Soft-Boiled|p1a: Chansey
|-heal|p1a: Chansey|542\/703
|move|p2a: Snorlax|Body Slam|p1a: Chansey
|-damage|p1a: Chansey|231\/703
|
|turn|30
|
|move|p1a: Chansey|Soft-Boiled|p1a: Chansey
|-heal|p1a: Chansey|582\/703
|move|p2a: Snorlax|Body Slam|p1a: Chansey
|-damage|p1a: Chansey|299\/703
|
|turn|31
|
|move|p1a: Chansey|Soft-Boiled|p1a: Chansey
|-heal|p1a: Chansey|650\/703
|move|p2a: Snorlax|Body Slam|p1a: Chansey
|-damage|p1a: Chansey|336\/703
|
|turn|32
|
|move|p1a: Chansey|Soft-Boiled|p1a: Chansey
|-heal|p1a: Chansey|687\/703
|move|p2a: Snorlax|Body Slam|p1a: Chansey
|-damage|p1a: Chansey|401\/703
|-status|p1a: Chansey|par
|
|turn|33
|
|move|p1a: Chansey|Soft-Boiled|p1a: Chansey
|-heal|p1a: Chansey|703\/703 par
|cant|p2a: Snorlax|par
|
|turn|34
|
|switch|p1a: Gengar|Gengar|323\/323
|cant|p2a: Snorlax|par
|
|turn|35
|
|move|p1a: Gengar|Psychic|p2a: Snorlax
|-damage|p2a: Snorlax|417\/523 par
|-unboost|p2a: Snorlax|spd|1
|-unboost|p2a: Snorlax|spa|1
|move|p2a: Snorlax|Earthquake|p1a: Gengar
|-supereffective|p1a: Gengar
|-damage|p1a: Gengar|95\/323
|
|turn|36
|
|move|p1a: Gengar|Explosion|p2a: Snorlax
|-damage|p2a: Snorlax|151\/523 par
|faint|p1a: Gengar
|
|switch|p1a: Tauros|Tauros|353\/353
|turn|37
|
|move|p1a: Tauros|Body Slam|p2a: Snorlax
|-damage|p2a: Snorlax|18\/523 par
|cant|p2a: Snorlax|par
|
|turn|38
|
|switch|p2a: Chansey|Chansey|703\/703
|move|p1a: Tauros|Body Slam|p2a: Chansey
|-crit|p2a: Chansey
|-damage|p2a: Chansey|196\/703
|
|turn|39
|
|move|p1a: Tauros|Body Slam|p2a: Chansey
|-damage|p2a: Chansey|0 fnt
|faint|p2a: Chansey
|
|
|switch|p2a: Alakazam|Alakazam|196\/313 par
|turn|40
|
|move|p1a: Tauros|Hyper Beam|p2a: Alakazam
|-damage|p2a: Alakazam|0 fnt
|faint|p2a: Alakazam
|
|
|switch|p2a: Exeggutor|Exeggutor|393\/393 slp
|turn|41
|
|move|p1a: Tauros|Body Slam|p2a: Exeggutor
|-damage|p2a: Exeggutor|274\/393 slp
|cant|p2a: Exeggutor|slp
|
|turn|42
|
|move|p1a: Tauros|Body Slam|p2a: Exeggutor
|-damage|p2a: Exeggutor|158\/393 slp
|cant|p2a: Exeggutor|slp
|
|turn|43
|
|move|p1a: Tauros|Body Slam|p2a: Exeggutor
|-crit|p2a: Exeggutor
|-damage|p2a: Exeggutor|0 fnt
|faint|p2a: Exeggutor
|
|
|switch|p2a: Snorlax|Snorlax|18\/523 par
|turn|44
|
|move|p1a: Tauros|Body Slam|p2a: Snorlax
|-crit|p2a: Snorlax
|-damage|p2a: Snorlax|0 fnt
|faint|p2a: Snorlax
|
|win|Gildaro
|raw|Ladder updating...
|raw|Gildaro's rating: 1140 &rarr; <strong>1174<\/strong><br \/>(+34 for winning)
|raw|Doshyara's rating: 1280 &rarr; <strong>1245<\/strong><br \/>(-35 for losing)
|chat|Gildaro|gg
|leave|Doshyara
|player|p2