|j|Prof.Seymour
|j|Ch01W0n5h1n
|player|p1|Prof.Seymour|117
|player|p2|Ch01W0n5h1n|165
|gametype|singles
|gen|1
|tier|[Gen 1] OU
|rated
|seed|25918,32366,33566,44460
|rule|Sleep Clause Mod: Limit one foe put to sleep
|rule|Freeze Clause Mod: Limit one foe frozen
|rule|Species Clause: Limit one of each Pokémon
|rule|OHKO Clause: OHKO moves are banned
|rule|Evasion Moves Clause: Evasion moves are banned
|rule|HP Percentage Mod: HP is shown in percentages
|
|start
|switch|p1a: The Cheshire Kat|Gengar|323\/323
|switch|p2a: Jynx|Jynx|333\/333
|turn|1
|choice|switch 3|move 2
|
|switch|p1a: The Mock Turtle|Blastoise|361\/361
|move|p2a: Jynx|Lovely Kiss|p1a: The Mock Turtle
|-status|p1a: The Mock Turtle|slp
|
|turn|2
|choice|move 2|move 4
|
|move|p2a: Jynx|Substitute|p2a: Jynx
|-start|p2a: Jynx|Substitute
|-damage|p2a: Jynx|250\/333
|cant|p1a: The Mock Turtle|slp
|
|turn|3
|choice|move 2|move 3
|
|move|p2a: Jynx|Psychic|p1a: The Mock Turtle
|-damage|p1a: The Mock Turtle|255\/361 slp
|-curestatus|p1a: The Mock Turtle|slp
|
|turn|4
|choice|move 2|move 2
|
|move|p2a: Jynx|Lovely Kiss|p1a: The Mock Turtle
|-status|p1a: The Mock Turtle|slp
|-curestatus|p1a: The Mock Turtle|slp
|
|turn|5
|choice|move 2|move 2
|
|move|p2a: Jynx|Lovely Kiss|p1a: The Mock Turtle|[miss]
|-miss|p2a: Jynx
|move|p1a: The Mock Turtle|Earthquake|p2a: Jynx
|-end|p2a: Jynx|Substitute
|
|turn|6
|choice|move 2|move 2
|
|move|p2a: Jynx|Lovely Kiss|p1a: The Mock Turtle
|-status|p1a: The Mock Turtle|slp
|cant|p1a: The Mock Turtle|slp
|
|turn|7
|choice|move 2|move 4
|
|move|p2a: Jynx|Substitute|p2a: Jynx
|-start|p2a: Jynx|Substitute
|-damage|p2a: Jynx|167\/333
|cant|p1a: The Mock Turtle|slp
|
|turn|8
|choice|move 2|move 3
|
|move|p2a: Jynx|Psychic|p1a: The Mock Turtle
|-damage|p1a: The Mock Turtle|133\/361 slp
|-unboost|p1a: The Mock Turtle|spd|1
|-unboost|p1a: The Mock Turtle|spa|1
|cant|p1a: The Mock Turtle|slp
|
|turn|9
|choice|move 2|move 3
|
|move|p2a: Jynx|Psychic|p1a: The Mock Turtle
|-damage|p1a: The Mock Turtle|0 fnt
|faint|p1a: The Mock Turtle
|choice|switch 5|
|
|switch|p1a: Snowdrop|Vaporeon|463\/463
|turn|10
|choice|move 4|move 3
|
|move|p2a: Jynx|Psychic|p1a: Snowdrop
|-damage|p1a: Snowdrop|373\/463
|move|p1a: Snowdrop|Ice Beam|p2a: Jynx
|-crit|p2a: Jynx
|-resisted|p2a: Jynx
|-activate|p2a: Jynx|Substitute|[damage]
|
|turn|11
|choice|switch 4|move 2
|
|switch|p1a: The Dutchess|Jynx|333\/333
|move|p2a: Jynx|Lovely Kiss|p1a: The Dutchess
|-status|p1a: The Dutchess|slp
|
|turn|12
|choice|move 3|move 3
|
|move|p2a: Jynx|Psychic|p1a: The Dutchess
|-resisted|p1a: The Dutchess
|-damage|p1a: The Dutchess|282\/333 slp
|cant|p1a: The Dutchess|slp
|
|turn|13
|choice|move 1|move 3
|
|cant|p1a: The Dutchess|slp
|move|p2a: Jynx|Psychic|p1a: The Dutchess
|-resisted|p1a: The Dutchess
|-damage|p1a: The Dutchess|225\/333 slp
|
|turn|14
|choice|move 3|move 3
|
|cant|p1a: The Dutchess|slp
|move|p2a: Jynx|Psychic|p1a: The Dutchess
|-resisted|p1a: The Dutchess
|-damage|p1a: The Dutchess|170\/333 slp
|
|turn|15
|choice|move 3|move 3
|
|move|p2a: Jynx|Psychic|p1a: The Dutchess
|-resisted|p1a: The Dutchess
|-damage|p1a: The Dutchess|114\/333 slp
|-curestatus|p1a: The Dutchess|slp
|
|turn|16
|choice|move 3|move 3
|
|move|p1a: The Dutchess|Psychic|p2a: Jynx
|-crit|p2a: Jynx
|-resisted|p2a: Jynx
|-end|p2a: Jynx|Substitute
|move|p2a: Jynx|Psychic|p1a: The Dutchess
|-resisted|p1a: The Dutchess
|-damage|p1a: The Dutchess|65\/333
|-unboost|p1a: The Dutchess|spd|1
|-unboost|p1a: The Dutchess|spa|1
|
|turn|17
|choice|move 3|move 3
|
|move|p2a: Jynx|Psychic|p1a: The Dutchess
|-crit|p1a: The Dutchess
|-resisted|p1a: The Dutchess
|-damage|p1a: The Dutchess|0 fnt
|faint|p1a: The Dutchess
|choice|switch 6|
|
|switch|p1a: Dinah|Persian|333\/333
|turn|18
|choice|move 1|switch 6
|
|switch|p2a: Nidoking|Nidoking|365\/365
|move|p1a: Dinah|Slash|p2a: Nidoking
|-crit|p2a: Nidoking
|-damage|p2a: Nidoking|208\/365
|
|turn|19
|choice|switch 2|move 4
|
|switch|p1a: Bandersnatch|Dragonite|385\/385
|move|p2a: Nidoking|Substitute|p2a: Nidoking
|-start|p2a: Nidoking|Substitute
|-damage|p2a: Nidoking|117\/365
|
|turn|20
|choice|move 3|move 1
|
|move|p2a: Nidoking|Blizzard|p1a: Bandersnatch|[miss]
|-miss|p2a: Nidoking
|move|p1a: Bandersnatch|Ice Beam|p2a: Nidoking
|-crit|p2a: Nidoking
|-supereffective|p2a: Nidoking
|-end|p2a: Nidoking|Substitute
|
|turn|21
|choice|move 3|move 1
|
|move|p2a: Nidoking|Blizzard|p1a: Bandersnatch
|-supereffective|p1a: Bandersnatch
|-damage|p1a: Bandersnatch|44\/385
|move|p1a: Bandersnatch|Ice Beam|p2a: Nidoking
|-supereffective|p2a: Nidoking
|-damage|p2a: Nidoking|0 fnt
|faint|p2a: Nidoking
|choice||switch 6
|
|switch|p2a: Jynx|Jynx|167\/333
|turn|22
|choice|move 2|move 2
|
|move|p2a: Jynx|Lovely Kiss|p1a: Bandersnatch
|-status|p1a: Bandersnatch|slp
|cant|p1a: Bandersnatch|slp
|
|turn|23
|choice|move 3|move 4
|
|move|p2a: Jynx|Substitute|p2a: Jynx
|-start|p2a: Jynx|Substitute
|-damage|p2a: Jynx|84\/333
|cant|p1a: Bandersnatch|slp
|
|turn|24
|choice|move 3|move 1
|
|move|p2a: Jynx|Blizzard|p1a: Bandersnatch
|-supereffective|p1a: Bandersnatch
|-damage|p1a: Bandersnatch|0 fnt
|faint|p1a: Bandersnatch
|choice|switch 2|
|
|switch|p1a: Dinah|Persian|333\/333
|turn|25
|choice|move 1|move 2
|
|move|p1a: Dinah|Slash|p2a: Jynx
|-crit|p2a: Jynx
|-end|p2a: Jynx|Substitute
|move|p2a: Jynx|Lovely Kiss|p1a: Dinah
|-status|p1a: Dinah|slp
|
|turn|26
|choice|move 1|move 4
|
|cant|p1a: Dinah|slp
|move|p2a: Jynx|Substitute|p2a: Jynx
|-start|p2a: Jynx|Substitute
|-damage|p2a: Jynx|1\/333
|
|turn|27
|choice|move 1|move 1
|
|cant|p1a: Dinah|slp
|move|p2a: Jynx|Blizzard|p1a: Dinah
|-damage|p1a: Dinah|148\/333 slp
|
|turn|28
|choice|move 1|move 1
|
|cant|p1a: Dinah|slp
|move|p2a: Jynx|Blizzard|p1a: Dinah
|-damage|p1a: Dinah|0 fnt
|faint|p1a: Dinah
|choice|switch 4|
|
|switch|p1a: Snowdrop|Vaporeon|373\/463
|turn|29
|choice|move 4|move 2
|
|move|p2a: Jynx|Lovely Kiss|p1a: Snowdrop
|-status|p1a: Snowdrop|slp
|cant|p1a: Snowdrop|slp
|
|turn|30
|choice|move 4|move 3
|
|move|p2a: Jynx|Psychic|p1a: Snowdrop
|-damage|p1a: Snowdrop|268\/463 slp
|cant|p1a: Snowdrop|slp
|
|turn|31
|choice|move 4|move 3
|
|move|p2a: Jynx|Psychic|p1a: Snowdrop
|-damage|p1a: Snowdrop|169\/463 slp
|cant|p1a: Snowdrop|slp
|
|turn|32
|choice|move 4|move 3
|
|move|p2a: Jynx|Psychic|p1a: Snowdrop
|-crit|p1a: Snowdrop
|-damage|p1a: Snowdrop|0 fnt
|faint|p1a: Snowdrop
|choice|switch 3|
|
|switch|p1a: The Cheshire Kat|Gengar|323\/323
|turn|33
|choice|move 1|move 2
|
|move|p1a: The Cheshire Kat|Psychic|p2a: Jynx
|-resisted|p2a: Jynx
|-activate|p2a: Jynx|Substitute|[damage]
|move|p2a: Jynx|Lovely Kiss|p1a: The Cheshire Kat
|-status|p1a: The Cheshire Kat|slp
|
|turn|34
|choice|move 1|move 3
|
|cant|p1a: The Cheshire Kat|slp
|move|p2a: Jynx|Psychic|p1a: The Cheshire Kat
|-supereffective|p1a: The Cheshire Kat
|-damage|p1a: The Cheshire Kat|162\/323 slp
|
|turn|35
|choice|move 1|move 3
|
|cant|p1a: The Cheshire Kat|slp
|move|p2a: Jynx|Psychic|p1a: The Cheshire Kat
|-supereffective|p1a: The Cheshire Kat
|-damage|p1a: The Cheshire Kat|0 fnt
|faint|p1a: The Cheshire Kat
|
|win|Ch01W0n5h1n
|raw|Prof.Seymour's rating: 1029 &rarr; <strong>1021<\/strong><br \/>(-8 for losing)
|raw|Ch01W0n5h1n's rating: 1203 &rarr; <strong>1217<\/strong><br \/>(+14 for winning)
|l|Prof.Seymour
|player|p1