|join|gen1masterrony
|join|benito camelo
|player|p1|gen1masterrony|163
|player|p2|benito camelo|209
|gametype|singles
|gen|1
|tier|[Gen 1] OU (beta)
|rated
|rule|Sleep Clause Mod: Limit one foe put to sleep
|rule|Species Clause: Limit one of each Pokémon
|rule|OHKO Clause: OHKO moves are banned
|rule|Evasion Moves Clause: Evasion moves are banned
|rule|HP Percentage Mod: HP is shown in percentages
|
|start
|switch|p1a: Hypno|Hypno|373\/373
|switch|p2a: psycosex|Alakazam|313\/313
|turn|1
|
|move|p2a: psycosex|Thunder Wave|p1a: Hypno
|-status|p1a: Hypno|par
|move|p1a: Hypno|Hypnosis|p2a: psycosex
|-status|p2a: psycosex|slp
|
|turn|2
|
|switch|p2a: toxic is for scrub|Chansey|703\/703
|move|p1a: Hypno|Psychic|p2a: toxic is for scrub
|-damage|p2a: toxic is for scrub|598\/703
|-unboost|p2a: toxic is for scrub|spd|1
|-unboost|p2a: toxic is for scrub|spa|1
|
|turn|3
|
|move|p2a: toxic is for scrub|Seismic Toss|p1a: Hypno
|-damage|p1a: Hypno|273\/373 par
|move|p1a: Hypno|Thunder Wave|p2a: toxic is for scrub
|-status|p2a: toxic is for scrub|par
|
|turn|4
|
|move|p1a: Hypno|Psychic|p2a: toxic is for scrub
|-damage|p2a: toxic is for scrub|419\/703 par
|cant|p2a: toxic is for scrub|par
|
|turn|5
|
|move|p1a: Hypno|Psychic|p2a: toxic is for scrub
|-crit|p2a: toxic is for scrub
|-damage|p2a: toxic is for scrub|183\/703 par
|move|p2a: toxic is for scrub|Seismic Toss|p1a: Hypno
|-damage|p1a: Hypno|173\/373 par
|
|turn|6
|
|cant|p1a: Hypno|par
|cant|p2a: toxic is for scrub|par
|
|turn|7
|
|move|p1a: Hypno|Hyper Beam|p2a: toxic is for scrub
|-damage|p2a: toxic is for scrub|0 fnt
|faint|p2a: toxic is for scrub
|
|switch|p2a: hello baby|Zapdos|383\/383
|turn|8
|
|move|p2a: hello baby|Thunderbolt|p1a: Hypno
|-crit|p1a: Hypno
|-damage|p1a: Hypno|0 fnt
|faint|p1a: Hypno
|
|switch|p1a: Alakazam|Alakazam|313\/313
|turn|9
|
|move|p1a: Alakazam|Psychic|p2a: hello baby
|-damage|p2a: hello baby|279\/383
|-unboost|p2a: hello baby|spd|1
|-unboost|p2a: hello baby|spa|1
|move|p2a: hello baby|Thunder Wave|p1a: Alakazam
|-status|p1a: Alakazam|par
|
|turn|10
|
|switch|p2a: the monster of nes|Lapras|463\/463
|move|p1a: Alakazam|Psychic|p2a: the monster of nes
|-damage|p2a: the monster of nes|322\/463
|
|turn|11
|
|move|p2a: the monster of nes|Confuse Ray|p1a: Alakazam
|-start|p1a: Alakazam|confusion
|cant|p1a: Alakazam|par
|
|turn|12
|
|move|p2a: the monster of nes|Body Slam|p1a: Alakazam
|-damage|p1a: Alakazam|215\/313 par
|-activate|p1a: Alakazam|confusion
|move|p1a: Alakazam|Psychic|p2a: the monster of nes
|-crit|p2a: the monster of nes
|-damage|p2a: the monster of nes|37\/463
|
|turn|13
|
|move|p2a: the monster of nes|Rest|p2a: the monster of nes
|-status|p2a: the monster of nes|slp
|-heal|p2a: the monster of nes|463\/463 slp|[silent]
|-status|p2a: the monster of nes|slp|[from] move: Rest
|-activate|p1a: Alakazam|confusion
|-damage|p1a: Alakazam|183\/313 par|[from] confusion
|
|turn|14
|
|switch|p1a: Starmie|Starmie|323\/323
|cant|p2a: the monster of nes|slp
|
|turn|15
|
|move|p1a: Starmie|Thunderbolt|p2a: the monster of nes
|-supereffective|p2a: the monster of nes
|-damage|p2a: the monster of nes|319\/463 slp
|cant|p2a: the monster of nes|slp
|-curestatus|p2a: the monster of nes|slp
|
|turn|16
|
|move|p1a: Starmie|Thunder Wave|p2a: the monster of nes
|-status|p2a: the monster of nes|par
|move|p2a: the monster of nes|Body Slam|p1a: Starmie
|-crit|p1a: Starmie
|-damage|p1a: Starmie|188\/323
|
|turn|17
|
|move|p1a: Starmie|Thunderbolt|p2a: the monster of nes
|-crit|p2a: the monster of nes
|-supereffective|p2a: the monster of nes
|-damage|p2a: the monster of nes|34\/463 par
|move|p2a: the monster of nes|Body Slam|p1a: Starmie
|-damage|p1a: Starmie|115\/323
|
|turn|18
|
|move|p1a: Starmie|Thunderbolt|p2a: the monster of nes
|-supereffective|p2a: the monster of nes
|-damage|p2a: the monster of nes|0 fnt
|faint|p2a: the monster of nes
|
|switch|p2a: hello baby|Zapdos|279\/383
|turn|19
|
|move|p1a: Starmie|Blizzard|p2a: hello baby
|-crit|p2a: hello baby
|-supereffective|p2a: hello baby
|-damage|p2a: hello baby|0 fnt
|faint|p2a: hello baby
|
|switch|p2a: you are a scrub|Tauros|353\/353
|turn|20
|
|move|p1a: Starmie|Thunder Wave|p2a: you are a scrub
|-status|p2a: you are a scrub|par
|move|p2a: you are a scrub|Body Slam|p1a: Starmie
|-damage|p1a: Starmie|9\/323
|
|turn|21
|
|move|p1a: Starmie|Blizzard|p2a: you are a scrub
|-damage|p2a: you are a scrub|231\/353 par
|move|p2a: you are a scrub|Body Slam|p1a: Starmie
|-damage|p1a: Starmie|0 fnt
|faint|p1a: Starmie
|
|switch|p1a: Alakazam|Alakazam|183\/313 par
|turn|22
|
|move|p1a: Alakazam|Psychic|p2a: you are a scrub
|-damage|p2a: you are a scrub|81\/353 par
|move|p2a: you are a scrub|Hyper Beam|p1a: Alakazam
|-damage|p1a: Alakazam|0 fnt
|faint|p1a: Alakazam
|
|switch|p1a: Tauros|Tauros|353\/353
|turn|23
|
|move|p1a: Tauros|Body Slam|p2a: you are a scrub
|-crit|p2a: you are a scrub
|-damage|p2a: you are a scrub|0 fnt
|faint|p2a: you are a scrub
|
|switch|p2a: the rock pony|Rhydon|413\/413
|turn|24
|
|switch|p1a: Hitmonchan|Hitmonchan|303\/303
|move|p2a: the rock pony|Substitute|p2a: the rock pony
|-start|p2a: the rock pony|Substitute
|-damage|p2a: the rock pony|310\/413
|
|turn|25
|
|move|p1a: Hitmonchan|Agility|p1a: Hitmonchan
|-boost|p1a: Hitmonchan|spe|2
|move|p2a: the rock pony|Earthquake|p1a: Hitmonchan
|-damage|p1a: Hitmonchan|129\/303
|
|turn|26
|
|move|p1a: Hitmonchan|Ice Punch|p2a: the rock pony
|-supereffective|p2a: the rock pony
|-end|p2a: the rock pony|Substitute
|move|p2a: the rock pony|Earthquake|p1a: Hitmonchan
|-damage|p1a: Hitmonchan|0 fnt
|faint|p1a: Hitmonchan
|
|switch|p1a: Tauros|Tauros|353\/353
|turn|27
|
|move|p1a: Tauros|Body Slam|p2a: the rock pony
|-resisted|p2a: the rock pony
|-damage|p2a: the rock pony|269\/413
|-status|p2a: the rock pony|par
|move|p2a: the rock pony|Substitute|p2a: the rock pony
|-start|p2a: the rock pony|Substitute
|-damage|p2a: the rock pony|166\/413 par
|
|turn|28
|
|move|p1a: Tauros|Blizzard|p2a: the rock pony
|-supereffective|p2a: the rock pony
|-end|p2a: the rock pony|Substitute
|move|p2a: the rock pony|Earthquake|p1a: Tauros
|-damage|p1a: Tauros|215\/353
|
|turn|29
|
|move|p1a: Tauros|Blizzard|p2a: the rock pony
|-crit|p2a: the rock pony
|-supereffective|p2a: the rock pony
|-damage|p2a: the rock pony|0 fnt
|faint|p2a: the rock pony
|
|switch|p2a: psycosex|Alakazam|313\/313 slp
|turn|30
|
|cant|p2a: psycosex|slp
|move|p1a: Tauros|Body Slam|p2a: psycosex
|-damage|p2a: psycosex|147\/313 slp
|
|turn|31
|
|cant|p2a: psycosex|slp
|move|p1a: Tauros|Body Slam|p2a: psycosex
|-damage|p2a: psycosex|0 fnt
|faint|p2a: psycosex
|
|win|gen1masterrony
|raw|Ladder updating...
|raw|gen1masterrony's rating: 1136 &rarr; <strong>1159<\/strong><br \/>(+23 for winning)
|raw|benito camelo's rating: 1113 &rarr; <strong>1090<\/strong><br \/>(-23 for losing)
|c|★benito camelo|GG
|leave|benito camelo
|player|p2