|j|user p2
|j|farmertome
|player|p1|user p2|217
|player|p2|farmertome|154
|gametype|singles
|gen|1
|tier|[Gen 1] OU
|seed|
|rule|Sleep Clause Mod: Limit one foe put to sleep
|rule|Freeze Clause Mod: Limit one foe frozen
|rule|Species Clause: Limit one of each Pokémon
|rule|OHKO Clause: OHKO moves are banned
|rule|Evasion Moves Clause: Evasion moves are banned
|rule|HP Percentage Mod: HP is shown in percentages
|
|start
|switch|p1a: Gengar|Gengar|100\/100
|switch|p2a: Gengar|Gengar|100\/100
|turn|1
|choice||
|
|switch|p2a: Slowbro|Slowbro|100\/100
|move|p1a: Gengar|Hypnosis|p2a: Slowbro|[miss]
|-miss|p1a: Gengar
|
|turn|2
|choice||
|
|move|p1a: Gengar|Hypnosis|p2a: Slowbro
|-status|p2a: Slowbro|slp
|cant|p2a: Slowbro|slp
|
|turn|3
|choice||
|
|switch|p2a: Articuno|Articuno|100\/100
|move|p1a: Gengar|Thunderbolt|p2a: Articuno
|-supereffective|p2a: Articuno
|-damage|p2a: Articuno|63\/100
|
|turn|4
|choice||
|
|move|p1a: Gengar|Thunderbolt|p2a: Articuno
|-supereffective|p2a: Articuno
|-damage|p2a: Articuno|21\/100
|move|p2a: Articuno|Ice Beam|p1a: Gengar
|-damage|p1a: Gengar|68\/100
|-status|p1a: Gengar|frz
|
|turn|5
|choice||
|
|switch|p1a: Chansey|Chansey|100\/100
|switch|p2a: Gengar|Gengar|100\/100
|
|turn|6
|choice||
|
|switch|p1a: Gengar|Gengar|68\/100 frz
|move|p2a: Gengar|Hypnosis|p1a: Gengar|[miss]
|-miss|p2a: Gengar
|
|turn|7
|choice||
|
|cant|p1a: Gengar|frz
|move|p2a: Gengar|Psychic|p1a: Gengar
|-supereffective|p1a: Gengar
|-damage|p1a: Gengar|22\/100 frz
|
|turn|8
|choice||
|
|move|p2a: Gengar|Psychic|p1a: Gengar
|-supereffective|p1a: Gengar
|-damage|p1a: Gengar|0 fnt
|faint|p1a: Gengar
|choice||
|
|switch|p1a: Alakazam|Alakazam|100\/100
|turn|9
|choice||
|
|switch|p2a: Slowbro|Slowbro|100\/100 slp
|move|p1a: Alakazam|Psychic|p2a: Slowbro|[miss]
|-miss|p1a: Alakazam
|
|turn|10
|choice||
|
|move|p1a: Alakazam|Psychic|p2a: Slowbro
|-resisted|p2a: Slowbro
|-damage|p2a: Slowbro|83\/100 slp
|cant|p2a: Slowbro|slp
|
|turn|11
|choice||
|
|switch|p1a: Chansey|Chansey|100\/100
|cant|p2a: Slowbro|slp
|
|turn|12
|choice||
|
|move|p1a: Chansey|Thunder Wave|p2a: Slowbro
|-fail|p2a: Slowbro
|-curestatus|p2a: Slowbro|slp
|
|turn|13
|choice||
|
|move|p1a: Chansey|Thunderbolt|p2a: Slowbro
|-supereffective|p2a: Slowbro
|-damage|p2a: Slowbro|33\/100
|move|p2a: Slowbro|Amnesia|p2a: Slowbro
|-boost|p2a: Slowbro|spd|2
|-boost|p2a: Slowbro|spa|2
|
|turn|14
|choice||
|
|move|p1a: Chansey|Thunderbolt|p2a: Slowbro
|-supereffective|p2a: Slowbro
|-damage|p2a: Slowbro|12\/100
|move|p2a: Slowbro|Rest|p2a: Slowbro
|-status|p2a: Slowbro|slp
|-heal|p2a: Slowbro|100\/100 slp|[silent]
|-status|p2a: Slowbro|slp|[from] move: Rest
|
|turn|15
|choice||
|
|move|p1a: Chansey|Thunderbolt|p2a: Slowbro|[miss]
|-miss|p1a: Chansey
|cant|p2a: Slowbro|slp
|
|turn|16
|choice||
|
|move|p1a: Chansey|Thunderbolt|p2a: Slowbro|[miss]
|-miss|p1a: Chansey
|-curestatus|p2a: Slowbro|slp
|
|turn|17
|c|★user p2|HOLY SHIT
|c|★user p2|NO WAY
|c|★user p2|WHAT
|c|★farmertome|wow
|c|★user p2|3 1\/255S
|c|★user p2|AHHHHHHHHHHHHH
|c|★farmertome|that is absurd
|choice||
|
|move|p1a: Chansey|Thunderbolt|p2a: Slowbro
|-supereffective|p2a: Slowbro
|-damage|p2a: Slowbro|79\/100
|move|p2a: Slowbro|Amnesia|p2a: Slowbro
|-boost|p2a: Slowbro|spd|2
|-boost|p2a: Slowbro|spa|2
|
|turn|18
|choice||
|
|move|p1a: Chansey|Thunder Wave|p2a: Slowbro
|-status|p2a: Slowbro|par
|move|p2a: Slowbro|Amnesia|p2a: Slowbro
|-boost|p2a: Slowbro|spd|2
|-boost|p2a: Slowbro|spa|2
|
|turn|19
|choice||
|
|move|p1a: Chansey|Thunderbolt|p2a: Slowbro
|-supereffective|p2a: Slowbro
|-damage|p2a: Slowbro|67\/100 par
|move|p2a: Slowbro|Surf|p1a: Chansey
|-damage|p1a: Chansey|47\/100
|
|turn|20
|choice||
|
|move|p1a: Chansey|Soft-Boiled|p1a: Chansey
|-heal|p1a: Chansey|97\/100
|move|p2a: Slowbro|Rest|p2a: Slowbro
|-status|p2a: Slowbro|slp
|-heal|p2a: Slowbro|100\/100 slp|[silent]
|-status|p2a: Slowbro|slp|[from] move: Rest
|
|turn|21
|choice||
|
|move|p1a: Chansey|Thunderbolt|p2a: Slowbro
|-supereffective|p2a: Slowbro
|-damage|p2a: Slowbro|88\/100 slp
|cant|p2a: Slowbro|slp
|
|turn|22
|choice||
|
|switch|p1a: Exeggutor|Exeggutor|100\/100
|-curestatus|p2a: Slowbro|slp
|
|turn|23
|j|AM
|choice||
|
|move|p1a: Exeggutor|Sleep Powder|p2a: Slowbro|[miss]
|-miss|p1a: Exeggutor
|move|p2a: Slowbro|Thunder Wave|p1a: Exeggutor
|-status|p1a: Exeggutor|par
|
|turn|24
|choice||
|
|cant|p1a: Exeggutor|par
|move|p2a: Slowbro|Surf|p1a: Exeggutor
|-resisted|p1a: Exeggutor
|-damage|p1a: Exeggutor|60\/100 par
|
|turn|25
|choice||
|
|move|p1a: Exeggutor|Sleep Powder|p2a: Slowbro|[miss]
|-miss|p1a: Exeggutor
|move|p2a: Slowbro|Surf|p1a: Exeggutor
|-resisted|p1a: Exeggutor
|-damage|p1a: Exeggutor|22\/100 par
|
|turn|26
|choice||
|
|move|p1a: Exeggutor|Sleep Powder|p2a: Slowbro|[miss]
|-miss|p1a: Exeggutor
|move|p2a: Slowbro|Surf|p1a: Exeggutor
|-resisted|p1a: Exeggutor
|-damage|p1a: Exeggutor|0 fnt
|faint|p1a: Exeggutor
|c|★user p2|omg
|c|★user p2|please send
|c|★user p2|help
|c|+AM|aaaaaaaa
|c|★user p2|any kind of help
|c|★farmertome|i would be quite sad if i was in your position
|c|★user p2|im just
|c|★user p2|ive got no words
|choice||
|
|switch|p1a: Chansey|Chansey|97\/100
|turn|27
|choice||
|
|move|p1a: Chansey|Thunderbolt|p2a: Slowbro
|-supereffective|p2a: Slowbro
|-damage|p2a: Slowbro|76\/100
|move|p2a: Slowbro|Surf|p1a: Chansey
|-damage|p1a: Chansey|43\/100
|
|turn|28
|c|+AM|p2 cries like justin beiber cries for selena gomez
|c|+AM|,_,
|choice||
|
|move|p1a: Chansey|Soft-Boiled|p1a: Chansey
|-heal|p1a: Chansey|93\/100
|move|p2a: Slowbro|Surf|p1a: Chansey
|-damage|p1a: Chansey|44\/100
|
|turn|29
|c|★user p2|,_,
|choice||
|
|move|p1a: Chansey|Soft-Boiled|p1a: Chansey
|-heal|p1a: Chansey|94\/100
|move|p2a: Slowbro|Surf|p1a: Chansey
|-damage|p1a: Chansey|40\/100
|
|turn|30
|choice||
|
|move|p1a: Chansey|Soft-Boiled|p1a: Chansey
|-heal|p1a: Chansey|90\/100
|move|p2a: Slowbro|Surf|p1a: Chansey
|-damage|p1a: Chansey|36\/100
|
|turn|31
|choice||
|
|move|p1a: Chansey|Soft-Boiled|p1a: Chansey
|-heal|p1a: Chansey|86\/100
|move|p2a: Slowbro|Surf|p1a: Chansey
|-damage|p1a: Chansey|39\/100
|
|turn|32
|choice||
|
|move|p1a: Chansey|Soft-Boiled|p1a: Chansey
|-heal|p1a: Chansey|89\/100
|move|p2a: Slowbro|Surf|p1a: Chansey
|-damage|p1a: Chansey|42\/100
|
|turn|33
|choice||
|
|move|p1a: Chansey|Soft-Boiled|p1a: Chansey
|-heal|p1a: Chansey|92\/100
|move|p2a: Slowbro|Surf|p1a: Chansey
|-damage|p1a: Chansey|37\/100
|
|turn|34
|choice||
|
|move|p1a: Chansey|Soft-Boiled|p1a: Chansey
|-heal|p1a: Chansey|87\/100
|move|p2a: Slowbro|Thunder Wave|p1a: Chansey
|-status|p1a: Chansey|par
|
|turn|35
|choice||
|
|move|p1a: Chansey|Thunder Wave|p2a: Slowbro
|-status|p2a: Slowbro|par
|move|p2a: Slowbro|Surf|p1a: Chansey
|-damage|p1a: Chansey|32\/100 par
|
|turn|36
|choice||
|
|move|p1a: Chansey|Soft-Boiled|p1a: Chansey
|-heal|p1a: Chansey|82\/100 par
|move|p2a: Slowbro|Rest|p2a: Slowbro
|-status|p2a: Slowbro|slp
|-heal|p2a: Slowbro|100\/100 slp|[silent]
|-status|p2a: Slowbro|slp|[from] move: Rest
|
|turn|37
|choice||
|
|move|p1a: Chansey|Thunderbolt|p2a: Slowbro
|-supereffective|p2a: Slowbro
|-damage|p2a: Slowbro|88\/100 slp
|cant|p2a: Slowbro|slp
|
|turn|38
|choice||
|
|move|p1a: Chansey|Thunderbolt|p2a: Slowbro
|-supereffective|p2a: Slowbro
|-damage|p2a: Slowbro|76\/100 slp
|-curestatus|p2a: Slowbro|slp
|
|turn|39
|choice||
|
|move|p1a: Chansey|Thunder Wave|p2a: Slowbro
|-status|p2a: Slowbro|par
|move|p2a: Slowbro|Surf|p1a: Chansey
|-damage|p1a: Chansey|33\/100 par
|
|turn|40
|choice||
|
|move|p1a: Chansey|Soft-Boiled|p1a: Chansey
|-heal|p1a: Chansey|83\/100 par
|cant|p2a: Slowbro|par
|
|turn|41
|choice||
|
|move|p1a: Chansey|Thunderbolt|p2a: Slowbro
|-supereffective|p2a: Slowbro
|-damage|p2a: Slowbro|65\/100 par
|move|p2a: Slowbro|Rest|p2a: Slowbro
|-status|p2a: Slowbro|slp
|-heal|p2a: Slowbro|100\/100 slp|[silent]
|-status|p2a: Slowbro|slp|[from] move: Rest
|
|turn|42
|choice||
|
|switch|p1a: Tauros|Tauros|100\/100
|cant|p2a: Slowbro|slp
|
|turn|43
|choice||
|
|move|p1a: Tauros|Body Slam|p2a: Slowbro
|-crit|p2a: Slowbro
|-damage|p2a: Slowbro|55\/100 slp
|-curestatus|p2a: Slowbro|slp
|
|turn|44
|choice||
|
|move|p1a: Tauros|Hyper Beam|p2a: Slowbro|[miss]
|-miss|p1a: Tauros
|move|p2a: Slowbro|Surf|p1a: Tauros
|-damage|p1a: Tauros|0 fnt
|faint|p1a: Tauros
|c|★user p2|O
|c|★user p2|M
|c|★user p2|G
|c|★user p2|what a game
|c|★user p2|i dont know what to feel anymore
|c|★user p2|i really dont
|c|★farmertome|you should play powerball or something, youre due
|choice||
|
|switch|p1a: Snorlax|Snorlax|100\/100
|turn|45
|j|BlazeLatias
|choice||
|
|move|p1a: Snorlax|Amnesia|p1a: Snorlax
|-boost|p1a: Snorlax|spd|2
|-boost|p1a: Snorlax|spa|2
|move|p2a: Slowbro|Thunder Wave|p1a: Snorlax
|-status|p1a: Snorlax|par
|
|turn|46
|choice||
|
|cant|p1a: Snorlax|par
|move|p2a: Slowbro|Surf|p1a: Snorlax
|-damage|p1a: Snorlax|56\/100 par
|
|turn|47
|choice||
|
|cant|p1a: Snorlax|par
|move|p2a: Slowbro|Surf|p1a: Snorlax
|-damage|p1a: Snorlax|7\/100 par
|
|turn|48
|choice||
|
|move|p1a: Snorlax|Rest|p1a: Snorlax
|-status|p1a: Snorlax|slp
|-heal|p1a: Snorlax|100\/100 slp|[silent]
|-status|p1a: Snorlax|slp|[from] move: Rest
|move|p2a: Slowbro|Surf|p1a: Snorlax
|-damage|p1a: Snorlax|53\/100 slp
|
|turn|49
|c|★user p2|dont
|choice||
|
|cant|p1a: Snorlax|slp
|move|p2a: Slowbro|Surf|p1a: Snorlax
|-damage|p1a: Snorlax|6\/100 slp
|
|turn|50
|l|BlazeLatias
|choice||
|
|-curestatus|p1a: Snorlax|slp
|move|p2a: Slowbro|Surf|p1a: Snorlax
|-damage|p1a: Snorlax|0 fnt
|faint|p1a: Snorlax
|choice||
|
|switch|p1a: Chansey|Chansey|83\/100 par
|turn|51
|choice||
|
|move|p1a: Chansey|Thunderbolt|p2a: Slowbro
|-supereffective|p2a: Slowbro
|-damage|p2a: Slowbro|42\/100
|move|p2a: Slowbro|Surf|p1a: Chansey
|-damage|p1a: Chansey|31\/100 par
|
|turn|52
|choice||
|
|move|p1a: Chansey|Soft-Boiled|p1a: Chansey
|-heal|p1a: Chansey|81\/100 par
|move|p2a: Slowbro|Rest|p2a: Slowbro
|-status|p2a: Slowbro|slp
|-heal|p2a: Slowbro|100\/100 slp|[silent]
|-status|p2a: Slowbro|slp|[from] move: Rest
|
|turn|53
|choice||
|
|cant|p1a: Chansey|par
|cant|p2a: Slowbro|slp
|
|turn|54
|choice||
|
|move|p1a: Chansey|Thunderbolt|p2a: Slowbro
|-supereffective|p2a: Slowbro
|-damage|p2a: Slowbro|89\/100 slp
|-curestatus|p2a: Slowbro|slp
|
|turn|55
|choice||
|
|move|p1a: Chansey|Thunderbolt|p2a: Slowbro
|-supereffective|p2a: Slowbro
|-damage|p2a: Slowbro|76\/100
|move|p2a: Slowbro|Surf|p1a: Chansey
|-damage|p1a: Chansey|33\/100 par
|
|turn|56
|choice||
|
|cant|p1a: Chansey|par
|move|p2a: Slowbro|Surf|p1a: Chansey
|-crit|p1a: Chansey
|-damage|p1a: Chansey|7\/100 par
|
|turn|57
|choice||
|
|move|p1a: Chansey|Thunderbolt|p2a: Slowbro
|-supereffective|p2a: Slowbro
|-damage|p2a: Slowbro|64\/100
|move|p2a: Slowbro|Surf|p1a: Chansey
|-damage|p1a: Chansey|0 fnt
|faint|p1a: Chansey
|c|★user p2|aaaaa
|choice||
|
|switch|p1a: Alakazam|Alakazam|100\/100
|turn|58
|choice||
|
|move|p1a: Alakazam|Psychic|p2a: Slowbro
|-resisted|p2a: Slowbro
|-damage|p2a: Slowbro|59\/100
|move|p2a: Slowbro|Thunder Wave|p1a: Alakazam
|-status|p1a: Alakazam|par
|
|turn|59
|choice||
|
|move|p1a: Alakazam|Psychic|p2a: Slowbro
|-resisted|p2a: Slowbro
|-damage|p2a: Slowbro|54\/100
|move|p2a: Slowbro|Surf|p1a: Alakazam
|-damage|p1a: Alakazam|3\/100 par
|
|turn|60
|choice||
|
|switch|p2a: Articuno|Articuno|21\/100
|move|p1a: Alakazam|Psychic|p2a: Articuno
|-crit|p2a: Articuno
|-damage|p2a: Articuno|0 fnt
|faint|p2a: Articuno
|choice||
|
|switch|p2a: Rhydon|Rhydon|100\/100
|turn|61
|c|★user p2|i need to calc and see the odds of
|c|★user p2|3 1\/255s
|c|★farmertome|i ran out of surfs, im so unlucky
|choice||
|
|move|p2a: Rhydon|Earthquake|p1a: Alakazam
|-damage|p1a: Alakazam|0 fnt
|faint|p1a: Alakazam
|
|win|farmertome
|player|p1
|player|p2