|j|BulletTooth Tony
|j|LukeToThePast
|player|p1|BulletTooth Tony|252
|player|p2|LukeToThePast|293
|gametype|singles
|gen|1
|tier|[Gen 1] Random Battle
|rated
|seed|49173,61507,39636,53142
|rule|Sleep Clause Mod: Limit one foe put to sleep
|rule|Freeze Clause Mod: Limit one foe frozen
|rule|HP Percentage Mod: HP is shown in percentages
|
|start
|switch|p1a: Pidgey|Pidgey, L96|272\/272
|switch|p2a: Poliwag|Poliwag, L96|272\/272
|turn|1
|choice|move 1|move 4
|
|move|p2a: Poliwag|Hypnosis|p1a: Pidgey
|-status|p1a: Pidgey|slp
|cant|p1a: Pidgey|slp
|
|turn|2
|choice|switch 3|move 1
|
|switch|p1a: Machamp|Machamp, L90|345\/345
|move|p2a: Poliwag|Amnesia|p2a: Poliwag
|-boost|p2a: Poliwag|spd|2
|-boost|p2a: Poliwag|spa|2
|
|turn|3
|choice|move 4|move 2
|
|move|p2a: Poliwag|Psychic|p1a: Machamp
|-supereffective|p1a: Machamp
|-damage|p1a: Machamp|102\/345
|move|p1a: Machamp|Body Slam|p2a: Poliwag
|-damage|p2a: Poliwag|153\/272
|-status|p2a: Poliwag|par
|
|turn|4
|choice|move 3|move 2
|
|move|p1a: Machamp|Earthquake|p2a: Poliwag
|-damage|p2a: Poliwag|12\/272 par
|move|p2a: Poliwag|Psychic|p1a: Machamp
|-crit|p1a: Machamp
|-supereffective|p1a: Machamp
|-damage|p1a: Machamp|0 fnt
|faint|p1a: Machamp
|choice|switch 4|
|
|switch|p1a: Seaking|Seaking, L90|327\/327
|turn|5
|choice|move 4|move 2
|
|move|p1a: Seaking|Surf|p2a: Poliwag
|-resisted|p2a: Poliwag
|-damage|p2a: Poliwag|0 fnt
|faint|p2a: Poliwag
|choice||switch 3
|
|switch|p2a: Parasect|Parasect, L90|291\/291
|turn|6
|choice|move 2|move 2
|
|move|p1a: Seaking|Blizzard|p2a: Parasect
|-supereffective|p2a: Parasect
|-damage|p2a: Parasect|123\/291
|move|p2a: Parasect|Spore|p1a: Seaking
|-message|Sleep Clause Mod activated.
|
|turn|7
|choice|move 2|switch 4
|
|switch|p2a: Omastar|Omastar, L90|309\/309
|move|p1a: Seaking|Blizzard|p2a: Omastar
|-resisted|p2a: Omastar
|-damage|p2a: Omastar|274\/309
|-status|p2a: Omastar|frz
|
|turn|8
|choice|move 2|move 2
|
|move|p1a: Seaking|Blizzard|p2a: Omastar
|-resisted|p2a: Omastar
|-damage|p2a: Omastar|238\/309 frz
|cant|p2a: Omastar|frz
|
|turn|9
|choice|move 4|move 2
|
|move|p1a: Seaking|Surf|p2a: Omastar
|-damage|p2a: Omastar|156\/309 frz
|cant|p2a: Omastar|frz
|
|turn|10
|choice|switch 3|move 2
|
|switch|p1a: Pidgey|Pidgey, L96|272\/272 slp
|cant|p2a: Omastar|frz
|
|turn|11
|choice|move 3|move 1
|
|cant|p1a: Pidgey|slp
|cant|p2a: Omastar|frz
|
|turn|12
|choice|move 2|move 1
|
|cant|p1a: Pidgey|slp
|cant|p2a: Omastar|frz
|
|turn|13
|choice|move 2|move 1
|
|cant|p1a: Pidgey|slp
|cant|p2a: Omastar|frz
|
|turn|14
|choice|move 2|move 1
|
|-curestatus|p1a: Pidgey|slp
|cant|p2a: Omastar|frz
|
|turn|15
|c|★LukeToThePast|well this is a little ridiculous haha
|choice|switch 3|move 1
|
|switch|p1a: Seaking|Seaking, L90|327\/327
|cant|p2a: Omastar|frz
|
|turn|16
|c|★BulletTooth Tony|frz is for good man
|c|★BulletTooth Tony|unless someone fire blasts and thaws you
|c|★LukeToThePast|Freeze completely ruined a nuzlocke I had aha, 13 turns is my maximum
|choice|move 3|move 2
|
|move|p1a: Seaking|Double-Edge|p2a: Omastar
|-resisted|p2a: Omastar
|-damage|p2a: Omastar|128\/309 frz
|-damage|p1a: Seaking|320\/327|[from] recoil|[of] p2a: Omastar
|cant|p2a: Omastar|frz
|
|turn|17
|choice|move 4|move 1
|
|move|p1a: Seaking|Surf|p2a: Omastar
|-damage|p2a: Omastar|45\/309 frz
|cant|p2a: Omastar|frz
|
|turn|18
|choice|move 4|move 4
|
|move|p1a: Seaking|Surf|p2a: Omastar
|-crit|p2a: Omastar
|-damage|p2a: Omastar|0 fnt
|faint|p2a: Omastar
|choice||switch 5
|
|switch|p2a: Exeggutor|Exeggutor, L79|312\/312
|turn|19
|c|★LukeToThePast|Thanks Omastar
|choice|move 2|move 4
|
|move|p1a: Seaking|Blizzard|p2a: Exeggutor
|-supereffective|p2a: Exeggutor
|-damage|p2a: Exeggutor|158\/312
|move|p2a: Exeggutor|Mega Drain|p1a: Seaking
|-supereffective|p1a: Seaking
|-damage|p1a: Seaking|231\/327
|-heal|p2a: Exeggutor|202\/312|[from] drain|[of] p1a: Seaking
|
|turn|20
|choice|move 2|move 1
|
|move|p1a: Seaking|Blizzard|p2a: Exeggutor|[miss]
|-miss|p1a: Seaking
|move|p2a: Exeggutor|Sleep Powder|p1a: Seaking|[miss]
|-miss|p2a: Exeggutor
|
|turn|21
|choice|move 2|move 4
|
|move|p1a: Seaking|Blizzard|p2a: Exeggutor
|-supereffective|p2a: Exeggutor
|-damage|p2a: Exeggutor|53\/312
|-status|p2a: Exeggutor|frz
|cant|p2a: Exeggutor|frz
|
|turn|22
|c|★LukeToThePast|goshdang
|choice|move 4|move 4
|
|move|p1a: Seaking|Surf|p2a: Exeggutor
|-resisted|p2a: Exeggutor
|-damage|p2a: Exeggutor|9\/312 frz
|cant|p2a: Exeggutor|frz
|
|turn|23
|c|★BulletTooth Tony|holy shit
|c|★BulletTooth Tony|thats rare
|choice|move 4|move 4
|
|move|p1a: Seaking|Surf|p2a: Exeggutor
|-resisted|p2a: Exeggutor
|-damage|p2a: Exeggutor|0 fnt
|faint|p2a: Exeggutor
|choice||switch 6
|
|switch|p2a: Hitmonlee|Hitmonlee, L90|273\/273
|turn|24
|c|★LukeToThePast|I don't think Ice is my favourite type anymore :P
|choice|move 2|move 3
|
|move|p2a: Hitmonlee|Seismic Toss|p1a: Seaking
|-damage|p1a: Seaking|141\/327
|move|p1a: Seaking|Blizzard|p2a: Hitmonlee|[miss]
|-miss|p1a: Seaking
|
|turn|25
|choice|move 2|move 3
|
|move|p2a: Hitmonlee|Seismic Toss|p1a: Seaking
|-damage|p1a: Seaking|51\/327
|move|p1a: Seaking|Blizzard|p2a: Hitmonlee
|-damage|p2a: Hitmonlee|140\/273
|
|turn|26
|choice|move 4|move 3
|
|move|p2a: Hitmonlee|Seismic Toss|p1a: Seaking
|-damage|p1a: Seaking|0 fnt
|faint|p1a: Seaking
|choice|switch 6|
|
|switch|p1a: Alakazam|Alakazam, L79|249\/249
|turn|27
|choice|move 1|move 2
|
|move|p1a: Alakazam|Psychic|p2a: Hitmonlee
|-crit|p2a: Hitmonlee
|-supereffective|p2a: Hitmonlee
|-damage|p2a: Hitmonlee|0 fnt
|faint|p2a: Hitmonlee
|choice||switch 2
|
|switch|p2a: Ekans|Ekans, L96|262\/262
|turn|28
|c|★LukeToThePast|gg
|c|★BulletTooth Tony|ice has always been my favorite type but those freezes were luc
|c|★LukeToThePast|It has been for mine, but man, freeze is a real annoyance
|choice|move 1|move 4
|
|move|p1a: Alakazam|Psychic|p2a: Ekans
|-crit|p2a: Ekans
|-supereffective|p2a: Ekans
|-damage|p2a: Ekans|0 fnt
|faint|p2a: Ekans
|choice||switch 4
|
|switch|p2a: Parasect|Parasect, L90|123\/291
|turn|29
|choice|move 1|move 2
|
|move|p1a: Alakazam|Psychic|p2a: Parasect
|-damage|p2a: Parasect|25\/291
|move|p2a: Parasect|Spore|p1a: Alakazam
|-status|p1a: Alakazam|slp
|
|turn|30
|choice|move 3|move 4
|
|cant|p1a: Alakazam|slp
|move|p2a: Parasect|Slash|p1a: Alakazam
|-damage|p1a: Alakazam|161\/249 slp
|
|turn|31
|choice|switch 3|move 4
|
|switch|p1a: Pidgey|Pidgey, L96|272\/272
|move|p2a: Parasect|Slash|p1a: Pidgey
|-crit|p1a: Pidgey
|-damage|p1a: Pidgey|113\/272
|
|turn|32
|choice|move 3|move 4
|
|move|p1a: Pidgey|Mirror Move|p1a: Pidgey
|move|p1a: Pidgey|Slash|p2a: Parasect|[from]Mirror Move
|-crit|p2a: Parasect
|-damage|p2a: Parasect|0 fnt
|faint|p2a: Parasect
|
|win|BulletTooth Tony
|player|p1
|player|p2
|raw|BulletTooth Tony's rating: 1190 &rarr; <strong>1209<\/strong><br \/>(+19 for winning)
|raw|LukeToThePast's rating: 1112 &rarr; <strong>1093<\/strong><br \/>(-19 for losing)
|l|BulletTooth Tony