|join|beeest
|join|Broncosfan88
|player|p1|beeest|265
|player|p2|Broncosfan88|2
|gametype|singles
|gen|1
|tier|[Gen 1] Random Battle
|rated
|rule|Sleep Clause Mod: Limit one foe put to sleep
|rule|Freeze Clause Mod: Limit one foe frozen
|rule|HP Percentage Mod: HP is shown in percentages
|
|start
|switch|p1a: Squirtle|Squirtle, L96|279\/279
|switch|p2a: Goldeen|Goldeen, L96|281\/281
|turn|1
|c|★Broncosfan88|its mr negativity
|c|★beeest|yes you start with the negativity
|c|★beeest|why not just stfu and play
|
|switch|p2a: Zapdos|Zapdos, L79|304\/304
|move|p1a: Squirtle|Body Slam|p2a: Zapdos
|-damage|p2a: Zapdos|244\/304
|
|turn|2
|
|switch|p1a: Sandshrew|Sandshrew, L96|291\/291
|move|p2a: Zapdos|Thunder Wave|p1a: Sandshrew
|-immune|p1a: Sandshrew|[msg]
|
|turn|3
|
|switch|p2a: Victreebel|Victreebel, L85|310\/310
|move|p1a: Sandshrew|Earthquake|p2a: Victreebel
|-damage|p2a: Victreebel|163\/310
|
|turn|4
|c|★Broncosfan88|hahaha
|
|switch|p1a: Parasect|Parasect, L90|291\/291
|move|p2a: Victreebel|Sleep Powder|p1a: Parasect
|-status|p1a: Parasect|slp
|
|turn|5
|c|★beeest|idk what youre laughing about
|
|switch|p2a: Zapdos|Zapdos, L79|244\/304
|switch|p1a: Flareon|Flareon, L90|300\/300
|
|turn|6
|
|switch|p1a: Sandshrew|Sandshrew, L96|291\/291
|move|p2a: Zapdos|Thunder Wave|p1a: Sandshrew
|-immune|p1a: Sandshrew|[msg]
|
|turn|7
|
|switch|p2a: Mew|Mew, L74|300\/300
|move|p1a: Sandshrew|Earthquake|p2a: Mew
|-damage|p2a: Mew|184\/300
|
|turn|8
|
|switch|p1a: Squirtle|Squirtle, L96|279\/279
|move|p2a: Mew|Blizzard|p1a: Squirtle
|-resisted|p1a: Squirtle
|-damage|p1a: Squirtle|241\/279
|
|turn|9
|
|move|p2a: Mew|Psychic|p1a: Squirtle
|-damage|p1a: Squirtle|156\/279
|-unboost|p1a: Squirtle|spd|1
|-unboost|p1a: Squirtle|spa|1
|move|p1a: Squirtle|Body Slam|p2a: Mew
|-damage|p2a: Mew|133\/300
|
|turn|10
|
|switch|p1a: Starmie|Starmie, L79|257\/257
|move|p2a: Mew|Psychic|p1a: Starmie
|-crit|p1a: Starmie
|-resisted|p1a: Starmie
|-damage|p1a: Starmie|190\/257
|
|turn|11
|
|move|p1a: Starmie|Blizzard|p2a: Mew
|-damage|p2a: Mew|59\/300
|move|p2a: Mew|Psychic|p1a: Starmie
|-resisted|p1a: Starmie
|-damage|p1a: Starmie|154\/257
|
|turn|12
|c|★Broncosfan88|surprised you risked the explosion chance
|
|switch|p2a: Goldeen|Goldeen, L96|281\/281
|move|p1a: Starmie|Thunderbolt|p2a: Goldeen
|-supereffective|p2a: Goldeen
|-damage|p2a: Goldeen|138\/281
|-status|p2a: Goldeen|par
|
|turn|13
|
|move|p1a: Starmie|Recover|p1a: Starmie
|-heal|p1a: Starmie|257\/257
|move|p2a: Goldeen|Double-Edge|p1a: Starmie
|-damage|p1a: Starmie|184\/257
|-damage|p2a: Goldeen|120\/281 par|[from] recoil|[of] p1a: Starmie
|
|turn|14
|
|move|p1a: Starmie|Recover|p1a: Starmie
|-heal|p1a: Starmie|257\/257
|move|p2a: Goldeen|Double-Edge|p1a: Starmie
|-damage|p1a: Starmie|174\/257
|-damage|p2a: Goldeen|100\/281 par|[from] recoil|[of] p1a: Starmie
|
|turn|15
|
|switch|p2a: Zapdos|Zapdos, L79|244\/304
|move|p1a: Starmie|Recover|p1a: Starmie
|-heal|p1a: Starmie|257\/257
|
|turn|16
|
|switch|p1a: Sandshrew|Sandshrew, L96|291\/291
|move|p2a: Zapdos|Thunder Wave|p1a: Sandshrew
|-immune|p1a: Sandshrew|[msg]
|
|turn|17
|
|move|p2a: Zapdos|Drill Peck|p1a: Sandshrew
|-damage|p1a: Sandshrew|230\/291
|move|p1a: Sandshrew|Earthquake|p2a: Zapdos
|-immune|p2a: Zapdos|[msg]
|
|turn|18
|
|switch|p2a: Primeape|Primeape, L90|300\/300
|move|p1a: Sandshrew|Substitute|p1a: Sandshrew
|-start|p1a: Sandshrew|Substitute
|-damage|p1a: Sandshrew|158\/291
|
|turn|19
|
|move|p2a: Primeape|Body Slam|p1a: Sandshrew
|-activate|p1a: Sandshrew|Substitute|[damage]
|move|p1a: Sandshrew|Earthquake|p2a: Primeape
|-damage|p2a: Primeape|170\/300
|
|turn|20
|
|move|p2a: Primeape|Body Slam|p1a: Sandshrew
|-end|p1a: Sandshrew|Substitute
|move|p1a: Sandshrew|Earthquake|p2a: Primeape
|-damage|p2a: Primeape|28\/300
|
|turn|21
|
|move|p2a: Primeape|Body Slam|p1a: Sandshrew
|-damage|p1a: Sandshrew|89\/291
|move|p1a: Sandshrew|Earthquake|p2a: Primeape
|-damage|p2a: Primeape|0 fnt
|faint|p2a: Primeape
|
|switch|p2a: Articuno|Articuno, L79|304\/304
|turn|22
|
|switch|p1a: Squirtle|Squirtle, L96|156\/279
|move|p2a: Articuno|Ice Beam|p1a: Squirtle
|-resisted|p1a: Squirtle
|-damage|p1a: Squirtle|93\/279
|-status|p1a: Squirtle|frz
|
|turn|23
|
|switch|p2a: Victreebel|Victreebel, L85|163\/310
|switch|p1a: Starmie|Starmie, L79|257\/257
|
|turn|24
|
|move|p1a: Starmie|Blizzard|p2a: Victreebel
|-supereffective|p2a: Victreebel
|-damage|p2a: Victreebel|13\/310
|move|p2a: Victreebel|Razor Leaf|p1a: Starmie
|-crit|p1a: Starmie
|-supereffective|p1a: Starmie
|-damage|p1a: Starmie|5\/257
|
|turn|25
|
|move|p1a: Starmie|Thunderbolt|p2a: Victreebel
|-resisted|p2a: Victreebel
|-damage|p2a: Victreebel|0 fnt
|faint|p2a: Victreebel
|
|switch|p2a: Zapdos|Zapdos, L79|244\/304
|turn|26
|
|switch|p1a: Sandshrew|Sandshrew, L96|89\/291
|move|p2a: Zapdos|Thunderbolt|p1a: Sandshrew
|-immune|p1a: Sandshrew|[msg]
|
|turn|27
|
|move|p2a: Zapdos|Drill Peck|p1a: Sandshrew
|-damage|p1a: Sandshrew|24\/291
|move|p1a: Sandshrew|Rock Slide|p2a: Zapdos|[miss]
|-miss|p1a: Sandshrew
|
|turn|28
|c|★beeest|ugh
|
|move|p2a: Zapdos|Drill Peck|p1a: Sandshrew
|-damage|p1a: Sandshrew|0 fnt
|faint|p1a: Sandshrew
|
|switch|p1a: Lickitung|Lickitung, L90|345\/345
|turn|29
|c|★Broncosfan88|that was a tough one
|
|switch|p2a: Articuno|Articuno, L79|304\/304
|move|p1a: Lickitung|Body Slam|p2a: Articuno
|-damage|p2a: Articuno|231\/304
|
|turn|30
|
|switch|p1a: Parasect|Parasect, L90|291\/291 slp
|move|p2a: Articuno|Ice Beam|p1a: Parasect
|-supereffective|p1a: Parasect
|-damage|p1a: Parasect|85\/291 slp
|
|turn|31
|
|move|p2a: Articuno|Reflect|p2a: Articuno
|-start|p2a: Articuno|Reflect
|-curestatus|p1a: Parasect|slp
|
|turn|32
|
|move|p2a: Articuno|Ice Beam|p1a: Parasect
|-supereffective|p1a: Parasect
|-damage|p1a: Parasect|0 fnt
|faint|p1a: Parasect
|
|switch|p1a: Starmie|Starmie, L79|5\/257
|turn|33
|
|switch|p2a: Zapdos|Zapdos, L79|244\/304
|move|p1a: Starmie|Recover|p1a: Starmie
|-heal|p1a: Starmie|133\/257
|
|turn|34
|
|switch|p1a: Squirtle|Squirtle, L96|93\/279 frz
|move|p2a: Zapdos|Thunder Wave|p1a: Squirtle
|-fail|p1a: Squirtle
|
|turn|35
|
|move|p2a: Zapdos|Thunder Wave|p1a: Squirtle
|-fail|p1a: Squirtle
|cant|p1a: Squirtle|frz
|
|turn|36
|
|move|p2a: Zapdos|Thunder Wave|p1a: Squirtle
|-fail|p1a: Squirtle
|cant|p1a: Squirtle|frz
|
|turn|37
|
|move|p2a: Zapdos|Agility|p2a: Zapdos
|-boost|p2a: Zapdos|spe|2
|cant|p1a: Squirtle|frz
|
|turn|38
|c|★beeest|lol
|
|move|p2a: Zapdos|Thunderbolt|p1a: Squirtle
|-supereffective|p1a: Squirtle
|-damage|p1a: Squirtle|0 fnt
|faint|p1a: Squirtle
|
|switch|p1a: Lickitung|Lickitung, L90|345\/345
|turn|39
|
|move|p2a: Zapdos|Thunder Wave|p1a: Lickitung
|-status|p1a: Lickitung|par
|move|p1a: Lickitung|Body Slam|p2a: Zapdos
|-damage|p2a: Zapdos|165\/304
|-status|p2a: Zapdos|par
|
|turn|40
|
|switch|p2a: Articuno|Articuno, L79|231\/304
|cant|p1a: Lickitung|par
|
|turn|41
|
|switch|p1a: Starmie|Starmie, L79|133\/257
|move|p2a: Articuno|Ice Beam|p1a: Starmie
|-resisted|p1a: Starmie
|-damage|p1a: Starmie|82\/257
|
|turn|42
|
|switch|p2a: Zapdos|Zapdos, L79|165\/304 par
|move|p1a: Starmie|Recover|p1a: Starmie
|-heal|p1a: Starmie|210\/257
|
|turn|43
|
|move|p1a: Starmie|Blizzard|p2a: Zapdos
|-supereffective|p2a: Zapdos
|-damage|p2a: Zapdos|27\/304 par
|move|p2a: Zapdos|Thunderbolt|p1a: Starmie
|-supereffective|p1a: Starmie
|-damage|p1a: Starmie|8\/257
|
|turn|44
|
|move|p1a: Starmie|Thunderbolt|p2a: Zapdos
|-crit|p2a: Zapdos
|-damage|p2a: Zapdos|0 fnt
|faint|p2a: Zapdos
|c|★Broncosfan88|gg
|c|★beeest|gg
|-message|Broncosfan88 forfeited.
|
|win|beeest
|raw|beeest's rating: 1338 &rarr; <strong>1353<\/strong><br \/>(+15 for winning)
|raw|Broncosfan88's rating: 1252 &rarr; <strong>1233<\/strong><br \/>(-19 for losing)