|j|tr0mb0ner
|j|Whoremaster
|player|p1|tr0mb0ner|1
|player|p2|Whoremaster|43
|gametype|singles
|gen|1
|tier|[Gen 1] OU
|rated
|seed|8120,6448,64346,41881
|rule|Sleep Clause Mod: Limit one foe put to sleep
|rule|Freeze Clause Mod: Limit one foe frozen
|rule|Species Clause: Limit one of each Pokémon
|rule|OHKO Clause: OHKO moves are banned
|rule|Evasion Moves Clause: Evasion moves are banned
|rule|HP Percentage Mod: HP is shown in percentages
|
|start
|switch|p1a: Starmie|Starmie|323\/323
|switch|p2a: Alakazam|Alakazam|313\/313
|turn|1
|c|★Whoremaster|ey
|c|★tr0mb0ner|hi
|choice|move 2|move 2
|
|move|p2a: Alakazam|Seismic Toss|p1a: Starmie
|-damage|p1a: Starmie|223\/323
|move|p1a: Starmie|Blizzard|p2a: Alakazam
|-damage|p2a: Alakazam|232\/313
|
|turn|2
|choice|move 2|move 3
|
|move|p2a: Alakazam|Thunder Wave|p1a: Starmie
|-status|p1a: Starmie|par
|move|p1a: Starmie|Blizzard|p2a: Alakazam
|-damage|p2a: Alakazam|151\/313
|
|turn|3
|choice|switch 3|move 4
|
|switch|p1a: Exeggutor|Exeggutor|393\/393
|move|p2a: Alakazam|Recover|p2a: Alakazam
|-heal|p2a: Alakazam|307\/313
|
|turn|4
|choice|move 1|move 2
|
|move|p2a: Alakazam|Seismic Toss|p1a: Exeggutor
|-damage|p1a: Exeggutor|293\/393
|move|p1a: Exeggutor|Sleep Powder|p2a: Alakazam
|-status|p2a: Alakazam|slp
|
|turn|5
|choice|move 4|switch 2
|
|switch|p2a: Exeggutor|Exeggutor|393\/393
|move|p1a: Exeggutor|Psychic|p2a: Exeggutor
|-resisted|p2a: Exeggutor
|-damage|p2a: Exeggutor|342\/393
|
|turn|6
|choice|switch 3|move 3
|
|switch|p1a: Starmie|Starmie|223\/323 par
|move|p2a: Exeggutor|Double-Edge|p1a: Starmie
|-damage|p1a: Starmie|145\/323 par
|-damage|p2a: Exeggutor|323\/393|[from] recoil|[of] p1a: Starmie
|
|turn|7
|choice|move 4|move 3
|
|move|p2a: Exeggutor|Double-Edge|p1a: Starmie
|-damage|p1a: Starmie|55\/323 par
|-damage|p2a: Exeggutor|301\/393|[from] recoil|[of] p1a: Starmie
|move|p1a: Starmie|Recover|p1a: Starmie
|-heal|p1a: Starmie|216\/323 par
|
|turn|8
|choice|move 2|switch 3
|
|switch|p2a: Chansey|Chansey|703\/703
|move|p1a: Starmie|Blizzard|p2a: Chansey
|-damage|p2a: Chansey|611\/703
|
|turn|9
|choice|switch 2|move 1
|
|switch|p1a: Chansey|Chansey|703\/703
|move|p2a: Chansey|Seismic Toss|p1a: Chansey
|-damage|p1a: Chansey|603\/703
|
|turn|10
|choice|move 1|move 1
|
|move|p1a: Chansey|Ice Beam|p2a: Chansey
|-damage|p2a: Chansey|537\/703
|move|p2a: Chansey|Seismic Toss|p1a: Chansey
|-damage|p1a: Chansey|503\/703
|
|turn|11
|choice|move 1|move 2
|
|move|p1a: Chansey|Ice Beam|p2a: Chansey
|-damage|p2a: Chansey|462\/703
|move|p2a: Chansey|Thunder Wave|p1a: Chansey
|-status|p1a: Chansey|par
|
|turn|12
|choice|move 1|switch 4
|
|switch|p2a: Cloyster|Cloyster|303\/303
|move|p1a: Chansey|Ice Beam|p2a: Cloyster
|-resisted|p2a: Cloyster
|-damage|p2a: Cloyster|283\/303
|
|turn|13
|choice|move 4|move 1
|
|move|p2a: Cloyster|Clamp|p1a: Chansey
|-damage|p1a: Chansey|464\/703 par
|-activate|p1a: Chansey|move: Clamp|[of] p2a: Cloyster
|cant|p1a: Chansey|partiallytrapped
|
|turn|14
|choice|switch 5|move 1
|
|switch|p1a: Bruh|Slowbro|393\/393
|move|p2a: Cloyster|Clamp|p1a: Bruh
|-resisted|p1a: Bruh
|-damage|p1a: Bruh|373\/393
|-activate|p1a: Bruh|move: Clamp|[of] p2a: Cloyster
|
|turn|15
|choice|move 3|move 1
|
|move|p2a: Cloyster|Clamp|p1a: Bruh
|-damage|p1a: Bruh|353\/393
|cant|p1a: Bruh|partiallytrapped
|
|turn|16
|choice|move 3|switch 4
|
|switch|p2a: Chansey|Chansey|462\/703
|cant|p1a: Bruh|partiallytrapped
|
|-end|p1a: Bruh|Clamp|[partiallytrapped]
|turn|17
|choice|switch 5|move 2
|
|switch|p1a: Chansey|Chansey|464\/703 par
|move|p2a: Chansey|Thunder Wave|p1a: Chansey
|-fail|p1a: Chansey|par
|
|turn|18
|choice|move 4|move 4
|
|move|p2a: Chansey|Soft-Boiled|p2a: Chansey
|-heal|p2a: Chansey|703\/703
|move|p1a: Chansey|Thunder Wave|p2a: Chansey
|-status|p2a: Chansey|par
|
|turn|19
|choice|move 4|move 3
|
|move|p2a: Chansey|Reflect|p2a: Chansey
|-start|p2a: Chansey|Reflect
|move|p1a: Chansey|Thunder Wave|p2a: Chansey
|-fail|p2a: Chansey|par
|
|turn|20
|choice|move 3|move 1
|
|move|p2a: Chansey|Seismic Toss|p1a: Chansey
|-damage|p1a: Chansey|364\/703 par
|move|p1a: Chansey|Soft-Boiled|p1a: Chansey
|-heal|p1a: Chansey|703\/703 par
|
|turn|21
|choice|move 2|move 2
|
|move|p2a: Chansey|Thunder Wave|p1a: Chansey
|-fail|p1a: Chansey|par
|move|p1a: Chansey|Seismic Toss|p2a: Chansey
|-damage|p2a: Chansey|603\/703 par
|
|turn|22
|choice|move 2|move 1
|
|move|p1a: Chansey|Seismic Toss|p2a: Chansey
|-damage|p2a: Chansey|503\/703 par
|move|p2a: Chansey|Seismic Toss|p1a: Chansey
|-damage|p1a: Chansey|603\/703 par
|
|turn|23
|choice|move 2|switch 4
|
|switch|p2a: Cloyster|Cloyster|283\/303
|move|p1a: Chansey|Seismic Toss|p2a: Cloyster
|-damage|p2a: Cloyster|183\/303
|
|turn|24
|c|★Whoremaster|33% thats not bad
|choice|move 4|move 1
|
|move|p2a: Cloyster|Clamp|p1a: Chansey
|-damage|p1a: Chansey|566\/703 par
|-activate|p1a: Chansey|move: Clamp|[of] p2a: Cloyster
|cant|p1a: Chansey|partiallytrapped
|
|turn|25
|c|★tr0mb0ner|yea cloy's hp pool is small
|choice|switch 5|move 1
|
|switch|p1a: Bruh|Slowbro|353\/393
|move|p2a: Cloyster|Clamp|p1a: Bruh|[miss]
|-miss|p2a: Cloyster
|
|turn|26
|c|★Whoremaster|aye frustratingly s
|choice|switch 4|switch 3
|
|switch|p2a: Exeggutor|Exeggutor|301\/393
|switch|p1a: Snorlax|Snorlax|523\/523
|
|turn|27
|choice|move 4|move 3
|
|move|p2a: Exeggutor|Double-Edge|p1a: Snorlax
|-damage|p1a: Snorlax|422\/523
|-damage|p2a: Exeggutor|276\/393|[from] recoil|[of] p1a: Snorlax
|move|p1a: Snorlax|Counter|p2a: Exeggutor
|-damage|p2a: Exeggutor|74\/393
|
|turn|28
|c|★Whoremaster|oo
|choice|switch 2|move 1
|
|switch|p1a: Starmie|Starmie|216\/323 par
|move|p2a: Exeggutor|Sleep Powder|p1a: Starmie
|-fail|p1a: Starmie
|
|turn|29
|choice|move 1|switch 4
|
|switch|p2a: Chansey|Chansey|503\/703 par
|move|p1a: Starmie|Psychic|p2a: Chansey
|-damage|p2a: Chansey|404\/703 par
|-unboost|p2a: Chansey|spd|1
|-unboost|p2a: Chansey|spa|1
|
|turn|30
|choice|move 1|move 4
|
|move|p1a: Starmie|Psychic|p2a: Chansey
|-damage|p2a: Chansey|241\/703 par
|cant|p2a: Chansey|par
|
|turn|31
|choice|move 1|switch 4
|
|switch|p2a: Exeggutor|Exeggutor|74\/393
|cant|p1a: Starmie|par
|
|turn|32
|choice|move 1|move 4
|
|move|p2a: Exeggutor|Explosion|p1a: Starmie
|-crit|p1a: Starmie
|-damage|p1a: Starmie|0 fnt
|faint|p1a: Starmie
|faint|p2a: Exeggutor
|choice|switch 4|switch 6
|
|switch|p2a: Tauros|Tauros|353\/353
|switch|p1a: Bruh|Slowbro|353\/393
|turn|33
|choice|move 3|switch 4
|
|switch|p2a: Chansey|Chansey|241\/703 par
|move|p1a: Bruh|Thunder Wave|p2a: Chansey
|-fail|p2a: Chansey|par
|
|turn|34
|choice|move 1|move 2
|
|move|p1a: Bruh|Amnesia|p1a: Bruh
|-boost|p1a: Bruh|spd|2
|-boost|p1a: Bruh|spa|2
|move|p2a: Chansey|Thunder Wave|p1a: Bruh
|-status|p1a: Bruh|par
|
|turn|35
|choice|move 1|move 4
|
|move|p1a: Bruh|Amnesia|p1a: Bruh
|-boost|p1a: Bruh|spd|2
|-boost|p1a: Bruh|spa|2
|move|p2a: Chansey|Soft-Boiled|p2a: Chansey
|-heal|p2a: Chansey|592\/703 par
|
|turn|36
|choice|move 2|move 1
|
|move|p1a: Bruh|Surf|p2a: Chansey
|-damage|p2a: Chansey|322\/703 par
|cant|p2a: Chansey|par
|
|turn|37
|choice|move 2|move 4
|
|cant|p1a: Bruh|par
|move|p2a: Chansey|Soft-Boiled|p2a: Chansey
|-heal|p2a: Chansey|673\/703 par
|
|turn|38
|choice|move 2|move 1
|
|move|p1a: Bruh|Surf|p2a: Chansey
|-damage|p2a: Chansey|384\/703 par
|move|p2a: Chansey|Seismic Toss|p1a: Bruh
|-damage|p1a: Bruh|253\/393 par
|
|turn|39
|choice|move 2|move 4
|
|move|p1a: Bruh|Surf|p2a: Chansey
|-damage|p2a: Chansey|116\/703 par
|cant|p2a: Chansey|par
|
|turn|40
|choice|move 2|move 4
|
|move|p1a: Bruh|Surf|p2a: Chansey
|-crit|p2a: Chansey
|-damage|p2a: Chansey|0 fnt
|faint|p2a: Chansey
|c|★Whoremaster|:'(
|choice||switch 3
|
|switch|p2a: Cloyster|Cloyster|183\/303
|turn|41
|choice|move 2|move 1
|
|move|p2a: Cloyster|Clamp|p1a: Bruh
|-resisted|p1a: Bruh
|-damage|p1a: Bruh|245\/393 par
|-activate|p1a: Bruh|move: Clamp|[of] p2a: Cloyster
|cant|p1a: Bruh|partiallytrapped
|
|turn|42
|choice|move 3|move 1
|
|move|p2a: Cloyster|Clamp|p1a: Bruh
|-damage|p1a: Bruh|237\/393 par
|cant|p1a: Bruh|partiallytrapped
|
|turn|43
|choice|move 3|move 1
|
|move|p2a: Cloyster|Clamp|p1a: Bruh
|-damage|p1a: Bruh|229\/393 par
|cant|p1a: Bruh|par
|
|-end|p1a: Bruh|Clamp|[partiallytrapped]
|turn|44
|choice|move 3|move 1
|
|move|p2a: Cloyster|Clamp|p1a: Bruh|[miss]
|-miss|p2a: Cloyster
|cant|p1a: Bruh|par
|
|turn|45
|choice|move 3|move 1
|
|move|p2a: Cloyster|Clamp|p1a: Bruh
|-resisted|p1a: Bruh
|-damage|p1a: Bruh|221\/393 par
|-activate|p1a: Bruh|move: Clamp|[of] p2a: Cloyster
|cant|p1a: Bruh|par
|
|turn|46
|choice|move 3|move 1
|
|move|p2a: Cloyster|Clamp|p1a: Bruh
|-damage|p1a: Bruh|213\/393 par
|cant|p1a: Bruh|partiallytrapped
|
|-end|p1a: Bruh|Clamp|[partiallytrapped]
|turn|47
|choice|move 3|move 4
|
|move|p2a: Cloyster|Explosion|p1a: Bruh
|-damage|p1a: Bruh|0 fnt
|faint|p1a: Bruh
|faint|p2a: Cloyster
|choice|switch 6|switch 4
|
|switch|p2a: Tauros|Tauros|353\/353
|switch|p1a: Tauros|Tauros|353\/353
|turn|48
|choice|move 1|move 1
|
|move|p1a: Tauros|Body Slam|p2a: Tauros
|-crit|p2a: Tauros
|-damage|p2a: Tauros|149\/353
|move|p2a: Tauros|Body Slam|p1a: Tauros
|-damage|p1a: Tauros|258\/353
|
|turn|49
|choice|move 4|switch 5
|
|switch|p2a: Golem|Golem|363\/363
|move|p1a: Tauros|Blizzard|p2a: Golem
|-supereffective|p2a: Golem
|-damage|p2a: Golem|156\/363
|
|turn|50
|c|★Whoremaster|nice one
|choice|move 4|move 4
|
|move|p1a: Tauros|Blizzard|p2a: Golem|[miss]
|-miss|p1a: Tauros
|move|p2a: Golem|Explosion|p1a: Tauros
|-damage|p1a: Tauros|0 fnt
|faint|p1a: Tauros
|faint|p2a: Golem
|c|★tr0mb0ner|..
|c|★tr0mb0ner|ofcourse lol
|c|★Whoremaster|ay
|choice|switch 2|switch 5
|
|switch|p2a: Tauros|Tauros|149\/353
|switch|p1a: Snorlax|Snorlax|422\/523
|turn|51
|c|★Whoremaster|gunna be tough to crack this big fella
|c|★tr0mb0ner|thats why there called the big 4
|c|★Whoremaster|mm
|choice|move 1|move 3
|
|move|p2a: Tauros|Blizzard|p1a: Snorlax|[miss]
|-miss|p2a: Tauros
|move|p1a: Snorlax|Body Slam|p2a: Tauros
|-damage|p2a: Tauros|46\/353
|
|turn|52
|choice|move 1|move 3
|
|move|p2a: Tauros|Blizzard|p1a: Snorlax|[miss]
|-miss|p2a: Tauros
|move|p1a: Snorlax|Body Slam|p2a: Tauros
|-damage|p2a: Tauros|0 fnt
|faint|p2a: Tauros
|c|★tr0mb0ner|lol
|c|★tr0mb0ner|goin for that freeze
|c|★Whoremaster|lol going for the freeze was not optimal
|choice||switch 2
|
|switch|p2a: Alakazam|Alakazam|307\/313 slp
|turn|53
|c|★tr0mb0ner|was the only chance
|c|★tr0mb0ner|for a come back
|c|★Whoremaster|gg was interesting
|c|★Whoremaster|ye
|c|★tr0mb0ner|i mean i could ajust double boom'd
|c|★tr0mb0ner|for leasst chance of geting froze
|c|★Whoremaster|true fact
|choice|move 1|move 4
|
|cant|p2a: Alakazam|slp
|move|p1a: Snorlax|Body Slam|p2a: Alakazam
|-damage|p2a: Alakazam|132\/313 slp
|
|turn|54
|choice|move 1|move 4
|
|cant|p2a: Alakazam|slp
|move|p1a: Snorlax|Body Slam|p2a: Alakazam
|-damage|p2a: Alakazam|0 fnt
|faint|p2a: Alakazam
|
|win|tr0mb0ner
|player|p1
|player|p2
|raw|tr0mb0ner's rating: 1499 &rarr; <strong>1509<\/strong><br \/>(+10 for winning)
|raw|Whoremaster's rating: 1310 &rarr; <strong>1300<\/strong><br \/>(-10 for losing)
|c|★tr0mb0ner|gg
|c|★Whoremaster|ggs
|l|Whoremaster