|join|Daddystreaking
|join|Dervodel
|player|p1|Daddystreaking|102
|player|p2|Dervodel|238
|gametype|singles
|gen|1
|tier|[Gen 1] Random Battle
|rated
|seed|32744,26440,13344,16938
|rule|Sleep Clause Mod: Limit one foe put to sleep
|rule|Freeze Clause Mod: Limit one foe frozen
|rule|HP Percentage Mod: HP is shown in percentages
|
|start
|switch|p1a: Nidoqueen|Nidoqueen, L85|327\/327
|switch|p2a: Jynx|Jynx, L79|265\/265
|turn|1
|choice|switch 6|move 3
|
|switch|p1a: Wigglytuff|Wigglytuff, L90|435\/435
|move|p2a: Jynx|Psychic|p1a: Wigglytuff
|-damage|p1a: Wigglytuff|321\/435
|
|turn|2
|choice|move 4|move 1
|
|move|p2a: Jynx|Lovely Kiss|p1a: Wigglytuff
|-status|p1a: Wigglytuff|slp
|cant|p1a: Wigglytuff|slp
|
|turn|3
|choice|switch 3|move 2
|
|switch|p1a: Slowpoke|Slowpoke, L96|368\/368
|move|p2a: Jynx|Blizzard|p1a: Slowpoke
|-resisted|p1a: Slowpoke
|-damage|p1a: Slowpoke|299\/368
|
|turn|4
|choice|move 1|switch 5
|
|switch|p2a: Victreebel|Victreebel, L85|310\/310
|move|p1a: Slowpoke|Thunder Wave|p2a: Victreebel
|-status|p2a: Victreebel|par
|
|turn|5
|choice|switch 3|move 1
|
|switch|p1a: Wigglytuff|Wigglytuff, L90|321\/435 slp
|move|p2a: Victreebel|Razor Leaf|p1a: Wigglytuff
|-crit|p1a: Wigglytuff
|-damage|p1a: Wigglytuff|170\/435 slp
|
|turn|6
|choice|move 1|switch 2
|
|switch|p2a: Slowpoke|Slowpoke, L96|368\/368
|cant|p1a: Wigglytuff|slp
|
|turn|7
|choice|move 1|move 2
|
|cant|p1a: Wigglytuff|slp
|move|p2a: Slowpoke|Amnesia|p2a: Slowpoke
|-boost|p2a: Slowpoke|spd|2
|-boost|p2a: Slowpoke|spa|2
|
|turn|8
|choice|move 1|move 2
|
|-curestatus|p1a: Wigglytuff|slp
|move|p2a: Slowpoke|Amnesia|p2a: Slowpoke
|-boost|p2a: Slowpoke|spd|2
|-boost|p2a: Slowpoke|spa|2
|
|turn|9
|choice|move 4|move 3
|
|move|p1a: Wigglytuff|Sing|p2a: Slowpoke|[miss]
|-miss|p1a: Wigglytuff
|move|p2a: Slowpoke|Surf|p1a: Wigglytuff
|-damage|p1a: Wigglytuff|0 fnt
|faint|p1a: Wigglytuff
|choice|switch 4|
|
|switch|p1a: Raichu|Raichu, L85|276\/276
|turn|10
|choice|move 4|move 1
|
|move|p1a: Raichu|Thunderbolt|p2a: Slowpoke
|-supereffective|p2a: Slowpoke
|-damage|p2a: Slowpoke|278\/368
|-status|p2a: Slowpoke|par
|move|p2a: Slowpoke|Thunder Wave|p1a: Raichu
|-status|p1a: Raichu|par
|
|turn|11
|choice|move 4|move 3
|
|move|p1a: Raichu|Thunderbolt|p2a: Slowpoke
|-supereffective|p2a: Slowpoke
|-damage|p2a: Slowpoke|184\/368 par
|cant|p2a: Slowpoke|par
|
|turn|12
|choice|move 4|move 3
|
|cant|p1a: Raichu|par
|move|p2a: Slowpoke|Surf|p1a: Raichu
|-crit|p1a: Raichu
|-damage|p1a: Raichu|115\/276 par
|
|turn|13
|choice|move 4|move 4
|
|move|p1a: Raichu|Thunderbolt|p2a: Slowpoke
|-supereffective|p2a: Slowpoke
|-damage|p2a: Slowpoke|91\/368 par
|move|p2a: Slowpoke|Rest|p2a: Slowpoke
|-status|p2a: Slowpoke|slp
|-heal|p2a: Slowpoke|368\/368 slp|[silent]
|-status|p2a: Slowpoke|slp|[from] move: Rest
|
|turn|14
|choice|move 4|move 3
|
|move|p1a: Raichu|Thunderbolt|p2a: Slowpoke
|-supereffective|p2a: Slowpoke
|-damage|p2a: Slowpoke|276\/368 slp
|cant|p2a: Slowpoke|slp
|
|turn|15
|choice|move 4|move 3
|
|move|p1a: Raichu|Thunderbolt|p2a: Slowpoke
|-supereffective|p2a: Slowpoke
|-damage|p2a: Slowpoke|191\/368 slp
|-curestatus|p2a: Slowpoke|slp
|
|turn|16
|choice|move 4|move 3
|
|move|p1a: Raichu|Thunderbolt|p2a: Slowpoke
|-supereffective|p2a: Slowpoke
|-damage|p2a: Slowpoke|108\/368
|move|p2a: Slowpoke|Surf|p1a: Raichu
|-damage|p1a: Raichu|0 fnt
|faint|p1a: Raichu
|-message|Daddystreaking forfeited.
|
|win|Dervodel
|leave|Daddystreaking
|player|p1