|j|Rawmanau
|j|HunterSampayo
|player|p1|Rawmanau|161
|player|p2|HunterSampayo|1
|gametype|singles
|gen|1
|tier|[Gen 1] OU
|rated
|seed|
|rule|Sleep Clause Mod: Limit one foe put to sleep
|rule|Freeze Clause Mod: Limit one foe frozen
|rule|Species Clause: Limit one of each Pokémon
|rule|OHKO Clause: OHKO moves are banned
|rule|Evasion Moves Clause: Evasion moves are banned
|rule|HP Percentage Mod: HP is shown in percentages
|
|start
|switch|p1a: Jean Jarre|Gengar|100\/100
|switch|p2a: Alakazam|Alakazam|100\/100
|turn|1
|choice||
|
|switch|p1a: Moustachos|Alakazam|100\/100
|move|p2a: Alakazam|Thunder Wave|p1a: Moustachos
|-status|p1a: Moustachos|par
|
|turn|2
|choice||
|
|switch|p2a: Tauros|Tauros|100\/100
|move|p1a: Moustachos|Thunder Wave|p2a: Tauros
|-status|p2a: Tauros|par
|
|turn|3
|choice||
|
|switch|p1a: John Cena|Machamp|100\/100
|move|p2a: Tauros|Body Slam|p1a: John Cena
|-crit|p1a: John Cena
|-damage|p1a: John Cena|40\/100
|
|turn|4
|choice||
|
|switch|p2a: Slowbro|Slowbro|100\/100
|move|p1a: John Cena|Submission|p2a: Slowbro
|-resisted|p2a: Slowbro
|-damage|p2a: Slowbro|87\/100
|-damage|p1a: John Cena|37\/100|[from] recoil|[of] p2a: Slowbro
|
|turn|5
|choice||
|
|switch|p1a: Tobybro|Slowbro|100\/100
|move|p2a: Slowbro|Amnesia|p2a: Slowbro
|-boost|p2a: Slowbro|spd|2
|-boost|p2a: Slowbro|spa|2
|
|turn|6
|choice||
|
|move|p2a: Slowbro|Psychic|p1a: Tobybro
|-resisted|p1a: Tobybro
|-damage|p1a: Tobybro|75\/100
|move|p1a: Tobybro|Thunder Wave|p2a: Slowbro
|-status|p2a: Slowbro|par
|
|turn|7
|choice||
|
|move|p1a: Tobybro|Amnesia|p1a: Tobybro
|-boost|p1a: Tobybro|spd|2
|-boost|p1a: Tobybro|spa|2
|move|p2a: Slowbro|Psychic|p1a: Tobybro
|-resisted|p1a: Tobybro
|-damage|p1a: Tobybro|62\/100
|
|turn|8
|choice||
|
|move|p1a: Tobybro|Amnesia|p1a: Tobybro
|-boost|p1a: Tobybro|spd|2
|-boost|p1a: Tobybro|spa|2
|move|p2a: Slowbro|Amnesia|p2a: Slowbro
|-boost|p2a: Slowbro|spd|2
|-boost|p2a: Slowbro|spa|2
|
|turn|9
|choice||
|
|move|p1a: Tobybro|Surf|p2a: Slowbro
|-resisted|p2a: Slowbro
|-damage|p2a: Slowbro|73\/100 par
|move|p2a: Slowbro|Amnesia|p2a: Slowbro
|-boost|p2a: Slowbro|spd|2
|-boost|p2a: Slowbro|spa|2
|
|turn|10
|choice||
|
|move|p1a: Tobybro|Amnesia|p1a: Tobybro
|-boost|p1a: Tobybro|spd|2
|-boost|p1a: Tobybro|spa|2
|move|p2a: Slowbro|Psychic|p1a: Tobybro
|-resisted|p1a: Tobybro
|-damage|p1a: Tobybro|48\/100
|-unboost|p1a: Tobybro|spd|1
|-unboost|p1a: Tobybro|spa|1
|
|turn|11
|choice||
|
|move|p1a: Tobybro|Amnesia|p1a: Tobybro
|-boost|p1a: Tobybro|spd|2
|-boost|p1a: Tobybro|spa|2
|move|p2a: Slowbro|Surf|p1a: Tobybro
|-resisted|p1a: Tobybro
|-damage|p1a: Tobybro|34\/100
|
|turn|12
|choice||
|
|move|p1a: Tobybro|Surf|p2a: Slowbro
|-resisted|p2a: Slowbro
|-damage|p2a: Slowbro|58\/100 par
|move|p2a: Slowbro|Surf|p1a: Tobybro
|-resisted|p1a: Tobybro
|-damage|p1a: Tobybro|20\/100
|
|turn|13
|choice||
|
|move|p1a: Tobybro|Surf|p2a: Slowbro
|-resisted|p2a: Slowbro
|-damage|p2a: Slowbro|45\/100 par
|move|p2a: Slowbro|Psychic|p1a: Tobybro
|-resisted|p1a: Tobybro
|-damage|p1a: Tobybro|6\/100
|
|turn|14
|choice||
|
|move|p1a: Tobybro|Surf|p2a: Slowbro
|-resisted|p2a: Slowbro
|-damage|p2a: Slowbro|32\/100 par
|cant|p2a: Slowbro|par
|
|turn|15
|choice||
|
|move|p1a: Tobybro|Surf|p2a: Slowbro
|-crit|p2a: Slowbro
|-resisted|p2a: Slowbro
|-damage|p2a: Slowbro|4\/100 par
|move|p2a: Slowbro|Ice Beam|p1a: Tobybro
|-resisted|p1a: Tobybro
|-damage|p1a: Tobybro|0 fnt
|faint|p1a: Tobybro
|choice||
|
|switch|p1a: Fishlax|Snorlax|100\/100
|turn|16
|choice||
|
|move|p1a: Fishlax|Body Slam|p2a: Slowbro
|-damage|p2a: Slowbro|0 fnt
|faint|p2a: Slowbro
|choice||
|
|switch|p2a: Chansey|Chansey|100\/100
|turn|17
|choice||
|
|move|p2a: Chansey|Thunder Wave|p1a: Fishlax
|-status|p1a: Fishlax|par
|cant|p1a: Fishlax|par
|
|turn|18
|choice||
|
|move|p1a: Fishlax|Self-Destruct|p2a: Chansey
|-damage|p2a: Chansey|0 fnt
|faint|p2a: Chansey
|faint|p1a: Fishlax
|choice||
|
|switch|p2a: Jolteon|Jolteon|100\/100
|switch|p1a: The Rock|Tauros|100\/100
|turn|19
|choice||
|
|move|p2a: Jolteon|Thunder Wave|p1a: The Rock
|-status|p1a: The Rock|par
|move|p1a: The Rock|Earthquake|p2a: Jolteon
|-supereffective|p2a: Jolteon
|-damage|p2a: Jolteon|34\/100
|
|turn|20
|choice||
|
|move|p2a: Jolteon|Thunderbolt|p1a: The Rock
|-damage|p1a: The Rock|60\/100 par
|move|p1a: The Rock|Body Slam|p2a: Jolteon
|-damage|p2a: Jolteon|0 fnt
|faint|p2a: Jolteon
|choice||
|
|switch|p2a: Tauros|Tauros|100\/100 par
|turn|21
|choice||
|
|move|p1a: The Rock|Body Slam|p2a: Tauros
|-damage|p2a: Tauros|72\/100 par
|move|p2a: Tauros|Body Slam|p1a: The Rock
|-crit|p1a: The Rock
|-damage|p1a: The Rock|0 fnt
|faint|p1a: The Rock
|choice||
|
|switch|p1a: John Cena|Machamp|37\/100
|turn|22
|choice||
|
|move|p1a: John Cena|Hyper Beam|p2a: Tauros|[miss]
|-miss|p1a: John Cena
|move|p2a: Tauros|Hyper Beam|p1a: John Cena
|-damage|p1a: John Cena|0 fnt
|faint|p1a: John Cena
|choice||
|
|switch|p1a: Moustachos|Alakazam|100\/100 par
|turn|23
|choice||
|
|move|p1a: Moustachos|Psychic|p2a: Tauros
|-damage|p2a: Tauros|27\/100 par
|-unboost|p2a: Tauros|spd|1
|-unboost|p2a: Tauros|spa|1
|move|p2a: Tauros|Body Slam|p1a: Moustachos
|-damage|p1a: Moustachos|47\/100 par
|
|turn|24
|choice||
|
|cant|p1a: Moustachos|par
|move|p2a: Tauros|Hyper Beam|p1a: Moustachos
|-damage|p1a: Moustachos|0 fnt
|faint|p1a: Moustachos
|choice||
|
|switch|p1a: Jean Jarre|Gengar|100\/100
|turn|25
|choice||
|
|move|p1a: Jean Jarre|Thunderbolt|p2a: Tauros
|-damage|p2a: Tauros|0 fnt
|faint|p2a: Tauros
|choice||
|
|switch|p2a: Alakazam|Alakazam|100\/100
|turn|26
|choice||
|
|move|p2a: Alakazam|Thunder Wave|p1a: Jean Jarre
|-status|p1a: Jean Jarre|par
|move|p1a: Jean Jarre|Hypnosis|p2a: Alakazam
|-status|p2a: Alakazam|slp
|
|turn|27
|choice||
|
|switch|p2a: Dragonite|Dragonite|100\/100
|move|p1a: Jean Jarre|Thunderbolt|p2a: Dragonite
|-damage|p2a: Dragonite|78\/100
|
|turn|28
|choice||
|
|move|p2a: Dragonite|Ice Beam|p1a: Jean Jarre
|-damage|p1a: Jean Jarre|82\/100 par
|move|p1a: Jean Jarre|Thunderbolt|p2a: Dragonite
|-damage|p2a: Dragonite|55\/100
|
|turn|29
|choice||
|
|move|p2a: Dragonite|Ice Beam|p1a: Jean Jarre
|-damage|p1a: Jean Jarre|62\/100 par
|move|p1a: Jean Jarre|Thunderbolt|p2a: Dragonite
|-crit|p2a: Dragonite
|-damage|p2a: Dragonite|11\/100
|
|turn|30
|choice||
|
|move|p2a: Dragonite|Ice Beam|p1a: Jean Jarre
|-damage|p1a: Jean Jarre|42\/100 par
|cant|p1a: Jean Jarre|par
|
|turn|31
|choice||
|
|move|p2a: Dragonite|Ice Beam|p1a: Jean Jarre
|-damage|p1a: Jean Jarre|23\/100 par
|cant|p1a: Jean Jarre|par
|
|turn|32
|choice||
|
|move|p2a: Dragonite|Ice Beam|p1a: Jean Jarre
|-damage|p1a: Jean Jarre|5\/100 par
|cant|p1a: Jean Jarre|par
|
|turn|33
|choice||
|
|move|p2a: Dragonite|Ice Beam|p1a: Jean Jarre
|-damage|p1a: Jean Jarre|0 fnt
|faint|p1a: Jean Jarre
|
|win|HunterSampayo
|player|p1
|player|p2
|raw|Rawmanau's rating: 1083 &rarr; <strong>1055<\/strong><br \/>(-28 for losing)
|raw|HunterSampayo's rating: 1000 &rarr; <strong>1049<\/strong><br \/>(+49 for winning)
|l|Rawmanau