|join|Lusch
|join|Loudo
|player|p1|Lusch|153
|player|p2|Loudo|222
|gametype|singles
|gen|1
|tier|[Gen 1] OU
|rated
|rule|Sleep Clause Mod: Limit one foe put to sleep
|rule|Freeze Clause Mod: Limit one foe frozen
|rule|Species Clause: Limit one of each Pokémon
|rule|OHKO Clause: OHKO moves are banned
|rule|Evasion Moves Clause: Evasion moves are banned
|rule|HP Percentage Mod: HP is shown in percentages
|
|start
|switch|p1a: Gengar|Gengar|323\/323
|switch|p2a: Starmie|Starmie|323\/323
|turn|1
|
|move|p2a: Starmie|Psychic|p1a: Gengar
|-supereffective|p1a: Gengar
|-damage|p1a: Gengar|160\/323
|move|p1a: Gengar|Thunderbolt|p2a: Starmie
|-supereffective|p2a: Starmie
|-damage|p2a: Starmie|152\/323
|
|turn|2
|
|switch|p1a: Chansey|Chansey|703\/703
|move|p2a: Starmie|Psychic|p1a: Chansey
|-damage|p1a: Chansey|598\/703
|
|turn|3
|
|switch|p1a: Exeggutor|Exeggutor|393\/393
|move|p2a: Starmie|Recover|p2a: Starmie
|-heal|p2a: Starmie|313\/323
|
|turn|4
|
|switch|p1a: Chansey|Chansey|598\/703
|move|p2a: Starmie|Blizzard|p1a: Chansey
|-damage|p1a: Chansey|506\/703
|
|turn|5
|
|switch|p2a: Exeggutor|Exeggutor|393\/393
|move|p1a: Chansey|Thunderbolt|p2a: Exeggutor
|-crit|p2a: Exeggutor
|-resisted|p2a: Exeggutor
|-damage|p2a: Exeggutor|329\/393
|
|turn|6
|
|switch|p1a: Exeggutor|Exeggutor|393\/393
|move|p2a: Exeggutor|Sleep Powder|p1a: Exeggutor|[miss]
|-miss|p2a: Exeggutor
|
|turn|7
|
|switch|p2a: Starmie|Starmie|313\/323
|move|p1a: Exeggutor|Sleep Powder|p2a: Starmie
|-status|p2a: Starmie|slp
|
|turn|8
|
|cant|p2a: Starmie|slp
|move|p1a: Exeggutor|Psychic|p2a: Starmie
|-crit|p2a: Starmie
|-resisted|p2a: Starmie
|-damage|p2a: Starmie|184\/323 slp
|-unboost|p2a: Starmie|spd|1
|-unboost|p2a: Starmie|spa|1
|
|turn|9
|
|switch|p2a: Exeggutor|Exeggutor|329\/393
|move|p1a: Exeggutor|Psychic|p2a: Exeggutor
|-crit|p2a: Exeggutor
|-resisted|p2a: Exeggutor
|-damage|p2a: Exeggutor|233\/393
|-unboost|p2a: Exeggutor|spd|1
|-unboost|p2a: Exeggutor|spa|1
|
|turn|10
|
|move|p1a: Exeggutor|Explosion|p2a: Exeggutor
|-damage|p2a: Exeggutor|0 fnt
|faint|p2a: Exeggutor
|faint|p1a: Exeggutor
|
|switch|p2a: Alakazam|Alakazam|313\/313
|switch|p1a: Tauros|Tauros|353\/353
|turn|11
|
|switch|p1a: Chansey|Chansey|506\/703
|move|p2a: Alakazam|Thunder Wave|p1a: Chansey
|-status|p1a: Chansey|par
|
|turn|12
|
|switch|p2a: Golem|Golem|363\/363
|move|p1a: Chansey|Ice Beam|p2a: Golem
|-supereffective|p2a: Golem
|-damage|p2a: Golem|149\/363
|
|turn|13
|
|switch|p1a: Starmie|Starmie|323\/323
|move|p2a: Golem|Earthquake|p1a: Starmie
|-damage|p1a: Starmie|172\/323
|
|turn|14
|
|switch|p2a: Alakazam|Alakazam|313\/313
|move|p1a: Starmie|Blizzard|p2a: Alakazam|[miss]
|-miss|p1a: Starmie
|
|turn|15
|
|switch|p2a: Snorlax|Snorlax|523\/523
|switch|p1a: Chansey|Chansey|506\/703 par
|
|turn|16
|
|switch|p1a: Gengar|Gengar|160\/323
|move|p2a: Snorlax|Earthquake|p1a: Gengar
|-supereffective|p1a: Gengar
|-damage|p1a: Gengar|0 fnt
|faint|p1a: Gengar
|
|switch|p1a: Rhydon|Rhydon|413\/413
|turn|17
|
|move|p1a: Rhydon|Earthquake|p2a: Snorlax
|-damage|p2a: Snorlax|353\/523
|move|p2a: Snorlax|Surf|p1a: Rhydon
|-supereffective|p1a: Rhydon
|-damage|p1a: Rhydon|35\/413
|
|turn|18
|
|move|p1a: Rhydon|Earthquake|p2a: Snorlax
|-damage|p2a: Snorlax|176\/523
|move|p2a: Snorlax|Earthquake|p1a: Rhydon
|-supereffective|p1a: Rhydon
|-damage|p1a: Rhydon|0 fnt
|faint|p1a: Rhydon
|
|switch|p1a: Tauros|Tauros|353\/353
|turn|19
|
|switch|p2a: Starmie|Starmie|184\/323 slp
|move|p1a: Tauros|Body Slam|p2a: Starmie
|-damage|p2a: Starmie|74\/323 slp
|
|turn|20
|
|switch|p1a: Starmie|Starmie|172\/323
|cant|p2a: Starmie|slp
|
|turn|21
|
|move|p1a: Starmie|Recover|p1a: Starmie
|-heal|p1a: Starmie|323\/323
|cant|p2a: Starmie|slp
|
|turn|22
|
|move|p1a: Starmie|Thunderbolt|p2a: Starmie
|-supereffective|p2a: Starmie
|-damage|p2a: Starmie|0 fnt
|faint|p2a: Starmie
|
|switch|p2a: Alakazam|Alakazam|313\/313
|turn|23
|
|switch|p2a: Golem|Golem|149\/363
|switch|p1a: Chansey|Chansey|506\/703 par
|
|turn|24
|
|move|p2a: Golem|Explosion|p1a: Chansey
|-damage|p1a: Chansey|0 fnt
|faint|p1a: Chansey
|faint|p2a: Golem
|
|switch|p2a: Alakazam|Alakazam|313\/313
|switch|p1a: Starmie|Starmie|323\/323
|turn|25
|
|move|p2a: Alakazam|Thunder Wave|p1a: Starmie
|-status|p1a: Starmie|par
|cant|p1a: Starmie|par
|
|turn|26
|
|move|p2a: Alakazam|Psychic|p1a: Starmie
|-crit|p1a: Starmie
|-resisted|p1a: Starmie
|-damage|p1a: Starmie|189\/323 par
|-unboost|p1a: Starmie|spd|1
|-unboost|p1a: Starmie|spa|1
|move|p1a: Starmie|Blizzard|p2a: Alakazam
|-damage|p2a: Alakazam|260\/313
|
|turn|27
|
|switch|p2a: Snorlax|Snorlax|176\/523
|move|p1a: Starmie|Recover|p1a: Starmie
|-heal|p1a: Starmie|323\/323 par
|
|turn|28
|
|move|p2a: Snorlax|Self-Destruct|p1a: Starmie
|-damage|p1a: Starmie|0 fnt
|faint|p1a: Starmie
|faint|p2a: Snorlax
|
|switch|p2a: Alakazam|Alakazam|260\/313
|switch|p1a: Tauros|Tauros|353\/353
|turn|29
|
|move|p2a: Alakazam|Thunder Wave|p1a: Tauros
|-status|p1a: Tauros|par
|move|p1a: Tauros|Hyper Beam|p2a: Alakazam|[miss]
|-miss|p1a: Tauros
|
|turn|30
|
|move|p2a: Alakazam|Psychic|p1a: Tauros
|-damage|p1a: Tauros|184\/353 par
|move|p1a: Tauros|Hyper Beam|p2a: Alakazam
|-crit|p2a: Alakazam
|-damage|p2a: Alakazam|0 fnt
|faint|p2a: Alakazam
|
|switch|p2a: Tauros|Tauros|353\/353
|turn|31
|c|★Lusch|gg
|
|move|p2a: Tauros|Body Slam|p1a: Tauros
|-damage|p1a: Tauros|72\/353 par
|cant|p1a: Tauros|par
|
|turn|32
|c|★Loudo|gg
|
|move|p2a: Tauros|Body Slam|p1a: Tauros
|-damage|p1a: Tauros|0 fnt
|faint|p1a: Tauros
|
|win|Loudo
|raw|Ladder updating...
|raw|Lusch's rating: 1301 &rarr; <strong>1288<\/strong><br \/>(-13 for losing)
|raw|Loudo's rating: 1442 &rarr; <strong>1455<\/strong><br \/>(+13 for winning)
|leave|Lusch