|j|FailMoore
|j|Feena
|player|p1|FailMoore|241
|player|p2|Feena|170
|gametype|singles
|gen|1
|tier|[Gen 1] Random Battle
|rated
|seed|
|rule|Sleep Clause Mod: Limit one foe put to sleep
|rule|Freeze Clause Mod: Limit one foe frozen
|rule|HP Percentage Mod: HP is shown in percentages
|
|start
|switch|p1a: Tangela|Tangela, L85|100\/100
|switch|p2a: Geodude|Geodude, L96|100\/100
|turn|1
|choice||
|
|switch|p2a: Rapidash|Rapidash, L90|100\/100
|move|p1a: Tangela|Mega Drain|p2a: Rapidash
|-resisted|p2a: Rapidash
|-damage|p2a: Rapidash|93\/100
|
|turn|2
|choice||
|
|switch|p1a: Electrode|Electrode, L90|100\/100
|move|p2a: Rapidash|Fire Blast|p1a: Electrode
|-damage|p1a: Electrode|57\/100
|
|turn|3
|choice||
|
|switch|p2a: Geodude|Geodude, L96|100\/100
|move|p1a: Electrode|Thunder Wave|p2a: Geodude
|-immune|p2a: Geodude|[msg]
|
|turn|4
|choice||
|
|switch|p1a: Tangela|Tangela, L85|100\/100
|move|p2a: Geodude|Body Slam|p1a: Tangela
|-damage|p1a: Tangela|82\/100
|
|turn|5
|choice||
|
|switch|p2a: Rapidash|Rapidash, L90|93\/100
|move|p1a: Tangela|Sleep Powder|p2a: Rapidash|[miss]
|-miss|p1a: Tangela
|
|turn|6
|choice||
|
|switch|p1a: Kingler|Kingler, L85|100\/100
|move|p2a: Rapidash|Fire Blast|p1a: Kingler|[miss]
|-miss|p2a: Rapidash
|
|turn|7
|choice||
|
|switch|p2a: Vileplume|Vileplume, L90|100\/100
|move|p1a: Kingler|Blizzard|p2a: Vileplume|[miss]
|-miss|p1a: Kingler
|
|turn|8
|choice||
|
|move|p1a: Kingler|Blizzard|p2a: Vileplume
|-supereffective|p2a: Vileplume
|-damage|p2a: Vileplume|66\/100
|-status|p2a: Vileplume|frz
|cant|p2a: Vileplume|frz
|
|turn|9
|choice||
|
|switch|p2a: Cloyster|Cloyster, L83|100\/100
|move|p1a: Kingler|Body Slam|p2a: Cloyster
|-damage|p2a: Cloyster|81\/100
|
|turn|10
|choice||
|
|move|p1a: Kingler|Body Slam|p2a: Cloyster
|-damage|p2a: Cloyster|63\/100
|-status|p2a: Cloyster|par
|move|p2a: Cloyster|Toxic|p1a: Kingler
|-status|p1a: Kingler|tox
|
|turn|11
|choice||
|
|move|p1a: Kingler|Body Slam|p2a: Cloyster
|-damage|p2a: Cloyster|46\/100 par
|-damage|p1a: Kingler|95\/100 tox|[from] tox|[of] p2a: Cloyster
|move|p2a: Cloyster|Blizzard|p1a: Kingler
|-resisted|p1a: Kingler
|-damage|p1a: Kingler|67\/100 tox
|
|turn|12
|choice||
|
|move|p1a: Kingler|Hyper Beam|p2a: Cloyster
|-damage|p2a: Cloyster|13\/100 par
|-damage|p1a: Kingler|55\/100 tox|[from] tox|[of] p2a: Cloyster
|move|p2a: Cloyster|Explosion|p1a: Kingler
|-damage|p1a: Kingler|0 fnt
|faint|p1a: Kingler
|faint|p2a: Cloyster
|choice||
|
|switch|p1a: Electrode|Electrode, L90|57\/100
|switch|p2a: Rapidash|Rapidash, L90|93\/100
|turn|13
|choice||
|
|move|p1a: Electrode|Thunder Wave|p2a: Rapidash
|-status|p2a: Rapidash|par
|move|p2a: Rapidash|Fire Blast|p1a: Electrode
|-damage|p1a: Electrode|13\/100
|
|turn|14
|choice||
|
|switch|p2a: Vileplume|Vileplume, L90|66\/100 frz
|move|p1a: Electrode|Explosion|p2a: Vileplume
|-damage|p2a: Vileplume|6\/100 frz
|faint|p1a: Electrode
|choice||
|
|switch|p1a: Flareon|Flareon, L90|100\/100
|turn|15
|choice||
|
|move|p1a: Flareon|Body Slam|p2a: Vileplume
|-damage|p2a: Vileplume|0 fnt
|faint|p2a: Vileplume
|choice||
|
|switch|p2a: Geodude|Geodude, L96|100\/100
|turn|16
|choice||
|
|switch|p1a: Snorlax|Snorlax, L79|100\/100
|move|p2a: Geodude|Body Slam|p1a: Snorlax
|-damage|p1a: Snorlax|81\/100
|
|turn|17
|choice||
|
|move|p2a: Geodude|Earthquake|p1a: Snorlax
|-damage|p1a: Snorlax|44\/100
|move|p1a: Snorlax|Earthquake|p2a: Geodude
|-supereffective|p2a: Geodude
|-damage|p2a: Geodude|63\/100
|
|turn|18
|choice||
|
|move|p2a: Geodude|Body Slam|p1a: Snorlax
|-damage|p1a: Snorlax|22\/100
|move|p1a: Snorlax|Earthquake|p2a: Geodude
|-supereffective|p2a: Geodude
|-damage|p2a: Geodude|20\/100
|
|turn|19
|choice||
|
|switch|p1a: Tangela|Tangela, L85|82\/100
|move|p2a: Geodude|Earthquake|p1a: Tangela
|-resisted|p1a: Tangela
|-damage|p1a: Tangela|64\/100
|
|turn|20
|choice||
|
|move|p1a: Tangela|Body Slam|p2a: Geodude
|-resisted|p2a: Geodude
|-damage|p2a: Geodude|13\/100
|-status|p2a: Geodude|par
|cant|p2a: Geodude|par
|
|turn|21
|choice||
|
|move|p1a: Tangela|Mega Drain|p2a: Geodude
|-supereffective|p2a: Geodude
|-damage|p2a: Geodude|0 fnt
|-heal|p1a: Tangela|70\/100|[from] drain|[of] p2a: Geodude
|faint|p2a: Geodude
|choice||
|
|switch|p2a: Rapidash|Rapidash, L90|93\/100 par
|turn|22
|choice||
|
|move|p1a: Tangela|Body Slam|p2a: Rapidash
|-damage|p2a: Rapidash|76\/100 par
|move|p2a: Rapidash|Fire Blast|p1a: Tangela|[miss]
|-miss|p2a: Rapidash
|
|turn|23
|choice||
|
|move|p1a: Tangela|Body Slam|p2a: Rapidash
|-damage|p2a: Rapidash|60\/100 par
|move|p2a: Rapidash|Reflect|p2a: Rapidash
|-start|p2a: Rapidash|Reflect
|
|turn|24
|choice||
|
|switch|p1a: Flareon|Flareon, L90|100\/100
|move|p2a: Rapidash|Substitute|p2a: Rapidash
|-start|p2a: Rapidash|Substitute
|-damage|p2a: Rapidash|35\/100 par
|
|turn|25
|choice||
|
|move|p1a: Flareon|Body Slam|p2a: Rapidash
|-activate|p2a: Rapidash|Substitute|[damage]
|cant|p2a: Rapidash|par
|
|turn|26
|choice||
|
|move|p1a: Flareon|Body Slam|p2a: Rapidash
|-end|p2a: Rapidash|Substitute
|move|p2a: Rapidash|Body Slam|p1a: Flareon
|-damage|p1a: Flareon|75\/100
|
|turn|27
|choice||
|
|move|p1a: Flareon|Body Slam|p2a: Rapidash
|-damage|p2a: Rapidash|20\/100 par
|move|p2a: Rapidash|Body Slam|p1a: Flareon
|-damage|p1a: Flareon|45\/100
|-status|p1a: Flareon|par
|
|turn|28
|choice||
|
|move|p2a: Rapidash|Body Slam|p1a: Flareon|[miss]
|-miss|p2a: Rapidash
|cant|p1a: Flareon|par
|
|turn|29
|choice||
|
|move|p2a: Rapidash|Body Slam|p1a: Flareon
|-damage|p1a: Flareon|16\/100 par
|move|p1a: Flareon|Hyper Beam|p2a: Rapidash
|-damage|p2a: Rapidash|0 fnt
|faint|p2a: Rapidash
|choice||
|
|switch|p2a: Haunter|Haunter, L85|100\/100
|turn|30
|choice||
|
|move|p2a: Haunter|Psychic|p1a: Flareon
|-damage|p1a: Flareon|0 fnt
|faint|p1a: Flareon
|choice||
|
|switch|p1a: Tangela|Tangela, L85|70\/100
|turn|31
|choice||
|
|move|p2a: Haunter|Hypnosis|p1a: Tangela
|-status|p1a: Tangela|slp
|cant|p1a: Tangela|slp
|
|turn|32
|choice||
|
|switch|p1a: Snorlax|Snorlax, L79|22\/100
|move|p2a: Haunter|Psychic|p1a: Snorlax
|-damage|p1a: Snorlax|0 fnt
|faint|p1a: Snorlax
|choice||
|
|switch|p1a: Ivysaur|Ivysaur, L85|100\/100
|turn|33
|choice||
|
|switch|p2a: Kabutops|Kabutops, L85|100\/100
|move|p1a: Ivysaur|Leech Seed|p2a: Kabutops
|-start|p2a: Kabutops|move: Leech Seed
|
|turn|34
|choice||
|
|move|p2a: Kabutops|Body Slam|p1a: Ivysaur
|-damage|p1a: Ivysaur|69\/100
|-status|p1a: Ivysaur|par
|-damage|p2a: Kabutops|94\/100|[from] Leech Seed|[of] p1a: Ivysaur
|-heal|p1a: Ivysaur|75\/100 par|[silent]
|move|p1a: Ivysaur|Razor Leaf|p2a: Kabutops
|-supereffective|p2a: Kabutops
|-damage|p2a: Kabutops|12\/100
|
|turn|35
|choice||
|
|move|p2a: Kabutops|Hyper Beam|p1a: Ivysaur
|-crit|p1a: Ivysaur
|-damage|p1a: Ivysaur|0 fnt
|faint|p1a: Ivysaur
|choice||
|
|switch|p1a: Tangela|Tangela, L85|70\/100 slp
|turn|36
|choice||
|
|move|p2a: Kabutops|Body Slam|p1a: Tangela
|-damage|p1a: Tangela|48\/100 slp
|-damage|p2a: Kabutops|6\/100|[from] Leech Seed|[of] p1a: Tangela
|-heal|p1a: Tangela|54\/100 slp|[silent]
|cant|p1a: Tangela|slp
|
|turn|37
|choice||
|
|move|p2a: Kabutops|Hyper Beam|p1a: Tangela
|-damage|p1a: Tangela|17\/100 slp
|-damage|p2a: Kabutops|0 fnt|[from] Leech Seed|[of] p1a: Tangela
|-heal|p1a: Tangela|22\/100 slp|[silent]
|faint|p2a: Kabutops
|choice||
|
|switch|p2a: Haunter|Haunter, L85|100\/100
|turn|38
|choice||
|
|move|p2a: Haunter|Psychic|p1a: Tangela
|-crit|p1a: Tangela
|-damage|p1a: Tangela|0 fnt
|faint|p1a: Tangela
|
|win|Feena
|player|p1
|player|p2
|raw|FailMoore's rating: 1265 &rarr; <strong>1248<\/strong><br \/>(-17 for losing)
|raw|Feena's rating: 1384 &rarr; <strong>1397<\/strong><br \/>(+13 for winning)
|l|FailMoore