|join|andreWandres
|join|DelosAltoMando
|player|p1|andreWandres|1
|player|p2|DelosAltoMando|69
|gametype|singles
|gen|1
|tier|[Gen 1] Random Battle
|seed|47800,47801,1244,29159
|rule|Sleep Clause Mod: Limit one foe put to sleep
|rule|Freeze Clause Mod: Limit one foe frozen
|rule|HP Percentage Mod: HP is shown in percentages
|
|start
|switch|p1a: Primeape|Primeape, L90|300\/300
|switch|p2a: Abra|Abra, L96|243\/243
|turn|1
|join|EHCOMPRADOLECHEXD
|join|shiroxd13
|join|ManuNow
|c|★andreWandres|si llegas a 240 estaras descalificado
|join|Solrac 9801
|join|lagatuna
|join|GonzaX
|join|Fenrir Jr
|choice|switch 5|move 2
|
|switch|p1a: Mewtwo|Mewtwo, L68|285\/285
|move|p2a: Abra|Thunder Wave|p1a: Mewtwo
|-status|p1a: Mewtwo|par
|
|turn|2
|c|★DelosAltoMando|?
|join|TheMobedex
|c|★andreWandres|timer
|leave|Fenrir Jr
|leave|shiroxd13
|c|★andreWandres|tic tac
|choice|move 3|move 3
|
|move|p2a: Abra|Psychic|p1a: Mewtwo
|-resisted|p1a: Mewtwo
|-damage|p1a: Mewtwo|232\/285 par
|-unboost|p1a: Mewtwo|spd|1
|-unboost|p1a: Mewtwo|spa|1
|move|p1a: Mewtwo|Thunder Wave|p2a: Abra
|-status|p2a: Abra|par
|
|turn|3
|leave|Solrac 9801
|choice|switch 6|move 3
|
|switch|p1a: Gyarados|Gyarados, L85|335\/335
|move|p2a: Abra|Psychic|p1a: Gyarados
|-damage|p1a: Gyarados|217\/335
|
|turn|4
|join|PokeBlazer09
|leave|PokeBlazer09
|choice|move 3|move 2
|
|move|p1a: Gyarados|Body Slam|p2a: Abra
|-damage|p2a: Abra|97\/243 par
|move|p2a: Abra|Thunder Wave|p1a: Gyarados
|-status|p1a: Gyarados|par
|
|turn|5
|leave|lagatuna
|c|★andreWandres|meg
|c|★andreWandres|tenia que haber tirado lo otro
|choice|move 3|move 3
|
|cant|p2a: Abra|par
|move|p1a: Gyarados|Body Slam|p2a: Abra
|-crit|p2a: Abra
|-damage|p2a: Abra|0 fnt
|faint|p2a: Abra
|choice||switch 6
|
|switch|p2a: Electrode|Electrode, L90|291\/291
|turn|6
|choice|switch 2|move 4
|
|switch|p1a: Venusaur|Venusaur, L85|310\/310
|move|p2a: Electrode|Thunderbolt|p1a: Venusaur
|-resisted|p1a: Venusaur
|-damage|p1a: Venusaur|266\/310
|
|turn|7
|leave|ManuNow
|choice|move 3|switch 5
|
|switch|p2a: Parasect|Parasect, L90|291\/291
|move|p1a: Venusaur|Sleep Powder|p2a: Parasect
|-status|p2a: Parasect|slp
|
|turn|8
|leave|GonzaX
|choice|move 4|move 4
|
|move|p1a: Venusaur|Swords Dance|p1a: Venusaur
|-boost|p1a: Venusaur|atk|2
|cant|p2a: Parasect|slp
|
|turn|9
|choice|move 1|move 4
|
|move|p1a: Venusaur|Body Slam|p2a: Parasect
|-damage|p2a: Parasect|177\/291 slp
|cant|p2a: Parasect|slp
|
|turn|10
|choice|move 4|move 4
|
|move|p1a: Venusaur|Swords Dance|p1a: Venusaur
|-boost|p1a: Venusaur|atk|2
|-curestatus|p2a: Parasect|slp
|
|turn|11
|choice|move 3|move 4
|
|move|p1a: Venusaur|Sleep Powder|p2a: Parasect
|-status|p2a: Parasect|slp
|cant|p2a: Parasect|slp
|
|turn|12
|choice|move 4|move 4
|
|move|p1a: Venusaur|Swords Dance|p1a: Venusaur
|-boost|p1a: Venusaur|atk|2
|-curestatus|p2a: Parasect|slp
|
|turn|13
|choice|move 1|move 2
|
|move|p1a: Venusaur|Body Slam|p2a: Parasect
|-damage|p2a: Parasect|0 fnt
|faint|p2a: Parasect
|choice||switch 4
|
|switch|p2a: Kangaskhan|Kangaskhan, L85|352\/352
|turn|14
|choice|move 3|move 3
|
|move|p2a: Kangaskhan|Earthquake|p1a: Venusaur
|-damage|p1a: Venusaur|198\/310
|move|p1a: Venusaur|Sleep Powder|p2a: Kangaskhan|[miss]
|-miss|p1a: Venusaur
|
|turn|15
|choice|move 3|move 3
|
|move|p2a: Kangaskhan|Earthquake|p1a: Venusaur
|-damage|p1a: Venusaur|128\/310
|move|p1a: Venusaur|Sleep Powder|p2a: Kangaskhan|[miss]
|-miss|p1a: Venusaur
|
|turn|16
|c|★andreWandres|venga..
|c|★andreWandres|veeeenga...
|choice|move 3|move 3
|
|move|p2a: Kangaskhan|Earthquake|p1a: Venusaur
|-damage|p1a: Venusaur|60\/310
|move|p1a: Venusaur|Sleep Powder|p2a: Kangaskhan
|-status|p2a: Kangaskhan|slp
|
|turn|17
|choice|move 1|move 3
|
|-curestatus|p2a: Kangaskhan|slp
|move|p1a: Venusaur|Body Slam|p2a: Kangaskhan
|-damage|p2a: Kangaskhan|116\/352
|
|turn|18
|c|★andreWandres|enfin...
|choice|switch 2|move 3
|
|switch|p1a: Gyarados|Gyarados, L85|217\/335 par
|move|p2a: Kangaskhan|Earthquake|p1a: Gyarados
|-immune|p1a: Gyarados|[msg]
|
|turn|19
|leave|EHCOMPRADOLECHEXD
|choice|move 4|move 2
|
|move|p1a: Gyarados|Hyper Beam|p2a: Kangaskhan
|-damage|p2a: Kangaskhan|0 fnt
|faint|p2a: Kangaskhan
|choice||switch 5
|
|switch|p2a: Electrode|Electrode, L90|291\/291
|turn|20
|choice|move 3|move 4
|
|move|p2a: Electrode|Thunderbolt|p1a: Gyarados
|-crit|p1a: Gyarados
|-supereffective|p1a: Gyarados
|-damage|p1a: Gyarados|0 fnt
|faint|p1a: Gyarados
|choice|switch 2|
|
|switch|p1a: Venusaur|Venusaur, L85|60\/310
|turn|21
|choice|move 3|move 4
|
|move|p2a: Electrode|Thunderbolt|p1a: Venusaur
|-resisted|p1a: Venusaur
|-damage|p1a: Venusaur|14\/310
|move|p1a: Venusaur|Sleep Powder|p2a: Electrode
|-status|p2a: Electrode|slp
|
|turn|22
|choice|move 1|move 4
|
|cant|p2a: Electrode|slp
|move|p1a: Venusaur|Body Slam|p2a: Electrode
|-damage|p2a: Electrode|234\/291 slp
|
|turn|23
|choice|move 2|move 4
|
|cant|p2a: Electrode|slp
|move|p1a: Venusaur|Razor Leaf|p2a: Electrode
|-crit|p2a: Electrode
|-damage|p2a: Electrode|110\/291 slp
|
|turn|24
|choice|move 2|move 1
|
|cant|p2a: Electrode|slp
|move|p1a: Venusaur|Razor Leaf|p2a: Electrode
|-crit|p2a: Electrode
|-damage|p2a: Electrode|0 fnt
|faint|p2a: Electrode
|choice||switch 2
|
|switch|p2a: Hitmonlee|Hitmonlee, L90|273\/273
|turn|25
|choice|move 1|move 4
|
|move|p2a: Hitmonlee|Substitute|p2a: Hitmonlee
|-start|p2a: Hitmonlee|Substitute
|-damage|p2a: Hitmonlee|205\/273
|move|p1a: Venusaur|Body Slam|p2a: Hitmonlee
|-end|p2a: Hitmonlee|Substitute
|
|turn|26
|choice|move 1|move 2
|
|move|p2a: Hitmonlee|Seismic Toss|p1a: Venusaur
|-damage|p1a: Venusaur|0 fnt
|faint|p1a: Venusaur
|choice|switch 3|
|
|switch|p1a: Magmar|Magmar, L90|300\/300
|turn|27
|choice|move 2|move 3
|
|move|p1a: Magmar|Fire Blast|p2a: Hitmonlee|[miss]
|-miss|p1a: Magmar
|move|p2a: Hitmonlee|Counter|p1a: Magmar
|-fail|p2a: Hitmonlee
|
|turn|28
|choice|move 2|move 2
|
|move|p1a: Magmar|Fire Blast|p2a: Hitmonlee
|-damage|p2a: Hitmonlee|0 fnt
|faint|p2a: Hitmonlee
|choice||switch 3
|
|switch|p2a: Dratini|Dratini, L96|274\/274
|turn|29
|choice|move 2|move 1
|
|move|p1a: Magmar|Fire Blast|p2a: Dratini
|-resisted|p2a: Dratini
|-damage|p2a: Dratini|199\/274
|move|p2a: Dratini|Thunder Wave|p1a: Magmar
|-status|p1a: Magmar|par
|
|turn|30
|choice|move 3|move 3
|
|move|p2a: Dratini|Agility|p2a: Dratini
|-boost|p2a: Dratini|spe|2
|move|p1a: Magmar|Confuse Ray|p2a: Dratini
|-start|p2a: Dratini|confusion
|
|turn|31
|choice|move 2|move 2
|
|-activate|p2a: Dratini|confusion
|-damage|p2a: Dratini|159\/274|[from] confusion
|move|p1a: Magmar|Fire Blast|p2a: Dratini
|-crit|p2a: Dratini
|-resisted|p2a: Dratini
|-damage|p2a: Dratini|0 fnt
|faint|p2a: Dratini
|
|win|andreWandres
|leave|DelosAltoMando
|c|★andreWandres|gracias por intentarlo
|player|p2