|j|Feena
|j|LoD Hadar
|player|p1|Feena|170
|player|p2|LoD Hadar|80
|gametype|singles
|gen|1
|tier|[Gen 1] OU
|rated
|seed|29754,1091,18116,356
|rule|Sleep Clause Mod: Limit one foe put to sleep
|rule|Freeze Clause Mod: Limit one foe frozen
|rule|Species Clause: Limit one of each Pokémon
|rule|OHKO Clause: OHKO moves are banned
|rule|Evasion Moves Clause: Evasion moves are banned
|rule|HP Percentage Mod: HP is shown in percentages
|
|start
|switch|p1a: Alakazam|Alakazam|313\/313
|switch|p2a: Ninetales|Ninetales|349\/349
|turn|1
|choice|move 2|switch 2
|
|switch|p2a: Chansey|Chansey|703\/703
|move|p1a: Alakazam|Thunder Wave|p2a: Chansey
|-status|p2a: Chansey|par
|
|turn|2
|choice|move 1|move 3
|
|move|p1a: Alakazam|Psychic|p2a: Chansey
|-crit|p2a: Chansey
|-damage|p2a: Chansey|469\/703 par
|-unboost|p2a: Chansey|spd|1
|-unboost|p2a: Chansey|spa|1
|move|p2a: Chansey|Thunder Wave|p1a: Alakazam
|-status|p1a: Alakazam|par
|
|turn|3
|choice|move 1|move 4
|
|move|p1a: Alakazam|Psychic|p2a: Chansey
|-damage|p2a: Chansey|287\/703 par
|move|p2a: Chansey|Soft-Boiled|p2a: Chansey
|-heal|p2a: Chansey|638\/703 par
|
|turn|4
|choice|move 1|switch 3
|
|switch|p2a: Slowbro|Slowbro|393\/393
|move|p1a: Alakazam|Psychic|p2a: Slowbro
|-crit|p2a: Slowbro
|-resisted|p2a: Slowbro
|-damage|p2a: Slowbro|240\/393
|
|turn|5
|choice|switch 2|move 3
|
|switch|p1a: Exeggutor|Exeggutor|393\/393
|move|p2a: Slowbro|Amnesia|p2a: Slowbro
|-boost|p2a: Slowbro|spd|2
|-boost|p2a: Slowbro|spa|2
|
|turn|6
|choice|move 2|switch 3
|
|switch|p2a: Chansey|Chansey|638\/703 par
|move|p1a: Exeggutor|Sleep Powder|p2a: Chansey
|-fail|p2a: Chansey
|
|turn|7
|choice|switch 3|move 3
|
|switch|p1a: Chansey|Chansey|703\/703
|cant|p2a: Chansey|par
|
|turn|8
|choice|move 2|move 3
|
|move|p1a: Chansey|Thunderbolt|p2a: Chansey
|-crit|p2a: Chansey
|-damage|p2a: Chansey|496\/703 par
|move|p2a: Chansey|Thunder Wave|p1a: Chansey
|-status|p1a: Chansey|par
|
|turn|9
|choice|move 1|move 4
|
|move|p1a: Chansey|Ice Beam|p2a: Chansey
|-damage|p2a: Chansey|427\/703 par
|move|p2a: Chansey|Soft-Boiled|p2a: Chansey
|-heal|p2a: Chansey|703\/703 par
|
|turn|10
|choice|move 2|move 2
|
|move|p1a: Chansey|Thunderbolt|p2a: Chansey
|-damage|p2a: Chansey|633\/703 par
|move|p2a: Chansey|Thunderbolt|p1a: Chansey
|-damage|p1a: Chansey|629\/703 par
|
|turn|11
|choice|switch 5|switch 4
|
|switch|p1a: Snorlax|Snorlax|523\/523
|switch|p2a: Golem|Golem|363\/363
|
|turn|12
|choice|move 2|move 4
|
|move|p2a: Golem|Explosion|p1a: Snorlax
|-damage|p1a: Snorlax|150\/523
|faint|p2a: Golem
|choice||switch 5
|
|switch|p2a: Zapdos|Zapdos|383\/383
|turn|13
|choice|switch 2|move 2
|
|switch|p1a: Alakazam|Alakazam|313\/313 par
|move|p2a: Zapdos|Drill Peck|p1a: Alakazam
|-damage|p1a: Alakazam|178\/313 par
|
|turn|14
|choice|move 2|move 4
|
|move|p2a: Zapdos|Hyper Beam|p1a: Alakazam
|-damage|p1a: Alakazam|0 fnt
|faint|p1a: Alakazam
|choice|switch 5|
|
|switch|p1a: Chansey|Chansey|629\/703 par
|turn|15
|choice|move 3|move 2
|
|move|p2a: Zapdos|Drill Peck|p1a: Chansey
|-damage|p1a: Chansey|397\/703 par
|move|p1a: Chansey|Thunder Wave|p2a: Zapdos
|-status|p2a: Zapdos|par
|
|turn|16
|choice|move 4|move 2
|
|move|p2a: Zapdos|Drill Peck|p1a: Chansey
|-damage|p1a: Chansey|168\/703 par
|move|p1a: Chansey|Soft-Boiled|p1a: Chansey
|-heal|p1a: Chansey|519\/703 par
|
|turn|17
|choice|move 4|move 2
|
|move|p2a: Zapdos|Drill Peck|p1a: Chansey
|-damage|p1a: Chansey|265\/703 par
|move|p1a: Chansey|Soft-Boiled|p1a: Chansey
|-heal|p1a: Chansey|616\/703 par
|
|turn|18
|choice|switch 4|move 3
|
|switch|p1a: Lapras|Lapras|463\/463
|move|p2a: Zapdos|Thunder Wave|p1a: Lapras
|-status|p1a: Lapras|par
|
|turn|19
|choice|move 1|switch 3
|
|switch|p2a: Slowbro|Slowbro|240\/393
|move|p1a: Lapras|Blizzard|p2a: Slowbro
|-resisted|p2a: Slowbro
|-damage|p2a: Slowbro|157\/393
|
|turn|20
|choice|move 4|move 4
|
|move|p2a: Slowbro|Rest|p2a: Slowbro
|-status|p2a: Slowbro|slp
|-heal|p2a: Slowbro|393\/393 slp|[silent]
|-status|p2a: Slowbro|slp|[from] move: Rest
|move|p1a: Lapras|Sing|p2a: Slowbro
|-fail|p2a: Slowbro|slp
|
|turn|21
|c|★LoD Hadar|7u7
|choice|switch 3|move 2
|
|switch|p1a: Exeggutor|Exeggutor|393\/393
|cant|p2a: Slowbro|slp
|
|turn|22
|choice|move 3|switch 3
|
|switch|p2a: Zapdos|Zapdos|383\/383 par
|move|p1a: Exeggutor|Mega Drain|p2a: Zapdos
|-resisted|p2a: Zapdos
|-damage|p2a: Zapdos|360\/383 par
|
|turn|23
|choice|move 1|move 2
|
|move|p1a: Exeggutor|Psychic|p2a: Zapdos
|-damage|p2a: Zapdos|259\/383 par
|move|p2a: Zapdos|Drill Peck|p1a: Exeggutor
|-supereffective|p1a: Exeggutor
|-damage|p1a: Exeggutor|183\/393
|
|turn|24
|choice|switch 3|move 3
|
|switch|p1a: Lapras|Lapras|463\/463 par
|cant|p2a: Zapdos|par
|
|turn|25
|choice|move 1|switch 3
|
|switch|p2a: Slowbro|Slowbro|393\/393 slp
|cant|p1a: Lapras|par
|
|turn|26
|choice|move 4|move 3
|
|-curestatus|p2a: Slowbro|slp
|move|p1a: Lapras|Sing|p2a: Slowbro|[miss]
|-miss|p1a: Lapras
|
|turn|27
|choice|move 4|switch 4
|
|switch|p2a: Chansey|Chansey|633\/703 par
|cant|p1a: Lapras|par
|
|turn|28
|choice|move 3|move 2
|
|move|p1a: Lapras|Confuse Ray|p2a: Chansey
|-start|p2a: Chansey|confusion
|-activate|p2a: Chansey|confusion
|-damage|p2a: Chansey|598\/703 par|[from] confusion
|
|turn|29
|choice|switch 2|move 2
|
|switch|p1a: Snorlax|Snorlax|150\/523
|cant|p2a: Chansey|par
|
|turn|30
|choice|move 3|switch 4
|
|switch|p2a: Slowbro|Slowbro|393\/393
|move|p1a: Snorlax|Amnesia|p1a: Snorlax
|-boost|p1a: Snorlax|spd|2
|-boost|p1a: Snorlax|spa|2
|
|turn|31
|choice|move 1|move 3
|
|move|p1a: Snorlax|Body Slam|p2a: Slowbro
|-damage|p2a: Slowbro|307\/393
|move|p2a: Slowbro|Amnesia|p2a: Slowbro
|-boost|p2a: Slowbro|spd|2
|-boost|p2a: Slowbro|spa|2
|
|turn|32
|choice|move 1|move 1
|
|move|p2a: Slowbro|Thunder Wave|p1a: Snorlax
|-status|p1a: Snorlax|par
|cant|p1a: Snorlax|par
|
|turn|33
|choice|switch 3|move 2
|
|switch|p1a: Exeggutor|Exeggutor|183\/393
|move|p2a: Slowbro|Surf|p1a: Exeggutor
|-resisted|p1a: Exeggutor
|-damage|p1a: Exeggutor|97\/393
|
|turn|34
|choice|move 1|switch 4
|
|switch|p2a: Chansey|Chansey|598\/703 par
|move|p1a: Exeggutor|Psychic|p2a: Chansey
|-damage|p2a: Chansey|476\/703 par
|
|turn|35
|choice|switch 3|move 1
|
|switch|p1a: Snorlax|Snorlax|150\/523 par
|move|p2a: Chansey|Ice Beam|p1a: Snorlax
|-damage|p1a: Snorlax|46\/523 par
|
|turn|36
|choice|move 4|move 2
|
|move|p2a: Chansey|Thunderbolt|p1a: Snorlax
|-damage|p1a: Snorlax|0 fnt
|faint|p1a: Snorlax
|choice|switch 6|
|
|switch|p1a: Tauros|Tauros|353\/353
|turn|37
|choice|move 4|switch 2
|
|switch|p2a: Ninetales|Ninetales|349\/349
|move|p1a: Tauros|Hyper Beam|p2a: Ninetales
|-damage|p2a: Ninetales|141\/349
|
|turn|38
|-mustrecharge|p1a: Tauros
|-mustrecharge|p1a: Tauros
|choice|move 1|move 1
|
|cant|p1a: Tauros|recharge
|move|p2a: Ninetales|Fire Blast|p1a: Tauros
|-damage|p1a: Tauros|168\/353
|
|turn|39
|choice|move 4|move 1
|
|move|p1a: Tauros|Hyper Beam|p2a: Ninetales
|-crit|p2a: Ninetales
|-damage|p2a: Ninetales|0 fnt
|faint|p2a: Ninetales
|choice||switch 4
|
|switch|p2a: Slowbro|Slowbro|307\/393
|turn|40
|choice|move 1|move 1
|
|move|p1a: Tauros|Body Slam|p2a: Slowbro
|-damage|p2a: Slowbro|214\/393
|move|p2a: Slowbro|Thunder Wave|p1a: Tauros
|-status|p1a: Tauros|par
|
|turn|41
|choice|move 4|move 3
|
|move|p2a: Slowbro|Amnesia|p2a: Slowbro
|-boost|p2a: Slowbro|spd|2
|-boost|p2a: Slowbro|spa|2
|move|p1a: Tauros|Hyper Beam|p2a: Slowbro
|-crit|p2a: Slowbro
|-damage|p2a: Slowbro|0 fnt
|faint|p2a: Slowbro
|choice||switch 6
|
|switch|p2a: Dragonite|Dragonite|385\/385
|turn|42
|choice|move 3|move 2
|
|move|p2a: Dragonite|Wrap|p1a: Tauros
|-damage|p1a: Tauros|153\/353 par
|-activate|p1a: Tauros|move: Wrap|[of] p2a: Dragonite
|cant|p1a: Tauros|partiallytrapped
|
|turn|43
|choice|switch 2|move 2
|
|switch|p1a: Lapras|Lapras|463\/463 par
|move|p2a: Dragonite|Wrap|p1a: Lapras
|-damage|p1a: Lapras|445\/463 par
|-activate|p1a: Lapras|move: Wrap|[of] p2a: Dragonite
|
|turn|44
|choice|switch 4|move 2
|
|switch|p1a: Chansey|Chansey|616\/703 par
|move|p2a: Dragonite|Wrap|p1a: Chansey
|-damage|p1a: Chansey|578\/703 par
|-activate|p1a: Chansey|move: Wrap|[of] p2a: Dragonite
|
|turn|45
|choice|switch 3|move 2
|
|switch|p1a: Exeggutor|Exeggutor|97\/393
|move|p2a: Dragonite|Wrap|p1a: Exeggutor
|-damage|p1a: Exeggutor|80\/393
|-activate|p1a: Exeggutor|move: Wrap|[of] p2a: Dragonite
|
|turn|46
|choice|switch 3|move 2
|
|switch|p1a: Chansey|Chansey|578\/703 par
|move|p2a: Dragonite|Wrap|p1a: Chansey
|-crit|p1a: Chansey
|-damage|p1a: Chansey|499\/703 par
|-activate|p1a: Chansey|move: Wrap|[of] p2a: Dragonite
|
|turn|47
|choice|switch 4|move 2
|
|switch|p1a: Lapras|Lapras|445\/463 par
|move|p2a: Dragonite|Wrap|p1a: Lapras|[miss]
|-miss|p2a: Dragonite
|
|turn|48
|choice|move 1|move 2
|
|move|p2a: Dragonite|Wrap|p1a: Lapras
|-crit|p1a: Lapras
|-damage|p1a: Lapras|414\/463 par
|-activate|p1a: Lapras|move: Wrap|[of] p2a: Dragonite
|cant|p1a: Lapras|par
|
|turn|49
|choice|switch 3|move 2
|
|switch|p1a: Exeggutor|Exeggutor|80\/393
|move|p2a: Dragonite|Wrap|p1a: Exeggutor
|-damage|p1a: Exeggutor|64\/393
|-activate|p1a: Exeggutor|move: Wrap|[of] p2a: Dragonite
|
|turn|50
|choice|move 4|move 2
|
|move|p2a: Dragonite|Wrap|p1a: Exeggutor
|-damage|p1a: Exeggutor|48\/393
|cant|p1a: Exeggutor|partiallytrapped
|
|turn|51
|choice|switch 3|move 2
|
|switch|p1a: Lapras|Lapras|414\/463 par
|move|p2a: Dragonite|Wrap|p1a: Lapras
|-damage|p1a: Lapras|396\/463 par
|-activate|p1a: Lapras|move: Wrap|[of] p2a: Dragonite
|
|turn|52
|choice|switch 3|switch 3
|
|switch|p2a: Zapdos|Zapdos|259\/383 par
|switch|p1a: Exeggutor|Exeggutor|48\/393
|
|turn|53
|choice|move 4|move 2
|
|move|p1a: Exeggutor|Explosion|p2a: Zapdos
|-damage|p2a: Zapdos|0 fnt
|faint|p2a: Zapdos
|faint|p1a: Exeggutor
|choice|switch 4|switch 3
|
|switch|p2a: Dragonite|Dragonite|385\/385
|switch|p1a: Chansey|Chansey|499\/703 par
|turn|54
|choice|move 3|move 2
|
|move|p2a: Dragonite|Wrap|p1a: Chansey
|-damage|p1a: Chansey|458\/703 par
|-activate|p1a: Chansey|move: Wrap|[of] p2a: Dragonite
|cant|p1a: Chansey|partiallytrapped
|
|turn|55
|choice|switch 3|move 2
|
|switch|p1a: Lapras|Lapras|396\/463 par
|move|p2a: Dragonite|Wrap|p1a: Lapras
|-crit|p1a: Lapras
|-damage|p1a: Lapras|365\/463 par
|-activate|p1a: Lapras|move: Wrap|[of] p2a: Dragonite
|
|turn|56
|choice|switch 3|move 2
|
|switch|p1a: Chansey|Chansey|458\/703 par
|move|p2a: Dragonite|Wrap|p1a: Chansey
|-damage|p1a: Chansey|418\/703 par
|-activate|p1a: Chansey|move: Wrap|[of] p2a: Dragonite
|
|turn|57
|choice|switch 3|move 2
|
|switch|p1a: Lapras|Lapras|365\/463 par
|move|p2a: Dragonite|Wrap|p1a: Lapras
|-damage|p1a: Lapras|349\/463 par
|-activate|p1a: Lapras|move: Wrap|[of] p2a: Dragonite
|
|turn|58
|choice|switch 3|move 2
|
|switch|p1a: Chansey|Chansey|418\/703 par
|move|p2a: Dragonite|Wrap|p1a: Chansey
|-damage|p1a: Chansey|377\/703 par
|-activate|p1a: Chansey|move: Wrap|[of] p2a: Dragonite
|
|turn|59
|choice|switch 3|move 2
|
|switch|p1a: Lapras|Lapras|349\/463 par
|move|p2a: Dragonite|Wrap|p1a: Lapras
|-crit|p1a: Lapras
|-damage|p1a: Lapras|314\/463 par
|-activate|p1a: Lapras|move: Wrap|[of] p2a: Dragonite
|
|turn|60
|choice|switch 3|move 2
|
|switch|p1a: Chansey|Chansey|377\/703 par
|move|p2a: Dragonite|Wrap|p1a: Chansey
|-damage|p1a: Chansey|336\/703 par
|-activate|p1a: Chansey|move: Wrap|[of] p2a: Dragonite
|
|turn|61
|choice|switch 2|move 2
|
|switch|p1a: Tauros|Tauros|153\/353 par
|move|p2a: Dragonite|Wrap|p1a: Tauros
|-damage|p1a: Tauros|138\/353 par
|-activate|p1a: Tauros|move: Wrap|[of] p2a: Dragonite
|
|turn|62
|choice|switch 2|move 2
|
|switch|p1a: Chansey|Chansey|336\/703 par
|move|p2a: Dragonite|Wrap|p1a: Chansey
|-damage|p1a: Chansey|296\/703 par
|-activate|p1a: Chansey|move: Wrap|[of] p2a: Dragonite
|
|turn|63
|choice|switch 3|move 2
|
|switch|p1a: Lapras|Lapras|314\/463 par
|move|p2a: Dragonite|Wrap|p1a: Lapras
|-damage|p1a: Lapras|296\/463 par
|-activate|p1a: Lapras|move: Wrap|[of] p2a: Dragonite
|
|turn|64
|choice|switch 3|move 2
|
|switch|p1a: Chansey|Chansey|296\/703 par
|move|p2a: Dragonite|Wrap|p1a: Chansey
|-damage|p1a: Chansey|259\/703 par
|-activate|p1a: Chansey|move: Wrap|[of] p2a: Dragonite
|
|turn|65
|choice|switch 3|move 2
|
|switch|p1a: Lapras|Lapras|296\/463 par
|move|p2a: Dragonite|Wrap|p1a: Lapras
|-damage|p1a: Lapras|278\/463 par
|-activate|p1a: Lapras|move: Wrap|[of] p2a: Dragonite
|
|turn|66
|choice|switch 3|move 2
|
|switch|p1a: Chansey|Chansey|259\/703 par
|move|p2a: Dragonite|Wrap|p1a: Chansey
|-damage|p1a: Chansey|221\/703 par
|-activate|p1a: Chansey|move: Wrap|[of] p2a: Dragonite
|
|turn|67
|choice|switch 3|move 2
|
|switch|p1a: Lapras|Lapras|278\/463 par
|move|p2a: Dragonite|Wrap|p1a: Lapras
|-damage|p1a: Lapras|260\/463 par
|-activate|p1a: Lapras|move: Wrap|[of] p2a: Dragonite
|
|turn|68
|choice|switch 3|move 2
|
|switch|p1a: Chansey|Chansey|221\/703 par
|move|p2a: Dragonite|Wrap|p1a: Chansey
|-crit|p1a: Chansey
|-damage|p1a: Chansey|150\/703 par
|-activate|p1a: Chansey|move: Wrap|[of] p2a: Dragonite
|
|turn|69
|choice|switch 3|move 2
|
|switch|p1a: Lapras|Lapras|260\/463 par
|move|p2a: Dragonite|Wrap|p1a: Lapras
|-damage|p1a: Lapras|242\/463 par
|-activate|p1a: Lapras|move: Wrap|[of] p2a: Dragonite
|
|turn|70
|choice|switch 2|move 2
|
|switch|p1a: Tauros|Tauros|138\/353 par
|move|p2a: Dragonite|Wrap|p1a: Tauros
|-damage|p1a: Tauros|123\/353 par
|-activate|p1a: Tauros|move: Wrap|[of] p2a: Dragonite
|
|turn|71
|choice|switch 3|move 2
|
|switch|p1a: Chansey|Chansey|150\/703 par
|move|p2a: Dragonite|Wrap|p1a: Chansey
|-damage|p1a: Chansey|109\/703 par
|-activate|p1a: Chansey|move: Wrap|[of] p2a: Dragonite
|
|turn|72
|choice|switch 2|move 2
|
|switch|p1a: Lapras|Lapras|242\/463 par
|move|p2a: Dragonite|Wrap|p1a: Lapras
|-damage|p1a: Lapras|225\/463 par
|-activate|p1a: Lapras|move: Wrap|[of] p2a: Dragonite
|
|turn|73
|choice|switch 2|move 2
|
|switch|p1a: Chansey|Chansey|109\/703 par
|move|p2a: Dragonite|Wrap|p1a: Chansey
|-damage|p1a: Chansey|69\/703 par
|-activate|p1a: Chansey|move: Wrap|[of] p2a: Dragonite
|
|turn|74
|choice|switch 3|move 2
|
|switch|p1a: Tauros|Tauros|123\/353 par
|move|p2a: Dragonite|Wrap|p1a: Tauros
|-damage|p1a: Tauros|108\/353 par
|-activate|p1a: Tauros|move: Wrap|[of] p2a: Dragonite
|
|turn|75
|choice|switch 3|move 2
|
|switch|p1a: Chansey|Chansey|69\/703 par
|move|p2a: Dragonite|Wrap|p1a: Chansey
|-damage|p1a: Chansey|30\/703 par
|-activate|p1a: Chansey|move: Wrap|[of] p2a: Dragonite
|
|turn|76
|choice|move 1|move 2
|
|move|p2a: Dragonite|Wrap|p1a: Chansey
|-damage|p1a: Chansey|0 fnt
|faint|p1a: Chansey
|choice|switch 2|
|
|switch|p1a: Lapras|Lapras|225\/463 par
|turn|77
|choice|move 1|move 2
|
|move|p2a: Dragonite|Wrap|p1a: Lapras
|-damage|p1a: Lapras|207\/463 par
|-activate|p1a: Lapras|move: Wrap|[of] p2a: Dragonite
|cant|p1a: Lapras|partiallytrapped
|
|turn|78
|choice|move 1|move 2
|
|move|p2a: Dragonite|Wrap|p1a: Lapras
|-damage|p1a: Lapras|189\/463 par
|cant|p1a: Lapras|partiallytrapped
|
|turn|79
|choice|move 1|move 2
|
|move|p2a: Dragonite|Wrap|p1a: Lapras
|-damage|p1a: Lapras|171\/463 par
|cant|p1a: Lapras|partiallytrapped
|
|-end|p1a: Lapras|Wrap|[partiallytrapped]
|turn|80
|choice|move 1|move 4
|
|move|p2a: Dragonite|Hyper Beam|p1a: Lapras
|-damage|p1a: Lapras|0 fnt
|faint|p1a: Lapras
|c|★LoD Hadar|gg
|choice|switch 3|
|
|switch|p1a: Tauros|Tauros|108\/353 par
|turn|81
|choice|move 3|move 4
|
|move|p2a: Dragonite|Hyper Beam|p1a: Tauros
|-damage|p1a: Tauros|0 fnt
|faint|p1a: Tauros
|
|win|LoD Hadar
|player|p1
|player|p2
|raw|Feena's rating: 1268 &rarr; <strong>1239<\/strong><br \/>(-29 for losing)
|raw|LoD Hadar's rating: 1218 &rarr; <strong>1246<\/strong><br \/>(+28 for winning)