|j|242mavsrule
|j|Mandelbrot
|player|p1|242mavsrule|154
|player|p2|Mandelbrot|101
|gametype|singles
|gen|1
|tier|[Gen 1] Random Battle
|rated
|seed|30011,46281,50334,57760
|rule|Sleep Clause Mod: Limit one foe put to sleep
|rule|Freeze Clause Mod: Limit one foe frozen
|rule|HP Percentage Mod: HP is shown in percentages
|
|start
|switch|p1a: Staryu|Staryu, L90|237\/237
|switch|p2a: Golem|Golem, L79|288\/288
|turn|1
|choice|move 2|switch 2
|
|switch|p2a: Pikachu|Pikachu, L96|262\/262
|move|p1a: Staryu|Thunder Wave|p2a: Pikachu
|-status|p2a: Pikachu|par
|
|turn|2
|choice|switch 6|move 1
|
|switch|p1a: Chansey|Chansey, L79|557\/557
|move|p2a: Pikachu|Body Slam|p1a: Chansey
|-damage|p1a: Chansey|418\/557
|
|turn|3
|choice|move 3|move 2
|
|move|p1a: Chansey|Thunderbolt|p2a: Pikachu
|-resisted|p2a: Pikachu
|-damage|p2a: Pikachu|226\/262 par
|move|p2a: Pikachu|Agility|p2a: Pikachu
|-boost|p2a: Pikachu|spe|2
|
|turn|4
|choice|move 3|move 1
|
|move|p2a: Pikachu|Body Slam|p1a: Chansey
|-damage|p1a: Chansey|266\/557
|move|p1a: Chansey|Thunderbolt|p2a: Pikachu
|-resisted|p2a: Pikachu
|-damage|p2a: Pikachu|187\/262 par
|
|turn|5
|choice|move 1|move 1
|
|move|p2a: Pikachu|Body Slam|p1a: Chansey
|-damage|p1a: Chansey|111\/557
|move|p1a: Chansey|Soft-Boiled|p1a: Chansey
|-heal|p1a: Chansey|389\/557
|
|turn|6
|choice|move 1|move 1
|
|move|p2a: Pikachu|Body Slam|p1a: Chansey
|-damage|p1a: Chansey|232\/557
|move|p1a: Chansey|Soft-Boiled|p1a: Chansey
|-heal|p1a: Chansey|510\/557
|
|turn|7
|choice|switch 5|move 3
|
|switch|p1a: Weezing|Weezing, L90|300\/300
|move|p2a: Pikachu|Thunder|p1a: Weezing
|-damage|p1a: Weezing|189\/300
|
|turn|8
|choice|move 4|move 1
|
|move|p2a: Pikachu|Body Slam|p1a: Weezing
|-damage|p1a: Weezing|150\/300
|move|p1a: Weezing|Fire Blast|p2a: Pikachu
|-damage|p2a: Pikachu|86\/262 par
|
|turn|9
|choice|move 4|move 1
|
|move|p2a: Pikachu|Body Slam|p1a: Weezing
|-damage|p1a: Weezing|109\/300
|move|p1a: Weezing|Fire Blast|p2a: Pikachu
|-damage|p2a: Pikachu|0 fnt
|faint|p2a: Pikachu
|choice||switch 3
|
|switch|p2a: Tentacool|Tentacool, L96|272\/272
|turn|10
|choice|move 1|move 1
|
|move|p2a: Tentacool|Hydro Pump|p1a: Weezing
|-damage|p1a: Weezing|0 fnt
|faint|p1a: Weezing
|choice|switch 3|
|
|switch|p1a: Magneton|Magneton, L90|273\/273
|turn|11
|choice|switch 2|switch 2
|
|switch|p2a: Golem|Golem, L79|288\/288
|switch|p1a: Dewgong|Dewgong, L85|327\/327
|
|turn|12
|choice|move 4|switch 5
|
|switch|p2a: Gyarados|Gyarados, L85|335\/335
|move|p1a: Dewgong|Surf|p2a: Gyarados
|-resisted|p2a: Gyarados
|-damage|p2a: Gyarados|293\/335
|
|turn|13
|choice|move 3|move 1
|
|move|p2a: Gyarados|Body Slam|p1a: Dewgong
|-crit|p1a: Dewgong
|-damage|p1a: Dewgong|181\/327
|move|p1a: Dewgong|Blizzard|p2a: Gyarados
|-damage|p2a: Gyarados|174\/335
|
|turn|14
|choice|move 3|move 3
|
|move|p2a: Gyarados|Thunderbolt|p1a: Dewgong
|-supereffective|p1a: Dewgong
|-damage|p1a: Dewgong|58\/327
|move|p1a: Dewgong|Blizzard|p2a: Gyarados
|-damage|p2a: Gyarados|58\/335
|
|turn|15
|choice|move 1|move 3
|
|move|p2a: Gyarados|Thunderbolt|p1a: Dewgong
|-supereffective|p1a: Dewgong
|-damage|p1a: Dewgong|0 fnt
|faint|p1a: Dewgong
|choice|switch 6|
|
|switch|p1a: Staryu|Staryu, L90|237\/237
|turn|16
|choice|move 3|move 2
|
|move|p1a: Staryu|Blizzard|p2a: Gyarados
|-crit|p2a: Gyarados
|-damage|p2a: Gyarados|0 fnt
|faint|p2a: Gyarados
|choice||switch 6
|
|switch|p2a: Snorlax|Snorlax, L79|415\/415
|turn|17
|choice|move 2|move 1
|
|move|p1a: Staryu|Thunder Wave|p2a: Snorlax
|-status|p2a: Snorlax|par
|move|p2a: Snorlax|Amnesia|p2a: Snorlax
|-boost|p2a: Snorlax|spd|2
|-boost|p2a: Snorlax|spa|2
|
|turn|18
|choice|switch 4|move 4
|
|switch|p1a: Nidorina|Nidorina, L90|309\/309
|move|p2a: Snorlax|Body Slam|p1a: Nidorina
|-damage|p1a: Nidorina|221\/309
|
|turn|19
|choice|move 1|move 1
|
|move|p1a: Nidorina|Leer|p2a: Snorlax
|-unboost|p2a: Snorlax|def|1
|move|p2a: Snorlax|Amnesia|p2a: Snorlax
|-boost|p2a: Snorlax|spd|2
|-boost|p2a: Snorlax|spa|2
|
|turn|20
|choice|move 2|move 2
|
|move|p1a: Nidorina|Double-Edge|p2a: Snorlax
|-crit|p2a: Snorlax
|-damage|p2a: Snorlax|263\/415 par
|-damage|p1a: Nidorina|183\/309|[from] recoil|[of] p2a: Snorlax
|cant|p2a: Snorlax|par
|
|turn|21
|choice|move 1|move 3
|
|move|p1a: Nidorina|Leer|p2a: Snorlax
|-unboost|p2a: Snorlax|def|1
|move|p2a: Snorlax|Earthquake|p1a: Nidorina
|-supereffective|p1a: Nidorina
|-damage|p1a: Nidorina|26\/309
|
|turn|22
|choice|move 2|move 4
|
|move|p1a: Nidorina|Double-Edge|p2a: Snorlax
|-damage|p2a: Snorlax|93\/415 par
|-damage|p1a: Nidorina|0 fnt|[from] recoil|[of] p2a: Snorlax
|faint|p1a: Nidorina
|choice|switch 2|
|
|switch|p1a: Magneton|Magneton, L90|273\/273
|turn|23
|choice|move 2|move 3
|
|move|p1a: Magneton|Hyper Beam|p2a: Snorlax
|-damage|p2a: Snorlax|0 fnt
|faint|p2a: Snorlax
|choice||switch 4
|
|switch|p2a: Venusaur|Venusaur, L85|310\/310
|turn|24
|choice|move 4|move 4
|
|move|p2a: Venusaur|Leech Seed|p1a: Magneton|[miss]
|-miss|p2a: Venusaur
|move|p1a: Magneton|Thunder Wave|p2a: Venusaur
|-status|p2a: Venusaur|par
|
|turn|25
|choice|move 3|move 2
|
|move|p1a: Magneton|Mimic|p2a: Venusaur
|-start|p1a: Magneton|Mimic|Body Slam
|move|p2a: Venusaur|Swords Dance|p2a: Venusaur
|-boost|p2a: Venusaur|atk|2
|
|turn|26
|choice|move 3|move 1
|
|move|p1a: Magneton|Body Slam|p2a: Venusaur
|-damage|p2a: Venusaur|252\/310 par
|move|p2a: Venusaur|Body Slam|p1a: Magneton
|-damage|p1a: Magneton|178\/273
|-status|p1a: Magneton|par
|
|turn|27
|choice|move 3|move 4
|
|cant|p2a: Venusaur|par
|move|p1a: Magneton|Body Slam|p2a: Venusaur
|-damage|p2a: Venusaur|195\/310 par
|
|turn|28
|choice|move 3|move 4
|
|move|p2a: Venusaur|Leech Seed|p1a: Magneton
|-start|p1a: Magneton|move: Leech Seed
|move|p1a: Magneton|Body Slam|p2a: Venusaur
|-crit|p2a: Venusaur
|-damage|p2a: Venusaur|95\/310 par
|-damage|p1a: Magneton|161\/273 par|[from] Leech Seed|[of] p2a: Venusaur
|-heal|p2a: Venusaur|112\/310 par|[silent]
|
|turn|29
|choice|move 2|move 1
|
|move|p2a: Venusaur|Body Slam|p1a: Magneton
|-damage|p1a: Magneton|56\/273 par
|cant|p1a: Magneton|par
|-damage|p1a: Magneton|39\/273 par|[from] Leech Seed|[of] p2a: Venusaur
|-heal|p2a: Venusaur|129\/310 par|[silent]
|
|turn|30
|choice|move 3|move 1
|
|move|p2a: Venusaur|Body Slam|p1a: Magneton
|-damage|p1a: Magneton|0 fnt
|faint|p1a: Magneton
|choice|switch 4|
|
|switch|p1a: Staryu|Staryu, L90|237\/237
|turn|31
|choice|move 3|move 3
|
|move|p1a: Staryu|Blizzard|p2a: Venusaur
|-supereffective|p2a: Venusaur
|-damage|p2a: Venusaur|0 fnt
|faint|p2a: Venusaur
|choice||switch 2
|
|switch|p2a: Tentacool|Tentacool, L96|272\/272
|turn|32
|choice|switch 5|move 4
|
|switch|p1a: Chansey|Chansey, L79|510\/557
|move|p2a: Tentacool|Blizzard|p1a: Chansey
|-damage|p1a: Chansey|399\/557
|
|turn|33
|choice|move 1|move 4
|
|move|p2a: Tentacool|Blizzard|p1a: Chansey
|-damage|p1a: Chansey|295\/557
|move|p1a: Chansey|Soft-Boiled|p1a: Chansey
|-heal|p1a: Chansey|557\/557
|
|turn|34
|choice|move 3|move 4
|
|move|p2a: Tentacool|Blizzard|p1a: Chansey
|-damage|p1a: Chansey|455\/557
|move|p1a: Chansey|Thunderbolt|p2a: Tentacool
|-supereffective|p2a: Tentacool
|-damage|p2a: Tentacool|174\/272
|
|turn|35
|choice|move 3|move 4
|
|move|p2a: Tentacool|Blizzard|p1a: Chansey
|-damage|p1a: Chansey|350\/557
|-status|p1a: Chansey|frz
|cant|p1a: Chansey|frz
|
|turn|36
|choice|move 3|move 3
|
|move|p2a: Tentacool|Mimic|p1a: Chansey
|-start|p2a: Tentacool|Mimic|Thunder Wave
|cant|p1a: Chansey|frz
|
|turn|37
|choice|move 3|move 2
|
|move|p2a: Tentacool|Barrier|p2a: Tentacool
|-boost|p2a: Tentacool|def|2
|cant|p1a: Chansey|frz
|
|turn|38
|choice|move 3|move 1
|
|move|p2a: Tentacool|Hydro Pump|p1a: Chansey
|-crit|p1a: Chansey
|-damage|p1a: Chansey|29\/557 frz
|cant|p1a: Chansey|frz
|
|turn|39
|choice|move 3|move 1
|
|move|p2a: Tentacool|Hydro Pump|p1a: Chansey
|-damage|p1a: Chansey|0 fnt
|faint|p1a: Chansey
|choice|switch 5|
|
|switch|p1a: Staryu|Staryu, L90|237\/237
|turn|40
|choice|move 2|move 3
|
|move|p1a: Staryu|Thunder Wave|p2a: Tentacool
|-status|p2a: Tentacool|par
|move|p2a: Tentacool|Thunder Wave|p1a: Staryu
|-status|p1a: Staryu|par
|
|turn|41
|choice|move 4|move 4
|
|cant|p1a: Staryu|par
|cant|p2a: Tentacool|par
|
|turn|42
|choice|move 4|move 1
|
|cant|p1a: Staryu|par
|move|p2a: Tentacool|Hydro Pump|p1a: Staryu|[miss]
|-miss|p2a: Tentacool
|
|turn|43
|choice|move 4|move 1
|
|move|p1a: Staryu|Surf|p2a: Tentacool
|-crit|p2a: Tentacool
|-resisted|p2a: Tentacool
|-damage|p2a: Tentacool|99\/272 par
|cant|p2a: Tentacool|par
|
|turn|44
|choice|move 4|move 1
|
|move|p1a: Staryu|Surf|p2a: Tentacool
|-resisted|p2a: Tentacool
|-damage|p2a: Tentacool|59\/272 par
|cant|p2a: Tentacool|par
|
|turn|45
|choice|move 4|move 1
|
|move|p1a: Staryu|Surf|p2a: Tentacool
|-crit|p2a: Tentacool
|-resisted|p2a: Tentacool
|-damage|p2a: Tentacool|0 fnt
|faint|p2a: Tentacool
|choice||switch 5
|
|switch|p2a: Golem|Golem, L79|288\/288
|turn|46
|choice|move 4|move 2
|
|move|p2a: Golem|Explosion|p1a: Staryu
|-damage|p1a: Staryu|0 fnt
|faint|p1a: Staryu
|faint|p2a: Golem
|
|win|Mandelbrot
|raw|242mavsrule's rating: 1427 &rarr; <strong>1397<\/strong><br \/>(-30 for losing)
|raw|Mandelbrot's rating: 1222 &rarr; <strong>1261<\/strong><br \/>(+39 for winning)
|c|★Mandelbrot|gg
|l|242mavsrule
|player|p1