|join|Shubaka17
|join|zappppp5
|player|p1|Shubaka17|256
|player|p2|zappppp5|65
|gametype|singles
|gen|1
|tier|[Gen 1] Random Battle
|rated
|rule|Sleep Clause Mod: Limit one foe put to sleep
|rule|Freeze Clause Mod: Limit one foe frozen
|rule|HP Percentage Mod: HP is shown in percentages
|
|start
|switch|p1a: Seadra|Seadra, L85|267\/267
|switch|p2a: Machoke|Machoke, L85|310\/310
|turn|1
|c|★Shubaka17|Good luck mate
|c|★zappppp5|yep you to
|c|★zappppp5|have fun
|
|move|p1a: Seadra|Hydro Pump|p2a: Machoke|[miss]
|-miss|p1a: Seadra
|move|p2a: Machoke|Double-Edge|p1a: Seadra
|-damage|p1a: Seadra|199\/267
|-damage|p2a: Machoke|293\/310|[from] recoil|[of] p1a: Seadra
|
|turn|2
|c|★Shubaka17|Always do with Gen 1
|
|move|p1a: Seadra|Hydro Pump|p2a: Machoke
|-damage|p2a: Machoke|124\/310
|move|p2a: Machoke|Counter|p1a: Seadra
|-fail|p2a: Machoke
|
|turn|3
|
|move|p1a: Seadra|Hydro Pump|p2a: Machoke|[miss]
|-miss|p1a: Seadra
|move|p2a: Machoke|Double-Edge|p1a: Seadra
|-damage|p1a: Seadra|129\/267
|-damage|p2a: Machoke|107\/310|[from] recoil|[of] p1a: Seadra
|
|turn|4
|c|★Shubaka17|\/me sigh
|
|move|p1a: Seadra|Hydro Pump|p2a: Machoke
|-damage|p2a: Machoke|0 fnt
|faint|p2a: Machoke
|
|switch|p2a: Kakuna|Kakuna, L99|290\/290
|turn|5
|
|move|p1a: Seadra|Hydro Pump|p2a: Kakuna|[miss]
|-miss|p1a: Seadra
|move|p2a: Kakuna|String Shot|p1a: Seadra
|-unboost|p1a: Seadra|spe|1
|
|turn|6
|
|move|p2a: Kakuna|Poison Sting|p1a: Seadra
|-damage|p1a: Seadra|117\/267
|move|p1a: Seadra|Hydro Pump|p2a: Kakuna|[miss]
|-miss|p1a: Seadra
|
|turn|7
|
|move|p2a: Kakuna|Poison Sting|p1a: Seadra
|-damage|p1a: Seadra|106\/267
|move|p1a: Seadra|Hydro Pump|p2a: Kakuna|[miss]
|-miss|p1a: Seadra
|
|turn|8
|c|★Shubaka17|> 80 Acc
|c|★Shubaka17|> Misses 2\/3
|c|★Shubaka17|> MFW
|c|★zappppp5|so... 33 acc
|
|move|p2a: Kakuna|Poison Sting|p1a: Seadra
|-damage|p1a: Seadra|95\/267
|move|p1a: Seadra|Hydro Pump|p2a: Kakuna
|-crit|p2a: Kakuna
|-damage|p2a: Kakuna|0 fnt
|faint|p2a: Kakuna
|
|switch|p2a: Venomoth|Venomoth, L85|293\/293
|turn|9
|
|move|p2a: Venomoth|Mega Drain|p1a: Seadra
|-supereffective|p1a: Seadra
|-damage|p1a: Seadra|40\/267
|move|p1a: Seadra|Blizzard|p2a: Venomoth
|-damage|p2a: Venomoth|211\/293
|
|turn|10
|
|move|p2a: Venomoth|Mega Drain|p1a: Seadra
|-supereffective|p1a: Seadra
|-damage|p1a: Seadra|0 fnt
|-heal|p2a: Venomoth|231\/293|[from] drain|[of] p1a: Seadra
|faint|p1a: Seadra
|
|switch|p1a: Ponyta|Ponyta, L96|291\/291
|turn|11
|
|move|p1a: Ponyta|Reflect|p1a: Ponyta
|-start|p1a: Ponyta|Reflect
|move|p2a: Venomoth|Sleep Powder|p1a: Ponyta
|-status|p1a: Ponyta|slp
|
|turn|12
|
|cant|p1a: Ponyta|slp
|-curestatus|p1a: Ponyta|slp
|move|p2a: Venomoth|Psychic|p1a: Ponyta
|-crit|p1a: Ponyta
|-damage|p1a: Ponyta|158\/291
|
|turn|13
|
|move|p1a: Ponyta|Fire Blast|p2a: Venomoth
|-supereffective|p2a: Venomoth
|-damage|p2a: Venomoth|0 fnt
|faint|p2a: Venomoth
|
|switch|p2a: Mewtwo|Mewtwo, L68|285\/285
|turn|14
|
|move|p1a: Ponyta|Body Slam|p2a: Mewtwo
|-crit|p2a: Mewtwo
|-damage|p2a: Mewtwo|113\/285
|move|p2a: Mewtwo|Psychic|p1a: Ponyta
|-damage|p1a: Ponyta|58\/291
|
|turn|15
|c|★zappppp5|ponyta beats mewtwo?!
|c|★Shubaka17|Level 96 Ponyta, and it's winning
|
|move|p1a: Ponyta|Fire Blast|p2a: Mewtwo
|-damage|p2a: Mewtwo|0 fnt
|faint|p2a: Mewtwo
|
|switch|p2a: Magmar|Magmar, L85|284\/284
|turn|16
|
|move|p1a: Ponyta|Body Slam|p2a: Magmar
|-crit|p2a: Magmar
|-damage|p2a: Magmar|97\/284
|move|p2a: Magmar|Hyper Beam|p1a: Ponyta
|-damage|p1a: Ponyta|0 fnt
|faint|p1a: Ponyta
|
|switch|p1a: Nidoking|Nidoking, L85|311\/311
|turn|17
|
|move|p2a: Magmar|Hyper Beam|p1a: Nidoking
|-damage|p1a: Nidoking|194\/311
|move|p1a: Nidoking|Earthquake|p2a: Magmar
|-crit|p2a: Magmar
|-supereffective|p2a: Magmar
|-damage|p2a: Magmar|0 fnt
|faint|p2a: Magmar
|
|switch|p2a: Articuno|Articuno, L85|327\/327
|turn|18
|
|move|p2a: Articuno|Blizzard|p1a: Nidoking
|-crit|p1a: Nidoking
|-supereffective|p1a: Nidoking
|-damage|p1a: Nidoking|0 fnt
|faint|p1a: Nidoking
|c|★Shubaka17|Mewtwo AND Articuno?
|c|★zappppp5|yah...
|c|★Shubaka17|I would say it's hardly fair
|
|switch|p1a: Chansey|Chansey, L79|557\/557
|turn|19
|c|★Shubaka17|But Ponyta is OP
|c|★zappppp5|i know, its to powerful
|
|move|p2a: Articuno|Blizzard|p1a: Chansey
|-damage|p1a: Chansey|416\/557
|move|p1a: Chansey|Thunder Wave|p2a: Articuno
|-status|p2a: Articuno|par
|
|turn|20
|
|move|p1a: Chansey|Ice Beam|p2a: Articuno
|-damage|p2a: Articuno|278\/327 par
|move|p2a: Articuno|Blizzard|p1a: Chansey
|-damage|p1a: Chansey|260\/557
|
|turn|21
|
|move|p1a: Chansey|Ice Beam|p2a: Articuno
|-damage|p2a: Articuno|227\/327 par
|move|p2a: Articuno|Blizzard|p1a: Chansey
|-damage|p1a: Chansey|106\/557
|
|turn|22
|
|move|p1a: Chansey|Soft-Boiled|p1a: Chansey
|-heal|p1a: Chansey|384\/557
|cant|p2a: Articuno|par
|
|turn|23
|
|move|p1a: Chansey|Ice Beam|p2a: Articuno
|-damage|p2a: Articuno|176\/327 par
|move|p2a: Articuno|Ice Beam|p1a: Chansey
|-damage|p1a: Chansey|273\/557
|
|turn|24
|
|move|p1a: Chansey|Ice Beam|p2a: Articuno
|-damage|p2a: Articuno|129\/327 par
|move|p2a: Articuno|Ice Beam|p1a: Chansey
|-damage|p1a: Chansey|149\/557
|
|turn|25
|
|move|p1a: Chansey|Soft-Boiled|p1a: Chansey
|-heal|p1a: Chansey|427\/557
|cant|p2a: Articuno|par
|
|turn|26
|
|move|p1a: Chansey|Ice Beam|p2a: Articuno
|-damage|p2a: Articuno|82\/327 par
|move|p2a: Articuno|Ice Beam|p1a: Chansey
|-damage|p1a: Chansey|306\/557
|
|turn|27
|c|★Shubaka17|Sorry for hella stall
|c|★Shubaka17|But that's all Chansey does
|c|★zappppp5|i know, but i have a plan
|
|move|p1a: Chansey|Ice Beam|p2a: Articuno
|-damage|p2a: Articuno|37\/327 par
|cant|p2a: Articuno|par
|
|turn|28
|
|move|p1a: Chansey|Ice Beam|p2a: Articuno
|-crit|p2a: Articuno
|-damage|p2a: Articuno|0 fnt
|faint|p2a: Articuno
|
|win|Shubaka17
|raw|Ladder updating...
|c|★Shubaka17|gg
|c|★zappppp5|gg
|raw|Shubaka17's rating: 1000 &rarr; <strong>1046<\/strong><br \/>(+46 for winning)
|raw|zappppp5's rating: 1054 &rarr; <strong>1033<\/strong><br \/>(-21 for losing)
|leave|Shubaka17
|c|★zappppp5|plan was to use rest...
|leave|zappppp5
|player|p1
|player|p2
|join|zappppp5