|join|DominicEX
|join|Avos5
|player|p1|DominicEX|137
|player|p2|Avos5|266
|gametype|singles
|gen|1
|tier|[Gen 1] Random Battle
|rated
|rule|Sleep Clause Mod: Limit one foe put to sleep
|rule|Freeze Clause Mod: Limit one foe frozen
|rule|HP Percentage Mod: HP is shown in percentages
|
|start
|switch|p1a: Rhyhorn|Rhyhorn, L95|345\/345
|switch|p2a: Rattata|Rattata, L95|250\/250
|turn|1
|
|switch|p2a: Poliwrath|Poliwrath, L86|330\/330
|move|p1a: Rhyhorn|Earthquake|p2a: Poliwrath
|-damage|p2a: Poliwrath|220\/330
|
|turn|2
|c|★DominicEX|I have a caterpie
|c|★DominicEX|you automatically lose
|
|switch|p1a: Victreebel|Victreebel, L86|313\/313
|move|p2a: Poliwrath|Surf|p1a: Victreebel
|-resisted|p1a: Victreebel
|-damage|p1a: Victreebel|277\/313
|
|turn|3
|
|move|p2a: Poliwrath|Blizzard|p1a: Victreebel|[miss]
|-miss|p2a: Poliwrath
|move|p1a: Victreebel|Stun Spore|p2a: Poliwrath
|-status|p2a: Poliwrath|par
|
|turn|4
|c|★Avos5|fuck that. my ratata will destroy your whole team
|c|★DominicEX|lol
|
|move|p1a: Victreebel|Razor Leaf|p2a: Poliwrath
|-crit|p2a: Poliwrath
|-supereffective|p2a: Poliwrath
|-damage|p2a: Poliwrath|0 fnt
|faint|p2a: Poliwrath
|
|switch|p2a: Weezing|Weezing, L86|287\/287
|turn|5
|
|move|p1a: Victreebel|Stun Spore|p2a: Weezing|[miss]
|-miss|p1a: Victreebel
|move|p2a: Weezing|Fire Blast|p1a: Victreebel|[miss]
|-miss|p2a: Weezing
|
|turn|6
|c|★Avos5|good turn
|
|move|p1a: Victreebel|Body Slam|p2a: Weezing
|-damage|p2a: Weezing|232\/287
|-status|p2a: Weezing|par
|cant|p2a: Weezing|par
|
|turn|7
|c|★Avos5|10\/10 would play again
|
|move|p1a: Victreebel|Hyper Beam|p2a: Weezing|[miss]
|-miss|p1a: Victreebel
|move|p2a: Weezing|Fire Blast|p1a: Victreebel
|-supereffective|p1a: Victreebel
|-damage|p1a: Victreebel|130\/313
|
|turn|8
|
|move|p1a: Victreebel|Hyper Beam|p2a: Weezing|[miss]
|-miss|p1a: Victreebel
|move|p2a: Weezing|Fire Blast|p1a: Victreebel
|-supereffective|p1a: Victreebel
|-damage|p1a: Victreebel|0 fnt
|faint|p1a: Victreebel
|
|switch|p1a: Caterpie|Caterpie, L99|290\/290
|turn|9
|c|★DominicEX|I only have two moves
|
|move|p1a: Caterpie|Tackle|p2a: Weezing
|-damage|p2a: Weezing|215\/287 par
|move|p2a: Weezing|Fire Blast|p1a: Caterpie
|-supereffective|p1a: Caterpie
|-damage|p1a: Caterpie|22\/290
|
|turn|10
|c|★Avos5|you should definitely string shot then
|c|★DominicEX|i will
|
|move|p1a: Caterpie|String Shot|p2a: Weezing
|-unboost|p2a: Weezing|spe|1
|move|p2a: Weezing|Sludge|p1a: Caterpie
|-supereffective|p1a: Caterpie
|-damage|p1a: Caterpie|0 fnt
|faint|p1a: Caterpie
|
|switch|p1a: Kabutops|Kabutops, L86|279\/279
|turn|11
|
|move|p1a: Kabutops|Swords Dance|p1a: Kabutops
|-boost|p1a: Kabutops|atk|2
|move|p2a: Weezing|Thunderbolt|p1a: Kabutops
|-supereffective|p1a: Kabutops
|-damage|p1a: Kabutops|121\/279
|
|turn|12
|
|move|p1a: Kabutops|Hyper Beam|p2a: Weezing
|-damage|p2a: Weezing|29\/287 par
|move|p2a: Weezing|Thunderbolt|p1a: Kabutops
|-supereffective|p1a: Kabutops
|-damage|p1a: Kabutops|0 fnt
|faint|p1a: Kabutops
|c|★Avos5|defenses like a true man
|
|switch|p1a: Rhyhorn|Rhyhorn, L95|345\/345
|turn|13
|
|move|p1a: Rhyhorn|Rock Slide|p2a: Weezing
|-damage|p2a: Weezing|0 fnt
|faint|p2a: Weezing
|
|switch|p2a: Staryu|Staryu, L86|227\/227
|turn|14
|
|switch|p1a: Poliwrath|Poliwrath, L86|330\/330
|move|p2a: Staryu|Surf|p1a: Poliwrath
|-resisted|p1a: Poliwrath
|-damage|p1a: Poliwrath|279\/330
|
|turn|15
|
|move|p2a: Staryu|Thunderbolt|p1a: Poliwrath
|-crit|p1a: Poliwrath
|-supereffective|p1a: Poliwrath
|-damage|p1a: Poliwrath|9\/330
|move|p1a: Poliwrath|Amnesia|p1a: Poliwrath
|-boost|p1a: Poliwrath|spd|2
|-boost|p1a: Poliwrath|spa|2
|
|turn|16
|
|move|p2a: Staryu|Thunderbolt|p1a: Poliwrath
|-supereffective|p1a: Poliwrath
|-damage|p1a: Poliwrath|0 fnt
|faint|p1a: Poliwrath
|
|switch|p1a: Nidorino|Nidorino, L92|299\/299
|turn|17
|
|move|p2a: Staryu|Thunder Wave|p1a: Nidorino
|-status|p1a: Nidorino|par
|move|p1a: Nidorino|Substitute|p1a: Nidorino
|-start|p1a: Nidorino|Substitute
|-damage|p1a: Nidorino|225\/299 par
|
|turn|18
|
|move|p2a: Staryu|Thunderbolt|p1a: Nidorino
|-activate|p1a: Nidorino|Substitute|[damage]
|move|p1a: Nidorino|Body Slam|p2a: Staryu
|-damage|p2a: Staryu|151\/227
|
|turn|19
|
|move|p2a: Staryu|Surf|p1a: Nidorino
|-end|p1a: Nidorino|Substitute
|move|p1a: Nidorino|Body Slam|p2a: Staryu
|-damage|p2a: Staryu|76\/227
|
|turn|20
|
|move|p2a: Staryu|Recover|p2a: Staryu
|-heal|p2a: Staryu|189\/227
|move|p1a: Nidorino|Substitute|p1a: Nidorino
|-start|p1a: Nidorino|Substitute
|-damage|p1a: Nidorino|151\/299 par
|
|turn|21
|
|move|p2a: Staryu|Surf|p1a: Nidorino
|-end|p1a: Nidorino|Substitute
|cant|p1a: Nidorino|par
|
|turn|22
|
|move|p2a: Staryu|Surf|p1a: Nidorino
|-damage|p1a: Nidorino|44\/299 par
|move|p1a: Nidorino|Body Slam|p2a: Staryu
|-damage|p2a: Staryu|108\/227
|-status|p2a: Staryu|par
|
|turn|23
|
|move|p2a: Staryu|Surf|p1a: Nidorino
|-damage|p1a: Nidorino|0 fnt
|faint|p1a: Nidorino
|c|★Avos5|sorry man. i really didnt mean to keep you waiting like that
|c|★DominicEX|its fine
|
|switch|p1a: Rhyhorn|Rhyhorn, L95|345\/345
|turn|24
|
|move|p1a: Rhyhorn|Body Slam|p2a: Staryu
|-damage|p2a: Staryu|20\/227 par
|cant|p2a: Staryu|par
|
|turn|25
|
|move|p1a: Rhyhorn|Body Slam|p2a: Staryu
|-damage|p2a: Staryu|0 fnt
|faint|p2a: Staryu
|
|switch|p2a: Rattata|Rattata, L95|250\/250
|turn|26
|c|★Avos5|this little rattata is gonna clutch
|
|move|p2a: Rattata|Super Fang|p1a: Rhyhorn
|-damage|p1a: Rhyhorn|173\/345
|move|p1a: Rhyhorn|Earthquake|p2a: Rattata
|-damage|p2a: Rattata|70\/250
|
|turn|27
|
|move|p2a: Rattata|Blizzard|p1a: Rhyhorn
|-supereffective|p1a: Rhyhorn
|-damage|p1a: Rhyhorn|6\/345
|move|p1a: Rhyhorn|Earthquake|p2a: Rattata
|-damage|p2a: Rattata|0 fnt
|faint|p2a: Rattata
|c|★Avos5|GOD FUCKING DAMMIT
|
|switch|p2a: Dugtrio|Dugtrio, L86|236\/236
|turn|28
|c|★DominicEX|still gg
|
|move|p2a: Dugtrio|Earthquake|p1a: Rhyhorn
|-supereffective|p1a: Rhyhorn
|-damage|p1a: Rhyhorn|0 fnt
|faint|p1a: Rhyhorn
|
|win|Avos5
|raw|Ladder updating...
|raw|DominicEX's rating: 1000 &rarr; <strong>1000<\/strong><br \/>(+0 for losing)
|raw|Avos5's rating: 1012 &rarr; <strong>1049<\/strong><br \/>(+37 for winning)