|j|iodytduifytdsydh
|j|redislegend
|player|p1|iodytduifytdsydh|6
|player|p2|redislegend|169
|gametype|singles
|gen|1
|tier|[Gen 1] Random Battle
|rated
|seed|63078,58081,18039,3981
|rule|Sleep Clause Mod: Limit one foe put to sleep
|rule|Freeze Clause Mod: Limit one foe frozen
|rule|HP Percentage Mod: HP is shown in percentages
|
|start
|switch|p1a: Magnemite|Magnemite, L96|243\/243
|switch|p2a: Exeggutor|Exeggutor, L79|312\/312
|turn|1
|choice|switch 2|switch 2
|
|switch|p1a: Ninetales|Ninetales, L85|298\/298
|switch|p2a: Graveler|Graveler, L85|267\/267
|
|turn|2
|choice|switch 5|move 3
|
|switch|p1a: Dewgong|Dewgong, L85|327\/327
|move|p2a: Graveler|Earthquake|p1a: Dewgong
|-damage|p1a: Dewgong|212\/327
|
|turn|3
|choice|move 2|switch 6
|
|switch|p2a: Jolteon|Jolteon, L79|265\/265
|move|p1a: Dewgong|Blizzard|p2a: Jolteon
|-damage|p2a: Jolteon|140\/265
|
|turn|4
|choice|switch 2|move 1
|
|switch|p1a: Magnemite|Magnemite, L96|243\/243
|move|p2a: Jolteon|Thunderbolt|p1a: Magnemite
|-crit|p1a: Magnemite
|-resisted|p1a: Magnemite
|-damage|p1a: Magnemite|166\/243
|
|turn|5
|choice|switch 6|switch 2
|
|switch|p2a: Exeggutor|Exeggutor, L79|312\/312
|switch|p1a: Sandslash|Sandslash, L85|301\/301
|
|turn|6
|choice|switch 5|move 4
|
|switch|p1a: Ninetales|Ninetales, L85|298\/298
|move|p2a: Exeggutor|Psychic|p1a: Ninetales
|-damage|p1a: Ninetales|201\/298
|
|turn|7
|choice|move 1|switch 6
|
|switch|p2a: Graveler|Graveler, L85|267\/267
|move|p1a: Ninetales|Fire Blast|p2a: Graveler
|-resisted|p2a: Graveler
|-damage|p2a: Graveler|165\/267
|-status|p2a: Graveler|brn
|
|turn|8
|choice|switch 4|move 3
|
|switch|p1a: Snorlax|Snorlax, L79|415\/415
|move|p2a: Graveler|Earthquake|p1a: Snorlax
|-damage|p1a: Snorlax|342\/415
|-damage|p2a: Graveler|149\/267 brn|[from] brn|[of] p1a: Snorlax
|
|turn|9
|choice|move 4|switch 6
|
|switch|p2a: Exeggutor|Exeggutor, L79|312\/312
|move|p1a: Snorlax|Surf|p2a: Exeggutor
|-resisted|p2a: Exeggutor
|-damage|p2a: Exeggutor|292\/312
|
|turn|10
|choice|move 3|move 4
|
|move|p2a: Exeggutor|Psychic|p1a: Snorlax
|-damage|p1a: Snorlax|207\/415
|move|p1a: Snorlax|Hyper Beam|p2a: Exeggutor
|-damage|p2a: Exeggutor|133\/312
|
|turn|11
|-mustrecharge|p1a: Snorlax
|-mustrecharge|p1a: Snorlax
|choice|move 1|move 4
|
|move|p2a: Exeggutor|Psychic|p1a: Snorlax
|-damage|p1a: Snorlax|79\/415
|cant|p1a: Snorlax|recharge
|
|turn|12
|choice|switch 4|move 2
|
|switch|p1a: Ninetales|Ninetales, L85|201\/298
|move|p2a: Exeggutor|Hyper Beam|p1a: Ninetales
|-damage|p1a: Ninetales|105\/298
|
|turn|13
|-mustrecharge|p2a: Exeggutor
|-mustrecharge|p2a: Exeggutor
|choice|move 1|move 1
|
|move|p1a: Ninetales|Fire Blast|p2a: Exeggutor
|-supereffective|p2a: Exeggutor
|-damage|p2a: Exeggutor|0 fnt
|faint|p2a: Exeggutor
|choice||switch 4
|
|switch|p2a: Dewgong|Dewgong, L85|327\/327
|turn|14
|choice|switch 6|move 1
|
|switch|p1a: Magnemite|Magnemite, L96|166\/243
|move|p2a: Dewgong|Surf|p1a: Magnemite
|-damage|p1a: Magnemite|81\/243
|
|turn|15
|choice|move 3|switch 6
|
|switch|p2a: Graveler|Graveler, L85|149\/267 brn
|-damage|p2a: Graveler|133\/267 brn|[from] brn
|move|p1a: Magnemite|Thunderbolt|p2a: Graveler
|-immune|p2a: Graveler|[msg]
|
|turn|16
|choice|switch 2|move 3
|
|switch|p1a: Dewgong|Dewgong, L85|212\/327
|move|p2a: Graveler|Earthquake|p1a: Dewgong
|-damage|p1a: Dewgong|155\/327
|-damage|p2a: Graveler|117\/267 brn|[from] brn|[of] p1a: Dewgong
|
|turn|17
|choice|move 1|switch 2
|
|switch|p2a: Jolteon|Jolteon, L79|140\/265
|move|p1a: Dewgong|Surf|p2a: Jolteon
|-damage|p2a: Jolteon|53\/265
|
|turn|18
|choice|switch 5|move 1
|
|switch|p1a: Sandslash|Sandslash, L85|301\/301
|move|p2a: Jolteon|Thunderbolt|p1a: Sandslash
|-immune|p1a: Sandslash|[msg]
|
|turn|19
|choice|move 1|switch 6
|
|switch|p2a: Dewgong|Dewgong, L85|327\/327
|move|p1a: Sandslash|Earthquake|p2a: Dewgong
|-damage|p2a: Dewgong|210\/327
|
|turn|20
|choice|switch 5|move 3
|
|switch|p1a: Dewgong|Dewgong, L85|155\/327
|move|p2a: Dewgong|Blizzard|p1a: Dewgong
|-resisted|p1a: Dewgong
|-damage|p1a: Dewgong|124\/327
|
|turn|21
|choice|move 4|move 4
|
|move|p1a: Dewgong|Body Slam|p2a: Dewgong
|-damage|p2a: Dewgong|155\/327
|-status|p2a: Dewgong|par
|move|p2a: Dewgong|Body Slam|p1a: Dewgong
|-damage|p1a: Dewgong|75\/327
|
|turn|22
|choice|switch 5|move 4
|
|switch|p1a: Sandslash|Sandslash, L85|301\/301
|cant|p2a: Dewgong|par
|
|turn|23
|choice|switch 3|move 3
|
|switch|p1a: Hypno|Hypno, L85|318\/318
|cant|p2a: Dewgong|par
|
|turn|24
|choice|move 1|switch 2
|
|switch|p2a: Graveler|Graveler, L85|117\/267 brn
|-damage|p2a: Graveler|101\/267 brn|[from] brn
|move|p1a: Hypno|Psychic|p2a: Graveler
|-damage|p2a: Graveler|0 fnt
|faint|p2a: Graveler
|choice||switch 6
|
|switch|p2a: Jolteon|Jolteon, L79|53\/265
|turn|25
|choice|move 1|move 2
|
|move|p2a: Jolteon|Thunder Wave|p1a: Hypno
|-status|p1a: Hypno|par
|move|p1a: Hypno|Psychic|p2a: Jolteon
|-crit|p2a: Jolteon
|-damage|p2a: Jolteon|0 fnt
|faint|p2a: Jolteon
|choice||switch 2
|
|switch|p2a: Dewgong|Dewgong, L85|155\/327 par
|turn|26
|choice|move 1|move 3
|
|cant|p2a: Dewgong|par
|move|p1a: Hypno|Psychic|p2a: Dewgong
|-damage|p2a: Dewgong|58\/327 par
|
|turn|27
|choice|move 1|move 3
|
|cant|p2a: Dewgong|par
|move|p1a: Hypno|Psychic|p2a: Dewgong
|-damage|p2a: Dewgong|0 fnt
|faint|p2a: Dewgong
|choice||switch 3
|
|switch|p2a: Clefairy|Clefairy, L95|326\/326
|turn|28
|choice|move 1|move 1
|
|move|p2a: Clefairy|Thunder|p1a: Hypno
|-damage|p1a: Hypno|250\/318 par
|move|p1a: Hypno|Psychic|p2a: Clefairy
|-damage|p2a: Clefairy|195\/326
|
|turn|29
|choice|move 1|move 1
|
|move|p2a: Clefairy|Thunder|p1a: Hypno
|-damage|p1a: Hypno|185\/318 par
|move|p1a: Hypno|Psychic|p2a: Clefairy
|-damage|p2a: Clefairy|72\/326
|
|turn|30
|choice|move 1|move 1
|
|move|p2a: Clefairy|Thunder|p1a: Hypno
|-damage|p1a: Hypno|114\/318 par
|move|p1a: Hypno|Psychic|p2a: Clefairy
|-damage|p2a: Clefairy|0 fnt
|faint|p2a: Clefairy
|choice||switch 5
|
|switch|p2a: Persian|Persian, L79|265\/265
|turn|31
|choice|move 4|move 2
|
|move|p2a: Persian|Hyper Beam|p1a: Hypno
|-damage|p1a: Hypno|0 fnt
|faint|p1a: Hypno
|choice|switch 2|
|
|switch|p1a: Magnemite|Magnemite, L96|81\/243
|turn|32
|choice|move 4|move 2
|
|move|p2a: Persian|Hyper Beam|p1a: Magnemite|[miss]
|-miss|p2a: Persian
|move|p1a: Magnemite|Thunder Wave|p2a: Persian
|-status|p2a: Persian|par
|
|turn|33
|choice|move 2|move 2
|
|move|p1a: Magnemite|Double-Edge|p2a: Persian
|-damage|p2a: Persian|190\/265 par
|-damage|p1a: Magnemite|63\/243|[from] recoil|[of] p2a: Persian
|cant|p2a: Persian|par
|
|turn|34
|choice|move 1|move 2
|
|move|p1a: Magnemite|Mimic|p2a: Persian
|-start|p1a: Magnemite|Mimic|Thunderbolt
|move|p2a: Persian|Hyper Beam|p1a: Magnemite
|-damage|p1a: Magnemite|0 fnt
|faint|p1a: Magnemite
|choice|switch 3|
|
|switch|p1a: Sandslash|Sandslash, L85|301\/301
|turn|35
|choice|switch 5|move 3
|
|switch|p1a: Dewgong|Dewgong, L85|75\/327
|move|p2a: Persian|Bubble Beam|p1a: Dewgong
|-resisted|p1a: Dewgong
|-damage|p1a: Dewgong|60\/327
|
|turn|36
|choice|switch 5|move 3
|
|switch|p1a: Sandslash|Sandslash, L85|301\/301
|move|p2a: Persian|Bubble Beam|p1a: Sandslash
|-supereffective|p1a: Sandslash
|-damage|p1a: Sandslash|213\/301
|-unboost|p1a: Sandslash|spe|1
|
|turn|37
|choice|move 1|move 1
|
|move|p1a: Sandslash|Earthquake|p2a: Persian
|-damage|p2a: Persian|49\/265 par
|cant|p2a: Persian|par
|
|turn|38
|choice|move 1|move 3
|
|move|p1a: Sandslash|Earthquake|p2a: Persian
|-damage|p2a: Persian|0 fnt
|faint|p2a: Persian
|
|win|iodytduifytdsydh
|raw|iodytduifytdsydh's rating: 1000 &rarr; <strong>1051<\/strong><br \/>(+51 for winning)
|raw|redislegend's rating: 1098 &rarr; <strong>1066<\/strong><br \/>(-32 for losing)
|l|redislegend
|player|p2