|join|whateverforever
|join|gen1masterrony
|player|p1|whateverforever|279
|player|p2|gen1masterrony|266
|gametype|singles
|gen|1
|tier|[Gen 1] OU (beta)
|rated
|rule|Sleep Clause Mod: Limit one foe put to sleep
|rule|Species Clause: Limit one of each Pokémon
|rule|OHKO Clause: OHKO moves are banned
|rule|Evasion Moves Clause: Evasion moves are banned
|rule|HP Percentage Mod: HP is shown in percentages
|
|start
|switch|p1a: Danny Devito|Dragonite|385\/385
|switch|p2a: Hypno|Hypno|373\/373
|turn|1
|
|move|p1a: Danny Devito|Agility|p1a: Danny Devito
|-boost|p1a: Danny Devito|spe|2
|move|p2a: Hypno|Hypnosis|p1a: Danny Devito
|-status|p1a: Danny Devito|slp
|
|turn|2
|
|cant|p1a: Danny Devito|slp
|move|p2a: Hypno|Psychic|p1a: Danny Devito
|-damage|p1a: Danny Devito|260\/385 slp
|
|turn|3
|
|cant|p1a: Danny Devito|slp
|move|p2a: Hypno|Psychic|p1a: Danny Devito
|-crit|p1a: Danny Devito
|-damage|p1a: Danny Devito|41\/385 slp
|
|turn|4
|
|cant|p1a: Danny Devito|slp
|move|p2a: Hypno|Psychic|p1a: Danny Devito
|-damage|p1a: Danny Devito|0 fnt
|faint|p1a: Danny Devito
|
|switch|p1a: Pasta Pete|Venusaur|363\/363
|turn|5
|
|move|p1a: Pasta Pete|Sleep Powder|p2a: Hypno
|-status|p2a: Hypno|slp
|cant|p2a: Hypno|slp
|
|turn|6
|
|switch|p2a: Exeggutor|Exeggutor|393\/393
|move|p1a: Pasta Pete|Body Slam|p2a: Exeggutor
|-damage|p2a: Exeggutor|330\/393
|-status|p2a: Exeggutor|par
|
|turn|7
|
|move|p1a: Pasta Pete|Swords Dance|p1a: Pasta Pete
|-boost|p1a: Pasta Pete|atk|2
|move|p2a: Exeggutor|Sleep Powder|p1a: Pasta Pete|[miss]
|-miss|p2a: Exeggutor
|
|turn|8
|
|move|p1a: Pasta Pete|Razor Leaf|p2a: Exeggutor
|-crit|p2a: Exeggutor
|-resisted|p2a: Exeggutor
|-damage|p2a: Exeggutor|270\/393 par
|cant|p2a: Exeggutor|par
|
|turn|9
|
|move|p1a: Pasta Pete|Swords Dance|p1a: Pasta Pete
|-boost|p1a: Pasta Pete|atk|2
|cant|p2a: Exeggutor|par
|
|turn|10
|
|move|p1a: Pasta Pete|Swords Dance|p1a: Pasta Pete
|-boost|p1a: Pasta Pete|atk|2
|move|p2a: Exeggutor|Sleep Powder|p1a: Pasta Pete
|-status|p1a: Pasta Pete|slp
|
|turn|11
|
|cant|p1a: Pasta Pete|slp
|move|p2a: Exeggutor|Psychic|p1a: Pasta Pete
|-supereffective|p1a: Pasta Pete
|-damage|p1a: Pasta Pete|96\/363 slp
|
|turn|12
|
|cant|p1a: Pasta Pete|slp
|-curestatus|p1a: Pasta Pete|slp
|move|p2a: Exeggutor|Psychic|p1a: Pasta Pete
|-supereffective|p1a: Pasta Pete
|-damage|p1a: Pasta Pete|0 fnt
|faint|p1a: Pasta Pete
|
|switch|p1a: Ellen Degeneres|Moltres|383\/383
|turn|13
|
|move|p1a: Ellen Degeneres|Fire Blast|p2a: Exeggutor|[miss]
|-miss|p1a: Ellen Degeneres
|move|p2a: Exeggutor|Sleep Powder|p1a: Ellen Degeneres
|-status|p1a: Ellen Degeneres|slp
|
|turn|14
|
|switch|p2a: Starmie|Starmie|323\/323
|cant|p1a: Ellen Degeneres|slp
|
|turn|15
|
|move|p2a: Starmie|Thunderbolt|p1a: Ellen Degeneres
|-supereffective|p1a: Ellen Degeneres
|-damage|p1a: Ellen Degeneres|263\/383 slp
|cant|p1a: Ellen Degeneres|slp
|
|turn|16
|
|move|p2a: Starmie|Thunderbolt|p1a: Ellen Degeneres
|-crit|p1a: Ellen Degeneres
|-supereffective|p1a: Ellen Degeneres
|-damage|p1a: Ellen Degeneres|0 fnt
|faint|p1a: Ellen Degeneres
|
|switch|p1a: selfie sunday|Snorlax|523\/523
|turn|17
|
|move|p2a: Starmie|Thunder Wave|p1a: selfie sunday
|-status|p1a: selfie sunday|par
|cant|p1a: selfie sunday|par
|
|turn|18
|
|switch|p2a: Exeggutor|Exeggutor|270\/393 par
|move|p1a: selfie sunday|Ice Beam|p2a: Exeggutor
|-supereffective|p2a: Exeggutor
|-damage|p2a: Exeggutor|169\/393 par
|
|turn|19
|
|move|p2a: Exeggutor|Explosion|p1a: selfie sunday
|-damage|p1a: selfie sunday|176\/523 par
|faint|p2a: Exeggutor
|
|switch|p2a: Alakazam|Alakazam|313\/313
|turn|20
|
|move|p2a: Alakazam|Psychic|p1a: selfie sunday
|-damage|p1a: selfie sunday|7\/523 par
|move|p1a: selfie sunday|Rest|p1a: selfie sunday
|-status|p1a: selfie sunday|slp
|-heal|p1a: selfie sunday|523\/523 slp|[silent]
|-status|p1a: selfie sunday|slp|[from] move: Rest
|
|turn|21
|
|move|p2a: Alakazam|Psychic|p1a: selfie sunday
|-damage|p1a: selfie sunday|360\/523 slp
|cant|p1a: selfie sunday|slp
|
|turn|22
|
|move|p2a: Alakazam|Psychic|p1a: selfie sunday
|-damage|p1a: selfie sunday|202\/523 slp
|cant|p1a: selfie sunday|slp
|-curestatus|p1a: selfie sunday|slp
|
|turn|23
|
|move|p2a: Alakazam|Psychic|p1a: selfie sunday
|-damage|p1a: selfie sunday|24\/523
|-unboost|p1a: selfie sunday|spd|1
|-unboost|p1a: selfie sunday|spa|1
|move|p1a: selfie sunday|Thunderbolt|p2a: Alakazam
|-damage|p2a: Alakazam|281\/313
|-status|p2a: Alakazam|par
|
|turn|24
|
|move|p2a: Alakazam|Psychic|p1a: selfie sunday
|-damage|p1a: selfie sunday|0 fnt
|faint|p1a: selfie sunday
|
|switch|p1a: Rhyte on|Rhydon|413\/413
|turn|25
|
|move|p1a: Rhyte on|Substitute|p1a: Rhyte on
|-start|p1a: Rhyte on|Substitute
|-damage|p1a: Rhyte on|310\/413
|move|p2a: Alakazam|Reflect|p2a: Alakazam
|
|turn|26
|
|move|p1a: Rhyte on|Earthquake|p2a: Alakazam
|-damage|p2a: Alakazam|165\/313 par
|move|p2a: Alakazam|Psychic|p1a: Rhyte on
|-crit|p1a: Rhyte on
|-end|p1a: Rhyte on|Substitute
|
|turn|27
|
|move|p1a: Rhyte on|Substitute|p1a: Rhyte on
|-start|p1a: Rhyte on|Substitute
|-damage|p1a: Rhyte on|207\/413
|cant|p2a: Alakazam|par
|
|turn|28
|
|move|p1a: Rhyte on|Earthquake|p2a: Alakazam
|-damage|p2a: Alakazam|61\/313 par
|cant|p2a: Alakazam|par
|
|turn|29
|
|move|p1a: Rhyte on|Earthquake|p2a: Alakazam
|-damage|p2a: Alakazam|0 fnt
|faint|p2a: Alakazam
|
|switch|p2a: Starmie|Starmie|323\/323
|turn|30
|
|move|p2a: Starmie|Blizzard|p1a: Rhyte on
|-crit|p1a: Rhyte on
|-supereffective|p1a: Rhyte on
|-end|p1a: Rhyte on|Substitute
|move|p1a: Rhyte on|Body Slam|p2a: Starmie
|-damage|p2a: Starmie|229\/323
|
|turn|31
|
|move|p2a: Starmie|Thunderbolt|p1a: Rhyte on
|-immune|p1a: Rhyte on|[msg]
|move|p1a: Rhyte on|Body Slam|p2a: Starmie
|-damage|p2a: Starmie|143\/323
|-status|p2a: Starmie|par
|
|turn|32
|
|move|p1a: Rhyte on|Body Slam|p2a: Starmie
|-damage|p2a: Starmie|55\/323 par
|move|p2a: Starmie|Blizzard|p1a: Rhyte on
|-supereffective|p1a: Rhyte on
|-damage|p1a: Rhyte on|0 fnt
|faint|p1a: Rhyte on
|
|switch|p1a: GyaraUNO|Gyarados|393\/393
|turn|33
|
|move|p1a: GyaraUNO|Thunderbolt|p2a: Starmie
|-supereffective|p2a: Starmie
|-damage|p2a: Starmie|0 fnt
|faint|p2a: Starmie
|
|switch|p2a: Tauros|Tauros|353\/353
|turn|34
|
|move|p2a: Tauros|Blizzard|p1a: GyaraUNO
|-damage|p1a: GyaraUNO|319\/393
|move|p1a: GyaraUNO|Thunderbolt|p2a: Tauros
|-damage|p2a: Tauros|261\/353
|-status|p2a: Tauros|par
|
|turn|35
|
|move|p1a: GyaraUNO|Hyper Beam|p2a: Tauros
|-crit|p2a: Tauros
|-damage|p2a: Tauros|0 fnt
|faint|p2a: Tauros
|
|switch|p2a: Machamp|Machamp|383\/383
|turn|36
|
|move|p1a: GyaraUNO|Hyper Beam|p2a: Machamp
|-damage|p2a: Machamp|221\/383
|move|p2a: Machamp|Rock Slide|p1a: GyaraUNO
|-supereffective|p1a: GyaraUNO
|-damage|p1a: GyaraUNO|150\/393
|
|turn|37
|
|cant|p1a: GyaraUNO|recharge
|move|p2a: Machamp|Rock Slide|p1a: GyaraUNO
|-supereffective|p1a: GyaraUNO
|-damage|p1a: GyaraUNO|0 fnt
|faint|p1a: GyaraUNO
|
|win|gen1masterrony
|raw|Ladder updating...
|raw|whateverforever's rating: 1000 &rarr; <strong>1000<\/strong><br \/>(+0 for losing)
|raw|gen1masterrony's rating: 1261 &rarr; <strong>1270<\/strong><br \/>(+9 for winning)
|leave|gen1masterrony
|player|p2
|leave|whateverforever
|player|p1
|join|gen1masterrony