|join|riwu
|join|MALESANI
|player|p1|riwu|101
|player|p2|MALESANI|238
|gametype|singles
|gen|1
|tier|[Gen 1] Random Battle
|rated
|seed|39772,2703,52784,48007
|rule|Sleep Clause Mod: Limit one foe put to sleep
|rule|Freeze Clause Mod: Limit one foe frozen
|rule|HP Percentage Mod: HP is shown in percentages
|
|start
|switch|p1a: Electabuzz|Electabuzz, L85|284\/284
|switch|p2a: Haunter|Haunter, L85|250\/250
|turn|1
|choice|switch 4|switch 5
|
|switch|p1a: Ditto|Ditto, L99|296\/296
|switch|p2a: Arcanine|Arcanine, L85|327\/327
|
|turn|2
|choice|move 1|move 1
|
|move|p2a: Arcanine|Fire Blast|p1a: Ditto
|-damage|p1a: Ditto|164\/296
|move|p1a: Ditto|Transform|p2a: Arcanine
|-transform|p1a: Ditto|p2a: Arcanine
|
|turn|3
|choice|move 2|move 2
|
|move|p2a: Arcanine|Body Slam|p1a: Ditto
|-damage|p1a: Ditto|80\/296
|move|p1a: Ditto|Body Slam|p2a: Arcanine
|-damage|p2a: Arcanine|272\/327
|-status|p2a: Arcanine|par
|
|turn|4
|c|★riwu|wtf why ur slam more dmg
|choice|move 2|move 2
|
|move|p1a: Ditto|Body Slam|p2a: Arcanine
|-damage|p2a: Arcanine|217\/327 par
|move|p2a: Arcanine|Body Slam|p1a: Ditto
|-damage|p1a: Ditto|0 fnt
|faint|p1a: Ditto
|choice|switch 6|
|
|switch|p1a: Rhydon|Rhydon, L79|328\/328
|turn|5
|c|★MALESANI|because hp
|choice|move 4|switch 2
|
|switch|p2a: Gyarados|Gyarados, L85|335\/335
|move|p1a: Rhydon|Rock Slide|p2a: Gyarados
|-supereffective|p2a: Gyarados
|-damage|p2a: Gyarados|151\/335
|
|turn|6
|choice|switch 4|move 4
|
|switch|p1a: Electabuzz|Electabuzz, L85|284\/284
|move|p2a: Gyarados|Surf|p1a: Electabuzz
|-damage|p1a: Electabuzz|170\/284
|
|turn|7
|choice|move 4|switch 4
|
|switch|p2a: Electabuzz|Electabuzz, L85|284\/284
|move|p1a: Electabuzz|Thunderbolt|p2a: Electabuzz
|-resisted|p2a: Electabuzz
|-damage|p2a: Electabuzz|236\/284
|
|turn|8
|choice|move 1|move 2
|
|move|p1a: Electabuzz|Thunder Wave|p2a: Electabuzz
|-status|p2a: Electabuzz|par
|move|p2a: Electabuzz|Psychic|p1a: Electabuzz
|-crit|p1a: Electabuzz
|-damage|p1a: Electabuzz|53\/284
|
|turn|9
|choice|move 2|move 1
|
|move|p1a: Electabuzz|Psychic|p2a: Electabuzz
|-damage|p2a: Electabuzz|171\/284 par
|move|p2a: Electabuzz|Seismic Toss|p1a: Electabuzz
|-damage|p1a: Electabuzz|0 fnt
|faint|p1a: Electabuzz
|choice|switch 4|
|
|switch|p1a: Rhydon|Rhydon, L79|328\/328
|turn|10
|choice|move 3|move 2
|
|move|p1a: Rhydon|Earthquake|p2a: Electabuzz
|-supereffective|p2a: Electabuzz
|-damage|p2a: Electabuzz|0 fnt
|faint|p2a: Electabuzz
|choice||switch 4
|
|switch|p2a: Gyarados|Gyarados, L85|151\/335
|turn|11
|choice|switch 5|move 4
|
|switch|p1a: Jolteon|Jolteon, L79|265\/265
|move|p2a: Gyarados|Surf|p1a: Jolteon
|-damage|p1a: Jolteon|168\/265
|
|turn|12
|choice|move 1|switch 2
|
|switch|p2a: Arcanine|Arcanine, L85|217\/327 par
|move|p1a: Jolteon|Thunderbolt|p2a: Arcanine
|-damage|p2a: Arcanine|125\/327 par
|
|turn|13
|choice|switch 5|move 2
|
|switch|p1a: Rhydon|Rhydon, L79|328\/328
|move|p2a: Arcanine|Body Slam|p1a: Rhydon
|-resisted|p1a: Rhydon
|-damage|p1a: Rhydon|301\/328
|
|turn|14
|choice|move 4|move 1
|
|move|p1a: Rhydon|Rock Slide|p2a: Arcanine
|-supereffective|p2a: Arcanine
|-damage|p2a: Arcanine|0 fnt
|faint|p2a: Arcanine
|choice||switch 2
|
|switch|p2a: Gyarados|Gyarados, L85|151\/335
|turn|15
|choice|switch 5|move 4
|
|switch|p1a: Jolteon|Jolteon, L79|168\/265
|move|p2a: Gyarados|Surf|p1a: Jolteon
|-damage|p1a: Jolteon|67\/265
|
|turn|16
|choice|move 1|switch 5
|
|switch|p2a: Haunter|Haunter, L85|250\/250
|move|p1a: Jolteon|Thunderbolt|p2a: Haunter
|-damage|p2a: Haunter|174\/250
|
|turn|17
|choice|move 4|move 1
|
|move|p1a: Jolteon|Thunder Wave|p2a: Haunter
|-status|p2a: Haunter|par
|cant|p2a: Haunter|par
|
|turn|18
|choice|move 1|move 1
|
|move|p1a: Jolteon|Thunderbolt|p2a: Haunter
|-damage|p2a: Haunter|87\/250 par
|move|p2a: Haunter|Hypnosis|p1a: Jolteon
|-status|p1a: Jolteon|slp
|
|turn|19
|choice|switch 3|switch 5
|
|switch|p1a: Mew|Mew, L74|300\/300
|switch|p2a: Gyarados|Gyarados, L85|151\/335
|
|turn|20
|choice|move 3|switch 5
|
|switch|p2a: Haunter|Haunter, L85|87\/250 par
|move|p1a: Mew|Thunder Wave|p2a: Haunter
|-fail|p2a: Haunter|par
|
|turn|21
|choice|move 4|move 3
|
|move|p1a: Mew|Psychic|p2a: Haunter
|-supereffective|p2a: Haunter
|-damage|p2a: Haunter|0 fnt
|faint|p2a: Haunter
|choice||switch 3
|
|switch|p2a: Moltres|Moltres, L85|327\/327
|turn|22
|choice|switch 5|move 1
|
|switch|p1a: Rhydon|Rhydon, L79|301\/328
|move|p2a: Moltres|Fire Blast|p1a: Rhydon
|-resisted|p1a: Rhydon
|-damage|p1a: Rhydon|179\/328
|
|turn|23
|choice|move 4|switch 6
|
|switch|p2a: Hitmonlee|Hitmonlee, L90|273\/273
|move|p1a: Rhydon|Rock Slide|p2a: Hitmonlee
|-resisted|p2a: Hitmonlee
|-damage|p2a: Hitmonlee|222\/273
|
|turn|24
|choice|switch 2|move 1
|
|switch|p1a: Venonat|Venonat, L96|310\/310
|move|p2a: Hitmonlee|High Jump Kick|p1a: Venonat
|-resisted|p1a: Venonat
|-damage|p1a: Venonat|274\/310
|
|turn|25
|choice|move 4|move 4
|
|move|p2a: Hitmonlee|Seismic Toss|p1a: Venonat
|-damage|p1a: Venonat|184\/310
|move|p1a: Venonat|Sleep Powder|p2a: Hitmonlee
|-status|p2a: Hitmonlee|slp
|
|turn|26
|choice|switch 5|move 4
|
|switch|p1a: Mew|Mew, L74|300\/300
|cant|p2a: Hitmonlee|slp
|
|turn|27
|choice|move 4|move 4
|
|cant|p2a: Hitmonlee|slp
|move|p1a: Mew|Psychic|p2a: Hitmonlee
|-supereffective|p2a: Hitmonlee
|-damage|p2a: Hitmonlee|0 fnt
|faint|p2a: Hitmonlee
|choice||switch 6
|
|switch|p2a: Moltres|Moltres, L85|327\/327
|turn|28
|choice|move 3|move 1
|
|move|p2a: Moltres|Fire Blast|p1a: Mew
|-damage|p1a: Mew|135\/300
|move|p1a: Mew|Thunder Wave|p2a: Moltres
|-status|p2a: Moltres|par
|
|turn|29
|choice|switch 3|move 1
|
|switch|p1a: Jolteon|Jolteon, L79|67\/265 slp
|move|p2a: Moltres|Fire Blast|p1a: Jolteon
|-damage|p1a: Jolteon|0 fnt
|faint|p1a: Jolteon
|choice|switch 2|
|
|switch|p1a: Rhydon|Rhydon, L79|179\/328
|turn|30
|choice|move 4|move 1
|
|move|p1a: Rhydon|Rock Slide|p2a: Moltres
|-supereffective|p2a: Moltres
|-damage|p2a: Moltres|0 fnt
|faint|p2a: Moltres
|choice||switch 5
|
|switch|p2a: Gyarados|Gyarados, L85|151\/335
|turn|31
|choice|switch 3|move 4
|
|switch|p1a: Mew|Mew, L74|135\/300
|move|p2a: Gyarados|Surf|p1a: Mew
|-crit|p1a: Mew
|-damage|p1a: Mew|0 fnt
|faint|p1a: Mew
|choice|switch 5|
|
|switch|p1a: Venonat|Venonat, L96|184\/310
|turn|32
|choice|move 4|move 4
|
|move|p2a: Gyarados|Surf|p1a: Venonat
|-damage|p1a: Venonat|51\/310
|move|p1a: Venonat|Sleep Powder|p2a: Gyarados
|-status|p2a: Gyarados|slp
|
|turn|33
|choice|switch 3|move 4
|
|switch|p1a: Rhydon|Rhydon, L79|179\/328
|cant|p2a: Gyarados|slp
|
|turn|34
|choice|move 4|move 4
|
|-curestatus|p2a: Gyarados|slp
|move|p1a: Rhydon|Rock Slide|p2a: Gyarados
|-supereffective|p2a: Gyarados
|-damage|p2a: Gyarados|0 fnt
|faint|p2a: Gyarados
|
|win|riwu
|raw|riwu's rating: 1381 &rarr; <strong>1397<\/strong><br \/>(+16 for winning)
|raw|MALESANI's rating: 1313 &rarr; <strong>1297<\/strong><br \/>(-16 for losing)