|j|ray strong
|j|Mista Jay
|player|p1|ray strong|226
|player|p2|Mista Jay|169
|gametype|singles
|gen|1
|tier|[Gen 1] OU
|rated
|seed|21610,4226,51577,27176
|rule|Sleep Clause Mod: Limit one foe put to sleep
|rule|Freeze Clause Mod: Limit one foe frozen
|rule|Species Clause: Limit one of each Pokémon
|rule|OHKO Clause: OHKO moves are banned
|rule|Evasion Moves Clause: Evasion moves are banned
|rule|HP Percentage Mod: HP is shown in percentages
|
|start
|switch|p1a: Starmie|Starmie|323\/323
|switch|p2a: Jynx|Jynx|333\/333
|turn|1
|choice|move 4|move 1
|
|move|p1a: Starmie|Thunder Wave|p2a: Jynx
|-status|p2a: Jynx|par
|move|p2a: Jynx|Lovely Kiss|p1a: Starmie
|-status|p1a: Starmie|slp
|
|turn|2
|choice|switch 2|switch 5
|
|switch|p1a: Chansey|Chansey|703\/703
|switch|p2a: Chansey|Chansey|703\/703
|
|turn|3
|choice|move 1|move 4
|
|move|p2a: Chansey|Toxic|p1a: Chansey
|-status|p1a: Chansey|tox
|move|p1a: Chansey|Ice Beam|p2a: Chansey
|-damage|p2a: Chansey|635\/703
|-damage|p1a: Chansey|660\/703 tox|[from] tox|[of] p2a: Chansey
|
|turn|4
|choice|move 1|move 1
|
|move|p1a: Chansey|Ice Beam|p2a: Chansey
|-damage|p2a: Chansey|564\/703
|-status|p2a: Chansey|frz
|-damage|p1a: Chansey|574\/703 tox|[from] tox|[of] p2a: Chansey
|cant|p2a: Chansey|frz
|
|turn|5
|choice|move 1|move 1
|
|move|p1a: Chansey|Ice Beam|p2a: Chansey
|-damage|p2a: Chansey|488\/703 frz
|-damage|p1a: Chansey|445\/703 tox|[from] tox|[of] p2a: Chansey
|cant|p2a: Chansey|frz
|
|turn|6
|choice|move 3|move 2
|
|cant|p2a: Chansey|frz
|move|p1a: Chansey|Soft-Boiled|p1a: Chansey
|-heal|p1a: Chansey|703\/703 tox
|-damage|p1a: Chansey|531\/703 tox|[from] psn
|
|turn|7
|choice|switch 2|move 2
|
|switch|p1a: Starmie|Starmie|323\/323 slp
|cant|p2a: Chansey|frz
|
|turn|8
|choice|move 3|switch 3
|
|switch|p2a: Jolteon|Jolteon|333\/333
|-curestatus|p1a: Starmie|slp
|
|turn|9
|choice|switch 6|move 1
|
|switch|p1a: Exeggutor|Exeggutor|393\/393
|move|p2a: Jolteon|Thunderbolt|p1a: Exeggutor
|-resisted|p1a: Exeggutor
|-damage|p1a: Exeggutor|342\/393
|
|turn|10
|choice|switch 3|move 4
|
|switch|p1a: Snorlax|Snorlax|523\/523
|move|p2a: Jolteon|Pin Missile|p1a: Snorlax
|-damage|p1a: Snorlax|512\/523
|-damage|p1a: Snorlax|501\/523
|-damage|p1a: Snorlax|490\/523
|-hitcount|p1a: Snorlax|3
|
|turn|11
|choice|move 1|switch 2
|
|switch|p2a: Slowbro|Slowbro|393\/393
|move|p1a: Snorlax|Body Slam|p2a: Slowbro
|-crit|p2a: Slowbro
|-damage|p2a: Slowbro|201\/393
|
|turn|12
|choice|move 1|move 2
|
|move|p2a: Slowbro|Ice Beam|p1a: Snorlax
|-damage|p1a: Snorlax|411\/523
|move|p1a: Snorlax|Body Slam|p2a: Slowbro
|-damage|p2a: Slowbro|101\/393
|-status|p2a: Slowbro|par
|
|turn|13
|choice|move 1|move 2
|
|move|p1a: Snorlax|Body Slam|p2a: Slowbro
|-damage|p2a: Slowbro|6\/393 par
|move|p2a: Slowbro|Ice Beam|p1a: Snorlax
|-damage|p1a: Snorlax|334\/523
|
|turn|14
|choice|move 1|switch 6
|
|switch|p2a: Golem|Golem|363\/363
|move|p1a: Snorlax|Body Slam|p2a: Golem
|-resisted|p2a: Golem
|-damage|p2a: Golem|323\/363
|-status|p2a: Golem|par
|
|turn|15
|choice|move 4|move 1
|
|move|p1a: Snorlax|Reflect|p1a: Snorlax
|-start|p1a: Snorlax|Reflect
|move|p2a: Golem|Earthquake|p1a: Snorlax
|-damage|p1a: Snorlax|249\/523
|
|turn|16
|choice|move 1|move 2
|
|move|p1a: Snorlax|Body Slam|p2a: Golem
|-resisted|p2a: Golem
|-damage|p2a: Golem|281\/363 par
|move|p2a: Golem|Explosion|p1a: Snorlax
|-damage|p1a: Snorlax|70\/523
|faint|p2a: Golem
|choice||switch 4
|
|switch|p2a: Tauros|Tauros|353\/353
|turn|17
|choice|move 3|move 1
|
|move|p2a: Tauros|Body Slam|p1a: Snorlax
|-damage|p1a: Snorlax|0 fnt
|faint|p1a: Snorlax
|choice|switch 6|
|
|switch|p1a: Starmie|Starmie|323\/323
|turn|18
|choice|move 4|switch 5
|
|switch|p2a: Jynx|Jynx|333\/333 par
|move|p1a: Starmie|Thunder Wave|p2a: Jynx
|-fail|p2a: Jynx|par
|
|turn|19
|choice|switch 2|move 1
|
|switch|p1a: Chansey|Chansey|531\/703 tox
|-status|p1a: Chansey|psn
|-damage|p1a: Chansey|488\/703 psn|[from] psn
|move|p2a: Jynx|Lovely Kiss|p1a: Chansey
|-fail|p1a: Chansey
|
|turn|20
|choice|move 2|switch 5
|
|switch|p2a: Tauros|Tauros|353\/353
|move|p1a: Chansey|Thunderbolt|p2a: Tauros
|-damage|p2a: Tauros|258\/353
|-status|p2a: Tauros|par
|-damage|p1a: Chansey|445\/703 psn|[from] psn|[of] p2a: Tauros
|
|turn|21
|choice|switch 2|move 1
|
|switch|p1a: Starmie|Starmie|323\/323
|move|p2a: Tauros|Body Slam|p1a: Starmie
|-crit|p1a: Starmie
|-damage|p1a: Starmie|101\/323
|-status|p1a: Starmie|par
|
|turn|22
|choice|move 3|move 2
|
|move|p1a: Starmie|Recover|p1a: Starmie
|-heal|p1a: Starmie|262\/323 par
|move|p2a: Tauros|Hyper Beam|p1a: Starmie
|-damage|p1a: Starmie|53\/323 par
|
|turn|23
|-mustrecharge|p2a: Tauros
|-mustrecharge|p2a: Tauros
|choice|move 3|move 1
|
|move|p1a: Starmie|Recover|p1a: Starmie
|-heal|p1a: Starmie|214\/323 par
|cant|p2a: Tauros|recharge
|
|turn|24
|choice|move 1|move 1
|
|move|p1a: Starmie|Thunderbolt|p2a: Tauros
|-damage|p2a: Tauros|165\/353 par
|cant|p2a: Tauros|par
|
|turn|25
|choice|move 1|move 1
|
|move|p1a: Starmie|Thunderbolt|p2a: Tauros
|-damage|p2a: Tauros|65\/353 par
|move|p2a: Tauros|Body Slam|p1a: Starmie
|-damage|p1a: Starmie|106\/323 par
|
|turn|26
|choice|move 1|move 1
|
|cant|p1a: Starmie|par
|cant|p2a: Tauros|par
|
|turn|27
|choice|move 1|move 2
|
|move|p1a: Starmie|Thunderbolt|p2a: Tauros
|-crit|p2a: Tauros
|-damage|p2a: Tauros|0 fnt
|faint|p2a: Tauros
|choice||switch 2
|
|switch|p2a: Jolteon|Jolteon|333\/333
|turn|28
|choice|switch 3|move 4
|
|switch|p1a: Exeggutor|Exeggutor|342\/393
|move|p2a: Jolteon|Pin Missile|p1a: Exeggutor
|-supereffective|p1a: Exeggutor
|-damage|p1a: Exeggutor|299\/393
|-damage|p1a: Exeggutor|256\/393
|-damage|p1a: Exeggutor|213\/393
|-damage|p1a: Exeggutor|170\/393
|-damage|p1a: Exeggutor|127\/393
|-hitcount|p1a: Exeggutor|5
|
|turn|29
|choice|move 4|move 4
|
|move|p2a: Jolteon|Pin Missile|p1a: Exeggutor
|-supereffective|p1a: Exeggutor
|-damage|p1a: Exeggutor|80\/393
|-damage|p1a: Exeggutor|33\/393
|-hitcount|p1a: Exeggutor|2
|move|p1a: Exeggutor|Explosion|p2a: Jolteon
|-damage|p2a: Jolteon|0 fnt
|faint|p2a: Jolteon
|faint|p1a: Exeggutor
|choice|switch 3|switch 5
|
|switch|p1a: Starmie|Starmie|106\/323 par
|switch|p2a: Jynx|Jynx|333\/333 par
|turn|30
|choice|move 3|move 2
|
|move|p1a: Starmie|Recover|p1a: Starmie
|-heal|p1a: Starmie|267\/323 par
|move|p2a: Jynx|Psychic|p1a: Starmie
|-resisted|p1a: Starmie
|-damage|p1a: Starmie|214\/323 par
|-unboost|p1a: Starmie|spd|1
|-unboost|p1a: Starmie|spa|1
|
|turn|31
|choice|switch 2|move 2
|
|switch|p1a: Chansey|Chansey|445\/703 psn
|-damage|p1a: Chansey|402\/703 psn|[from] psn
|move|p2a: Jynx|Psychic|p1a: Chansey
|-damage|p1a: Chansey|305\/703 psn
|
|turn|32
|choice|move 3|move 2
|
|move|p1a: Chansey|Soft-Boiled|p1a: Chansey
|-heal|p1a: Chansey|656\/703 psn
|-damage|p1a: Chansey|613\/703 psn|[from] psn
|move|p2a: Jynx|Psychic|p1a: Chansey
|-crit|p1a: Chansey
|-damage|p1a: Chansey|432\/703 psn
|-unboost|p1a: Chansey|spd|1
|-unboost|p1a: Chansey|spa|1
|
|turn|33
|choice|switch 2|move 2
|
|switch|p1a: Starmie|Starmie|214\/323 par
|move|p2a: Jynx|Psychic|p1a: Starmie
|-resisted|p1a: Starmie
|-damage|p1a: Starmie|162\/323 par
|
|turn|34
|choice|move 3|move 2
|
|move|p1a: Starmie|Recover|p1a: Starmie
|-heal|p1a: Starmie|323\/323 par
|move|p2a: Jynx|Psychic|p1a: Starmie
|-resisted|p1a: Starmie
|-damage|p1a: Starmie|275\/323 par
|
|turn|35
|choice|move 1|move 2
|
|move|p1a: Starmie|Thunderbolt|p2a: Jynx
|-damage|p2a: Jynx|259\/333 par
|move|p2a: Jynx|Psychic|p1a: Starmie
|-resisted|p1a: Starmie
|-damage|p1a: Starmie|221\/323 par
|-unboost|p1a: Starmie|spd|1
|-unboost|p1a: Starmie|spa|1
|
|turn|36
|choice|switch 2|move 2
|
|switch|p1a: Chansey|Chansey|432\/703 psn
|-damage|p1a: Chansey|389\/703 psn|[from] psn
|move|p2a: Jynx|Psychic|p1a: Chansey
|-damage|p1a: Chansey|291\/703 psn
|-unboost|p1a: Chansey|spd|1
|-unboost|p1a: Chansey|spa|1
|
|turn|37
|choice|move 3|move 2
|
|move|p1a: Chansey|Soft-Boiled|p1a: Chansey
|-heal|p1a: Chansey|642\/703 psn
|-damage|p1a: Chansey|599\/703 psn|[from] psn
|move|p2a: Jynx|Psychic|p1a: Chansey
|-damage|p1a: Chansey|435\/703 psn
|
|turn|38
|c|★ray strong|well trained
|choice|switch 2|move 2
|
|switch|p1a: Starmie|Starmie|221\/323 par
|cant|p2a: Jynx|par
|
|turn|39
|choice|move 1|move 2
|
|move|p1a: Starmie|Thunderbolt|p2a: Jynx
|-crit|p2a: Jynx
|-damage|p2a: Jynx|117\/333 par
|move|p2a: Jynx|Psychic|p1a: Starmie
|-resisted|p1a: Starmie
|-damage|p1a: Starmie|173\/323 par
|-unboost|p1a: Starmie|spd|1
|-unboost|p1a: Starmie|spa|1
|
|turn|40
|c|★Mista Jay|can you just end
|choice|move 1|move 2
|
|cant|p2a: Jynx|par
|move|p1a: Starmie|Thunderbolt|p2a: Jynx
|-damage|p2a: Jynx|69\/333 par
|
|turn|41
|c|★ray strong|?
|choice|move 1|move 2
|
|cant|p2a: Jynx|par
|move|p1a: Starmie|Thunderbolt|p2a: Jynx
|-damage|p2a: Jynx|17\/333 par
|
|turn|42
|c|★ray strong|you can end it whenever
|c|★ray strong|im playing it safe
|choice|move 1|move 2
|
|move|p2a: Jynx|Psychic|p1a: Starmie
|-resisted|p1a: Starmie
|-damage|p1a: Starmie|102\/323 par
|move|p1a: Starmie|Thunderbolt|p2a: Jynx
|-damage|p2a: Jynx|0 fnt
|faint|p2a: Jynx
|choice||switch 6
|
|switch|p2a: Slowbro|Slowbro|6\/393 par
|turn|43
|choice|move 1|move 4
|
|move|p2a: Slowbro|Psychic|p1a: Starmie
|-resisted|p1a: Starmie
|-damage|p1a: Starmie|37\/323 par
|move|p1a: Starmie|Thunderbolt|p2a: Slowbro
|-crit|p2a: Slowbro
|-supereffective|p2a: Slowbro
|-damage|p2a: Slowbro|0 fnt
|faint|p2a: Slowbro
|choice||switch 3
|
|switch|p2a: Chansey|Chansey|488\/703 frz
|turn|44
|choice|switch 4|move 2
|
|switch|p1a: Tauros|Tauros|353\/353
|cant|p2a: Chansey|frz
|
|turn|45
|c|★Mista Jay|gg
|c|★ray strong|gg
|choice|move 1|move 2
|
|move|p1a: Tauros|Body Slam|p2a: Chansey
|-damage|p2a: Chansey|204\/703 frz
|cant|p2a: Chansey|frz
|
|turn|46
|choice|move 1|move 2
|
|move|p1a: Tauros|Body Slam|p2a: Chansey
|-damage|p2a: Chansey|0 fnt
|faint|p2a: Chansey
|
|win|ray strong
|player|p1
|player|p2
|raw|ray strong's rating: 1288 &rarr; <strong>1309<\/strong><br \/>(+21 for winning)
|raw|Mista Jay's rating: 1226 &rarr; <strong>1205<\/strong><br \/>(-21 for losing)
|l|Mista Jay