|join|mackdaddyyoshi
|join|Ho-Oh 654456
|player|p1|mackdaddyyoshi|10
|player|p2|Ho-Oh 654456|101
|gametype|singles
|gen|1
|tier|[Gen 1] Random Battle
|rule|Sleep Clause Mod: Limit one foe put to sleep
|rule|Freeze Clause Mod: Limit one foe frozen
|rule|HP Percentage Mod: HP is shown in percentages
|
|start
|switch|p1a: Voltorb|Voltorb, L96|272\/272
|switch|p2a: Omanyte|Omanyte, L96|262\/262
|turn|1
|
|move|p1a: Voltorb|Flash|p2a: Omanyte
|-unboost|p2a: Omanyte|accuracy|1
|move|p2a: Omanyte|Seismic Toss|p1a: Voltorb
|-damage|p1a: Voltorb|176\/272
|
|turn|2
|
|switch|p2a: Golem|Golem, L79|288\/288
|move|p1a: Voltorb|Screech|p2a: Golem
|-unboost|p2a: Golem|def|2
|
|turn|3
|
|move|p1a: Voltorb|Explosion|p2a: Golem
|-resisted|p2a: Golem
|-damage|p2a: Golem|149\/288
|faint|p1a: Voltorb
|
|switch|p1a: Hitmonlee|Hitmonlee, L90|273\/273
|turn|4
|
|move|p1a: Hitmonlee|Substitute|p1a: Hitmonlee
|-start|p1a: Hitmonlee|Substitute
|-damage|p1a: Hitmonlee|205\/273
|move|p2a: Golem|Explosion|p1a: Hitmonlee
|-end|p1a: Hitmonlee|Substitute
|
|turn|5
|c|★mackdaddyyoshi|uhh
|c|★Ho-Oh 654456|wow
|
|switch|p1a: Metapod|Metapod, L99|300\/300
|move|p2a: Golem|Explosion|p1a: Metapod
|-damage|p1a: Metapod|54\/300
|faint|p2a: Golem
|c|★Ho-Oh 654456|nooooo golem
|
|switch|p2a: Articuno|Articuno, L79|304\/304
|turn|6
|
|move|p2a: Articuno|Ice Beam|p1a: Metapod
|-crit|p1a: Metapod
|-damage|p1a: Metapod|0 fnt
|faint|p1a: Metapod
|
|switch|p1a: Cloyster|Cloyster, L83|253\/253
|turn|7
|
|switch|p2a: Hypno|Hypno, L85|318\/318
|move|p1a: Cloyster|Blizzard|p2a: Hypno|[miss]
|-miss|p1a: Cloyster
|
|turn|8
|c|★Ho-Oh 654456|you lose one match againg amenesia lol
|c|★Ho-Oh 654456|!dt amnesia
|c|~|\/data-move Amnesia
|raw|<font size="1"><font color=#585858>Priority:<\/font> 0&nbsp;|&ThickSpace;<font color=#585858>Gen:<\/font> 1&nbsp;|&ThickSpace;<font color=#585858>Target:<\/font> User<\/font>
|c|★mackdaddyyoshi|k
|
|move|p1a: Cloyster|Blizzard|p2a: Hypno
|-damage|p2a: Hypno|229\/318
|move|p2a: Hypno|Thunder Wave|p1a: Cloyster
|-status|p1a: Cloyster|par
|
|turn|9
|c|★Ho-Oh 654456|!dt dragon asent
No Pokémon, item, move, ability or nature named 'dragon asent' was found. Showing the data of 'Dragon Ascent' instead.
|c|~|\/data-move Dragon Ascent
|raw|<font size="1"><font color=#585858>Priority:<\/font> 0&nbsp;|&ThickSpace;<font color=#585858>Gen:<\/font> 6&nbsp;|&ThickSpace;<font color=#585858><font color=black>&#10003; Contact<\/font><\/font>&nbsp;|&ThickSpace;<font color=#585858>Target:<\/font> Any Pokémon<\/font>
|c|★mackdaddyyoshi|!dt stfu
No Pokémon, item, move, ability or nature named 'stfu' was found. (Check your spelling?)
|
|move|p2a: Hypno|Psychic|p1a: Cloyster
|-damage|p1a: Cloyster|145\/253 par
|move|p1a: Cloyster|Ice Beam|p2a: Hypno
|-damage|p2a: Hypno|157\/318
|
|turn|10
|
|move|p2a: Hypno|Psychic|p1a: Cloyster
|-crit|p1a: Cloyster
|-damage|p1a: Cloyster|0 fnt
|faint|p1a: Cloyster
|
|switch|p1a: Kabutops|Kabutops, L85|276\/276
|turn|11
|
|move|p1a: Kabutops|Hyper Beam|p2a: Hypno
|-crit|p2a: Hypno
|-damage|p2a: Hypno|0 fnt
|faint|p2a: Hypno
|
|switch|p2a: Omanyte|Omanyte, L96|262\/262
|turn|12
|
|move|p1a: Kabutops|Swords Dance|p1a: Kabutops
|-boost|p1a: Kabutops|atk|2
|move|p2a: Omanyte|Seismic Toss|p1a: Kabutops
|-damage|p1a: Kabutops|180\/276
|
|turn|13
|
|move|p1a: Kabutops|Hyper Beam|p2a: Omanyte|[miss]
|-miss|p1a: Kabutops
|move|p2a: Omanyte|Blizzard|p1a: Kabutops|[miss]
|-miss|p2a: Omanyte
|
|turn|14
|
|move|p1a: Kabutops|Hyper Beam|p2a: Omanyte
|-resisted|p2a: Omanyte
|-damage|p2a: Omanyte|172\/262
|move|p2a: Omanyte|Blizzard|p1a: Kabutops
|-resisted|p1a: Kabutops
|-damage|p1a: Kabutops|119\/276
|
|turn|15
|-mustrecharge|p1a: Kabutops
|-mustrecharge|p1a: Kabutops
|
|cant|p1a: Kabutops|recharge
|move|p2a: Omanyte|Blizzard|p1a: Kabutops
|-resisted|p1a: Kabutops
|-damage|p1a: Kabutops|58\/276
|
|turn|16
|leave|mackdaddyyoshi
|player|p1
|c|★Ho-Oh 654456|'
|-message|Player 1 lost due to inactivity.
|
|win|Ho-Oh 654456