|j|Frogmite
|j|FluxxedGames
|player|p1|Frogmite|10
|player|p2|FluxxedGames|56
|gametype|singles
|gen|1
|tier|[Gen 1] Random Battle
|seed|36525,57683,43754,43657
|rule|Sleep Clause Mod: Limit one foe put to sleep
|rule|Freeze Clause Mod: Limit one foe frozen
|rule|HP Percentage Mod: HP is shown in percentages
|
|start
|switch|p1a: Squirtle|Squirtle, L96|279\/279
|switch|p2a: Dewgong|Dewgong, L85|327\/327
|turn|1
|choice|move 4|move 4
|
|move|p2a: Dewgong|Body Slam|p1a: Squirtle
|-damage|p1a: Squirtle|223\/279
|move|p1a: Squirtle|Body Slam|p2a: Dewgong
|-damage|p2a: Dewgong|274\/327
|
|turn|2
|choice|switch 2|move 4
|
|switch|p1a: Venomoth|Venomoth, L85|293\/293
|move|p2a: Dewgong|Body Slam|p1a: Venomoth
|-damage|p1a: Venomoth|232\/293
|
|turn|3
|choice|move 2|move 1
|
|move|p1a: Venomoth|Sleep Powder|p2a: Dewgong
|-status|p2a: Dewgong|slp
|cant|p2a: Dewgong|slp
|
|turn|4
|choice|move 4|move 1
|
|move|p1a: Venomoth|Mega Drain|p2a: Dewgong
|-supereffective|p2a: Dewgong
|-damage|p2a: Dewgong|223\/327 slp
|-heal|p1a: Venomoth|257\/293|[from] drain|[of] p2a: Dewgong
|cant|p2a: Dewgong|slp
|
|turn|5
|choice|move 4|move 1
|
|move|p1a: Venomoth|Mega Drain|p2a: Dewgong
|-supereffective|p2a: Dewgong
|-damage|p2a: Dewgong|174\/327 slp
|-heal|p1a: Venomoth|281\/293|[from] drain|[of] p2a: Dewgong
|cant|p2a: Dewgong|slp
|
|turn|6
|choice|move 4|move 1
|
|move|p1a: Venomoth|Mega Drain|p2a: Dewgong
|-supereffective|p2a: Dewgong
|-damage|p2a: Dewgong|121\/327 slp
|-heal|p1a: Venomoth|293\/293|[from] drain|[of] p2a: Dewgong
|-curestatus|p2a: Dewgong|slp
|
|turn|7
|choice|move 2|move 1
|
|move|p1a: Venomoth|Sleep Powder|p2a: Dewgong
|-status|p2a: Dewgong|slp
|cant|p2a: Dewgong|slp
|
|turn|8
|choice|move 3|switch 4
|
|switch|p2a: Golem|Golem, L79|288\/288
|move|p1a: Venomoth|Psychic|p2a: Golem
|-damage|p2a: Golem|207\/288
|-unboost|p2a: Golem|spd|1
|-unboost|p2a: Golem|spa|1
|
|turn|9
|choice|move 4|move 2
|
|move|p1a: Venomoth|Mega Drain|p2a: Golem
|-supereffective|p2a: Golem
|-damage|p2a: Golem|0 fnt
|faint|p2a: Golem
|choice||switch 5
|
|switch|p2a: Hypno|Hypno, L85|318\/318
|turn|10
|choice|switch 2|move 2
|
|switch|p1a: Squirtle|Squirtle, L96|223\/279
|move|p2a: Hypno|Thunder Wave|p1a: Squirtle
|-status|p1a: Squirtle|par
|
|turn|11
|choice|move 4|move 1
|
|move|p2a: Hypno|Psychic|p1a: Squirtle
|-damage|p1a: Squirtle|92\/279 par
|-unboost|p1a: Squirtle|spd|1
|-unboost|p1a: Squirtle|spa|1
|move|p1a: Squirtle|Body Slam|p2a: Hypno
|-damage|p2a: Hypno|264\/318
|
|turn|12
|choice|move 4|move 1
|
|move|p2a: Hypno|Psychic|p1a: Squirtle
|-damage|p1a: Squirtle|0 fnt
|faint|p1a: Squirtle
|j|Kel9901
|l|Kel9901
|choice|switch 4|
|
|switch|p1a: Raticate|Raticate, L85|267\/267
|turn|13
|choice|move 1|move 2
|
|move|p1a: Raticate|Super Fang|p2a: Hypno
|-damage|p2a: Hypno|132\/318
|move|p2a: Hypno|Thunder Wave|p1a: Raticate
|-status|p1a: Raticate|par
|
|turn|14
|choice|move 4|move 4
|
|move|p1a: Raticate|Hyper Beam|p2a: Hypno
|-damage|p2a: Hypno|0 fnt
|faint|p2a: Hypno
|choice||switch 2
|
|switch|p2a: Muk|Muk, L90|372\/372
|turn|15
|choice|switch 2|move 3
|
|switch|p1a: Venomoth|Venomoth, L85|293\/293
|move|p2a: Muk|Screech|p1a: Venomoth
|-unboost|p1a: Venomoth|def|2
|
|turn|16
|choice|move 3|move 4
|
|move|p1a: Venomoth|Psychic|p2a: Muk
|-supereffective|p2a: Muk
|-damage|p2a: Muk|229\/372
|move|p2a: Muk|Body Slam|p1a: Venomoth
|-damage|p1a: Venomoth|111\/293
|
|turn|17
|choice|move 3|move 4
|
|move|p1a: Venomoth|Psychic|p2a: Muk
|-supereffective|p2a: Muk
|-damage|p2a: Muk|90\/372
|-unboost|p2a: Muk|spd|1
|-unboost|p2a: Muk|spa|1
|move|p2a: Muk|Body Slam|p1a: Venomoth
|-damage|p1a: Venomoth|0 fnt
|faint|p1a: Venomoth
|choice|switch 5|
|
|switch|p1a: Alakazam|Alakazam, L79|249\/249
|turn|18
|choice|move 1|switch 6
|
|switch|p2a: Chansey|Chansey, L79|557\/557
|move|p1a: Alakazam|Psychic|p2a: Chansey
|-damage|p2a: Chansey|459\/557
|
|turn|19
|choice|switch 2|move 4
|
|switch|p1a: Raticate|Raticate, L85|267\/267 par
|move|p2a: Chansey|Reflect|p2a: Chansey
|-start|p2a: Chansey|Reflect
|
|turn|20
|choice|move 1|move 2
|
|move|p2a: Chansey|Thunderbolt|p1a: Raticate
|-damage|p1a: Raticate|188\/267 par
|cant|p1a: Raticate|par
|
|turn|21
|choice|switch 3|switch 6
|
|switch|p2a: Muk|Muk, L90|90\/372
|switch|p1a: Hitmonlee|Hitmonlee, L90|273\/273
|
|turn|22
|choice|move 1|switch 3
|
|switch|p2a: Arbok|Arbok, L90|291\/291
|move|p1a: Hitmonlee|Seismic Toss|p2a: Arbok
|-damage|p2a: Arbok|201\/291
|
|turn|23
|choice|move 4|move 4
|
|move|p1a: Hitmonlee|Substitute|p1a: Hitmonlee
|-start|p1a: Hitmonlee|Substitute
|-damage|p1a: Hitmonlee|205\/273
|move|p2a: Arbok|Glare|p1a: Hitmonlee
|-status|p1a: Hitmonlee|par
|
|turn|24
|choice|move 2|move 1
|
|move|p2a: Arbok|Earthquake|p1a: Hitmonlee
|-end|p1a: Hitmonlee|Substitute
|move|p1a: Hitmonlee|Counter|p2a: Arbok
|-fail|p1a: Hitmonlee
|
|turn|25
|choice|move 1|move 1
|
|move|p2a: Arbok|Earthquake|p1a: Hitmonlee
|-damage|p1a: Hitmonlee|118\/273 par
|cant|p1a: Hitmonlee|par
|
|turn|26
|j|Kel9901
|choice|move 1|move 1
|
|move|p2a: Arbok|Earthquake|p1a: Hitmonlee
|-damage|p1a: Hitmonlee|24\/273 par
|move|p1a: Hitmonlee|Seismic Toss|p2a: Arbok
|-damage|p2a: Arbok|111\/291
|
|turn|27
|choice|move 1|move 1
|
|move|p2a: Arbok|Earthquake|p1a: Hitmonlee
|-damage|p1a: Hitmonlee|0 fnt
|faint|p1a: Hitmonlee
|choice|switch 2|
|
|switch|p1a: Alakazam|Alakazam, L79|249\/249
|turn|28
|choice|switch 3|switch 6
|
|switch|p1a: Raticate|Raticate, L85|188\/267 par
|switch|p2a: Chansey|Chansey, L79|459\/557
|
|turn|29
|j|Nayuki~♪♫
|l|Nayuki~♪♫
|choice|move 4|move 4
|
|move|p2a: Chansey|Reflect|p2a: Chansey
|-start|p2a: Chansey|Reflect
|cant|p1a: Raticate|par
|
|turn|30
|choice|move 1|switch 6
|
|switch|p2a: Arbok|Arbok, L90|111\/291
|move|p1a: Raticate|Super Fang|p2a: Arbok
|-damage|p2a: Arbok|56\/291
|
|turn|31
|j|farmertome
|choice|move 4|move 3
|
|move|p2a: Arbok|Hyper Beam|p1a: Raticate
|-damage|p1a: Raticate|41\/267 par
|move|p1a: Raticate|Hyper Beam|p2a: Arbok
|-crit|p2a: Arbok
|-damage|p2a: Arbok|0 fnt
|faint|p2a: Arbok
|choice||switch 6
|
|switch|p2a: Chansey|Chansey, L79|459\/557
|turn|32
|choice|move 4|move 2
|
|move|p2a: Chansey|Thunderbolt|p1a: Raticate
|-crit|p1a: Raticate
|-damage|p1a: Raticate|0 fnt
|faint|p1a: Raticate
|choice|switch 6|
|
|switch|p1a: Magmar|Magmar, L90|300\/300
|turn|33
|choice|move 1|move 4
|
|move|p1a: Magmar|Hyper Beam|p2a: Chansey
|-damage|p2a: Chansey|150\/557
|move|p2a: Chansey|Reflect|p2a: Chansey
|-start|p2a: Chansey|Reflect
|
|turn|34
|-mustrecharge|p1a: Magmar
|-mustrecharge|p1a: Magmar
|choice|move 1|move 1
|
|cant|p1a: Magmar|recharge
|move|p2a: Chansey|Soft-Boiled|p2a: Chansey
|-heal|p2a: Chansey|428\/557
|
|turn|35
|choice|move 2|move 3
|
|move|p1a: Magmar|Confuse Ray|p2a: Chansey
|-start|p2a: Chansey|confusion
|-activate|p2a: Chansey|confusion
|move|p2a: Chansey|Thunder Wave|p1a: Magmar
|-status|p1a: Magmar|par
|
|turn|36
|choice|move 4|switch 4
|
|switch|p2a: Dewgong|Dewgong, L85|121\/327 slp
|move|p1a: Magmar|Mimic|p2a: Dewgong
|-start|p1a: Magmar|Mimic|Mimic
|
|turn|37
|choice|move 1|move 2
|
|cant|p2a: Dewgong|slp
|move|p1a: Magmar|Hyper Beam|p2a: Dewgong
|-damage|p2a: Dewgong|0 fnt
|faint|p2a: Dewgong
|choice||switch 3
|
|switch|p2a: Muk|Muk, L90|90\/372
|turn|38
|choice|move 1|move 1
|
|move|p2a: Muk|Explosion|p1a: Magmar
|-damage|p1a: Magmar|0 fnt
|faint|p1a: Magmar
|faint|p2a: Muk
|choice|switch 3|switch 4
|
|switch|p1a: Alakazam|Alakazam, L79|249\/249
|switch|p2a: Chansey|Chansey, L79|428\/557
|turn|39
|choice|move 4|move 3
|
|move|p1a: Alakazam|Thunder Wave|p2a: Chansey
|-status|p2a: Chansey|par
|move|p2a: Chansey|Thunder Wave|p1a: Alakazam
|-status|p1a: Alakazam|par
|
|turn|40
|choice|move 1|move 4
|
|move|p1a: Alakazam|Psychic|p2a: Chansey
|-crit|p2a: Chansey
|-damage|p2a: Chansey|234\/557 par
|move|p2a: Chansey|Reflect|p2a: Chansey
|-start|p2a: Chansey|Reflect
|
|turn|41
|choice|move 1|move 1
|
|move|p1a: Alakazam|Psychic|p2a: Chansey
|-damage|p2a: Chansey|131\/557 par
|move|p2a: Chansey|Soft-Boiled|p2a: Chansey
|-heal|p2a: Chansey|409\/557 par
|
|turn|42
|choice|move 1|move 2
|
|move|p1a: Alakazam|Psychic|p2a: Chansey
|-damage|p2a: Chansey|317\/557 par
|move|p2a: Chansey|Thunderbolt|p1a: Alakazam
|-damage|p1a: Alakazam|200\/249 par
|
|turn|43
|choice|move 1|move 2
|
|move|p1a: Alakazam|Psychic|p2a: Chansey
|-crit|p2a: Chansey
|-damage|p2a: Chansey|107\/557 par
|cant|p2a: Chansey|par
|
|turn|44
|choice|move 1|move 1
|
|cant|p1a: Alakazam|par
|cant|p2a: Chansey|par
|
|turn|45
|choice|move 1|move 1
|
|cant|p1a: Alakazam|par
|move|p2a: Chansey|Soft-Boiled|p2a: Chansey
|-heal|p2a: Chansey|385\/557 par
|
|turn|46
|choice|move 1|move 2
|
|move|p1a: Alakazam|Psychic|p2a: Chansey
|-damage|p2a: Chansey|284\/557 par
|move|p2a: Chansey|Thunderbolt|p1a: Alakazam
|-damage|p1a: Alakazam|150\/249 par
|
|turn|47
|choice|move 1|move 2
|
|cant|p1a: Alakazam|par
|move|p2a: Chansey|Thunderbolt|p1a: Alakazam
|-damage|p1a: Alakazam|96\/249 par
|
|turn|48
|choice|move 1|move 1
|
|move|p1a: Alakazam|Psychic|p2a: Chansey
|-damage|p2a: Chansey|186\/557 par
|move|p2a: Chansey|Soft-Boiled|p2a: Chansey
|-heal|p2a: Chansey|464\/557 par
|
|turn|49
|choice|move 1|move 3
|
|cant|p1a: Alakazam|par
|cant|p2a: Chansey|par
|
|turn|50
|choice|move 1|move 2
|
|move|p1a: Alakazam|Psychic|p2a: Chansey
|-damage|p2a: Chansey|365\/557 par
|move|p2a: Chansey|Thunderbolt|p1a: Alakazam
|-crit|p1a: Alakazam
|-damage|p1a: Alakazam|1\/249 par
|
|turn|51
|choice|move 1|move 2
|
|move|p1a: Alakazam|Psychic|p2a: Chansey
|-damage|p2a: Chansey|260\/557 par
|move|p2a: Chansey|Thunderbolt|p1a: Alakazam
|-damage|p1a: Alakazam|0 fnt
|faint|p1a: Alakazam
|
|win|FluxxedGames
|c|★Frogmite|gg
|l|Kel9901
|c|★FluxxedGames|gg
|l|farmertome
|l|FluxxedGames
|player|p2