|j|Judo
|j|Doyt
|player|p1|Judo|70
|player|p2|Doyt|101
|gametype|singles
|gen|1
|tier|[Gen 1] Random Battle
|seed|
|rule|Sleep Clause Mod: Limit one foe put to sleep
|rule|Freeze Clause Mod: Limit one foe frozen
|rule|HP Percentage Mod: HP is shown in percentages
|
|start
|switch|p1a: Mankey|Mankey, L96|100\/100
|switch|p2a: Voltorb|Voltorb, L96|100\/100
|turn|1
|c|★Judo|:D
|c|★Judo|hello!
|c|★Judo|how are you
|c|★Doyt|Hi
|c|★Doyt|Not too bad
|c|★Doyt|Yourself?
|choice||
|
|move|p2a: Voltorb|Thunderbolt|p1a: Mankey
|-damage|p1a: Mankey|49\/100
|move|p1a: Mankey|Body Slam|p2a: Voltorb
|-damage|p2a: Voltorb|70\/100
|
|turn|2
|choice||
|
|switch|p1a: Mr. Mime|Mr. Mime, L85|100\/100
|move|p2a: Voltorb|Thunderbolt|p1a: Mr. Mime
|-damage|p1a: Mr. Mime|67\/100
|
|turn|3
|choice||
|
|switch|p2a: Mew|Mew, L74|100\/100
|move|p1a: Mr. Mime|Thunder Wave|p2a: Mew
|-status|p2a: Mew|par
|
|turn|4
|c|★Judo|im good ^_^ playing final fantasy
|c|★Judo|i like this account better
|c|★Doyt|No, you are playing showdown :P
|c|★Doyt|I got it for our battles against Janomi
|choice||
|
|move|p1a: Mr. Mime|Thunderbolt|p2a: Mew
|-damage|p2a: Mew|76\/100 par
|move|p2a: Mew|Blizzard|p1a: Mr. Mime
|-damage|p1a: Mr. Mime|41\/100
|
|turn|5
|choice||
|
|switch|p1a: Charmeleon|Charmeleon, L85|100\/100
|cant|p2a: Mew|par
|
|turn|6
|c|★Judo|aww yay that will be fun
|choice||
|
|move|p1a: Charmeleon|Slash|p2a: Mew
|-crit|p2a: Mew
|-damage|p2a: Mew|48\/100 par
|move|p2a: Mew|Psychic|p1a: Charmeleon
|-damage|p1a: Charmeleon|68\/100
|-unboost|p1a: Charmeleon|spd|1
|-unboost|p1a: Charmeleon|spa|1
|
|turn|7
|c|★Doyt|Although shouldn't it have been Jaomi?
|c|★Judo|charmeleon suck so bad
|c|★Doyt|Janomi isn't a complete mashup
|choice||
|
|move|p1a: Charmeleon|Slash|p2a: Mew
|-crit|p2a: Mew
|-damage|p2a: Mew|22\/100 par
|cant|p2a: Mew|par
|
|turn|8
|c|★Judo|it was... but it didnt sound as good
|c|★Judo|and as naomi typed it wrong...
|choice||
|
|move|p1a: Charmeleon|Body Slam|p2a: Mew
|-crit|p2a: Mew
|-damage|p2a: Mew|0 fnt
|faint|p2a: Mew
|choice||
|
|switch|p2a: Psyduck|Psyduck, L96|100\/100
|turn|9
|c|★Judo|i said jaomi OG
|choice||
|
|switch|p1a: Seaking|Seaking, L90|100\/100
|move|p2a: Psyduck|Surf|p1a: Seaking
|-crit|p1a: Seaking
|-resisted|p1a: Seaking
|-damage|p1a: Seaking|73\/100
|
|turn|10
|choice||
|
|move|p1a: Seaking|Double-Edge|p2a: Psyduck
|-damage|p2a: Psyduck|67\/100
|-damage|p1a: Seaking|66\/100|[from] recoil|[of] p2a: Psyduck
|move|p2a: Psyduck|Amnesia|p2a: Psyduck
|-boost|p2a: Psyduck|spd|2
|-boost|p2a: Psyduck|spa|2
|
|turn|11
|choice||
|
|move|p1a: Seaking|Double-Edge|p2a: Psyduck
|-damage|p2a: Psyduck|31\/100
|-damage|p1a: Seaking|58\/100|[from] recoil|[of] p2a: Psyduck
|move|p2a: Psyduck|Amnesia|p2a: Psyduck
|-boost|p2a: Psyduck|spd|2
|-boost|p2a: Psyduck|spa|2
|
|turn|12
|choice||
|
|move|p1a: Seaking|Hyper Beam|p2a: Psyduck
|-damage|p2a: Psyduck|0 fnt
|faint|p2a: Psyduck
|choice||
|
|switch|p2a: Voltorb|Voltorb, L96|70\/100
|turn|13
|choice||
|
|switch|p1a: Mankey|Mankey, L96|49\/100
|move|p2a: Voltorb|Thunderbolt|p1a: Mankey
|-damage|p1a: Mankey|0 fnt
|faint|p1a: Mankey
|choice||
|
|switch|p1a: Pidgeot|Pidgeot, L90|100\/100
|turn|14
|choice||
|
|switch|p1a: Charmeleon|Charmeleon, L85|68\/100
|move|p2a: Voltorb|Thunderbolt|p1a: Charmeleon
|-damage|p1a: Charmeleon|25\/100
|
|turn|15
|c|★Doyt|What a great play :P
|choice||
|
|move|p2a: Voltorb|Thunderbolt|p1a: Charmeleon
|-crit|p1a: Charmeleon
|-damage|p1a: Charmeleon|0 fnt
|faint|p1a: Charmeleon
|choice||
|
|switch|p1a: Persian|Persian, L79|100\/100
|turn|16
|c|★Judo|i know wrong one XD
|choice||
|
|switch|p2a: Hitmonchan|Hitmonchan, L90|100\/100
|move|p1a: Persian|Body Slam|p2a: Hitmonchan
|-damage|p2a: Hitmonchan|74\/100
|
|turn|17
|choice||
|
|switch|p1a: Mr. Mime|Mr. Mime, L85|41\/100
|move|p2a: Hitmonchan|Submission|p1a: Mr. Mime
|-crit|p1a: Mr. Mime
|-resisted|p1a: Mr. Mime
|-damage|p1a: Mr. Mime|0 fnt
|-damage|p2a: Hitmonchan|66\/100|[from] recoil|[of] p1a: Mr. Mime
|faint|p1a: Mr. Mime
|choice||
|
|switch|p1a: Pidgeot|Pidgeot, L90|100\/100
|turn|18
|choice||
|
|switch|p2a: Dragonite|Dragonite, L85|100\/100
|move|p1a: Pidgeot|Double-Edge|p2a: Dragonite
|-damage|p2a: Dragonite|71\/100
|-damage|p1a: Pidgeot|93\/100|[from] recoil|[of] p2a: Dragonite
|
|turn|19
|choice||
|
|move|p1a: Pidgeot|Mimic|p2a: Dragonite
|-start|p1a: Pidgeot|Mimic|Thunder
|move|p2a: Dragonite|Thunder Wave|p1a: Pidgeot
|-status|p1a: Pidgeot|par
|
|turn|20
|choice||
|
|switch|p1a: Seaking|Seaking, L90|58\/100
|move|p2a: Dragonite|Thunder|p1a: Seaking|[miss]
|-miss|p2a: Dragonite
|
|turn|21
|choice||
|
|move|p2a: Dragonite|Thunder|p1a: Seaking|[miss]
|-miss|p2a: Dragonite
|move|p1a: Seaking|Blizzard|p2a: Dragonite
|-supereffective|p2a: Dragonite
|-damage|p2a: Dragonite|0 fnt
|faint|p2a: Dragonite
|choice||
|
|switch|p2a: Voltorb|Voltorb, L96|70\/100
|turn|22
|choice||
|
|move|p2a: Voltorb|Thunderbolt|p1a: Seaking
|-supereffective|p1a: Seaking
|-damage|p1a: Seaking|4\/100
|move|p1a: Seaking|Surf|p2a: Voltorb
|-damage|p2a: Voltorb|27\/100
|
|turn|23
|choice||
|
|switch|p1a: Persian|Persian, L79|100\/100
|move|p2a: Voltorb|Thunderbolt|p1a: Persian
|-damage|p1a: Persian|55\/100
|
|turn|24
|choice||
|
|switch|p2a: Raticate|Raticate, L85|100\/100
|move|p1a: Persian|Body Slam|p2a: Raticate
|-damage|p2a: Raticate|72\/100
|
|turn|25
|choice||
|
|move|p1a: Persian|Thunderbolt|p2a: Raticate
|-damage|p2a: Raticate|50\/100
|move|p2a: Raticate|Body Slam|p1a: Persian
|-damage|p1a: Persian|16\/100
|
|turn|26
|choice||
|
|move|p1a: Persian|Slash|p2a: Raticate
|-crit|p2a: Raticate
|-damage|p2a: Raticate|0 fnt
|faint|p2a: Raticate
|choice||
|
|switch|p2a: Voltorb|Voltorb, L96|27\/100
|turn|27
|choice||
|
|move|p2a: Voltorb|Thunderbolt|p1a: Persian
|-damage|p1a: Persian|0 fnt
|faint|p1a: Persian
|choice||
|
|switch|p1a: Pidgeot|Pidgeot, L90|93\/100 par
|turn|28
|c|★Doyt|voltorb op
|c|★Judo|really is :O
|choice||
|
|move|p2a: Voltorb|Thunderbolt|p1a: Pidgeot
|-supereffective|p1a: Pidgeot
|-damage|p1a: Pidgeot|37\/100 par
|cant|p1a: Pidgeot|par
|
|turn|29
|c|★Judo|k
|choice||
|
|move|p2a: Voltorb|Thunderbolt|p1a: Pidgeot
|-supereffective|p1a: Pidgeot
|-damage|p1a: Pidgeot|0 fnt
|faint|p1a: Pidgeot
|choice||
|
|switch|p1a: Seaking|Seaking, L90|4\/100
|turn|30
|c|★Doyt|gg
|choice||
|
|move|p2a: Voltorb|Explosion|p1a: Seaking
|-damage|p1a: Seaking|0 fnt
|faint|p1a: Seaking
|faint|p2a: Voltorb
|
|win|Doyt
|player|p1
|player|p2
|c|★Judo|always gg :D