|j|GGC
|j|Agarest
|player|p1|GGC|209
|player|p2|Agarest|209
|gametype|singles
|gen|1
|tier|[Gen 1] OU
|rated
|seed|
|rule|Sleep Clause Mod: Limit one foe put to sleep
|rule|Freeze Clause Mod: Limit one foe frozen
|rule|Species Clause: Limit one of each Pokémon
|rule|OHKO Clause: OHKO moves are banned
|rule|Evasion Moves Clause: Evasion moves are banned
|rule|HP Percentage Mod: HP is shown in percentages
|
|start
|switch|p1a: Jynx|Jynx|100\/100
|switch|p2a: Gengar|Gengar|100\/100
|turn|1
|choice||
|
|switch|p1a: Starmie|Starmie|100\/100
|move|p2a: Gengar|Hypnosis|p1a: Starmie|[miss]
|-miss|p2a: Gengar
|
|turn|2
|choice||
|
|switch|p2a: Chansey|Chansey|100\/100
|move|p1a: Starmie|Blizzard|p2a: Chansey
|-damage|p2a: Chansey|88\/100
|
|turn|3
|choice||
|
|switch|p1a: Chansey|Chansey|100\/100
|move|p2a: Chansey|Thunder Wave|p1a: Chansey
|-status|p1a: Chansey|par
|
|turn|4
|choice||
|
|switch|p1a: Jynx|Jynx|100\/100
|move|p2a: Chansey|Seismic Toss|p1a: Jynx
|-damage|p1a: Jynx|70\/100
|
|turn|5
|choice||
|
|switch|p2a: Gengar|Gengar|100\/100
|move|p1a: Jynx|Lovely Kiss|p2a: Gengar|[miss]
|-miss|p1a: Jynx
|
|turn|6
|choice||
|
|switch|p1a: Starmie|Starmie|100\/100
|move|p2a: Gengar|Hypnosis|p1a: Starmie
|-status|p1a: Starmie|slp
|
|turn|7
|choice||
|
|switch|p1a: Alakazam|Alakazam|100\/100
|move|p2a: Gengar|Night Shade|p1a: Alakazam
|-damage|p1a: Alakazam|69\/100
|
|turn|8
|choice||
|
|switch|p2a: Chansey|Chansey|88\/100
|move|p1a: Alakazam|Reflect|p1a: Alakazam
|-start|p1a: Alakazam|Reflect
|
|turn|9
|choice||
|
|switch|p1a: Chansey|Chansey|100\/100 par
|move|p2a: Chansey|Seismic Toss|p1a: Chansey
|-damage|p1a: Chansey|86\/100 par
|
|turn|10
|choice||
|
|move|p2a: Chansey|Seismic Toss|p1a: Chansey
|-damage|p1a: Chansey|72\/100 par
|move|p1a: Chansey|Ice Beam|p2a: Chansey
|-damage|p2a: Chansey|78\/100
|
|turn|11
|choice||
|
|move|p2a: Chansey|Seismic Toss|p1a: Chansey
|-damage|p1a: Chansey|58\/100 par
|cant|p1a: Chansey|par
|
|turn|12
|choice||
|
|switch|p2a: Slowbro|Slowbro|100\/100
|move|p1a: Chansey|Soft-Boiled|p1a: Chansey
|-heal|p1a: Chansey|100\/100 par
|
|turn|13
|choice||
|
|switch|p1a: Jynx|Jynx|70\/100
|move|p2a: Slowbro|Amnesia|p2a: Slowbro
|-boost|p2a: Slowbro|spd|2
|-boost|p2a: Slowbro|spa|2
|
|turn|14
|choice||
|
|switch|p2a: Gengar|Gengar|100\/100
|move|p1a: Jynx|Lovely Kiss|p2a: Gengar
|-status|p2a: Gengar|slp
|
|turn|15
|choice||
|
|switch|p2a: Chansey|Chansey|78\/100
|move|p1a: Jynx|Blizzard|p2a: Chansey
|-damage|p2a: Chansey|60\/100
|
|turn|16
|choice||
|
|switch|p1a: Chansey|Chansey|100\/100 par
|move|p2a: Chansey|Thunder Wave|p1a: Chansey
|-fail|p1a: Chansey|par
|
|turn|17
|choice||
|
|move|p2a: Chansey|Soft-Boiled|p2a: Chansey
|-heal|p2a: Chansey|100\/100
|cant|p1a: Chansey|par
|
|turn|18
|choice||
|
|switch|p2a: Slowbro|Slowbro|100\/100
|move|p1a: Chansey|Ice Beam|p2a: Slowbro
|-resisted|p2a: Slowbro
|-damage|p2a: Slowbro|89\/100
|
|turn|19
|choice||
|
|move|p2a: Slowbro|Amnesia|p2a: Slowbro
|-boost|p2a: Slowbro|spd|2
|-boost|p2a: Slowbro|spa|2
|move|p1a: Chansey|Light Screen|p1a: Chansey
|-start|p1a: Chansey|Light Screen
|
|turn|20
|choice||
|
|move|p2a: Slowbro|Amnesia|p2a: Slowbro
|-boost|p2a: Slowbro|spd|2
|-boost|p2a: Slowbro|spa|2
|move|p1a: Chansey|Ice Beam|p2a: Slowbro
|-resisted|p2a: Slowbro
|-damage|p2a: Slowbro|85\/100
|
|turn|21
|choice||
|
|move|p2a: Slowbro|Psychic|p1a: Chansey
|-damage|p1a: Chansey|81\/100 par
|cant|p1a: Chansey|par
|
|turn|22
|choice||
|
|move|p2a: Slowbro|Psychic|p1a: Chansey
|-damage|p1a: Chansey|62\/100 par
|move|p1a: Chansey|Ice Beam|p2a: Slowbro
|-resisted|p2a: Slowbro
|-damage|p2a: Slowbro|81\/100
|
|turn|23
|choice||
|
|move|p2a: Slowbro|Psychic|p1a: Chansey
|-damage|p1a: Chansey|42\/100 par
|-unboost|p1a: Chansey|spd|1
|-unboost|p1a: Chansey|spa|1
|move|p1a: Chansey|Soft-Boiled|p1a: Chansey
|-heal|p1a: Chansey|92\/100 par
|
|turn|24
|choice||
|
|move|p2a: Slowbro|Psychic|p1a: Chansey
|-damage|p1a: Chansey|65\/100 par
|move|p1a: Chansey|Ice Beam|p2a: Slowbro
|-resisted|p2a: Slowbro
|-damage|p2a: Slowbro|79\/100
|
|turn|25
|choice||
|
|move|p2a: Slowbro|Psychic|p1a: Chansey
|-damage|p1a: Chansey|37\/100 par
|move|p1a: Chansey|Soft-Boiled|p1a: Chansey
|-heal|p1a: Chansey|87\/100 par
|
|turn|26
|choice||
|
|move|p2a: Slowbro|Psychic|p1a: Chansey
|-damage|p1a: Chansey|57\/100 par
|move|p1a: Chansey|Ice Beam|p2a: Slowbro
|-resisted|p2a: Slowbro
|-damage|p2a: Slowbro|76\/100
|
|turn|27
|choice||
|
|move|p2a: Slowbro|Psychic|p1a: Chansey
|-damage|p1a: Chansey|27\/100 par
|cant|p1a: Chansey|par
|
|turn|28
|choice||
|
|move|p2a: Slowbro|Psychic|p1a: Chansey
|-damage|p1a: Chansey|0 fnt
|faint|p1a: Chansey
|choice||
|
|switch|p1a: Snorlax|Snorlax|100\/100
|turn|29
|choice||
|
|switch|p2a: Gengar|Gengar|100\/100 slp
|move|p1a: Snorlax|Body Slam|p2a: Gengar
|-immune|p2a: Gengar|[msg]
|
|turn|30
|choice||
|
|switch|p2a: Exeggutor|Exeggutor|100\/100
|move|p1a: Snorlax|Earthquake|p2a: Exeggutor
|-resisted|p2a: Exeggutor
|-damage|p2a: Exeggutor|90\/100
|
|turn|31
|choice||
|
|switch|p1a: Jynx|Jynx|70\/100
|move|p2a: Exeggutor|Psychic|p1a: Jynx
|-resisted|p1a: Jynx
|-damage|p1a: Jynx|50\/100
|
|turn|32
|choice||
|
|switch|p2a: Chansey|Chansey|100\/100
|move|p1a: Jynx|Blizzard|p2a: Chansey
|-damage|p2a: Chansey|83\/100
|-status|p2a: Chansey|frz
|
|turn|33
|choice||
|
|switch|p1a: Alakazam|Alakazam|69\/100
|switch|p2a: Slowbro|Slowbro|76\/100
|
|turn|34
|choice||
|
|move|p1a: Alakazam|Thunder Wave|p2a: Slowbro
|-status|p2a: Slowbro|par
|move|p2a: Slowbro|Thunder Wave|p1a: Alakazam
|-status|p1a: Alakazam|par
|
|turn|35
|choice||
|
|switch|p1a: Snorlax|Snorlax|100\/100
|cant|p2a: Slowbro|par
|
|turn|36
|choice||
|
|move|p1a: Snorlax|Earthquake|p2a: Slowbro
|-damage|p2a: Slowbro|57\/100 par
|cant|p2a: Slowbro|par
|
|turn|37
|choice||
|
|switch|p2a: Gengar|Gengar|100\/100 slp
|move|p1a: Snorlax|Self-Destruct|p2a: Gengar
|-immune|p2a: Gengar|[msg]
|faint|p1a: Snorlax
|choice||
|
|switch|p1a: Tauros|Tauros|100\/100
|turn|38
|choice||
|
|switch|p2a: Exeggutor|Exeggutor|90\/100
|move|p1a: Tauros|Blizzard|p2a: Exeggutor|[miss]
|-miss|p1a: Tauros
|
|turn|39
|choice||
|
|switch|p1a: Jynx|Jynx|50\/100
|move|p2a: Exeggutor|Psychic|p1a: Jynx
|-resisted|p1a: Jynx
|-damage|p1a: Jynx|32\/100
|-unboost|p1a: Jynx|spd|1
|-unboost|p1a: Jynx|spa|1
|
|turn|40
|choice||
|
|switch|p2a: Slowbro|Slowbro|57\/100 par
|move|p1a: Jynx|Blizzard|p2a: Slowbro
|-resisted|p2a: Slowbro
|-damage|p2a: Slowbro|45\/100 par
|
|turn|41
|choice||
|
|switch|p1a: Tauros|Tauros|100\/100
|cant|p2a: Slowbro|par
|
|turn|42
|choice||
|
|move|p1a: Tauros|Body Slam|p2a: Slowbro
|-damage|p2a: Slowbro|19\/100 par
|move|p2a: Slowbro|Thunder Wave|p1a: Tauros
|-status|p1a: Tauros|par
|
|turn|43
|choice||
|
|switch|p2a: Exeggutor|Exeggutor|90\/100
|move|p1a: Tauros|Body Slam|p2a: Exeggutor
|-crit|p2a: Exeggutor
|-damage|p2a: Exeggutor|31\/100
|
|turn|44
|choice||
|
|switch|p1a: Starmie|Starmie|100\/100 slp
|move|p2a: Exeggutor|Psychic|p1a: Starmie
|-resisted|p1a: Starmie
|-damage|p1a: Starmie|82\/100 slp
|
|turn|45
|choice||
|
|cant|p1a: Starmie|slp
|move|p2a: Exeggutor|Explosion|p1a: Starmie
|-damage|p1a: Starmie|0 fnt
|faint|p1a: Starmie
|faint|p2a: Exeggutor
|choice||
|
|switch|p1a: Tauros|Tauros|100\/100 par
|switch|p2a: Tauros|Tauros|100\/100
|turn|46
|choice||
|
|move|p2a: Tauros|Body Slam|p1a: Tauros
|-crit|p1a: Tauros
|-damage|p1a: Tauros|44\/100 par
|move|p1a: Tauros|Body Slam|p2a: Tauros
|-damage|p2a: Tauros|73\/100
|
|turn|47
|choice||
|
|move|p2a: Tauros|Hyper Beam|p1a: Tauros
|-crit|p1a: Tauros
|-damage|p1a: Tauros|0 fnt
|faint|p1a: Tauros
|choice||
|
|switch|p1a: Alakazam|Alakazam|69\/100 par
|turn|48
|choice||
|
|move|p2a: Tauros|Hyper Beam|p1a: Alakazam|[miss]
|-miss|p2a: Tauros
|move|p1a: Alakazam|Thunder Wave|p2a: Tauros
|-status|p2a: Tauros|par
|
|turn|49
|choice||
|
|switch|p2a: Slowbro|Slowbro|19\/100 par
|move|p1a: Alakazam|Reflect|p1a: Alakazam
|-start|p1a: Alakazam|Reflect
|
|turn|50
|choice||
|
|move|p1a: Alakazam|Psychic|p2a: Slowbro
|-crit|p2a: Slowbro
|-resisted|p2a: Slowbro
|-damage|p2a: Slowbro|0 fnt
|faint|p2a: Slowbro
|choice||
|
|switch|p2a: Tauros|Tauros|73\/100 par
|turn|51
|choice||
|
|move|p1a: Alakazam|Psychic|p2a: Tauros
|-damage|p2a: Tauros|25\/100 par
|move|p2a: Tauros|Body Slam|p1a: Alakazam
|-damage|p1a: Alakazam|44\/100 par
|
|turn|52
|choice||
|
|move|p1a: Alakazam|Psychic|p2a: Tauros
|-damage|p2a: Tauros|0 fnt
|faint|p2a: Tauros
|choice||
|
|switch|p2a: Rhydon|Rhydon|100\/100
|turn|53
|choice||
|
|move|p2a: Rhydon|Earthquake|p1a: Alakazam
|-damage|p1a: Alakazam|9\/100 par
|move|p1a: Alakazam|Recover|p1a: Alakazam
|-heal|p1a: Alakazam|59\/100 par
|
|turn|54
|choice||
|
|move|p2a: Rhydon|Earthquake|p1a: Alakazam
|-damage|p1a: Alakazam|23\/100 par
|move|p1a: Alakazam|Recover|p1a: Alakazam
|-heal|p1a: Alakazam|73\/100 par
|
|turn|55
|choice||
|
|move|p2a: Rhydon|Earthquake|p1a: Alakazam
|-damage|p1a: Alakazam|38\/100 par
|move|p1a: Alakazam|Psychic|p2a: Rhydon
|-damage|p2a: Rhydon|48\/100
|-unboost|p2a: Rhydon|spd|1
|-unboost|p2a: Rhydon|spa|1
|
|turn|56
|choice||
|
|move|p2a: Rhydon|Earthquake|p1a: Alakazam
|-damage|p1a: Alakazam|0 fnt
|faint|p1a: Alakazam
|choice||
|
|switch|p1a: Jynx|Jynx|32\/100
|turn|57
|choice||
|
|switch|p2a: Chansey|Chansey|83\/100 frz
|move|p1a: Jynx|Blizzard|p2a: Chansey|[miss]
|-miss|p1a: Jynx
|
|turn|58
|choice||
|
|move|p1a: Jynx|Psychic|p2a: Chansey
|-crit|p2a: Chansey
|-damage|p2a: Chansey|56\/100 frz
|-unboost|p2a: Chansey|spd|1
|-unboost|p2a: Chansey|spa|1
|cant|p2a: Chansey|frz
|
|turn|59
|choice||
|
|move|p1a: Jynx|Psychic|p2a: Chansey
|-damage|p2a: Chansey|35\/100 frz
|cant|p2a: Chansey|frz
|
|turn|60
|choice||
|
|move|p1a: Jynx|Psychic|p2a: Chansey
|-damage|p2a: Chansey|12\/100 frz
|-unboost|p2a: Chansey|spd|1
|-unboost|p2a: Chansey|spa|1
|cant|p2a: Chansey|frz
|
|turn|61
|choice||
|
|move|p1a: Jynx|Psychic|p2a: Chansey
|-damage|p2a: Chansey|0 fnt
|faint|p2a: Chansey
|choice||
|
|switch|p2a: Rhydon|Rhydon|48\/100
|turn|62
|choice||
|
|move|p1a: Jynx|Blizzard|p2a: Rhydon
|-supereffective|p2a: Rhydon
|-damage|p2a: Rhydon|0 fnt
|faint|p2a: Rhydon
|choice||
|
|switch|p2a: Gengar|Gengar|100\/100 slp
|turn|63
|choice||
|
|-curestatus|p2a: Gengar|slp
|move|p1a: Jynx|Psychic|p2a: Gengar
|-supereffective|p2a: Gengar
|-damage|p2a: Gengar|50\/100
|
|turn|64
|c|★GGC|nah
|c|★GGC|I'm not giving you the satisfaction of the win
|-message|GGC forfeited.
|
|win|Agarest
|player|p1
|player|p2
|l|GGC
|raw|GGC's rating: 1491 &rarr; <strong>1461<\/strong><br \/>(-30 for losing)
|raw|Agarest's rating: 1312 &rarr; <strong>1341<\/strong><br \/>(+29 for winning)
|c|★Agarest|haha
|c|★Agarest|but you know: "Agarest won the battle!" ;)