|join|JCuna
|join|endy
|player|p1|JCuna|101
|player|p2|endy|273
|gametype|singles
|gen|1
|tier|[Gen 1] Random Battle
|rated
|rule|Sleep Clause Mod: Limit one foe put to sleep
|rule|Freeze Clause Mod: Limit one foe frozen
|rule|HP Percentage Mod: HP is shown in percentages
|
|start
|switch|p1a: Tangela|Tangela, L86|287\/287
|switch|p2a: Venusaur|Venusaur, L86|313\/313
|turn|1
|c|★endy|gl hf
|
|move|p2a: Venusaur|Swords Dance|p2a: Venusaur
|-boost|p2a: Venusaur|atk|2
|move|p1a: Tangela|Stun Spore|p2a: Venusaur|[miss]
|-miss|p1a: Tangela
|
|turn|2
|
|move|p2a: Venusaur|Body Slam|p1a: Tangela
|-damage|p1a: Tangela|202\/287
|-status|p1a: Tangela|par
|move|p1a: Tangela|Stun Spore|p2a: Venusaur
|-status|p2a: Venusaur|par
|
|turn|3
|
|cant|p2a: Venusaur|par
|cant|p1a: Tangela|par
|
|turn|4
|
|move|p2a: Venusaur|Body Slam|p1a: Tangela
|-damage|p1a: Tangela|103\/287 par
|move|p1a: Tangela|Bind|p2a: Venusaur|[miss]
|-miss|p1a: Tangela
|
|turn|5
|
|switch|p1a: Rhydon|Rhydon, L82|340\/340
|move|p2a: Venusaur|Body Slam|p1a: Rhydon
|-resisted|p1a: Rhydon
|-damage|p1a: Rhydon|292\/340
|
|turn|6
|
|switch|p1a: Articuno|Articuno, L86|330\/330
|move|p2a: Venusaur|Razor Leaf|p1a: Articuno
|-crit|p1a: Articuno
|-resisted|p1a: Articuno
|-damage|p1a: Articuno|280\/330
|
|turn|7
|
|move|p1a: Articuno|Mimic|p2a: Venusaur
|-start|p1a: Articuno|Mimic|Body Slam
|move|p2a: Venusaur|Body Slam|p1a: Articuno
|-damage|p1a: Articuno|178\/330
|-status|p1a: Articuno|par
|
|turn|8
|
|cant|p1a: Articuno|par
|cant|p2a: Venusaur|par
|
|turn|9
|
|move|p1a: Articuno|Rest|p1a: Articuno
|-status|p1a: Articuno|slp
|-heal|p1a: Articuno|330\/330 slp|[silent]
|-status|p1a: Articuno|slp|[from] move: Rest
|cant|p2a: Venusaur|par
|
|turn|10
|
|cant|p1a: Articuno|slp
|move|p2a: Venusaur|Body Slam|p1a: Articuno
|-damage|p1a: Articuno|225\/330 slp
|
|turn|11
|
|cant|p1a: Articuno|slp
|-curestatus|p1a: Articuno|slp
|move|p2a: Venusaur|Body Slam|p1a: Articuno
|-damage|p1a: Articuno|119\/330
|-status|p1a: Articuno|par
|
|turn|12
|
|move|p1a: Articuno|Blizzard|p2a: Venusaur
|-supereffective|p2a: Venusaur
|-damage|p2a: Venusaur|28\/313 par
|move|p2a: Venusaur|Body Slam|p1a: Articuno
|-damage|p1a: Articuno|10\/330 par
|
|turn|13
|
|move|p1a: Articuno|Rest|p1a: Articuno
|-status|p1a: Articuno|slp
|-heal|p1a: Articuno|330\/330 slp|[silent]
|-status|p1a: Articuno|slp|[from] move: Rest
|move|p2a: Venusaur|Body Slam|p1a: Articuno
|-damage|p1a: Articuno|225\/330 slp
|
|turn|14
|
|cant|p1a: Articuno|slp
|move|p2a: Venusaur|Body Slam|p1a: Articuno
|-crit|p1a: Articuno
|-damage|p1a: Articuno|134\/330 slp
|
|turn|15
|
|cant|p1a: Articuno|slp
|-curestatus|p1a: Articuno|slp
|cant|p2a: Venusaur|par
|
|turn|16
|
|move|p1a: Articuno|Body Slam|p2a: Venusaur
|-crit|p2a: Venusaur
|-damage|p2a: Venusaur|0 fnt
|faint|p2a: Venusaur
|
|switch|p2a: Electabuzz|Electabuzz, L86|287\/287
|turn|17
|
|switch|p1a: Rhydon|Rhydon, L82|292\/340
|move|p2a: Electabuzz|Seismic Toss|p1a: Rhydon
|-damage|p1a: Rhydon|206\/340
|
|turn|18
|
|move|p2a: Electabuzz|Psychic|p1a: Rhydon
|-damage|p1a: Rhydon|120\/340
|move|p1a: Rhydon|Rock Slide|p2a: Electabuzz
|-crit|p2a: Electabuzz
|-damage|p2a: Electabuzz|69\/287
|
|turn|19
|
|switch|p2a: Mr. Mime|Mr. Mime, L86|244\/244
|move|p1a: Rhydon|Earthquake|p2a: Mr. Mime
|-crit|p2a: Mr. Mime
|-damage|p2a: Mr. Mime|0 fnt
|faint|p2a: Mr. Mime
|
|switch|p2a: Golem|Golem, L82|299\/299
|turn|20
|
|move|p2a: Golem|Earthquake|p1a: Rhydon
|-supereffective|p1a: Rhydon
|-damage|p1a: Rhydon|0 fnt
|faint|p1a: Rhydon
|
|switch|p1a: Articuno|Articuno, L86|134\/330
|turn|21
|
|move|p1a: Articuno|Ice Beam|p2a: Golem
|-supereffective|p2a: Golem
|-damage|p2a: Golem|0 fnt
|faint|p2a: Golem
|
|switch|p2a: Electabuzz|Electabuzz, L86|69\/287
|turn|22
|
|move|p2a: Electabuzz|Thunderbolt|p1a: Articuno
|-supereffective|p1a: Articuno
|-damage|p1a: Articuno|0 fnt
|faint|p1a: Articuno
|
|switch|p1a: Tangela|Tangela, L86|103\/287 par
|turn|23
|
|move|p2a: Electabuzz|Psychic|p1a: Tangela
|-damage|p1a: Tangela|48\/287 par
|move|p1a: Tangela|Body Slam|p2a: Electabuzz
|-damage|p2a: Electabuzz|14\/287
|
|turn|24
|
|move|p2a: Electabuzz|Psychic|p1a: Tangela
|-damage|p1a: Tangela|0 fnt
|faint|p1a: Tangela
|
|switch|p1a: Charmeleon|Charmeleon, L86|275\/275
|turn|25
|
|move|p2a: Electabuzz|Thunderbolt|p1a: Charmeleon
|-crit|p1a: Charmeleon
|-damage|p1a: Charmeleon|65\/275
|move|p1a: Charmeleon|Submission|p2a: Electabuzz
|-damage|p2a: Electabuzz|0 fnt
|-damage|p1a: Charmeleon|62\/275|[from] recoil|[of] p2a: Electabuzz
|faint|p2a: Electabuzz
|
|switch|p2a: Flareon|Flareon, L86|287\/287
|turn|26
|
|move|p1a: Charmeleon|Flamethrower|p2a: Flareon
|-resisted|p2a: Flareon
|-damage|p2a: Flareon|254\/287
|move|p2a: Flareon|Hyper Beam|p1a: Charmeleon
|-damage|p1a: Charmeleon|0 fnt
|faint|p1a: Charmeleon
|
|switch|p1a: Gyarados|Gyarados, L86|339\/339
|turn|27
|
|move|p1a: Gyarados|Surf|p2a: Flareon
|-crit|p2a: Flareon
|-supereffective|p2a: Flareon
|-damage|p2a: Flareon|0 fnt
|faint|p2a: Flareon
|
|switch|p2a: Pidgeotto|Pidgeotto, L86|284\/284
|turn|28
|
|move|p1a: Gyarados|Thunderbolt|p2a: Pidgeotto
|-supereffective|p2a: Pidgeotto
|-damage|p2a: Pidgeotto|74\/284
|move|p2a: Pidgeotto|Reflect|p2a: Pidgeotto
|
|turn|29
|c|★endy|gg
|
|move|p1a: Gyarados|Blizzard|p2a: Pidgeotto
|-crit|p2a: Pidgeotto
|-supereffective|p2a: Pidgeotto
|-damage|p2a: Pidgeotto|0 fnt
|faint|p2a: Pidgeotto
|
|win|JCuna
|raw|Ladder updating...
|raw|JCuna's rating: 1037 &rarr; <strong>1075<\/strong><br \/>(+38 for winning)
|raw|endy's rating: 1075 &rarr; <strong>1051<\/strong><br \/>(-24 for losing)
|leave|endy