|j|Mandelbrot
|j|stbyop
|player|p1|Mandelbrot|101
|player|p2|stbyop|101
|gametype|singles
|gen|1
|tier|[Gen 1] OU
|rated
|seed|32376,25522,42311,35311
|rule|Sleep Clause Mod: Limit one foe put to sleep
|rule|Freeze Clause Mod: Limit one foe frozen
|rule|Species Clause: Limit one of each Pokémon
|rule|OHKO Clause: OHKO moves are banned
|rule|Evasion Moves Clause: Evasion moves are banned
|rule|HP Percentage Mod: HP is shown in percentages
|
|start
|switch|p1a: Steve|Exeggutor|393\/393
|switch|p2a: Alakazam|Alakazam|313\/313
|turn|1
|choice|move 1|switch 6
|
|switch|p2a: Victreebel|Victreebel|363\/363
|move|p1a: Steve|Sleep Powder|p2a: Victreebel
|-status|p2a: Victreebel|slp
|
|turn|2
|choice|move 3|move 1
|
|cant|p2a: Victreebel|slp
|move|p1a: Steve|Psychic|p2a: Victreebel
|-supereffective|p2a: Victreebel
|-damage|p2a: Victreebel|126\/363 slp
|-unboost|p2a: Victreebel|spd|1
|-unboost|p2a: Victreebel|spa|1
|
|turn|3
|choice|move 3|switch 4
|
|switch|p2a: Snorlax|Snorlax|523\/523
|move|p1a: Steve|Psychic|p2a: Snorlax
|-damage|p2a: Snorlax|368\/523
|-unboost|p2a: Snorlax|spd|1
|-unboost|p2a: Snorlax|spa|1
|
|turn|4
|choice|move 3|move 4
|
|move|p1a: Steve|Psychic|p2a: Snorlax
|-damage|p2a: Snorlax|107\/523
|-unboost|p2a: Snorlax|spd|1
|-unboost|p2a: Snorlax|spa|1
|move|p2a: Snorlax|Self-Destruct|p1a: Steve
|-damage|p1a: Steve|7\/393
|faint|p2a: Snorlax
|choice||switch 6
|
|switch|p2a: Alakazam|Alakazam|313\/313
|turn|5
|choice|move 4|move 1
|
|move|p2a: Alakazam|Psychic|p1a: Steve
|-crit|p1a: Steve
|-resisted|p1a: Steve
|-damage|p1a: Steve|0 fnt
|faint|p1a: Steve
|choice|switch 6|
|
|switch|p1a: James|Snorlax|523\/523
|turn|6
|choice|move 1|move 3
|
|move|p2a: Alakazam|Reflect|p2a: Alakazam
|-start|p2a: Alakazam|Reflect
|move|p1a: James|Amnesia|p1a: James
|-boost|p1a: James|spd|2
|-boost|p1a: James|spa|2
|
|turn|7
|choice|move 1|switch 4
|
|switch|p2a: Victreebel|Victreebel|126\/363 slp
|move|p1a: James|Amnesia|p1a: James
|-boost|p1a: James|spd|2
|-boost|p1a: James|spa|2
|
|turn|8
|choice|move 4|move 4
|
|cant|p2a: Victreebel|slp
|move|p1a: James|Ice Beam|p2a: Victreebel
|-supereffective|p2a: Victreebel
|-damage|p2a: Victreebel|0 fnt
|faint|p2a: Victreebel
|choice||switch 5
|
|switch|p2a: Poliwrath|Poliwrath|383\/383
|turn|9
|choice|move 2|move 1
|
|move|p2a: Poliwrath|Hypnosis|p1a: James|[miss]
|-miss|p2a: Poliwrath
|move|p1a: James|Reflect|p1a: James
|-start|p1a: James|Reflect
|
|turn|10
|choice|move 4|move 1
|
|move|p2a: Poliwrath|Hypnosis|p1a: James
|-status|p1a: James|slp
|-curestatus|p1a: James|slp
|
|turn|11
|choice|move 4|move 1
|
|move|p2a: Poliwrath|Hypnosis|p1a: James|[miss]
|-miss|p2a: Poliwrath
|move|p1a: James|Ice Beam|p2a: Poliwrath
|-resisted|p2a: Poliwrath
|-damage|p2a: Poliwrath|273\/383
|
|turn|12
|choice|move 4|move 1
|
|move|p2a: Poliwrath|Hypnosis|p1a: James|[miss]
|-miss|p2a: Poliwrath
|move|p1a: James|Ice Beam|p2a: Poliwrath
|-resisted|p2a: Poliwrath
|-damage|p2a: Poliwrath|168\/383
|
|turn|13
|choice|move 4|move 1
|
|move|p2a: Poliwrath|Hypnosis|p1a: James
|-status|p1a: James|slp
|cant|p1a: James|slp
|
|turn|14
|choice|move 4|move 2
|
|move|p2a: Poliwrath|Amnesia|p2a: Poliwrath
|-boost|p2a: Poliwrath|spd|2
|-boost|p2a: Poliwrath|spa|2
|cant|p1a: James|slp
|
|turn|15
|choice|move 4|move 2
|
|move|p2a: Poliwrath|Amnesia|p2a: Poliwrath
|-boost|p2a: Poliwrath|spd|2
|-boost|p2a: Poliwrath|spa|2
|cant|p1a: James|slp
|
|turn|16
|choice|move 1|move 4
|
|move|p2a: Poliwrath|Submission|p1a: James|[miss]
|-miss|p2a: Poliwrath
|cant|p1a: James|slp
|
|turn|17
|choice|move 1|move 4
|
|move|p2a: Poliwrath|Submission|p1a: James|[miss]
|-miss|p2a: Poliwrath
|-curestatus|p1a: James|slp
|
|turn|18
|choice|move 4|move 1
|
|move|p2a: Poliwrath|Hypnosis|p1a: James
|-status|p1a: James|slp
|cant|p1a: James|slp
|
|turn|19
|choice|move 4|move 4
|
|move|p2a: Poliwrath|Submission|p1a: James
|-crit|p1a: James
|-supereffective|p1a: James
|-damage|p1a: James|94\/523 slp
|-damage|p2a: Poliwrath|61\/383|[from] recoil|[of] p1a: James
|cant|p1a: James|slp
|
|turn|20
|c|★Mandelbrot|crap
|choice|move 4|move 3
|
|move|p2a: Poliwrath|Surf|p1a: James
|-damage|p1a: James|0 fnt
|faint|p1a: James
|choice|switch 3|
|
|switch|p1a: Erika|Tauros|353\/353
|turn|21
|choice|move 1|move 3
|
|move|p1a: Erika|Body Slam|p2a: Poliwrath
|-damage|p2a: Poliwrath|0 fnt
|faint|p2a: Poliwrath
|choice||switch 3
|
|switch|p2a: Rhydon|Rhydon|413\/413
|turn|22
|choice|move 4|move 2
|
|move|p1a: Erika|Blizzard|p2a: Rhydon
|-supereffective|p2a: Rhydon
|-damage|p2a: Rhydon|166\/413
|move|p2a: Rhydon|Earthquake|p1a: Erika
|-damage|p1a: Erika|214\/353
|
|turn|23
|choice|move 4|move 2
|
|move|p1a: Erika|Blizzard|p2a: Rhydon
|-supereffective|p2a: Rhydon
|-damage|p2a: Rhydon|0 fnt
|faint|p2a: Rhydon
|choice||switch 4
|
|switch|p2a: Alakazam|Alakazam|313\/313
|turn|24
|choice|move 1|move 3
|
|move|p2a: Alakazam|Reflect|p2a: Alakazam
|-start|p2a: Alakazam|Reflect
|move|p1a: Erika|Body Slam|p2a: Alakazam
|-damage|p2a: Alakazam|232\/313
|
|turn|25
|choice|move 1|move 4
|
|move|p2a: Alakazam|Thunder Wave|p1a: Erika
|-status|p1a: Erika|par
|move|p1a: Erika|Body Slam|p2a: Alakazam
|-crit|p2a: Alakazam
|-damage|p2a: Alakazam|0 fnt
|faint|p2a: Alakazam
|choice||switch 2
|
|switch|p2a: Dragonite|Dragonite|385\/385
|turn|26
|choice|move 4|move 1
|
|move|p2a: Dragonite|Agility|p2a: Dragonite
|-boost|p2a: Dragonite|spe|2
|move|p1a: Erika|Blizzard|p2a: Dragonite
|-supereffective|p2a: Dragonite
|-damage|p2a: Dragonite|65\/385
|
|turn|27
|choice|move 1|move 2
|
|move|p2a: Dragonite|Wrap|p1a: Erika
|-damage|p1a: Erika|199\/353 par
|-activate|p1a: Erika|move: Wrap|[of] p2a: Dragonite
|cant|p1a: Erika|par
|
|turn|28
|choice|switch 5|move 2
|
|switch|p1a: Beverly|Golem|363\/363
|move|p2a: Dragonite|Wrap|p1a: Beverly
|-resisted|p1a: Beverly
|-damage|p1a: Beverly|357\/363
|-activate|p1a: Beverly|move: Wrap|[of] p2a: Dragonite
|
|turn|29
|choice|move 3|move 2
|
|move|p2a: Dragonite|Wrap|p1a: Beverly
|-damage|p1a: Beverly|351\/363
|cant|p1a: Beverly|partiallytrapped
|
|turn|30
|choice|move 3|move 2
|
|move|p2a: Dragonite|Wrap|p1a: Beverly
|-damage|p1a: Beverly|345\/363
|cant|p1a: Beverly|partiallytrapped
|
|turn|31
|choice|move 3|move 2
|
|move|p2a: Dragonite|Wrap|p1a: Beverly
|-damage|p1a: Beverly|339\/363
|cant|p1a: Beverly|partiallytrapped
|
|-end|p1a: Beverly|Wrap|[partiallytrapped]
|turn|32
|choice|switch 2|move 4
|
|switch|p1a: Karlos|Lapras|463\/463
|move|p2a: Dragonite|Surf|p1a: Karlos
|-resisted|p1a: Karlos
|-damage|p1a: Karlos|424\/463
|
|turn|33
|choice|move 1|move 2
|
|move|p2a: Dragonite|Wrap|p1a: Karlos
|-damage|p1a: Karlos|407\/463
|-activate|p1a: Karlos|move: Wrap|[of] p2a: Dragonite
|cant|p1a: Karlos|partiallytrapped
|
|turn|34
|choice|switch 2|move 2
|
|switch|p1a: Beverly|Golem|339\/363
|move|p2a: Dragonite|Wrap|p1a: Beverly|[miss]
|-miss|p2a: Dragonite
|
|turn|35
|choice|switch 2|move 4
|
|switch|p1a: Karlos|Lapras|407\/463
|move|p2a: Dragonite|Surf|p1a: Karlos
|-resisted|p1a: Karlos
|-damage|p1a: Karlos|368\/463
|
|turn|36
|choice|move 1|move 2
|
|move|p2a: Dragonite|Wrap|p1a: Karlos
|-damage|p1a: Karlos|350\/463
|-activate|p1a: Karlos|move: Wrap|[of] p2a: Dragonite
|cant|p1a: Karlos|partiallytrapped
|
|turn|37
|choice|switch 2|move 2
|
|switch|p1a: Beverly|Golem|339\/363
|move|p2a: Dragonite|Wrap|p1a: Beverly
|-crit|p1a: Beverly
|-resisted|p1a: Beverly
|-damage|p1a: Beverly|327\/363
|-activate|p1a: Beverly|move: Wrap|[of] p2a: Dragonite
|
|turn|38
|choice|move 2|move 2
|
|move|p2a: Dragonite|Wrap|p1a: Beverly
|-damage|p1a: Beverly|315\/363
|cant|p1a: Beverly|partiallytrapped
|
|-end|p1a: Beverly|Wrap|[partiallytrapped]
|turn|39
|choice|switch 2|move 4
|
|switch|p1a: Karlos|Lapras|350\/463
|move|p2a: Dragonite|Surf|p1a: Karlos
|-resisted|p1a: Karlos
|-damage|p1a: Karlos|311\/463
|
|turn|40
|choice|move 1|move 2
|
|move|p2a: Dragonite|Wrap|p1a: Karlos
|-damage|p1a: Karlos|292\/463
|-activate|p1a: Karlos|move: Wrap|[of] p2a: Dragonite
|cant|p1a: Karlos|partiallytrapped
|
|turn|41
|choice|switch 2|move 2
|
|switch|p1a: Beverly|Golem|315\/363
|move|p2a: Dragonite|Wrap|p1a: Beverly|[miss]
|-miss|p2a: Dragonite
|
|turn|42
|choice|switch 2|move 4
|
|switch|p1a: Karlos|Lapras|292\/463
|move|p2a: Dragonite|Surf|p1a: Karlos
|-resisted|p1a: Karlos
|-damage|p1a: Karlos|254\/463
|
|turn|43
|choice|move 1|move 2
|
|move|p2a: Dragonite|Wrap|p1a: Karlos
|-damage|p1a: Karlos|237\/463
|-activate|p1a: Karlos|move: Wrap|[of] p2a: Dragonite
|cant|p1a: Karlos|partiallytrapped
|
|turn|44
|choice|switch 2|move 2
|
|switch|p1a: Beverly|Golem|315\/363
|move|p2a: Dragonite|Wrap|p1a: Beverly|[miss]
|-miss|p2a: Dragonite
|
|turn|45
|c|★Mandelbrot|lol
|choice|switch 2|move 4
|
|switch|p1a: Karlos|Lapras|237\/463
|move|p2a: Dragonite|Surf|p1a: Karlos
|-resisted|p1a: Karlos
|-damage|p1a: Karlos|199\/463
|
|turn|46
|choice|move 1|move 2
|
|move|p2a: Dragonite|Wrap|p1a: Karlos
|-damage|p1a: Karlos|181\/463
|-activate|p1a: Karlos|move: Wrap|[of] p2a: Dragonite
|cant|p1a: Karlos|partiallytrapped
|
|turn|47
|choice|switch 2|move 2
|
|switch|p1a: Beverly|Golem|315\/363
|move|p2a: Dragonite|Wrap|p1a: Beverly|[miss]
|-miss|p2a: Dragonite
|
|turn|48
|choice|switch 2|move 4
|
|switch|p1a: Karlos|Lapras|181\/463
|move|p2a: Dragonite|Surf|p1a: Karlos
|-resisted|p1a: Karlos
|-damage|p1a: Karlos|144\/463
|
|turn|49
|choice|move 1|move 3
|
|move|p2a: Dragonite|Hyper Beam|p1a: Karlos
|-damage|p1a: Karlos|0 fnt
|faint|p1a: Karlos
|choice|switch 4|
|
|switch|p1a: Jian-Ping|Persian|333\/333
|turn|50
|choice|move 1|move 2
|
|move|p2a: Dragonite|Wrap|p1a: Jian-Ping
|-damage|p1a: Jian-Ping|312\/333
|-activate|p1a: Jian-Ping|move: Wrap|[of] p2a: Dragonite
|cant|p1a: Jian-Ping|partiallytrapped
|
|turn|51
|choice|move 1|move 2
|
|move|p2a: Dragonite|Wrap|p1a: Jian-Ping
|-damage|p1a: Jian-Ping|291\/333
|cant|p1a: Jian-Ping|partiallytrapped
|
|turn|52
|choice|move 1|move 2
|
|move|p2a: Dragonite|Wrap|p1a: Jian-Ping
|-damage|p1a: Jian-Ping|270\/333
|cant|p1a: Jian-Ping|partiallytrapped
|
|-end|p1a: Jian-Ping|Wrap|[partiallytrapped]
|turn|53
|choice|move 1|move 2
|
|move|p2a: Dragonite|Wrap|p1a: Jian-Ping
|-damage|p1a: Jian-Ping|248\/333
|-activate|p1a: Jian-Ping|move: Wrap|[of] p2a: Dragonite
|cant|p1a: Jian-Ping|partiallytrapped
|
|turn|54
|choice|move 1|move 2
|
|move|p2a: Dragonite|Wrap|p1a: Jian-Ping
|-damage|p1a: Jian-Ping|226\/333
|cant|p1a: Jian-Ping|partiallytrapped
|
|turn|55
|choice|move 1|move 2
|
|move|p2a: Dragonite|Wrap|p1a: Jian-Ping
|-damage|p1a: Jian-Ping|204\/333
|cant|p1a: Jian-Ping|partiallytrapped
|
|-end|p1a: Jian-Ping|Wrap|[partiallytrapped]
|turn|56
|choice|move 1|move 2
|
|move|p2a: Dragonite|Wrap|p1a: Jian-Ping
|-damage|p1a: Jian-Ping|182\/333
|-activate|p1a: Jian-Ping|move: Wrap|[of] p2a: Dragonite
|cant|p1a: Jian-Ping|partiallytrapped
|
|turn|57
|choice|move 1|move 2
|
|move|p2a: Dragonite|Wrap|p1a: Jian-Ping
|-damage|p1a: Jian-Ping|160\/333
|cant|p1a: Jian-Ping|partiallytrapped
|
|-end|p1a: Jian-Ping|Wrap|[partiallytrapped]
|turn|58
|choice|switch 2|move 3
|
|switch|p1a: Beverly|Golem|315\/363
|move|p2a: Dragonite|Hyper Beam|p1a: Beverly
|-resisted|p1a: Beverly
|-damage|p1a: Beverly|256\/363
|
|turn|59
|-mustrecharge|p2a: Dragonite
|c|★stbyop|gg
|-mustrecharge|p2a: Dragonite
|choice|move 3|move 1
|
|cant|p2a: Dragonite|recharge
|move|p1a: Beverly|Rock Slide|p2a: Dragonite
|-supereffective|p2a: Dragonite
|-damage|p2a: Dragonite|0 fnt
|faint|p2a: Dragonite
|
|win|Mandelbrot
|player|p1
|player|p2
|raw|Mandelbrot's rating: 1354 &rarr; <strong>1363<\/strong><br \/>(+9 for winning)
|raw|stbyop's rating: 1142 &rarr; <strong>1130<\/strong><br \/>(-12 for losing)
|c|★Mandelbrot|gg
|l|stbyop