|join|riwu
|join|uvash2
|player|p1|riwu|101
|player|p2|uvash2|169
|gametype|singles
|gen|1
|tier|[Gen 1] Random Battle
|rated
|seed|24904,40490,36047,18037
|rule|Sleep Clause Mod: Limit one foe put to sleep
|rule|Freeze Clause Mod: Limit one foe frozen
|rule|HP Percentage Mod: HP is shown in percentages
|
|start
|switch|p1a: Meowth|Meowth, L96|272\/272
|switch|p2a: Seadra|Seadra, L90|282\/282
|turn|1
|choice|move 1|move 1
|
|move|p1a: Meowth|Slash|p2a: Seadra
|-crit|p2a: Seadra
|-damage|p2a: Seadra|179\/282
|move|p2a: Seadra|Surf|p1a: Meowth
|-crit|p1a: Meowth
|-damage|p1a: Meowth|0 fnt
|faint|p1a: Meowth
|choice|switch 6|
|
|switch|p1a: Raichu|Raichu, L85|276\/276
|turn|2
|choice|move 2|switch 4
|
|switch|p2a: Ivysaur|Ivysaur, L85|276\/276
|move|p1a: Raichu|Thunderbolt|p2a: Ivysaur
|-resisted|p2a: Ivysaur
|-damage|p2a: Ivysaur|223\/276
|
|turn|3
|choice|switch 2|move 4
|
|switch|p1a: Beedrill|Beedrill, L90|300\/300
|move|p2a: Ivysaur|Sleep Powder|p1a: Beedrill
|-status|p1a: Beedrill|slp
|
|turn|4
|choice|switch 3|move 1
|
|switch|p1a: Golbat|Golbat, L90|318\/318
|move|p2a: Ivysaur|Swords Dance|p2a: Ivysaur
|-boost|p2a: Ivysaur|atk|2
|
|turn|5
|choice|move 1|move 2
|
|move|p1a: Golbat|Confuse Ray|p2a: Ivysaur
|-start|p2a: Ivysaur|confusion
|-activate|p2a: Ivysaur|confusion
|-damage|p2a: Ivysaur|165\/276|[from] confusion
|
|turn|6
|choice|move 3|move 2
|
|move|p1a: Golbat|Double-Edge|p2a: Ivysaur
|-damage|p2a: Ivysaur|83\/276
|-damage|p1a: Golbat|298\/318|[from] recoil|[of] p2a: Ivysaur
|-activate|p2a: Ivysaur|confusion
|move|p2a: Ivysaur|Body Slam|p1a: Golbat
|-damage|p1a: Golbat|196\/318
|
|turn|7
|choice|move 3|move 2
|
|move|p1a: Golbat|Double-Edge|p2a: Ivysaur
|-damage|p2a: Ivysaur|0 fnt
|-damage|p1a: Golbat|176\/318|[from] recoil|[of] p2a: Ivysaur
|faint|p2a: Ivysaur
|choice||switch 6
|
|switch|p2a: Electabuzz|Electabuzz, L85|284\/284
|turn|8
|choice|switch 4|move 2
|
|switch|p1a: Exeggcute|Exeggcute, L96|310\/310
|move|p2a: Electabuzz|Thunderbolt|p1a: Exeggcute
|-resisted|p1a: Exeggcute
|-damage|p1a: Exeggcute|261\/310
|
|turn|9
|choice|move 1|move 4
|
|move|p2a: Electabuzz|Psychic|p1a: Exeggcute
|-resisted|p1a: Exeggcute
|-damage|p1a: Exeggcute|226\/310
|move|p1a: Exeggcute|Psychic|p2a: Electabuzz
|-crit|p2a: Electabuzz
|-damage|p2a: Electabuzz|91\/284
|
|turn|10
|choice|move 1|switch 4
|
|switch|p2a: Seadra|Seadra, L90|179\/282
|move|p1a: Exeggcute|Psychic|p2a: Seadra
|-crit|p2a: Seadra
|-damage|p2a: Seadra|21\/282
|
|turn|11
|choice|switch 3|move 2
|
|switch|p1a: Beedrill|Beedrill, L90|300\/300 slp
|move|p2a: Seadra|Blizzard|p1a: Beedrill
|-damage|p1a: Beedrill|169\/300 slp
|
|turn|12
|choice|move 2|move 1
|
|move|p2a: Seadra|Surf|p1a: Beedrill
|-damage|p1a: Beedrill|13\/300 slp
|-curestatus|p1a: Beedrill|slp
|
|turn|13
|choice|move 2|move 1
|
|move|p2a: Seadra|Surf|p1a: Beedrill
|-damage|p1a: Beedrill|0 fnt
|faint|p1a: Beedrill
|choice|switch 4|
|
|switch|p1a: Golbat|Golbat, L90|176\/318
|turn|14
|choice|move 2|move 1
|
|move|p1a: Golbat|Hyper Beam|p2a: Seadra
|-damage|p2a: Seadra|0 fnt
|faint|p2a: Seadra
|choice||switch 4
|
|switch|p2a: Electabuzz|Electabuzz, L85|91\/284
|turn|15
|choice|switch 3|move 4
|
|switch|p1a: Exeggcute|Exeggcute, L96|226\/310
|move|p2a: Electabuzz|Psychic|p1a: Exeggcute
|-crit|p1a: Exeggcute
|-resisted|p1a: Exeggcute
|-damage|p1a: Exeggcute|158\/310
|
|turn|16
|choice|move 1|move 1
|
|move|p2a: Electabuzz|Seismic Toss|p1a: Exeggcute
|-damage|p1a: Exeggcute|73\/310
|move|p1a: Exeggcute|Psychic|p2a: Electabuzz
|-damage|p2a: Electabuzz|2\/284
|-unboost|p2a: Electabuzz|spd|1
|-unboost|p2a: Electabuzz|spa|1
|
|turn|17
|choice|move 2|move 1
|
|move|p2a: Electabuzz|Seismic Toss|p1a: Exeggcute
|-damage|p1a: Exeggcute|0 fnt
|faint|p1a: Exeggcute
|choice|switch 2|
|
|switch|p1a: Raichu|Raichu, L85|276\/276
|turn|18
|choice|move 2|switch 5
|
|switch|p2a: Marowak|Marowak, L90|291\/291
|move|p1a: Raichu|Thunderbolt|p2a: Marowak
|-immune|p2a: Marowak|[msg]
|
|turn|19
|choice|move 1|move 2
|
|move|p1a: Raichu|Surf|p2a: Marowak
|-crit|p2a: Marowak
|-supereffective|p2a: Marowak
|-damage|p2a: Marowak|0 fnt
|faint|p2a: Marowak
|choice||switch 3
|
|switch|p2a: Hitmonlee|Hitmonlee, L90|273\/273
|turn|20
|choice|switch 3|move 4
|
|switch|p1a: Golbat|Golbat, L90|176\/318
|move|p2a: Hitmonlee|High Jump Kick|p1a: Golbat
|-crit|p1a: Golbat
|-resisted|p1a: Golbat
|-damage|p1a: Golbat|118\/318
|
|turn|21
|choice|move 1|move 1
|
|move|p1a: Golbat|Confuse Ray|p2a: Hitmonlee
|-start|p2a: Hitmonlee|confusion
|-activate|p2a: Hitmonlee|confusion
|-damage|p2a: Hitmonlee|221\/273|[from] confusion
|
|turn|22
|choice|move 3|switch 2
|
|switch|p2a: Kingler|Kingler, L85|267\/267
|move|p1a: Golbat|Double-Edge|p2a: Kingler
|-damage|p2a: Kingler|211\/267
|-damage|p1a: Golbat|104\/318|[from] recoil|[of] p2a: Kingler
|
|turn|23
|choice|switch 5|move 1
|
|switch|p1a: Poliwhirl|Poliwhirl, L85|284\/284
|move|p2a: Kingler|Crabhammer|p1a: Poliwhirl
|-crit|p1a: Poliwhirl
|-resisted|p1a: Poliwhirl
|-damage|p1a: Poliwhirl|191\/284
|
|turn|24
|choice|move 4|move 3
|
|move|p1a: Poliwhirl|Hypnosis|p2a: Kingler|[miss]
|-miss|p1a: Poliwhirl
|move|p2a: Kingler|Swords Dance|p2a: Kingler
|-boost|p2a: Kingler|atk|2
|
|turn|25
|choice|move 4|move 4
|
|move|p1a: Poliwhirl|Hypnosis|p2a: Kingler
|-status|p2a: Kingler|slp
|cant|p2a: Kingler|slp
|
|turn|26
|choice|move 2|move 4
|
|move|p1a: Poliwhirl|Psychic|p2a: Kingler
|-crit|p2a: Kingler
|-damage|p2a: Kingler|85\/267 slp
|-unboost|p2a: Kingler|spd|1
|-unboost|p2a: Kingler|spa|1
|-curestatus|p2a: Kingler|slp
|
|turn|27
|choice|move 2|move 4
|
|move|p1a: Poliwhirl|Psychic|p2a: Kingler
|-damage|p2a: Kingler|0 fnt
|faint|p2a: Kingler
|-message|uvash2 forfeited.
|
|win|riwu
|leave|uvash2
|player|p2