|j|Dervodel2
|j|stalingrad
|player|p1|Dervodel2|102
|player|p2|stalingrad|267
|gametype|singles
|gen|1
|tier|[Gen 1] Random Battle
|rated
|seed|23390,14704,26435,49303
|rule|Sleep Clause Mod: Limit one foe put to sleep
|rule|Freeze Clause Mod: Limit one foe frozen
|rule|HP Percentage Mod: HP is shown in percentages
|
|start
|switch|p1a: Wartortle|Wartortle, L85|274\/274
|switch|p2a: Nidoqueen|Nidoqueen, L85|327\/327
|turn|1
|choice|move 3|move 3
|
|move|p2a: Nidoqueen|Thunder|p1a: Wartortle
|-supereffective|p1a: Wartortle
|-damage|p1a: Wartortle|90\/274
|move|p1a: Wartortle|Hydro Pump|p2a: Nidoqueen|[miss]
|-miss|p1a: Wartortle
|
|turn|2
|choice|move 3|move 3
|
|move|p2a: Nidoqueen|Thunder|p1a: Wartortle|[miss]
|-miss|p2a: Nidoqueen
|move|p1a: Wartortle|Hydro Pump|p2a: Nidoqueen
|-supereffective|p2a: Nidoqueen
|-damage|p2a: Nidoqueen|88\/327
|
|turn|3
|choice|switch 4|move 3
|
|switch|p1a: Electabuzz|Electabuzz, L85|284\/284
|move|p2a: Nidoqueen|Thunder|p1a: Electabuzz|[miss]
|-miss|p2a: Nidoqueen
|
|turn|4
|choice|move 3|move 1
|
|move|p1a: Electabuzz|Psychic|p2a: Nidoqueen
|-supereffective|p2a: Nidoqueen
|-damage|p2a: Nidoqueen|0 fnt
|faint|p2a: Nidoqueen
|choice||switch 2
|
|switch|p2a: Mewtwo|Mewtwo, L68|285\/285
|turn|5
|choice|move 1|move 4
|
|move|p1a: Electabuzz|Thunder Wave|p2a: Mewtwo
|-status|p2a: Mewtwo|par
|cant|p2a: Mewtwo|par
|
|turn|6
|choice|move 2|move 2
|
|move|p1a: Electabuzz|Seismic Toss|p2a: Mewtwo
|-damage|p2a: Mewtwo|200\/285 par
|move|p2a: Mewtwo|Thunder Wave|p1a: Electabuzz
|-status|p1a: Electabuzz|par
|
|turn|7
|choice|move 2|move 4
|
|move|p1a: Electabuzz|Seismic Toss|p2a: Mewtwo
|-damage|p2a: Mewtwo|115\/285 par
|move|p2a: Mewtwo|Amnesia|p2a: Mewtwo
|-boost|p2a: Mewtwo|spd|2
|-boost|p2a: Mewtwo|spa|2
|
|turn|8
|choice|move 2|move 3
|
|move|p2a: Mewtwo|Rest|p2a: Mewtwo
|-status|p2a: Mewtwo|slp
|-heal|p2a: Mewtwo|285\/285 slp|[silent]
|-status|p2a: Mewtwo|slp|[from] move: Rest
|cant|p1a: Electabuzz|par
|
|turn|9
|choice|switch 5|move 4
|
|switch|p1a: Raticate|Raticate, L85|267\/267
|cant|p2a: Mewtwo|slp
|
|turn|10
|choice|move 1|move 1
|
|move|p1a: Raticate|Super Fang|p2a: Mewtwo
|-damage|p2a: Mewtwo|143\/285 slp
|-curestatus|p2a: Mewtwo|slp
|
|turn|11
|choice|move 3|move 2
|
|move|p1a: Raticate|Hyper Beam|p2a: Mewtwo
|-damage|p2a: Mewtwo|0 fnt
|faint|p2a: Mewtwo
|choice||switch 3
|
|switch|p2a: Tauros|Tauros, L79|280\/280
|turn|12
|-message|stalingrad forfeited.
|
|win|Dervodel2
|l|stalingrad
|player|p2
|raw|Dervodel2's rating: 1115 &rarr; <strong>1135<\/strong><br \/>(+20 for winning)
|raw|stalingrad's rating: 1044 &rarr; <strong>1031<\/strong><br \/>(-13 for losing)