|j|otherfiend007
|j|JeeDee9
|player|p1|otherfiend007|109
|player|p2|JeeDee9|241
|gametype|singles
|gen|1
|tier|[Gen 1] Random Battle
|rated
|seed|9038,39802,13346,56674
|rule|Sleep Clause Mod: Limit one foe put to sleep
|rule|Freeze Clause Mod: Limit one foe frozen
|rule|HP Percentage Mod: HP is shown in percentages
|
|start
|switch|p1a: Bulbasaur|Bulbasaur, L96|281\/281
|switch|p2a: Nidorino|Nidorino, L90|293\/293
|turn|1
|choice|move 3|move 4
|
|move|p2a: Nidorino|Substitute|p2a: Nidorino
|-start|p2a: Nidorino|Substitute
|-damage|p2a: Nidorino|220\/293
|move|p1a: Bulbasaur|Leech Seed|p2a: Nidorino
|-start|p2a: Nidorino|move: Leech Seed
|
|turn|2
|choice|move 1|move 2
|
|move|p2a: Nidorino|Body Slam|p1a: Bulbasaur
|-damage|p1a: Bulbasaur|212\/281
|-damage|p2a: Nidorino|202\/293|[from] Leech Seed|[of] p1a: Bulbasaur
|-heal|p1a: Bulbasaur|230\/281|[silent]
|move|p1a: Bulbasaur|Razor Leaf|p2a: Nidorino|[miss]
|-miss|p1a: Bulbasaur
|
|turn|3
|choice|move 2|move 2
|
|move|p2a: Nidorino|Body Slam|p1a: Bulbasaur
|-damage|p1a: Bulbasaur|162\/281
|-damage|p2a: Nidorino|184\/293|[from] Leech Seed|[of] p1a: Bulbasaur
|-heal|p1a: Bulbasaur|180\/281|[silent]
|move|p1a: Bulbasaur|Body Slam|p2a: Nidorino
|-crit|p2a: Nidorino
|-end|p2a: Nidorino|Substitute
|
|turn|4
|choice|move 2|move 2
|
|move|p2a: Nidorino|Body Slam|p1a: Bulbasaur
|-damage|p1a: Bulbasaur|104\/281
|-damage|p2a: Nidorino|166\/293|[from] Leech Seed|[of] p1a: Bulbasaur
|-heal|p1a: Bulbasaur|122\/281|[silent]
|move|p1a: Bulbasaur|Body Slam|p2a: Nidorino
|-damage|p2a: Nidorino|105\/293
|-status|p2a: Nidorino|par
|
|turn|5
|choice|move 2|move 2
|
|move|p1a: Bulbasaur|Body Slam|p2a: Nidorino
|-crit|p2a: Nidorino
|-damage|p2a: Nidorino|0 fnt
|faint|p2a: Nidorino
|choice||switch 5
|
|switch|p2a: Jynx|Jynx, L79|265\/265
|turn|6
|choice|switch 2|move 1
|
|switch|p1a: Charmander|Charmander, L96|270\/270
|move|p2a: Jynx|Psychic|p1a: Charmander
|-crit|p1a: Charmander
|-damage|p1a: Charmander|68\/270
|-unboost|p1a: Charmander|spd|1
|-unboost|p1a: Charmander|spa|1
|
|turn|7
|choice|move 3|move 1
|
|move|p2a: Jynx|Psychic|p1a: Charmander
|-damage|p1a: Charmander|0 fnt
|faint|p1a: Charmander
|choice|switch 3|
|
|switch|p1a: Dodrio|Dodrio, L85|276\/276
|turn|8
|choice|move 4|move 4
|
|move|p1a: Dodrio|Body Slam|p2a: Jynx
|-crit|p2a: Jynx
|-damage|p2a: Jynx|0 fnt
|faint|p2a: Jynx
|choice||switch 2
|
|switch|p2a: Lapras|Lapras, L79|367\/367
|turn|9
|choice|move 4|move 2
|
|move|p1a: Dodrio|Body Slam|p2a: Lapras
|-crit|p2a: Lapras
|-damage|p2a: Lapras|132\/367
|move|p2a: Lapras|Confuse Ray|p1a: Dodrio
|-start|p1a: Dodrio|confusion
|
|turn|10
|choice|switch 4|move 4
|
|switch|p1a: Kingler|Kingler, L85|267\/267
|move|p2a: Lapras|Ice Beam|p1a: Kingler
|-resisted|p1a: Kingler
|-damage|p1a: Kingler|205\/267
|-status|p1a: Kingler|frz
|
|turn|11
|c|★otherfiend007|:(
|choice|switch 5|move 3
|
|switch|p1a: Persian|Persian, L79|265\/265
|move|p2a: Lapras|Thunderbolt|p1a: Persian
|-damage|p1a: Persian|187\/265
|
|turn|12
|choice|move 1|move 2
|
|move|p1a: Persian|Slash|p2a: Lapras
|-crit|p2a: Lapras
|-damage|p2a: Lapras|7\/367
|move|p2a: Lapras|Confuse Ray|p1a: Persian
|-start|p1a: Persian|confusion
|
|turn|13
|choice|move 1|move 1
|
|-activate|p1a: Persian|confusion
|move|p1a: Persian|Slash|p2a: Lapras
|-crit|p2a: Lapras
|-damage|p2a: Lapras|0 fnt
|faint|p2a: Lapras
|choice||switch 6
|
|switch|p2a: Nidoking|Nidoking, L85|311\/311
|turn|14
|choice|switch 5|move 1
|
|switch|p1a: Kingler|Kingler, L85|205\/267 frz
|move|p2a: Nidoking|Earthquake|p1a: Kingler
|-damage|p1a: Kingler|114\/267 frz
|
|turn|15
|choice|switch 4|move 3
|
|switch|p1a: Dodrio|Dodrio, L85|276\/276
|move|p2a: Nidoking|Thunderbolt|p1a: Dodrio
|-supereffective|p1a: Dodrio
|-damage|p1a: Dodrio|136\/276
|
|turn|16
|choice|move 4|move 3
|
|move|p1a: Dodrio|Body Slam|p2a: Nidoking
|-damage|p2a: Nidoking|197\/311
|move|p2a: Nidoking|Thunderbolt|p1a: Dodrio
|-supereffective|p1a: Dodrio
|-damage|p1a: Dodrio|0 fnt
|faint|p1a: Dodrio
|choice|switch 2|
|
|switch|p1a: Bulbasaur|Bulbasaur, L96|122\/281
|turn|17
|choice|switch 4|move 2
|
|switch|p1a: Kingler|Kingler, L85|114\/267 frz
|move|p2a: Nidoking|Blizzard|p1a: Kingler
|-resisted|p1a: Kingler
|-damage|p1a: Kingler|61\/267 frz
|
|turn|18
|choice|move 3|move 2
|
|move|p2a: Nidoking|Blizzard|p1a: Kingler
|-resisted|p1a: Kingler
|-damage|p1a: Kingler|15\/267 frz
|cant|p1a: Kingler|frz
|
|turn|19
|choice|move 2|move 3
|
|move|p2a: Nidoking|Thunderbolt|p1a: Kingler
|-supereffective|p1a: Kingler
|-damage|p1a: Kingler|0 fnt
|faint|p1a: Kingler
|choice|switch 5|
|
|switch|p1a: Persian|Persian, L79|187\/265
|turn|20
|choice|move 1|move 4
|
|move|p1a: Persian|Slash|p2a: Nidoking
|-crit|p2a: Nidoking
|-damage|p2a: Nidoking|86\/311
|move|p2a: Nidoking|Body Slam|p1a: Persian
|-damage|p1a: Persian|102\/265
|
|turn|21
|choice|move 2|move 4
|
|move|p1a: Persian|Hyper Beam|p2a: Nidoking
|-damage|p2a: Nidoking|0 fnt
|faint|p2a: Nidoking
|choice||switch 3
|
|switch|p2a: Wartortle|Wartortle, L85|274\/274
|turn|22
|choice|move 2|move 2
|
|move|p1a: Persian|Hyper Beam|p2a: Wartortle
|-damage|p2a: Wartortle|156\/274
|move|p2a: Wartortle|Blizzard|p1a: Persian
|-damage|p1a: Persian|19\/265
|
|turn|23
|-mustrecharge|p1a: Persian
|-mustrecharge|p1a: Persian
|choice|move 1|move 3
|
|cant|p1a: Persian|recharge
|move|p2a: Wartortle|Surf|p1a: Persian
|-damage|p1a: Persian|0 fnt
|faint|p1a: Persian
|choice|switch 4|
|
|switch|p1a: Bulbasaur|Bulbasaur, L96|122\/281
|turn|24
|choice|move 1|move 2
|
|move|p2a: Wartortle|Blizzard|p1a: Bulbasaur
|-supereffective|p1a: Bulbasaur
|-damage|p1a: Bulbasaur|0 fnt
|faint|p1a: Bulbasaur
|choice|switch 6|
|
|switch|p1a: Flareon|Flareon, L90|300\/300
|turn|25
|choice|move 1|move 3
|
|move|p1a: Flareon|Body Slam|p2a: Wartortle
|-damage|p2a: Wartortle|64\/274
|move|p2a: Wartortle|Surf|p1a: Flareon
|-crit|p1a: Flareon
|-supereffective|p1a: Flareon
|-damage|p1a: Flareon|57\/300
|
|turn|26
|choice|move 1|move 3
|
|move|p1a: Flareon|Body Slam|p2a: Wartortle
|-damage|p2a: Wartortle|0 fnt
|faint|p2a: Wartortle
|choice||switch 4
|
|switch|p2a: Raticate|Raticate, L85|267\/267
|turn|27
|c|★JeeDee9|gg
|choice|move 1|move 4
|
|move|p2a: Raticate|Bubble Beam|p1a: Flareon
|-supereffective|p1a: Flareon
|-damage|p1a: Flareon|1\/300
|-unboost|p1a: Flareon|spe|1
|move|p1a: Flareon|Body Slam|p2a: Raticate
|-damage|p2a: Raticate|170\/267
|
|turn|28
|choice|move 2|move 3
|
|move|p2a: Raticate|Hyper Beam|p1a: Flareon|[miss]
|-miss|p2a: Raticate
|move|p1a: Flareon|Hyper Beam|p2a: Raticate
|-damage|p2a: Raticate|0 fnt
|faint|p2a: Raticate
|
|win|otherfiend007
|player|p1
|player|p2
|raw|otherfiend007's rating: 1224 &rarr; <strong>1248<\/strong><br \/>(+24 for winning)
|raw|JeeDee9's rating: 1220 &rarr; <strong>1195<\/strong><br \/>(-25 for losing)
|c|★otherfiend007|gg
|c|★otherfiend007|who uses hyper there?
|l|JeeDee9
|c|★otherfiend007|10% chance to lose a game youve already won