|j|jeanprouve
|j|gen1masterrony
|player|p1|jeanprouve|124
|player|p2|gen1masterrony|265
|gametype|singles
|gen|1
|tier|[Gen 1] OU
|rated
|seed|
|rule|Sleep Clause Mod: Limit one foe put to sleep
|rule|Freeze Clause Mod: Limit one foe frozen
|rule|Species Clause: Limit one of each Pokémon
|rule|OHKO Clause: OHKO moves are banned
|rule|Evasion Moves Clause: Evasion moves are banned
|rule|HP Percentage Mod: HP is shown in percentages
|
|start
|switch|p1a: Aerodactyl|Aerodactyl|100\/100
|switch|p2a: Hypno|Hypno|100\/100
|turn|1
|choice||
|
|move|p1a: Aerodactyl|Supersonic|p2a: Hypno
|-start|p2a: Hypno|confusion
|-activate|p2a: Hypno|confusion
|-damage|p2a: Hypno|91\/100|[from] confusion
|
|turn|2
|choice||
|
|move|p1a: Aerodactyl|Toxic|p2a: Hypno
|-status|p2a: Hypno|tox
|-activate|p2a: Hypno|confusion
|move|p2a: Hypno|Thunder Wave|p1a: Aerodactyl
|-status|p1a: Aerodactyl|par
|-damage|p2a: Hypno|85\/100 tox|[from] tox|[of] p1a: Aerodactyl
|
|turn|3
|choice||
|
|switch|p2a: Starmie|Starmie|100\/100
|move|p1a: Aerodactyl|Fire Blast|p2a: Starmie
|-crit|p2a: Starmie
|-resisted|p2a: Starmie
|-damage|p2a: Starmie|80\/100
|
|turn|4
|choice||
|
|switch|p1a: Starmie|Starmie|100\/100
|move|p2a: Starmie|Thunderbolt|p1a: Starmie
|-supereffective|p1a: Starmie
|-damage|p1a: Starmie|53\/100
|
|turn|5
|choice||
|
|switch|p2a: Hypno|Hypno|85\/100 tox
|-status|p2a: Hypno|psn
|-damage|p2a: Hypno|79\/100 psn|[from] psn
|move|p1a: Starmie|Thunder Wave|p2a: Hypno
|-fail|p2a: Hypno
|
|turn|6
|choice||
|
|switch|p1a: Raichu|Raichu|100\/100
|move|p2a: Hypno|Hypnosis|p1a: Raichu|[miss]
|-miss|p2a: Hypno
|-damage|p2a: Hypno|72\/100 psn|[from] psn|[of] p1a: Raichu
|
|turn|7
|choice||
|
|move|p1a: Raichu|Thunderbolt|p2a: Hypno
|-crit|p2a: Hypno
|-damage|p2a: Hypno|24\/100 psn
|move|p2a: Hypno|Thunder Wave|p1a: Raichu
|-status|p1a: Raichu|par
|-damage|p2a: Hypno|18\/100 psn|[from] psn|[of] p1a: Raichu
|
|turn|8
|choice||
|
|move|p2a: Hypno|Psychic|p1a: Raichu
|-damage|p1a: Raichu|65\/100 par
|-damage|p2a: Hypno|12\/100 psn|[from] psn|[of] p1a: Raichu
|move|p1a: Raichu|Surf|p2a: Hypno
|-damage|p2a: Hypno|0 fnt
|faint|p2a: Hypno
|choice||
|
|switch|p2a: Tauros|Tauros|100\/100
|turn|9
|choice||
|
|switch|p1a: Alakazam|Alakazam|100\/100
|move|p2a: Tauros|Earthquake|p1a: Alakazam
|-damage|p1a: Alakazam|61\/100
|
|turn|10
|choice||
|
|switch|p2a: Exeggutor|Exeggutor|100\/100
|move|p1a: Alakazam|Thunder Wave|p2a: Exeggutor
|-status|p2a: Exeggutor|par
|
|turn|11
|choice||
|
|move|p1a: Alakazam|Mega Kick|p2a: Exeggutor
|-damage|p2a: Exeggutor|82\/100 par
|move|p2a: Exeggutor|Sleep Powder|p1a: Alakazam|[miss]
|-miss|p2a: Exeggutor
|
|turn|12
|choice||
|
|switch|p1a: Aerodactyl|Aerodactyl|100\/100 par
|move|p2a: Exeggutor|Sleep Powder|p1a: Aerodactyl
|-fail|p1a: Aerodactyl
|
|turn|13
|choice||
|
|move|p1a: Aerodactyl|Fire Blast|p2a: Exeggutor
|-supereffective|p2a: Exeggutor
|-damage|p2a: Exeggutor|50\/100 par
|move|p2a: Exeggutor|Psychic|p1a: Aerodactyl
|-damage|p1a: Aerodactyl|53\/100 par
|
|turn|14
|choice||
|
|switch|p2a: Starmie|Starmie|80\/100
|move|p1a: Aerodactyl|Supersonic|p2a: Starmie
|-start|p2a: Starmie|confusion
|
|turn|15
|choice||
|
|-activate|p2a: Starmie|confusion
|move|p2a: Starmie|Thunderbolt|p1a: Aerodactyl
|-supereffective|p1a: Aerodactyl
|-damage|p1a: Aerodactyl|0 fnt
|faint|p1a: Aerodactyl
|choice||
|
|switch|p1a: Gengar|Gengar|100\/100
|turn|16
|choice||
|
|-activate|p2a: Starmie|confusion
|move|p2a: Starmie|Thunder Wave|p1a: Gengar
|-status|p1a: Gengar|par
|move|p1a: Gengar|Hypnosis|p2a: Starmie
|-status|p2a: Starmie|slp
|
|turn|17
|choice||
|
|switch|p2a: Exeggutor|Exeggutor|50\/100 par
|move|p1a: Gengar|Mega Drain|p2a: Exeggutor
|-resisted|p2a: Exeggutor
|-damage|p2a: Exeggutor|46\/100 par
|
|turn|18
|choice||
|
|switch|p1a: Chansey|Chansey|100\/100
|move|p2a: Exeggutor|Psychic|p1a: Chansey
|-damage|p1a: Chansey|84\/100
|-unboost|p1a: Chansey|spd|1
|-unboost|p1a: Chansey|spa|1
|
|turn|19
|choice||
|
|move|p1a: Chansey|Ice Beam|p2a: Exeggutor
|-supereffective|p2a: Exeggutor
|-damage|p2a: Exeggutor|25\/100 par
|move|p2a: Exeggutor|Sleep Powder|p1a: Chansey
|-status|p1a: Chansey|slp
|
|turn|20
|choice||
|
|switch|p1a: Alakazam|Alakazam|61\/100
|move|p2a: Exeggutor|Psychic|p1a: Alakazam
|-resisted|p1a: Alakazam
|-damage|p1a: Alakazam|45\/100
|-unboost|p1a: Alakazam|spd|1
|-unboost|p1a: Alakazam|spa|1
|
|turn|21
|choice||
|
|move|p1a: Alakazam|Mega Kick|p2a: Exeggutor
|-damage|p2a: Exeggutor|7\/100 par
|cant|p2a: Exeggutor|par
|
|turn|22
|choice||
|
|move|p1a: Alakazam|Recover|p1a: Alakazam
|-heal|p1a: Alakazam|95\/100
|cant|p2a: Exeggutor|par
|
|turn|23
|choice||
|
|move|p1a: Alakazam|Psychic|p2a: Exeggutor
|-resisted|p2a: Exeggutor
|-damage|p2a: Exeggutor|0 fnt
|faint|p2a: Exeggutor
|choice||
|
|switch|p2a: Tauros|Tauros|100\/100
|turn|24
|choice||
|
|move|p1a: Alakazam|Thunder Wave|p2a: Tauros
|-status|p2a: Tauros|par
|move|p2a: Tauros|Earthquake|p1a: Alakazam
|-crit|p1a: Alakazam
|-damage|p1a: Alakazam|18\/100
|
|turn|25
|choice||
|
|move|p1a: Alakazam|Psychic|p2a: Tauros
|-crit|p2a: Tauros
|-damage|p2a: Tauros|9\/100 par
|-unboost|p2a: Tauros|spd|1
|-unboost|p2a: Tauros|spa|1
|cant|p2a: Tauros|par
|
|turn|26
|choice||
|
|move|p1a: Alakazam|Psychic|p2a: Tauros
|-damage|p2a: Tauros|0 fnt
|faint|p2a: Tauros
|choice||
|
|switch|p2a: Alakazam|Alakazam|100\/100
|turn|27
|choice||
|
|move|p2a: Alakazam|Psychic|p1a: Alakazam
|-resisted|p1a: Alakazam
|-damage|p1a: Alakazam|0 fnt
|faint|p1a: Alakazam
|choice||
|
|switch|p1a: Starmie|Starmie|53\/100
|turn|28
|choice||
|
|move|p2a: Alakazam|Thunder Wave|p1a: Starmie
|-status|p1a: Starmie|par
|move|p1a: Starmie|Thunder Wave|p2a: Alakazam
|-status|p2a: Alakazam|par
|
|turn|29
|choice||
|
|move|p2a: Alakazam|Psychic|p1a: Starmie
|-resisted|p1a: Starmie
|-damage|p1a: Starmie|34\/100 par
|-unboost|p1a: Starmie|spd|1
|-unboost|p1a: Starmie|spa|1
|move|p1a: Starmie|Thunderbolt|p2a: Alakazam
|-crit|p2a: Alakazam
|-damage|p2a: Alakazam|65\/100 par
|
|turn|30
|choice||
|
|move|p2a: Alakazam|Psychic|p1a: Starmie
|-crit|p1a: Starmie
|-resisted|p1a: Starmie
|-damage|p1a: Starmie|0 fnt
|faint|p1a: Starmie
|choice||
|
|switch|p1a: Chansey|Chansey|84\/100 slp
|turn|31
|choice||
|
|cant|p1a: Chansey|slp
|cant|p2a: Alakazam|par
|
|turn|32
|choice||
|
|cant|p1a: Chansey|slp
|move|p2a: Alakazam|Psychic|p1a: Chansey
|-damage|p1a: Chansey|66\/100 slp
|
|turn|33
|choice||
|
|cant|p1a: Chansey|slp
|move|p2a: Alakazam|Psychic|p1a: Chansey
|-damage|p1a: Chansey|49\/100 slp
|-unboost|p1a: Chansey|spd|1
|-unboost|p1a: Chansey|spa|1
|
|turn|34
|choice||
|
|-curestatus|p1a: Chansey|slp
|move|p2a: Alakazam|Psychic|p1a: Chansey
|-damage|p1a: Chansey|21\/100
|-unboost|p1a: Chansey|spd|1
|-unboost|p1a: Chansey|spa|1
|
|turn|35
|choice||
|
|move|p1a: Chansey|Soft-Boiled|p1a: Chansey
|-heal|p1a: Chansey|71\/100
|move|p2a: Alakazam|Psychic|p1a: Chansey
|-damage|p1a: Chansey|35\/100
|
|turn|36
|choice||
|
|move|p1a: Chansey|Soft-Boiled|p1a: Chansey
|-heal|p1a: Chansey|85\/100
|move|p2a: Alakazam|Psychic|p1a: Chansey
|-damage|p1a: Chansey|50\/100
|
|turn|37
|choice||
|
|move|p1a: Chansey|Soft-Boiled|p1a: Chansey
|-heal|p1a: Chansey|99\/100
|move|p2a: Alakazam|Thunder Wave|p1a: Chansey
|-status|p1a: Chansey|par
|
|turn|38
|choice||
|
|move|p2a: Alakazam|Psychic|p1a: Chansey
|-damage|p1a: Chansey|67\/100 par
|move|p1a: Chansey|Ice Beam|p2a: Alakazam
|-damage|p2a: Alakazam|54\/100 par
|
|turn|39
|choice||
|
|move|p2a: Alakazam|Psychic|p1a: Chansey
|-damage|p1a: Chansey|32\/100 par
|move|p1a: Chansey|Soft-Boiled|p1a: Chansey
|-heal|p1a: Chansey|82\/100 par
|
|turn|40
|choice||
|
|cant|p2a: Alakazam|par
|move|p1a: Chansey|Soft-Boiled|p1a: Chansey
|-heal|p1a: Chansey|100\/100 par
|
|turn|41
|choice||
|
|move|p2a: Alakazam|Recover|p2a: Alakazam
|-heal|p2a: Alakazam|100\/100 par
|move|p1a: Chansey|Soft-Boiled|p1a: Chansey
|-fail|p1a: Chansey
|
|turn|42
|choice||
|
|move|p2a: Alakazam|Recover|p2a: Alakazam
|-fail|p2a: Alakazam
|move|p1a: Chansey|Ice Beam|p2a: Alakazam
|-damage|p2a: Alakazam|92\/100 par
|
|turn|43
|choice||
|
|move|p2a: Alakazam|Recover|p2a: Alakazam
|-heal|p2a: Alakazam|100\/100 par
|move|p1a: Chansey|Ice Beam|p2a: Alakazam
|-damage|p2a: Alakazam|90\/100 par
|
|turn|44
|choice||
|
|switch|p1a: Raichu|Raichu|65\/100 par
|move|p2a: Alakazam|Psychic|p1a: Raichu
|-damage|p1a: Raichu|22\/100 par
|
|turn|45
|choice||
|
|switch|p1a: Chansey|Chansey|100\/100 par
|move|p2a: Alakazam|Psychic|p1a: Chansey
|-damage|p1a: Chansey|83\/100 par
|-unboost|p1a: Chansey|spd|1
|-unboost|p1a: Chansey|spa|1
|
|turn|46
|choice||
|
|move|p2a: Alakazam|Psychic|p1a: Chansey
|-crit|p1a: Chansey
|-damage|p1a: Chansey|46\/100 par
|-unboost|p1a: Chansey|spd|1
|-unboost|p1a: Chansey|spa|1
|cant|p1a: Chansey|par
|
|turn|47
|choice||
|
|cant|p2a: Alakazam|par
|move|p1a: Chansey|Soft-Boiled|p1a: Chansey
|-heal|p1a: Chansey|96\/100 par
|
|turn|48
|choice||
|
|move|p2a: Alakazam|Psychic|p1a: Chansey
|-damage|p1a: Chansey|58\/100 par
|-unboost|p1a: Chansey|spd|1
|-unboost|p1a: Chansey|spa|1
|move|p1a: Chansey|Ice Beam|p2a: Alakazam
|-crit|p2a: Alakazam
|-damage|p2a: Alakazam|51\/100 par
|
|turn|49
|choice||
|
|switch|p1a: Raichu|Raichu|22\/100 par
|move|p2a: Alakazam|Psychic|p1a: Raichu
|-crit|p1a: Raichu
|-damage|p1a: Raichu|0 fnt
|faint|p1a: Raichu
|choice||
|
|switch|p1a: Chansey|Chansey|58\/100 par
|turn|50
|choice||
|
|cant|p2a: Alakazam|par
|move|p1a: Chansey|Soft-Boiled|p1a: Chansey
|-heal|p1a: Chansey|100\/100 par
|
|turn|51
|choice||
|
|move|p2a: Alakazam|Psychic|p1a: Chansey
|-damage|p1a: Chansey|83\/100 par
|move|p1a: Chansey|Ice Beam|p2a: Alakazam
|-damage|p2a: Alakazam|30\/100 par
|
|turn|52
|choice||
|
|move|p2a: Alakazam|Recover|p2a: Alakazam
|-heal|p2a: Alakazam|80\/100 par
|move|p1a: Chansey|Ice Beam|p2a: Alakazam
|-damage|p2a: Alakazam|58\/100 par
|
|turn|53
|choice||
|
|move|p2a: Alakazam|Recover|p2a: Alakazam
|-heal|p2a: Alakazam|100\/100 par
|move|p1a: Chansey|Soft-Boiled|p1a: Chansey
|-heal|p1a: Chansey|100\/100 par
|
|turn|54
|choice||
|
|move|p2a: Alakazam|Recover|p2a: Alakazam
|-fail|p2a: Alakazam
|cant|p1a: Chansey|par
|
|turn|55
|choice||
|
|switch|p2a: Machamp|Machamp|100\/100
|move|p1a: Chansey|Ice Beam|p2a: Machamp
|-damage|p2a: Machamp|73\/100
|
|turn|56
|choice||
|
|move|p2a: Machamp|Earthquake|p1a: Chansey
|-damage|p1a: Chansey|63\/100 par
|cant|p1a: Chansey|par
|
|turn|57
|choice||
|
|move|p2a: Machamp|Low Kick|p1a: Chansey
|-supereffective|p1a: Chansey
|-damage|p1a: Chansey|9\/100 par
|cant|p1a: Chansey|flinch
|
|turn|58
|choice||
|
|switch|p1a: Gengar|Gengar|100\/100 par
|move|p2a: Machamp|Low Kick|p1a: Gengar
|-immune|p1a: Gengar|[msg]
|
|turn|59
|choice||
|
|switch|p2a: Starmie|Starmie|80\/100 slp
|move|p1a: Gengar|Psychic|p2a: Starmie
|-resisted|p2a: Starmie
|-damage|p2a: Starmie|66\/100 slp
|
|turn|60
|choice||
|
|cant|p2a: Starmie|slp
|move|p1a: Gengar|Mega Drain|p2a: Starmie
|-supereffective|p2a: Starmie
|-damage|p2a: Starmie|43\/100 slp
|
|turn|61
|choice||
|
|cant|p2a: Starmie|slp
|move|p1a: Gengar|Hyper Beam|p2a: Starmie
|-crit|p2a: Starmie
|-damage|p2a: Starmie|0 fnt
|faint|p2a: Starmie
|choice||
|
|switch|p2a: Machamp|Machamp|73\/100
|turn|62
|choice||
|
|move|p2a: Machamp|Earthquake|p1a: Gengar
|-crit|p1a: Gengar
|-supereffective|p1a: Gengar
|-damage|p1a: Gengar|0 fnt
|faint|p1a: Gengar
|choice||
|
|switch|p1a: Chansey|Chansey|9\/100 par
|turn|63
|choice||
|
|move|p2a: Machamp|Low Kick|p1a: Chansey
|-supereffective|p1a: Chansey
|-damage|p1a: Chansey|0 fnt
|faint|p1a: Chansey
|
|win|gen1masterrony
|player|p1
|player|p2
|l|jeanprouve
|raw|jeanprouve's rating: 1108 &rarr; <strong>1076<\/strong><br \/>(-32 for losing)
|raw|gen1masterrony's rating: 1000 &rarr; <strong>1052<\/strong><br \/>(+52 for winning)