|join|Mandelbrot
|join|CANT MOVE
|player|p1|Mandelbrot|101
|player|p2|CANT MOVE|161
|gametype|singles
|gen|1
|tier|[Gen 1] Random Battle
|rated
|rule|Sleep Clause Mod: Limit one foe put to sleep
|rule|Freeze Clause Mod: Limit one foe frozen
|rule|HP Percentage Mod: HP is shown in percentages
|
|start
|switch|p1a: Blastoise|Blastoise, L86|311\/311
|switch|p2a: Rattata|Rattata, L92|242\/242
|turn|1
|
|move|p2a: Rattata|Super Fang|p1a: Blastoise
|-damage|p1a: Blastoise|156\/311
|move|p1a: Blastoise|Hydro Pump|p2a: Rattata
|-damage|p2a: Rattata|46\/242
|
|turn|2
|
|move|p2a: Rattata|Body Slam|p1a: Blastoise
|-crit|p1a: Blastoise
|-damage|p1a: Blastoise|14\/311
|move|p1a: Blastoise|Surf|p2a: Rattata
|-damage|p2a: Rattata|0 fnt
|faint|p2a: Rattata
|
|switch|p2a: Electrode|Electrode, L86|279\/279
|turn|3
|
|move|p2a: Electrode|Screech|p1a: Blastoise|[miss]
|-miss|p2a: Electrode
|move|p1a: Blastoise|Hyper Beam|p2a: Electrode
|-damage|p2a: Electrode|167\/279
|
|turn|4
|
|move|p2a: Electrode|Thunder|p1a: Blastoise|[miss]
|-miss|p2a: Electrode
|cant|p1a: Blastoise|recharge
|
|turn|5
|
|move|p2a: Electrode|Thunder|p1a: Blastoise
|-supereffective|p1a: Blastoise
|-damage|p1a: Blastoise|0 fnt
|faint|p1a: Blastoise
|
|switch|p1a: Golem|Golem, L82|299\/299
|turn|6
|
|switch|p2a: Kingler|Kingler, L86|270\/270
|move|p1a: Golem|Earthquake|p2a: Kingler
|-damage|p2a: Kingler|178\/270
|
|turn|7
|
|switch|p1a: Victreebel|Victreebel, L86|313\/313
|move|p2a: Kingler|Crabhammer|p1a: Victreebel
|-crit|p1a: Victreebel
|-resisted|p1a: Victreebel
|-damage|p1a: Victreebel|257\/313
|
|turn|8
|
|switch|p2a: Electrode|Electrode, L86|167\/279
|move|p1a: Victreebel|Sleep Powder|p2a: Electrode
|-status|p2a: Electrode|slp
|
|turn|9
|
|switch|p2a: Chansey|Chansey, L82|578\/578
|move|p1a: Victreebel|Hyper Beam|p2a: Chansey
|-damage|p2a: Chansey|272\/578
|
|turn|10
|
|cant|p1a: Victreebel|recharge
|move|p2a: Chansey|Thunder Wave|p1a: Victreebel
|-status|p1a: Victreebel|par
|
|turn|11
|
|move|p2a: Chansey|Soft-Boiled|p2a: Chansey
|-heal|p2a: Chansey|561\/578
|cant|p1a: Victreebel|par
|
|turn|12
|
|move|p2a: Chansey|Ice Beam|p1a: Victreebel
|-supereffective|p1a: Victreebel
|-damage|p1a: Victreebel|131\/313 par
|move|p1a: Victreebel|Stun Spore|p2a: Chansey
|-status|p2a: Chansey|par
|
|turn|13
|
|move|p1a: Victreebel|Hyper Beam|p2a: Chansey|[miss]
|-miss|p1a: Victreebel
|move|p2a: Chansey|Ice Beam|p1a: Victreebel
|-supereffective|p1a: Victreebel
|-damage|p1a: Victreebel|5\/313 par
|
|turn|14
|
|cant|p1a: Victreebel|par
|move|p2a: Chansey|Soft-Boiled|p2a: Chansey
|-heal|p2a: Chansey|578\/578 par
|
|turn|15
|
|cant|p1a: Victreebel|par
|move|p2a: Chansey|Ice Beam|p1a: Victreebel
|-supereffective|p1a: Victreebel
|-damage|p1a: Victreebel|0 fnt
|faint|p1a: Victreebel
|
|switch|p1a: Golem|Golem, L82|299\/299
|turn|16
|
|move|p1a: Golem|Earthquake|p2a: Chansey
|-damage|p2a: Chansey|317\/578 par
|move|p2a: Chansey|Counter|p1a: Golem
|-fail|p2a: Chansey
|
|turn|17
|
|move|p1a: Golem|Earthquake|p2a: Chansey
|-damage|p2a: Chansey|35\/578 par
|cant|p2a: Chansey|par
|
|turn|18
|
|switch|p2a: Electrode|Electrode, L86|167\/279 slp
|move|p1a: Golem|Body Slam|p2a: Electrode
|-crit|p2a: Electrode
|-damage|p2a: Electrode|29\/279 slp
|
|turn|19
|
|cant|p2a: Electrode|slp
|move|p1a: Golem|Body Slam|p2a: Electrode
|-damage|p2a: Electrode|0 fnt
|faint|p2a: Electrode
|
|switch|p2a: Golduck|Golduck, L86|313\/313
|turn|20
|
|switch|p1a: Magneton|Magneton, L86|261\/261
|move|p2a: Golduck|Amnesia|p2a: Golduck
|-boost|p2a: Golduck|spd|2
|-boost|p2a: Golduck|spa|2
|
|turn|21
|
|move|p2a: Golduck|Blizzard|p1a: Magneton
|-damage|p1a: Magneton|147\/261
|move|p1a: Magneton|Thunder|p2a: Golduck
|-supereffective|p2a: Golduck
|-damage|p2a: Golduck|149\/313
|
|turn|22
|
|move|p2a: Golduck|Amnesia|p2a: Golduck
|-boost|p2a: Golduck|spd|2
|-boost|p2a: Golduck|spa|2
|move|p1a: Magneton|Thunder|p2a: Golduck
|-supereffective|p2a: Golduck
|-damage|p2a: Golduck|49\/313
|
|turn|23
|
|move|p2a: Golduck|Rest|p2a: Golduck
|-status|p2a: Golduck|slp
|-heal|p2a: Golduck|313\/313 slp|[silent]
|-status|p2a: Golduck|slp|[from] move: Rest
|move|p1a: Magneton|Thunder|p2a: Golduck
|-supereffective|p2a: Golduck
|-damage|p2a: Golduck|201\/313 slp
|
|turn|24
|
|cant|p2a: Golduck|slp
|move|p1a: Magneton|Thunder|p2a: Golduck
|-supereffective|p2a: Golduck
|-damage|p2a: Golduck|90\/313 slp
|
|turn|25
|
|cant|p2a: Golduck|slp
|-curestatus|p2a: Golduck|slp
|move|p1a: Magneton|Thunder|p2a: Golduck
|-supereffective|p2a: Golduck
|-damage|p2a: Golduck|0 fnt
|faint|p2a: Golduck
|
|switch|p2a: Rhydon|Rhydon, L82|340\/340
|turn|26
|
|switch|p1a: Marowak|Marowak, L86|279\/279
|move|p2a: Rhydon|Substitute|p2a: Rhydon
|-start|p2a: Rhydon|Substitute
|-damage|p2a: Rhydon|255\/340
|
|turn|27
|
|move|p1a: Marowak|Earthquake|p2a: Rhydon
|-supereffective|p2a: Rhydon
|-end|p2a: Rhydon|Substitute
|move|p2a: Rhydon|Body Slam|p1a: Marowak
|-damage|p1a: Marowak|222\/279
|
|turn|28
|
|move|p1a: Marowak|Earthquake|p2a: Rhydon
|-supereffective|p2a: Rhydon
|-damage|p2a: Rhydon|82\/340
|move|p2a: Rhydon|Body Slam|p1a: Marowak
|-damage|p1a: Marowak|164\/279
|
|turn|29
|
|switch|p2a: Chansey|Chansey, L82|35\/578 par
|move|p1a: Marowak|Earthquake|p2a: Chansey
|-damage|p2a: Chansey|0 fnt
|faint|p2a: Chansey
|
|switch|p2a: Kingler|Kingler, L86|178\/270
|turn|30
|
|move|p2a: Kingler|Crabhammer|p1a: Marowak
|-crit|p1a: Marowak
|-supereffective|p1a: Marowak
|-damage|p1a: Marowak|0 fnt
|faint|p1a: Marowak
|
|switch|p1a: Magneton|Magneton, L86|147\/261
|turn|31
|
|switch|p2a: Rhydon|Rhydon, L82|82\/340
|move|p1a: Magneton|Thunder|p2a: Rhydon|[miss]
|-miss|p1a: Magneton
|-immune|p2a: Rhydon|[msg]
|
|turn|32
|
|move|p1a: Magneton|Double-Edge|p2a: Rhydon
|-resisted|p2a: Rhydon
|-damage|p2a: Rhydon|59\/340
|-damage|p1a: Magneton|142\/261|[from] recoil|[of] p2a: Rhydon
|move|p2a: Rhydon|Earthquake|p1a: Magneton
|-supereffective|p1a: Magneton
|-damage|p1a: Magneton|0 fnt
|faint|p1a: Magneton
|
|switch|p1a: Beedrill|Beedrill, L86|287\/287
|turn|33
|
|move|p1a: Beedrill|Twineedle|p2a: Rhydon
|-damage|p2a: Rhydon|37\/340
|-damage|p2a: Rhydon|15\/340
|-hitcount|p2a: Rhydon|2
|move|p2a: Rhydon|Earthquake|p1a: Beedrill
|-damage|p1a: Beedrill|103\/287
|
|turn|34
|
|move|p1a: Beedrill|Twineedle|p2a: Rhydon
|-damage|p2a: Rhydon|0 fnt
|-hitcount|p2a: Rhydon|1
|faint|p2a: Rhydon
|
|switch|p2a: Kingler|Kingler, L86|178\/270
|turn|35
|
|move|p1a: Beedrill|Twineedle|p2a: Kingler
|-damage|p2a: Kingler|158\/270
|-damage|p2a: Kingler|138\/270
|-hitcount|p2a: Kingler|2
|move|p2a: Kingler|Body Slam|p1a: Beedrill
|-damage|p1a: Beedrill|0 fnt
|faint|p1a: Beedrill
|
|switch|p1a: Golem|Golem, L82|299\/299
|turn|36
|
|move|p2a: Kingler|Crabhammer|p1a: Golem
|-crit|p1a: Golem
|-supereffective|p1a: Golem
|-damage|p1a: Golem|0 fnt
|faint|p1a: Golem
|
|win|CANT MOVE
|raw|Ladder updating...
|raw|Mandelbrot's rating: 1094 &rarr; <strong>1070<\/strong><br \/>(-24 for losing)
|raw|CANT MOVE's rating: 1097 &rarr; <strong>1122<\/strong><br \/>(+25 for winning)
|c|★Mandelbrot|gg
|c|★CANT MOVE|gg