|join|grorschach
|join|Grizou88
|player|p1|grorschach|130
|player|p2|Grizou88|238
|gametype|singles
|gen|1
|tier|[Gen 1] Random Battle
|rated
|seed|8862,8055,6312,37080
|rule|Sleep Clause Mod: Limit one foe put to sleep
|rule|Freeze Clause Mod: Limit one foe frozen
|rule|HP Percentage Mod: HP is shown in percentages
|
|start
|switch|p1a: Flareon|Flareon, L90|300\/300
|switch|p2a: Pidgey|Pidgey, L96|272\/272
|turn|1
|choice|move Fire Blast|switch 4
|
|switch|p2a: Onix|Onix, L90|246\/246
|move|p1a: Flareon|Fire Blast|p2a: Onix|[miss]
|-miss|p1a: Flareon
|
|turn|2
|choice|switch 5|move 3
|
|switch|p1a: Snorlax|Snorlax, L79|415\/415
|move|p2a: Onix|Rock Slide|p1a: Snorlax
|-damage|p1a: Snorlax|344\/415
|
|turn|3
|choice|move Amnesia|move 4
|
|move|p2a: Onix|Earthquake|p1a: Snorlax
|-damage|p1a: Snorlax|243\/415
|move|p1a: Snorlax|Amnesia|p1a: Snorlax
|-boost|p1a: Snorlax|spd|2
|-boost|p1a: Snorlax|spa|2
|
|turn|4
|choice|move Blizzard|move 2
|
|move|p2a: Onix|Explosion|p1a: Snorlax
|-damage|p1a: Snorlax|19\/415
|faint|p2a: Onix
|choice||switch 3
|
|switch|p2a: Hitmonlee|Hitmonlee, L90|273\/273
|turn|5
|choice|switch 4|move 2
|
|switch|p1a: Pidgey|Pidgey, L96|272\/272
|move|p2a: Hitmonlee|Seismic Toss|p1a: Pidgey
|-damage|p1a: Pidgey|182\/272
|
|turn|6
|choice|move Sky Attack|move 1
|
|move|p2a: Hitmonlee|Body Slam|p1a: Pidgey
|-damage|p1a: Pidgey|67\/272
|move|p1a: Pidgey|Sky Attack|p2a: Hitmonlee|[still]
|-prepare|p1a: Pidgey|Sky Attack|p2a: Hitmonlee
|
|turn|7
|choice|move Sky Attack|move 2
|
|move|p2a: Hitmonlee|Seismic Toss|p1a: Pidgey
|-damage|p1a: Pidgey|0 fnt
|faint|p1a: Pidgey
|choice|switch 6|
|
|switch|p1a: Venomoth|Venomoth, L85|293\/293
|turn|8
|choice|move Stun Spore|switch 4
|
|switch|p2a: Pidgey|Pidgey, L96|272\/272
|move|p1a: Venomoth|Stun Spore|p2a: Pidgey
|-status|p2a: Pidgey|par
|
|turn|9
|choice|switch 3|move 4
|
|switch|p1a: Koffing|Koffing, L96|272\/272
|move|p2a: Pidgey|Mimic|p1a: Koffing
|-start|p2a: Pidgey|Mimic|Fire Blast
|
|turn|10
|choice|move Thunder|move 2
|
|move|p1a: Koffing|Thunder|p2a: Pidgey
|-supereffective|p2a: Pidgey
|-damage|p2a: Pidgey|50\/272 par
|move|p2a: Pidgey|Sand Attack|p1a: Koffing
|-unboost|p1a: Koffing|accuracy|1
|
|turn|11
|choice|move Sludge|move 3
|
|move|p1a: Koffing|Sludge|p2a: Pidgey
|-damage|p2a: Pidgey|0 fnt
|faint|p2a: Pidgey
|choice||switch 2
|
|switch|p2a: Tentacruel|Tentacruel, L85|310\/310
|turn|12
|choice|move Thunder|move 3
|
|move|p2a: Tentacruel|Surf|p1a: Koffing
|-damage|p1a: Koffing|144\/272
|move|p1a: Koffing|Thunder|p2a: Tentacruel|[miss]
|-miss|p1a: Koffing
|
|turn|13
|choice|move Thunder|move 4
|
|move|p2a: Tentacruel|Swords Dance|p2a: Tentacruel
|-boost|p2a: Tentacruel|atk|2
|move|p1a: Koffing|Thunder|p2a: Tentacruel
|-supereffective|p2a: Tentacruel
|-damage|p2a: Tentacruel|174\/310
|
|turn|14
|choice|switch 2|move 1
|
|switch|p1a: Slowbro|Slowbro, L79|312\/312
|move|p2a: Tentacruel|Hyper Beam|p1a: Slowbro
|-damage|p1a: Slowbro|139\/312
|
|turn|15
|-mustrecharge|p2a: Tentacruel
|-mustrecharge|p2a: Tentacruel
|choice|move Thunder Wave|move 1
|
|cant|p2a: Tentacruel|recharge
|move|p1a: Slowbro|Thunder Wave|p2a: Tentacruel
|-status|p2a: Tentacruel|par
|
|turn|16
|choice|switch 2|move 1
|
|switch|p1a: Koffing|Koffing, L96|144\/272
|cant|p2a: Tentacruel|par
|
|turn|17
|choice|move Thunder|move 1
|
|move|p1a: Koffing|Thunder|p2a: Tentacruel|[miss]
|-miss|p1a: Koffing
|cant|p2a: Tentacruel|par
|
|turn|18
|choice|move Thunder|move 1
|
|move|p1a: Koffing|Thunder|p2a: Tentacruel|[miss]
|-miss|p1a: Koffing
|cant|p2a: Tentacruel|par
|
|turn|19
|choice|move Thunder|move 1
|
|move|p1a: Koffing|Thunder|p2a: Tentacruel
|-supereffective|p2a: Tentacruel
|-damage|p2a: Tentacruel|35\/310 par
|move|p2a: Tentacruel|Hyper Beam|p1a: Koffing
|-damage|p1a: Koffing|0 fnt
|faint|p1a: Koffing
|choice|switch 3|
|
|switch|p1a: Venomoth|Venomoth, L85|293\/293
|turn|20
|choice|move Psychic|move 2
|
|move|p1a: Venomoth|Psychic|p2a: Tentacruel
|-supereffective|p2a: Tentacruel
|-damage|p2a: Tentacruel|0 fnt
|faint|p2a: Tentacruel
|choice||switch 6
|
|switch|p2a: Rapidash|Rapidash, L90|300\/300
|turn|21
|choice|switch 2|move 1
|
|switch|p1a: Slowbro|Slowbro, L79|139\/312
|move|p2a: Rapidash|Fire Blast|p1a: Slowbro
|-resisted|p1a: Slowbro
|-damage|p1a: Slowbro|68\/312
|
|turn|22
|choice|move Surf|move 1
|
|move|p2a: Rapidash|Fire Blast|p1a: Slowbro
|-resisted|p1a: Slowbro
|-damage|p1a: Slowbro|0 fnt
|faint|p1a: Slowbro
|choice|switch 5|
|
|switch|p1a: Flareon|Flareon, L90|300\/300
|turn|23
|choice|move Body Slam|switch 4
|
|switch|p2a: Hitmonlee|Hitmonlee, L90|273\/273
|move|p1a: Flareon|Body Slam|p2a: Hitmonlee
|-damage|p2a: Hitmonlee|168\/273
|
|turn|24
|choice|move Quick Attack|move 1
|
|move|p1a: Flareon|Quick Attack|p2a: Hitmonlee
|-damage|p2a: Hitmonlee|120\/273
|move|p2a: Hitmonlee|Body Slam|p1a: Flareon
|-crit|p1a: Flareon
|-damage|p1a: Flareon|119\/300
|
|turn|25
|choice|move Hyper Beam|move 2
|
|move|p2a: Hitmonlee|Seismic Toss|p1a: Flareon
|-damage|p1a: Flareon|29\/300
|move|p1a: Flareon|Hyper Beam|p2a: Hitmonlee
|-damage|p2a: Hitmonlee|0 fnt
|faint|p2a: Hitmonlee
|choice||switch 4
|
|switch|p2a: Rapidash|Rapidash, L90|300\/300
|turn|26
|choice|move Body Slam|move 1
|
|move|p2a: Rapidash|Fire Blast|p1a: Flareon
|-resisted|p1a: Flareon
|-damage|p1a: Flareon|0 fnt
|faint|p1a: Flareon
|choice|switch 4|
|
|switch|p1a: Snorlax|Snorlax, L79|19\/415
|turn|27
|choice|move Body Slam|move 1
|
|move|p2a: Rapidash|Fire Blast|p1a: Snorlax
|-damage|p1a: Snorlax|0 fnt
|faint|p1a: Snorlax
|choice|switch 2|
|
|switch|p1a: Venomoth|Venomoth, L85|293\/293
|turn|28
|choice|move Sleep Powder|move 1
|
|move|p2a: Rapidash|Fire Blast|p1a: Venomoth
|-crit|p1a: Venomoth
|-supereffective|p1a: Venomoth
|-damage|p1a: Venomoth|0 fnt
|faint|p1a: Venomoth
|
|win|Grizou88
|raw|grorschach's rating: 1087 &rarr; <strong>1077<\/strong><br \/>(-10 for losing)
|raw|Grizou88's rating: 1299 &rarr; <strong>1310<\/strong><br \/>(+11 for winning)