|join|Repenting
|join|hitmonleetopchan
|c|★Repenting|I like your username
|player|p1|Repenting|252
|player|p2|hitmonleetopchan|244
|gametype|singles
|gen|1
|tier|[Gen 1] Random Battle
|rated
|rule|Sleep Clause Mod: Limit one foe put to sleep
|rule|Freeze Clause Mod: Limit one foe frozen
|rule|HP Percentage Mod: HP is shown in percentages
|
|start
|switch|p1a: Magneton|Magneton, L86|261\/261
|switch|p2a: Porygon|Porygon, L86|287\/287
|turn|1
|
|move|p1a: Magneton|Thunderbolt|p2a: Porygon
|-damage|p2a: Porygon|150\/287
|move|p2a: Porygon|Tri Attack|p1a: Magneton
|-damage|p1a: Magneton|196\/261
|
|turn|2
|
|switch|p2a: Electabuzz|Electabuzz, L86|287\/287
|move|p1a: Magneton|Hyper Beam|p2a: Electabuzz
|-damage|p2a: Electabuzz|182\/287
|
|turn|3
|
|move|p2a: Electabuzz|Thunder Wave|p1a: Magneton
|-status|p1a: Magneton|par
|cant|p1a: Magneton|recharge
|
|turn|4
|
|switch|p1a: Onix|Onix, L86|236\/236
|move|p2a: Electabuzz|Seismic Toss|p1a: Onix
|-damage|p1a: Onix|150\/236
|
|turn|5
|
|switch|p2a: Vaporeon|Vaporeon, L86|399\/399
|move|p1a: Onix|Earthquake|p2a: Vaporeon
|-damage|p2a: Vaporeon|317\/399
|
|turn|6
|
|switch|p1a: Magneton|Magneton, L86|196\/261 par
|move|p2a: Vaporeon|Surf|p1a: Magneton
|-crit|p1a: Magneton
|-damage|p1a: Magneton|19\/261 par
|
|turn|7
|
|move|p2a: Vaporeon|Surf|p1a: Magneton
|-crit|p1a: Magneton
|-damage|p1a: Magneton|0 fnt
|faint|p1a: Magneton
|
|switch|p1a: Golbat|Golbat, L86|304\/304
|turn|8
|
|move|p1a: Golbat|Confuse Ray|p2a: Vaporeon
|-start|p2a: Vaporeon|confusion
|-activate|p2a: Vaporeon|confusion
|move|p2a: Vaporeon|Blizzard|p1a: Golbat
|-supereffective|p1a: Golbat
|-damage|p1a: Golbat|90\/304
|
|turn|9
|
|move|p1a: Golbat|Mega Drain|p2a: Vaporeon
|-supereffective|p2a: Vaporeon
|-damage|p2a: Vaporeon|273\/399
|-heal|p1a: Golbat|112\/304|[from] drain|[of] p2a: Vaporeon
|-activate|p2a: Vaporeon|confusion
|move|p2a: Vaporeon|Blizzard|p1a: Golbat|[miss]
|-miss|p2a: Vaporeon
|
|turn|10
|c|★Repenting|dat defense
|
|move|p1a: Golbat|Double-Edge|p2a: Vaporeon
|-damage|p2a: Vaporeon|192\/399
|-damage|p1a: Golbat|92\/304|[from] recoil|[of] p2a: Vaporeon
|-activate|p2a: Vaporeon|confusion
|move|p2a: Vaporeon|Surf|p1a: Golbat
|-damage|p1a: Golbat|0 fnt
|faint|p1a: Golbat
|
|switch|p1a: Nidorino|Nidorino, L88|287\/287
|turn|11
|
|switch|p2a: Scyther|Scyther, L86|296\/296
|move|p1a: Nidorino|Substitute|p1a: Nidorino
|-start|p1a: Nidorino|Substitute
|-damage|p1a: Nidorino|216\/287
|
|turn|12
|
|move|p2a: Scyther|Slash|p1a: Nidorino
|-crit|p1a: Nidorino
|-end|p1a: Nidorino|Substitute
|move|p1a: Nidorino|Leer|p2a: Scyther
|-unboost|p2a: Scyther|def|1
|
|turn|13
|
|move|p2a: Scyther|Slash|p1a: Nidorino
|-crit|p1a: Nidorino
|-damage|p1a: Nidorino|78\/287
|move|p1a: Nidorino|Double-Edge|p2a: Scyther
|-damage|p2a: Scyther|193\/296
|-damage|p1a: Nidorino|53\/287|[from] recoil|[of] p2a: Scyther
|
|turn|14
|
|switch|p1a: Onix|Onix, L86|150\/236
|move|p2a: Scyther|Slash|p1a: Onix|[miss]
|-miss|p2a: Scyther
|
|turn|15
|c|★hitmonleetopchan|slash has 100% accuracy and it miss wtf
|
|switch|p2a: Vaporeon|Vaporeon, L86|192\/399
|move|p1a: Onix|Rock Slide|p2a: Vaporeon
|-crit|p2a: Vaporeon
|-damage|p2a: Vaporeon|75\/399
|
|turn|16
|
|move|p1a: Onix|Earthquake|p2a: Vaporeon
|-damage|p2a: Vaporeon|0 fnt
|faint|p2a: Vaporeon
|
|switch|p2a: Golduck|Golduck, L86|313\/313
|turn|17
|c|★Repenting|I think in Gen I every move had a chance of missing.
|
|move|p2a: Golduck|Surf|p1a: Onix
|-supereffective|p1a: Onix
|-damage|p1a: Onix|0 fnt
|faint|p1a: Onix
|
|switch|p1a: Nidorino|Nidorino, L88|53\/287
|turn|18
|
|move|p2a: Golduck|Ice Beam|p1a: Nidorino
|-damage|p1a: Nidorino|0 fnt
|faint|p1a: Nidorino
|
|switch|p1a: Ninetales|Ninetales, L86|301\/301
|turn|19
|
|move|p1a: Ninetales|Confuse Ray|p2a: Golduck
|-start|p2a: Golduck|confusion
|-activate|p2a: Golduck|confusion
|-damage|p2a: Golduck|282\/313|[from] confusion
|
|turn|20
|
|move|p1a: Ninetales|Body Slam|p2a: Golduck
|-damage|p2a: Golduck|228\/313
|-activate|p2a: Golduck|confusion
|-damage|p2a: Golduck|197\/313|[from] confusion
|
|turn|21
|
|move|p1a: Ninetales|Fire Spin|p2a: Golduck|[miss]
|-miss|p1a: Ninetales
|-activate|p2a: Golduck|confusion
|-damage|p2a: Golduck|166\/313|[from] confusion
|
|turn|22
|
|move|p1a: Ninetales|Body Slam|p2a: Golduck
|-damage|p2a: Golduck|105\/313
|-activate|p2a: Golduck|confusion
|-damage|p2a: Golduck|74\/313|[from] confusion
|
|turn|23
|
|move|p1a: Ninetales|Body Slam|p2a: Golduck
|-damage|p2a: Golduck|21\/313
|-end|p2a: Golduck|confusion
|move|p2a: Golduck|Surf|p1a: Ninetales
|-supereffective|p1a: Ninetales
|-damage|p1a: Ninetales|129\/301
|
|turn|24
|
|move|p1a: Ninetales|Body Slam|p2a: Golduck
|-damage|p2a: Golduck|0 fnt
|faint|p2a: Golduck
|
|switch|p2a: Scyther|Scyther, L86|193\/296
|turn|25
|
|move|p2a: Scyther|Slash|p1a: Ninetales
|-crit|p1a: Ninetales
|-damage|p1a: Ninetales|11\/301
|move|p1a: Ninetales|Fire Blast|p2a: Scyther
|-supereffective|p2a: Scyther
|-damage|p2a: Scyther|0 fnt
|faint|p2a: Scyther
|
|switch|p2a: Electabuzz|Electabuzz, L86|182\/287
|turn|26
|
|switch|p1a: Golem|Golem, L82|299\/299
|move|p2a: Electabuzz|Seismic Toss|p1a: Golem
|-damage|p1a: Golem|213\/299
|
|turn|27
|
|move|p2a: Electabuzz|Psychic|p1a: Golem
|-damage|p1a: Golem|128\/299
|-unboost|p1a: Golem|spd|1
|-unboost|p1a: Golem|spa|1
|move|p1a: Golem|Earthquake|p2a: Electabuzz
|-supereffective|p2a: Electabuzz
|-damage|p2a: Electabuzz|0 fnt
|faint|p2a: Electabuzz
|
|switch|p2a: Porygon|Porygon, L86|150\/287
|turn|28
|
|move|p1a: Golem|Earthquake|p2a: Porygon
|-damage|p2a: Porygon|22\/287
|move|p2a: Porygon|Psychic|p1a: Golem
|-damage|p1a: Golem|18\/299
|
|turn|29
|
|move|p1a: Golem|Body Slam|p2a: Porygon
|-damage|p2a: Porygon|0 fnt
|faint|p2a: Porygon
|
|switch|p2a: Zapdos|Zapdos, L82|315\/315
|turn|30
|
|move|p2a: Zapdos|Drill Peck|p1a: Golem
|-resisted|p1a: Golem
|-damage|p1a: Golem|0 fnt
|faint|p1a: Golem
|
|switch|p1a: Ninetales|Ninetales, L86|11\/301
|turn|31
|
|move|p1a: Ninetales|Fire Blast|p2a: Zapdos
|-damage|p2a: Zapdos|211\/315
|move|p2a: Zapdos|Drill Peck|p1a: Ninetales
|-crit|p1a: Ninetales
|-damage|p1a: Ninetales|0 fnt
|faint|p1a: Ninetales
|
|win|hitmonleetopchan
|raw|Ladder updating...
|raw|Repenting's rating: 1067 &rarr; <strong>1047<\/strong><br \/>(-20 for losing)
|raw|hitmonleetopchan's rating: 1070 &rarr; <strong>1099<\/strong><br \/>(+29 for winning)