|join|PickledBeets
|join|checkmatemaster
|player|p1|PickledBeets|162
|player|p2|checkmatemaster|265
|gametype|singles
|gen|1
|tier|[Gen 1] Random Battle
|rated
|rule|Sleep Clause Mod: Limit one foe put to sleep
|rule|Freeze Clause Mod: Limit one foe frozen
|rule|HP Percentage Mod: HP is shown in percentages
|
|start
|switch|p1a: Geodude|Geodude, L96|272\/272
|switch|p2a: Blastoise|Blastoise, L85|308\/308
|turn|1
|
|move|p2a: Blastoise|Earthquake|p1a: Geodude
|-supereffective|p1a: Geodude
|-damage|p1a: Geodude|159\/272
|move|p1a: Geodude|Earthquake|p2a: Blastoise
|-damage|p2a: Blastoise|199\/308
|
|turn|2
|
|switch|p1a: Jolteon|Jolteon, L79|265\/265
|move|p2a: Blastoise|Earthquake|p1a: Jolteon
|-supereffective|p1a: Jolteon
|-damage|p1a: Jolteon|83\/265
|
|turn|3
|
|switch|p2a: Marowak|Marowak, L90|291\/291
|move|p1a: Jolteon|Thunderbolt|p2a: Marowak
|-immune|p2a: Marowak|[msg]
|
|turn|4
|
|switch|p1a: Seaking|Seaking, L90|327\/327
|move|p2a: Marowak|Earthquake|p1a: Seaking
|-damage|p1a: Seaking|214\/327
|
|turn|5
|
|switch|p2a: Blastoise|Blastoise, L85|199\/308
|move|p1a: Seaking|Blizzard|p2a: Blastoise|[miss]
|-miss|p1a: Seaking
|
|turn|6
|
|move|p2a: Blastoise|Earthquake|p1a: Seaking
|-crit|p1a: Seaking
|-damage|p1a: Seaking|71\/327
|move|p1a: Seaking|Double-Edge|p2a: Blastoise
|-damage|p2a: Blastoise|124\/308
|-damage|p1a: Seaking|53\/327|[from] recoil|[of] p2a: Blastoise
|
|turn|7
|
|move|p2a: Blastoise|Hyper Beam|p1a: Seaking
|-damage|p1a: Seaking|0 fnt
|faint|p1a: Seaking
|
|switch|p1a: Lapras|Lapras, L79|367\/367
|turn|8
|
|switch|p2a: Alakazam|Alakazam, L79|249\/249
|move|p1a: Lapras|Body Slam|p2a: Alakazam
|-damage|p2a: Alakazam|176\/249
|
|turn|9
|
|move|p2a: Alakazam|Thunder Wave|p1a: Lapras
|-status|p1a: Lapras|par
|cant|p1a: Lapras|par
|
|turn|10
|
|switch|p2a: Blastoise|Blastoise, L85|124\/308
|cant|p1a: Lapras|par
|
|turn|11
|
|move|p2a: Blastoise|Earthquake|p1a: Lapras
|-damage|p1a: Lapras|289\/367 par
|cant|p1a: Lapras|par
|
|turn|12
|
|move|p2a: Blastoise|Earthquake|p1a: Lapras
|-damage|p1a: Lapras|218\/367 par
|move|p1a: Lapras|Body Slam|p2a: Blastoise
|-crit|p2a: Blastoise
|-damage|p2a: Blastoise|39\/308
|
|turn|13
|
|move|p2a: Blastoise|Hyper Beam|p1a: Lapras
|-damage|p1a: Lapras|101\/367 par
|move|p1a: Lapras|Body Slam|p2a: Blastoise
|-damage|p2a: Blastoise|0 fnt
|faint|p2a: Blastoise
|
|switch|p2a: Marowak|Marowak, L90|291\/291
|turn|14
|
|move|p2a: Marowak|Earthquake|p1a: Lapras
|-damage|p1a: Lapras|0 fnt
|faint|p1a: Lapras
|c|★PickledBeets|good god
|
|switch|p1a: Ditto|Ditto, L99|296\/296
|turn|15
|
|move|p1a: Ditto|Transform|p2a: Marowak
|-transform|p1a: Ditto|p2a: Marowak
|move|p2a: Marowak|Blizzard|p1a: Ditto
|-supereffective|p1a: Ditto
|-damage|p1a: Ditto|129\/296
|
|turn|16
|
|move|p1a: Ditto|Blizzard|p2a: Marowak
|-supereffective|p2a: Marowak
|-damage|p2a: Marowak|80\/291
|move|p2a: Marowak|Blizzard|p1a: Ditto
|-supereffective|p1a: Ditto
|-damage|p1a: Ditto|0 fnt
|faint|p1a: Ditto
|
|switch|p1a: Weezing|Weezing, L90|300\/300
|turn|17
|
|move|p1a: Weezing|Sludge|p2a: Marowak
|-resisted|p2a: Marowak
|-damage|p2a: Marowak|48\/291
|move|p2a: Marowak|Earthquake|p1a: Weezing
|-crit|p1a: Weezing
|-supereffective|p1a: Weezing
|-damage|p1a: Weezing|0 fnt
|faint|p1a: Weezing
|
|switch|p1a: Geodude|Geodude, L96|159\/272
|turn|18
|
|move|p2a: Marowak|Earthquake|p1a: Geodude
|-supereffective|p1a: Geodude
|-damage|p1a: Geodude|0 fnt
|faint|p1a: Geodude
|
|switch|p1a: Jolteon|Jolteon, L79|83\/265
|turn|19
|
|move|p1a: Jolteon|Body Slam|p2a: Marowak
|-crit|p2a: Marowak
|-damage|p2a: Marowak|0 fnt
|faint|p2a: Marowak
|
|switch|p2a: Hitmonlee|Hitmonlee, L90|273\/273
|turn|20
|
|move|p1a: Jolteon|Thunderbolt|p2a: Hitmonlee
|-damage|p2a: Hitmonlee|133\/273
|move|p2a: Hitmonlee|Seismic Toss|p1a: Jolteon
|-damage|p1a: Jolteon|0 fnt
|faint|p1a: Jolteon
|
|win|checkmatemaster
|raw|PickledBeets's rating: 1396 &rarr; <strong>1366<\/strong><br \/>(-30 for losing)
|raw|checkmatemaster's rating: 1207 &rarr; <strong>1244<\/strong><br \/>(+37 for winning)
|leave|PickledBeets
|player|p1