|join|HerpesFreeSince03
|join|neck
|player|p1|HerpesFreeSince03|12
|player|p2|neck|169
|gametype|singles
|gen|1
|tier|[Gen 1] Random Battle
|rule|Sleep Clause Mod: Limit one foe put to sleep
|rule|Freeze Clause Mod: Limit one foe frozen
|rule|HP Percentage Mod: HP is shown in percentages
|
|start
|switch|p1a: Arcanine|Arcanine, L85|327\/327
|switch|p2a: Mankey|Mankey, L96|272\/272
|turn|1
|
|move|p1a: Arcanine|Body Slam|p2a: Mankey
|-damage|p2a: Mankey|184\/272
|move|p2a: Mankey|Rock Slide|p1a: Arcanine
|-supereffective|p1a: Arcanine
|-damage|p1a: Arcanine|189\/327
|
|turn|2
|
|move|p1a: Arcanine|Fire Blast|p2a: Mankey
|-damage|p2a: Mankey|6\/272
|move|p2a: Mankey|Rock Slide|p1a: Arcanine|[miss]
|-miss|p2a: Mankey
|
|turn|3
|
|switch|p2a: Chansey|Chansey, L79|557\/557
|move|p1a: Arcanine|Fire Blast|p2a: Chansey
|-damage|p2a: Chansey|450\/557
|
|turn|4
|
|switch|p1a: Nidorino|Nidorino, L90|293\/293
|move|p2a: Chansey|Thunder Wave|p1a: Nidorino
|-status|p1a: Nidorino|par
|
|turn|5
|
|switch|p2a: Mankey|Mankey, L96|6\/272
|move|p1a: Nidorino|Thunderbolt|p2a: Mankey
|-crit|p2a: Mankey
|-damage|p2a: Mankey|0 fnt
|faint|p2a: Mankey
|
|switch|p2a: Ekans|Ekans, L96|262\/262
|turn|6
|
|move|p2a: Ekans|Earthquake|p1a: Nidorino
|-supereffective|p1a: Nidorino
|-damage|p1a: Nidorino|118\/293 par
|move|p1a: Nidorino|Thunderbolt|p2a: Ekans
|-damage|p2a: Ekans|189\/262
|-status|p2a: Ekans|par
|
|turn|7
|
|move|p1a: Nidorino|Thunder|p2a: Ekans|[miss]
|-miss|p1a: Nidorino
|move|p2a: Ekans|Earthquake|p1a: Nidorino
|-supereffective|p1a: Nidorino
|-damage|p1a: Nidorino|0 fnt
|faint|p1a: Nidorino
|
|switch|p1a: Kadabra|Kadabra, L85|242\/242
|turn|8
|
|switch|p2a: Chansey|Chansey, L79|450\/557
|move|p1a: Kadabra|Psychic|p2a: Chansey
|-damage|p2a: Chansey|335\/557
|
|turn|9
|
|switch|p1a: Onix|Onix, L90|246\/246
|move|p2a: Chansey|Thunder Wave|p1a: Onix
|-immune|p1a: Onix|[msg]
|
|turn|10
|
|switch|p2a: Articuno|Articuno, L79|304\/304
|move|p1a: Onix|Rock Slide|p2a: Articuno
|-supereffective|p2a: Articuno
|-damage|p2a: Articuno|75\/304
|
|turn|11
|
|move|p1a: Onix|Rock Slide|p2a: Articuno
|-supereffective|p2a: Articuno
|-damage|p2a: Articuno|0 fnt
|faint|p2a: Articuno
|
|switch|p2a: Jynx|Jynx, L79|265\/265
|turn|12
|
|switch|p1a: Arcanine|Arcanine, L85|189\/327
|move|p2a: Jynx|Lovely Kiss|p1a: Arcanine
|-status|p1a: Arcanine|slp
|
|turn|13
|
|switch|p1a: Onix|Onix, L90|246\/246
|move|p2a: Jynx|Blizzard|p1a: Onix
|-supereffective|p1a: Onix
|-damage|p1a: Onix|0 fnt
|faint|p1a: Onix
|c|★neck|jajajajaajaja
|
|switch|p1a: Kadabra|Kadabra, L85|242\/242
|turn|14
|
|move|p1a: Kadabra|Seismic Toss|p2a: Jynx
|-damage|p2a: Jynx|180\/265
|move|p2a: Jynx|Blizzard|p1a: Kadabra
|-damage|p1a: Kadabra|153\/242
|
|turn|15
|
|switch|p2a: Chansey|Chansey, L79|335\/557
|move|p1a: Kadabra|Thunder Wave|p2a: Chansey
|-status|p2a: Chansey|par
|
|turn|16
|
|move|p1a: Kadabra|Seismic Toss|p2a: Chansey
|-damage|p2a: Chansey|250\/557 par
|cant|p2a: Chansey|par
|
|turn|17
|
|move|p1a: Kadabra|Psychic|p2a: Chansey
|-crit|p2a: Chansey
|-damage|p2a: Chansey|54\/557 par
|move|p2a: Chansey|Soft-Boiled|p2a: Chansey
|-heal|p2a: Chansey|332\/557 par
|
|turn|18
|
|switch|p1a: Raichu|Raichu, L85|276\/276
|move|p2a: Chansey|Soft-Boiled|p2a: Chansey
|-heal|p2a: Chansey|557\/557 par
|
|turn|19
|
|move|p1a: Raichu|Thunder|p2a: Chansey
|-crit|p2a: Chansey
|-damage|p2a: Chansey|327\/557 par
|move|p2a: Chansey|Thunder Wave|p1a: Raichu
|-status|p1a: Raichu|par
|
|turn|20
|
|switch|p2a: Ekans|Ekans, L96|189\/262 par
|move|p1a: Raichu|Thunder|p2a: Ekans
|-crit|p2a: Ekans
|-damage|p2a: Ekans|0 fnt
|faint|p2a: Ekans
|
|switch|p2a: Jynx|Jynx, L79|180\/265
|turn|21
|
|move|p2a: Jynx|Psychic|p1a: Raichu
|-damage|p1a: Raichu|196\/276 par
|-unboost|p1a: Raichu|spd|1
|-unboost|p1a: Raichu|spa|1
|cant|p1a: Raichu|par
|
|turn|22
|
|move|p2a: Jynx|Blizzard|p1a: Raichu
|-damage|p1a: Raichu|27\/276 par
|move|p1a: Raichu|Body Slam|p2a: Jynx
|-damage|p2a: Jynx|76\/265
|
|turn|23
|
|move|p2a: Jynx|Psychic|p1a: Raichu
|-damage|p1a: Raichu|0 fnt
|faint|p1a: Raichu
|
|switch|p1a: Magneton|Magneton, L90|273\/273
|turn|24
|
|move|p2a: Jynx|Blizzard|p1a: Magneton
|-crit|p1a: Magneton
|-damage|p1a: Magneton|119\/273
|move|p1a: Magneton|Hyper Beam|p2a: Jynx
|-damage|p2a: Jynx|0 fnt
|faint|p2a: Jynx
|
|switch|p2a: Electrode|Electrode, L90|291\/291
|turn|25
|
|switch|p1a: Arcanine|Arcanine, L85|189\/327 slp
|move|p2a: Electrode|Thunder Wave|p1a: Arcanine
|-fail|p1a: Arcanine
|
|turn|26
|
|switch|p1a: Magneton|Magneton, L90|119\/273
|move|p2a: Electrode|Thunder|p1a: Magneton|[miss]
|-miss|p2a: Electrode
|
|turn|27
|
|move|p2a: Electrode|Thunder Wave|p1a: Magneton
|-status|p1a: Magneton|par
|move|p1a: Magneton|Thunder Wave|p2a: Electrode
|-status|p2a: Electrode|par
|
|turn|28
|
|move|p2a: Electrode|Thunder|p1a: Magneton
|-resisted|p1a: Magneton
|-damage|p1a: Magneton|70\/273 par
|move|p1a: Magneton|Mimic|p2a: Electrode
|-start|p1a: Magneton|Mimic|Thunder
|
|turn|29
|
|move|p2a: Electrode|Thunder|p1a: Magneton|[miss]
|-miss|p2a: Electrode
|move|p1a: Magneton|Hyper Beam|p2a: Electrode
|-damage|p2a: Electrode|192\/291 par
|
|turn|30
|-mustrecharge|p1a: Magneton
|-mustrecharge|p1a: Magneton
|
|move|p2a: Electrode|Thunder|p1a: Magneton
|-crit|p1a: Magneton
|-resisted|p1a: Magneton
|-damage|p1a: Magneton|0 fnt
|faint|p1a: Magneton
|
|switch|p1a: Kadabra|Kadabra, L85|153\/242
|turn|31
|
|move|p1a: Kadabra|Psychic|p2a: Electrode
|-damage|p2a: Electrode|72\/291 par
|-unboost|p2a: Electrode|spd|1
|-unboost|p2a: Electrode|spa|1
|move|p2a: Electrode|Thunder Wave|p1a: Kadabra
|-status|p1a: Kadabra|par
|
|turn|32
|
|move|p1a: Kadabra|Psychic|p2a: Electrode
|-crit|p2a: Electrode
|-damage|p2a: Electrode|0 fnt
|faint|p2a: Electrode
|
|switch|p2a: Chansey|Chansey, L79|327\/557 par
|turn|33
|
|move|p1a: Kadabra|Psychic|p2a: Chansey
|-damage|p2a: Chansey|223\/557 par
|move|p2a: Chansey|Thunderbolt|p1a: Kadabra
|-damage|p1a: Kadabra|106\/242 par
|
|turn|34
|
|switch|p1a: Arcanine|Arcanine, L85|189\/327 slp
|move|p2a: Chansey|Soft-Boiled|p2a: Chansey
|-heal|p2a: Chansey|501\/557 par
|
|turn|35
|
|cant|p1a: Arcanine|slp
|move|p2a: Chansey|Thunderbolt|p1a: Arcanine
|-damage|p1a: Arcanine|125\/327 slp
|
|turn|36
|
|cant|p1a: Arcanine|slp
|cant|p2a: Chansey|par
|
|turn|37
|
|cant|p1a: Arcanine|slp
|cant|p2a: Chansey|par
|
|turn|38
|
|-curestatus|p1a: Arcanine|slp
|move|p2a: Chansey|Thunderbolt|p1a: Arcanine
|-crit|p1a: Arcanine
|-damage|p1a: Arcanine|0 fnt
|faint|p1a: Arcanine
|
|switch|p1a: Kadabra|Kadabra, L85|106\/242 par
|turn|39
|
|move|p1a: Kadabra|Seismic Toss|p2a: Chansey
|-damage|p2a: Chansey|416\/557 par
|cant|p2a: Chansey|par
|
|turn|40
|
|move|p1a: Kadabra|Psychic|p2a: Chansey
|-damage|p2a: Chansey|311\/557 par
|move|p2a: Chansey|Thunderbolt|p1a: Kadabra
|-damage|p1a: Kadabra|52\/242 par
|
|turn|41
|
|move|p1a: Kadabra|Psychic|p2a: Chansey
|-damage|p2a: Chansey|201\/557 par
|-unboost|p2a: Chansey|spd|1
|-unboost|p2a: Chansey|spa|1
|move|p2a: Chansey|Thunderbolt|p1a: Kadabra
|-damage|p1a: Kadabra|17\/242 par
|
|turn|42
|
|move|p1a: Kadabra|Psychic|p2a: Chansey
|-damage|p2a: Chansey|24\/557 par
|move|p2a: Chansey|Thunderbolt|p1a: Kadabra
|-crit|p1a: Kadabra
|-damage|p1a: Kadabra|0 fnt
|faint|p1a: Kadabra
|
|win|neck
|leave|HerpesFreeSince03
|player|p1