|join|kid gf lol
|join|DavidXanatos
|player|p1|kid gf lol|167
|player|p2|DavidXanatos|165
|gametype|singles
|gen|1
|tier|[Gen 1] OU (beta)
|rated
|rule|Sleep Clause Mod: Limit one foe put to sleep
|rule|Species Clause: Limit one of each Pokemon
|rule|OHKO Clause: OHKO moves are banned
|rule|Moody Clause: Moody is banned
|rule|Evasion Moves Clause: Evasion moves are banned
|rule|Endless Battle Clause: Forcing endless battles is banned
|rule|HP Percentage Mod: HP is reported as percentages
|
|start
|switch|p1a: ▀█▀ █ ▀█▀|Jynx|333\/333
|switch|p2a: Alakazam|Alakazam|313\/313
|turn|1
|
|move|p2a: Alakazam|Thunder Wave|p1a: ▀█▀ █ ▀█▀
|-status|p1a: ▀█▀ █ ▀█▀|par
|cant|p1a: ▀█▀ █ ▀█▀|par
|
|turn|2
|
|move|p2a: Alakazam|Seismic Toss|p1a: ▀█▀ █ ▀█▀
|-damage|p1a: ▀█▀ █ ▀█▀|233\/333 par
|cant|p1a: ▀█▀ █ ▀█▀|par
|
|turn|3
|
|switch|p1a: Result of Incest|Exeggutor|393\/393
|move|p2a: Alakazam|Seismic Toss|p1a: Result of Incest
|-damage|p1a: Result of Incest|293\/393
|
|turn|4
|
|switch|p1a: Breakfast Pouch|Chansey|703\/703
|move|p2a: Alakazam|Thunder Wave|p1a: Breakfast Pouch
|-status|p1a: Breakfast Pouch|par
|
|turn|5
|
|switch|p2a: Chansey|Chansey|703\/703
|move|p1a: Breakfast Pouch|Ice Beam|p2a: Chansey
|-damage|p2a: Chansey|631\/703
|
|turn|6
|
|switch|p2a: Snorlax|Snorlax|523\/523
|cant|p1a: Breakfast Pouch|par
|
|turn|7
|
|switch|p1a: Result of Incest|Exeggutor|293\/393
|move|p2a: Snorlax|Body Slam|p1a: Result of Incest
|-damage|p1a: Result of Incest|181\/393
|
|turn|8
|
|switch|p2a: Chansey|Chansey|631\/703
|move|p1a: Result of Incest|Sleep Powder|p2a: Chansey
|-status|p2a: Chansey|slp
|
|turn|9
|
|move|p1a: Result of Incest|Stun Spore|p2a: Chansey|[miss]
|-miss|p1a: Result of Incest
|cant|p2a: Chansey|slp
|
|turn|10
|
|move|p1a: Result of Incest|Psychic|p2a: Chansey
|-damage|p2a: Chansey|520\/703 slp
|-unboost|p2a: Chansey|spd|1
|-unboost|p2a: Chansey|spa|1
|cant|p2a: Chansey|slp
|
|turn|11
|
|switch|p2a: Exeggutor|Exeggutor|393\/393
|move|p1a: Result of Incest|Psychic|p2a: Exeggutor
|-resisted|p2a: Exeggutor
|-damage|p2a: Exeggutor|344\/393
|-unboost|p2a: Exeggutor|spd|1
|-unboost|p2a: Exeggutor|spa|1
|
|turn|12
|
|switch|p2a: Snorlax|Snorlax|523\/523
|switch|p1a: ▀█▀ █ ▀█▀|Jynx|233\/333 par
|
|turn|13
|
|switch|p1a: GhostInaShell|Cloyster|303\/303
|move|p2a: Snorlax|Body Slam|p1a: GhostInaShell
|-damage|p1a: GhostInaShell|231\/303
|
|turn|14
|
|move|p1a: GhostInaShell|Clamp|p2a: Snorlax
|-damage|p2a: Snorlax|477\/523
|-activate|p2a: Snorlax|move: Clamp|[of] p1a: GhostInaShell
|cant|p2a: Snorlax|partiallytrapped
|
|turn|15
|
|move|p1a: GhostInaShell|Clamp|p2a: Snorlax
|-damage|p2a: Snorlax|431\/523
|cant|p2a: Snorlax|partiallytrapped
|
|turn|16
|
|switch|p2a: Chansey|Chansey|520\/703 slp
|move|p1a: GhostInaShell|Clamp|p2a: Chansey
|-damage|p2a: Chansey|486\/703 slp
|-activate|p2a: Chansey|move: Clamp|[of] p1a: GhostInaShell
|
|turn|17
|
|move|p1a: GhostInaShell|Clamp|p2a: Chansey
|-damage|p2a: Chansey|440\/703 slp
|cant|p2a: Chansey|slp
|
|turn|18
|
|switch|p1a: TNT|Golem|363\/363
|cant|p2a: Chansey|slp
|
|-end|p2a: Chansey|Clamp|[partiallytrapped]
|turn|19
|
|switch|p2a: Exeggutor|Exeggutor|344\/393
|move|p1a: TNT|Rock Slide|p2a: Exeggutor
|-damage|p2a: Exeggutor|248\/393
|
|turn|20
|
|switch|p1a: GhostInaShell|Cloyster|231\/303
|move|p2a: Exeggutor|Mega Drain|p1a: GhostInaShell
|-supereffective|p1a: GhostInaShell
|-damage|p1a: GhostInaShell|112\/303
|-heal|p2a: Exeggutor|308\/393|[from] drain|[of] p1a: GhostInaShell
|
|turn|21
|
|move|p1a: GhostInaShell|Blizzard|p2a: Exeggutor
|-supereffective|p2a: Exeggutor
|-damage|p2a: Exeggutor|103\/393
|move|p2a: Exeggutor|Mega Drain|p1a: GhostInaShell
|-supereffective|p1a: GhostInaShell
|-damage|p1a: GhostInaShell|0 fnt
|-heal|p2a: Exeggutor|159\/393|[from] drain|[of] p1a: GhostInaShell
|faint|p1a: GhostInaShell
|
|
|switch|p1a: Zam Lead|Alakazam|313\/313
|turn|22
|
|switch|p1a: ▀█▀ █ ▀█▀|Jynx|233\/333 par
|move|p2a: Exeggutor|Sleep Powder|p1a: ▀█▀ █ ▀█▀|[miss]
|-miss|p2a: Exeggutor
|
|turn|23
|
|switch|p2a: Alakazam|Alakazam|313\/313
|switch|p1a: TNT|Golem|363\/363
|
|turn|24
|
|switch|p1a: Breakfast Pouch|Chansey|703\/703 par
|move|p2a: Alakazam|Psychic|p1a: Breakfast Pouch
|-damage|p1a: Breakfast Pouch|571\/703 par
|
|turn|25
|
|switch|p2a: Chansey|Chansey|440\/703 slp
|move|p1a: Breakfast Pouch|Thunder Wave|p2a: Chansey
|-fail|p2a: Chansey
|
|turn|26
|
|switch|p2a: Snorlax|Snorlax|431\/523
|switch|p1a: Result of Incest|Exeggutor|181\/393
|
|turn|27
|
|move|p1a: Result of Incest|Explosion|p2a: Snorlax
|-damage|p2a: Snorlax|124\/523
|faint|p1a: Result of Incest
|
|switch|p1a: Zam Lead|Alakazam|313\/313
|turn|28
|
|switch|p2a: Alakazam|Alakazam|313\/313
|move|p1a: Zam Lead|Reflect|p1a: Zam Lead
|
|turn|29
|
|switch|p1a: Breakfast Pouch|Chansey|571\/703 par
|move|p2a: Alakazam|Seismic Toss|p1a: Breakfast Pouch
|-damage|p1a: Breakfast Pouch|471\/703 par
|
|turn|30
|
|switch|p2a: Rhydon|Rhydon|413\/413
|switch|p1a: TNT|Golem|363\/363
|
|turn|31
|
|switch|p2a: Exeggutor|Exeggutor|159\/393
|move|p1a: TNT|Earthquake|p2a: Exeggutor
|-resisted|p2a: Exeggutor
|-damage|p2a: Exeggutor|88\/393
|
|turn|32
|
|switch|p2a: Snorlax|Snorlax|124\/523
|switch|p1a: ▀█▀ █ ▀█▀|Jynx|233\/333 par
|
|turn|33
|
|switch|p1a: TNT|Golem|363\/363
|move|p2a: Snorlax|Hyper Beam|p1a: TNT
|-resisted|p1a: TNT
|-damage|p1a: TNT|288\/363
|
|turn|34
|
|move|p1a: TNT|Earthquake|p2a: Snorlax
|-damage|p2a: Snorlax|0 fnt
|faint|p2a: Snorlax
|
|
|switch|p2a: Exeggutor|Exeggutor|88\/393
|turn|35
|join|pokeplyer
|
|switch|p1a: ▀█▀ █ ▀█▀|Jynx|233\/333 par
|move|p2a: Exeggutor|Mega Drain|p1a: ▀█▀ █ ▀█▀
|-damage|p1a: ▀█▀ █ ▀█▀|172\/333 par
|-heal|p2a: Exeggutor|119\/393|[from] drain|[of] p1a: ▀█▀ █ ▀█▀
|
|turn|36
|
|switch|p2a: Alakazam|Alakazam|313\/313
|switch|p1a: TNT|Golem|288\/363
|
|turn|37
|
|switch|p1a: Breakfast Pouch|Chansey|471\/703 par
|move|p2a: Alakazam|Psychic|p1a: Breakfast Pouch
|-damage|p1a: Breakfast Pouch|336\/703 par
|
|turn|38
|
|switch|p2a: Rhydon|Rhydon|413\/413
|move|p1a: Breakfast Pouch|Ice Beam|p2a: Rhydon
|-supereffective|p2a: Rhydon
|-damage|p2a: Rhydon|184\/413
|
|turn|39
|
|switch|p1a: Zam Lead|Alakazam|313\/313
|move|p2a: Rhydon|Substitute|p2a: Rhydon
|-start|p2a: Rhydon|Substitute
|-damage|p2a: Rhydon|81\/413
|
|turn|40
|
|move|p1a: Zam Lead|Reflect|p1a: Zam Lead
|move|p2a: Rhydon|Earthquake|p1a: Zam Lead
|-damage|p1a: Zam Lead|200\/313
|
|turn|41
|
|move|p1a: Zam Lead|Recover|p1a: Zam Lead
|-heal|p1a: Zam Lead|313\/313
|move|p2a: Rhydon|Earthquake|p1a: Zam Lead
|-damage|p1a: Zam Lead|199\/313
|
|turn|42
|
|move|p1a: Zam Lead|Psychic|p2a: Rhydon
|-end|p2a: Rhydon|Substitute
|move|p2a: Rhydon|Body Slam|p1a: Zam Lead
|-damage|p1a: Zam Lead|137\/313
|-status|p1a: Zam Lead|par
|
|turn|43
|
|move|p2a: Rhydon|Earthquake|p1a: Zam Lead
|-damage|p1a: Zam Lead|21\/313 par
|move|p1a: Zam Lead|Recover|p1a: Zam Lead
|-heal|p1a: Zam Lead|177\/313 par
|
|turn|44
|
|move|p2a: Rhydon|Earthquake|p1a: Zam Lead
|-damage|p1a: Zam Lead|73\/313 par
|cant|p1a: Zam Lead|par
|
|turn|45
|
|switch|p1a: ▀█▀ █ ▀█▀|Jynx|172\/333 par
|move|p2a: Rhydon|Earthquake|p1a: ▀█▀ █ ▀█▀
|-damage|p1a: ▀█▀ █ ▀█▀|0 fnt
|faint|p1a: ▀█▀ █ ▀█▀
|
|
|switch|p1a: TNT|Golem|288\/363
|turn|46
|
|switch|p2a: Exeggutor|Exeggutor|119\/393
|move|p1a: TNT|Earthquake|p2a: Exeggutor
|-resisted|p2a: Exeggutor
|-damage|p2a: Exeggutor|52\/393
|
|turn|47
|
|switch|p1a: Breakfast Pouch|Chansey|336\/703 par
|move|p2a: Exeggutor|Explosion|p1a: Breakfast Pouch
|-damage|p1a: Breakfast Pouch|0 fnt
|faint|p1a: Breakfast Pouch
|faint|p2a: Exeggutor
|
|switch|p2a: Tauros|Tauros|353\/353
|switch|p1a: TNT|Golem|288\/363
|turn|48
|
|move|p2a: Tauros|Blizzard|p1a: TNT
|-supereffective|p1a: TNT
|-damage|p1a: TNT|66\/363
|move|p1a: TNT|Body Slam|p2a: Tauros
|-damage|p2a: Tauros|281\/353
|-status|p2a: Tauros|par
|
|turn|49
|
|switch|p2a: Alakazam|Alakazam|313\/313
|move|p1a: TNT|Earthquake|p2a: Alakazam
|-damage|p2a: Alakazam|104\/313
|
|turn|50
|
|move|p2a: Alakazam|Psychic|p1a: TNT
|-damage|p1a: TNT|0 fnt
|faint|p1a: TNT
|
|
|switch|p1a: Zam Lead|Alakazam|73\/313 par
|turn|51
|
|move|p2a: Alakazam|Seismic Toss|p1a: Zam Lead
|-damage|p1a: Zam Lead|0 fnt
|faint|p1a: Zam Lead
|
|win|DavidXanatos
|raw|Ladder updating...