|j|Linzama3
|j|riote
|player|p1|Linzama3|154
|player|p2|riote|263
|gametype|singles
|gen|1
|tier|[Gen 1] Random Battle
|rated
|seed|160,7461,42002,29632
|rule|Sleep Clause Mod: Limit one foe put to sleep
|rule|Freeze Clause Mod: Limit one foe frozen
|rule|HP Percentage Mod: HP is shown in percentages
|
|start
|switch|p1a: Flareon|Flareon, L90|300\/300
|switch|p2a: Parasect|Parasect, L90|291\/291
|turn|1
|choice|move 1|switch 4
|
|switch|p2a: Poliwrath|Poliwrath, L85|327\/327
|move|p1a: Flareon|Fire Blast|p2a: Poliwrath|[miss]
|-miss|p1a: Flareon
|
|turn|2
|choice|switch 3|move 3
|
|switch|p1a: Zapdos|Zapdos, L79|304\/304
|move|p2a: Poliwrath|Hypnosis|p1a: Zapdos
|-status|p1a: Zapdos|slp
|
|turn|3
|choice|move 4|switch 2
|
|switch|p2a: Marowak|Marowak, L90|291\/291
|-curestatus|p1a: Zapdos|slp
|
|turn|4
|choice|switch 5|move 4
|
|switch|p1a: Poliwhirl|Poliwhirl, L85|284\/284
|move|p2a: Marowak|Blizzard|p1a: Poliwhirl
|-crit|p1a: Poliwhirl
|-resisted|p1a: Poliwhirl
|-damage|p1a: Poliwhirl|203\/284
|
|turn|5
|choice|move 3|switch 6
|
|switch|p2a: Electabuzz|Electabuzz, L85|284\/284
|move|p1a: Poliwhirl|Surf|p2a: Electabuzz
|-damage|p2a: Electabuzz|210\/284
|
|turn|6
|choice|switch 3|move 1
|
|switch|p1a: Flareon|Flareon, L90|300\/300
|move|p2a: Electabuzz|Thunder Wave|p1a: Flareon
|-status|p1a: Flareon|par
|
|turn|7
|choice|move 4|move 2
|
|move|p2a: Electabuzz|Thunderbolt|p1a: Flareon
|-crit|p1a: Flareon
|-damage|p1a: Flareon|158\/300 par
|move|p1a: Flareon|Hyper Beam|p2a: Electabuzz|[miss]
|-miss|p1a: Flareon
|
|turn|8
|choice|move 4|move 2
|
|move|p2a: Electabuzz|Thunderbolt|p1a: Flareon
|-damage|p1a: Flareon|80\/300 par
|move|p1a: Flareon|Hyper Beam|p2a: Electabuzz
|-damage|p2a: Electabuzz|14\/284
|
|turn|9
|-mustrecharge|p1a: Flareon
|-mustrecharge|p1a: Flareon
|choice|move 1|move 2
|
|move|p2a: Electabuzz|Thunderbolt|p1a: Flareon
|-damage|p1a: Flareon|0 fnt
|faint|p1a: Flareon
|choice|switch 6|
|
|switch|p1a: Haunter|Haunter, L85|250\/250
|turn|10
|choice|move 3|move 1
|
|move|p2a: Electabuzz|Thunder Wave|p1a: Haunter
|-status|p1a: Haunter|par
|move|p1a: Haunter|Mega Drain|p2a: Electabuzz
|-damage|p2a: Electabuzz|0 fnt
|faint|p2a: Electabuzz
|choice||switch 3
|
|switch|p2a: Kadabra|Kadabra, L85|242\/242
|turn|11
|choice|move 4|move 1
|
|move|p2a: Kadabra|Psychic|p1a: Haunter
|-supereffective|p1a: Haunter
|-damage|p1a: Haunter|75\/250 par
|move|p1a: Haunter|Explosion|p2a: Kadabra
|-crit|p2a: Kadabra
|-damage|p2a: Kadabra|0 fnt
|faint|p2a: Kadabra
|faint|p1a: Haunter
|choice|switch 2|switch 4
|
|switch|p1a: Dragonite|Dragonite, L85|328\/328
|switch|p2a: Parasect|Parasect, L90|291\/291
|turn|12
|choice|move 2|move 4
|
|move|p1a: Dragonite|Substitute|p1a: Dragonite
|-start|p1a: Dragonite|Substitute
|-damage|p1a: Dragonite|246\/328
|move|p2a: Parasect|Slash|p1a: Dragonite
|-crit|p1a: Dragonite
|-end|p1a: Dragonite|Substitute
|
|turn|13
|choice|switch 5|move 4
|
|switch|p1a: Zapdos|Zapdos, L79|304\/304
|move|p2a: Parasect|Slash|p1a: Zapdos
|-crit|p1a: Zapdos
|-damage|p1a: Zapdos|186\/304
|
|turn|14
|choice|move 1|move 3
|
|move|p1a: Zapdos|Drill Peck|p2a: Parasect
|-supereffective|p2a: Parasect
|-damage|p2a: Parasect|16\/291
|move|p2a: Parasect|Hyper Beam|p1a: Zapdos
|-damage|p1a: Zapdos|63\/304
|
|turn|15
|-mustrecharge|p2a: Parasect
|-mustrecharge|p2a: Parasect
|choice|move 3|move 1
|
|move|p1a: Zapdos|Agility|p1a: Zapdos
|-boost|p1a: Zapdos|spe|2
|cant|p2a: Parasect|recharge
|
|turn|16
|choice|move 1|move 2
|
|move|p1a: Zapdos|Drill Peck|p2a: Parasect
|-crit|p2a: Parasect
|-supereffective|p2a: Parasect
|-damage|p2a: Parasect|0 fnt
|faint|p2a: Parasect
|choice||switch 5
|
|switch|p2a: Raichu|Raichu, L85|276\/276
|turn|17
|choice|move 2|move 3
|
|move|p1a: Zapdos|Thunder Wave|p2a: Raichu
|-status|p2a: Raichu|par
|cant|p2a: Raichu|par
|
|turn|18
|choice|move 1|move 3
|
|move|p1a: Zapdos|Drill Peck|p2a: Raichu
|-resisted|p2a: Raichu
|-damage|p2a: Raichu|233\/276 par
|move|p2a: Raichu|Thunder Wave|p1a: Zapdos
|-status|p1a: Zapdos|par
|
|turn|19
|choice|move 1|move 2
|
|move|p1a: Zapdos|Drill Peck|p2a: Raichu
|-resisted|p2a: Raichu
|-damage|p2a: Raichu|190\/276 par
|cant|p2a: Raichu|par
|
|turn|20
|choice|move 1|move 2
|
|move|p1a: Zapdos|Drill Peck|p2a: Raichu
|-crit|p2a: Raichu
|-resisted|p2a: Raichu
|-damage|p2a: Raichu|96\/276 par
|move|p2a: Raichu|Agility|p2a: Raichu
|-boost|p2a: Raichu|spe|2
|
|turn|21
|choice|move 1|move 4
|
|move|p2a: Raichu|Thunder|p1a: Zapdos
|-damage|p1a: Zapdos|0 fnt
|faint|p1a: Zapdos
|choice|switch 5|
|
|switch|p1a: Dragonite|Dragonite, L85|246\/328
|turn|22
|choice|move 2|move 4
|
|move|p2a: Raichu|Thunder|p1a: Dragonite
|-crit|p1a: Dragonite
|-damage|p1a: Dragonite|28\/328
|move|p1a: Dragonite|Substitute|p1a: Dragonite
|-fail|p1a: Dragonite|move: Substitute|[weak]
|
|turn|23
|choice|move 1|move 1
|
|move|p2a: Raichu|Surf|p1a: Dragonite
|-resisted|p1a: Dragonite
|-damage|p1a: Dragonite|0 fnt
|faint|p1a: Dragonite
|choice|switch 4|
|
|switch|p1a: Krabby|Krabby, L96|252\/252
|turn|24
|choice|move 1|move 4
|
|cant|p2a: Raichu|par
|move|p1a: Krabby|Crabhammer|p2a: Raichu
|-crit|p2a: Raichu
|-damage|p2a: Raichu|0 fnt
|faint|p2a: Raichu
|choice||switch 2
|
|switch|p2a: Poliwrath|Poliwrath, L85|327\/327
|turn|25
|choice|move 2|move 3
|
|move|p2a: Poliwrath|Hypnosis|p1a: Krabby|[miss]
|-miss|p2a: Poliwrath
|move|p1a: Krabby|Body Slam|p2a: Poliwrath
|-crit|p2a: Poliwrath
|-damage|p2a: Poliwrath|174\/327
|-status|p2a: Poliwrath|par
|
|turn|26
|choice|move 2|move 3
|
|move|p1a: Krabby|Body Slam|p2a: Poliwrath
|-damage|p2a: Poliwrath|93\/327 par
|move|p2a: Poliwrath|Hypnosis|p1a: Krabby
|-status|p1a: Krabby|slp
|
|turn|27
|choice|move 2|move 1
|
|cant|p1a: Krabby|slp
|move|p2a: Poliwrath|Amnesia|p2a: Poliwrath
|-boost|p2a: Poliwrath|spd|2
|-boost|p2a: Poliwrath|spa|2
|
|turn|28
|choice|move 2|move 2
|
|cant|p1a: Krabby|slp
|move|p2a: Poliwrath|Surf|p1a: Krabby
|-crit|p1a: Krabby
|-resisted|p1a: Krabby
|-damage|p1a: Krabby|120\/252 slp
|
|turn|29
|choice|move 2|move 1
|
|cant|p1a: Krabby|slp
|move|p2a: Poliwrath|Amnesia|p2a: Poliwrath
|-boost|p2a: Poliwrath|spd|2
|-boost|p2a: Poliwrath|spa|2
|
|turn|30
|choice|move 2|move 2
|
|cant|p1a: Krabby|slp
|move|p2a: Poliwrath|Surf|p1a: Krabby
|-resisted|p1a: Krabby
|-damage|p1a: Krabby|0 fnt
|faint|p1a: Krabby
|choice|switch 3|
|
|switch|p1a: Poliwhirl|Poliwhirl, L85|203\/284
|turn|31
|choice|move 2|move 3
|
|move|p1a: Poliwhirl|Psychic|p2a: Poliwrath
|-supereffective|p2a: Poliwrath
|-damage|p2a: Poliwrath|56\/327 par
|-unboost|p2a: Poliwrath|spd|1
|-unboost|p2a: Poliwrath|spa|1
|move|p2a: Poliwrath|Hypnosis|p1a: Poliwhirl
|-status|p1a: Poliwhirl|slp
|
|turn|32
|choice|move 2|move 2
|
|-curestatus|p1a: Poliwhirl|slp
|move|p2a: Poliwrath|Surf|p1a: Poliwhirl
|-resisted|p1a: Poliwhirl
|-damage|p1a: Poliwhirl|52\/284
|
|turn|33
|choice|move 2|move 2
|
|move|p1a: Poliwhirl|Psychic|p2a: Poliwrath
|-supereffective|p2a: Poliwrath
|-damage|p2a: Poliwrath|11\/327 par
|-unboost|p2a: Poliwrath|spd|1
|-unboost|p2a: Poliwrath|spa|1
|move|p2a: Poliwrath|Surf|p1a: Poliwhirl
|-resisted|p1a: Poliwhirl
|-damage|p1a: Poliwhirl|0 fnt
|faint|p1a: Poliwhirl
|
|win|riote
|raw|Linzama3's rating: 1025 &rarr; <strong>1018<\/strong><br \/>(-7 for losing)
|raw|riote's rating: 1201 &rarr; <strong>1214<\/strong><br \/>(+13 for winning)