|j|szp1
|j|Nikolas86
|player|p1|szp1|154
|player|p2|Nikolas86|213
|gametype|singles
|gen|1
|tier|[Gen 1] Random Battle
|rated
|seed|
|rule|Sleep Clause Mod: Limit one foe put to sleep
|rule|Freeze Clause Mod: Limit one foe frozen
|rule|HP Percentage Mod: HP is shown in percentages
|
|start
|switch|p1a: Hypno|Hypno, L85|100\/100
|switch|p2a: Blastoise|Blastoise, L85|100\/100
|turn|1
|choice||
|
|move|p2a: Blastoise|Hydro Pump|p1a: Hypno
|-damage|p1a: Hypno|69\/100
|move|p1a: Hypno|Hypnosis|p2a: Blastoise|[miss]
|-miss|p1a: Hypno
|
|turn|2
|choice||
|
|move|p2a: Blastoise|Hyper Beam|p1a: Hypno|[miss]
|-miss|p2a: Blastoise
|move|p1a: Hypno|Hypnosis|p2a: Blastoise|[miss]
|-miss|p1a: Hypno
|
|turn|3
|choice||
|
|move|p2a: Blastoise|Hyper Beam|p1a: Hypno
|-damage|p1a: Hypno|33\/100
|move|p1a: Hypno|Hypnosis|p2a: Blastoise
|-status|p2a: Blastoise|slp
|
|turn|4
|-mustrecharge|p2a: Blastoise
|-mustrecharge|p2a: Blastoise
|choice||
|
|switch|p1a: Pinsir|Pinsir, L85|100\/100
|cant|p2a: Blastoise|recharge
|
|turn|5
|choice||
|
|move|p1a: Pinsir|Swords Dance|p1a: Pinsir
|-boost|p1a: Pinsir|atk|2
|cant|p2a: Blastoise|slp
|
|turn|6
|choice||
|
|switch|p2a: Starmie|Starmie, L79|100\/100
|move|p1a: Pinsir|Swords Dance|p1a: Pinsir
|-boost|p1a: Pinsir|atk|2
|
|turn|7
|choice||
|
|move|p2a: Starmie|Blizzard|p1a: Pinsir
|-damage|p1a: Pinsir|65\/100
|-status|p1a: Pinsir|frz
|cant|p1a: Pinsir|frz
|
|turn|8
|choice||
|
|move|p2a: Starmie|Blizzard|p1a: Pinsir
|-damage|p1a: Pinsir|31\/100 frz
|cant|p1a: Pinsir|frz
|
|turn|9
|choice||
|
|move|p2a: Starmie|Blizzard|p1a: Pinsir
|-damage|p1a: Pinsir|0 fnt
|faint|p1a: Pinsir
|choice||
|
|switch|p1a: Hypno|Hypno, L85|33\/100
|turn|10
|choice||
|
|move|p2a: Starmie|Blizzard|p1a: Hypno
|-damage|p1a: Hypno|12\/100
|move|p1a: Hypno|Thunder Wave|p2a: Starmie
|-status|p2a: Starmie|par
|
|turn|11
|choice||
|
|move|p1a: Hypno|Rest|p1a: Hypno
|-status|p1a: Hypno|slp
|-heal|p1a: Hypno|100\/100 slp|[silent]
|-status|p1a: Hypno|slp|[from] move: Rest
|cant|p2a: Starmie|par
|
|turn|12
|choice||
|
|cant|p1a: Hypno|slp
|move|p2a: Starmie|Surf|p1a: Hypno
|-damage|p1a: Hypno|76\/100 slp
|
|turn|13
|choice||
|
|-curestatus|p1a: Hypno|slp
|move|p2a: Starmie|Surf|p1a: Hypno
|-damage|p1a: Hypno|51\/100
|
|turn|14
|choice||
|
|switch|p1a: Venusaur|Venusaur, L85|100\/100
|move|p2a: Starmie|Thunder Wave|p1a: Venusaur
|-status|p1a: Venusaur|par
|
|turn|15
|choice||
|
|move|p2a: Starmie|Blizzard|p1a: Venusaur
|-crit|p1a: Venusaur
|-supereffective|p1a: Venusaur
|-damage|p1a: Venusaur|10\/100 par
|move|p1a: Venusaur|Razor Leaf|p2a: Starmie
|-crit|p2a: Starmie
|-supereffective|p2a: Starmie
|-damage|p2a: Starmie|12\/100 par
|
|turn|16
|choice||
|
|move|p2a: Starmie|Surf|p1a: Venusaur
|-resisted|p1a: Venusaur
|-damage|p1a: Venusaur|0 fnt
|faint|p1a: Venusaur
|choice||
|
|switch|p1a: Kabutops|Kabutops, L85|100\/100
|turn|17
|choice||
|
|move|p1a: Kabutops|Body Slam|p2a: Starmie
|-damage|p2a: Starmie|0 fnt
|faint|p2a: Starmie
|choice||
|
|switch|p2a: Raticate|Raticate, L85|100\/100
|turn|18
|choice||
|
|move|p2a: Raticate|Blizzard|p1a: Kabutops
|-resisted|p1a: Kabutops
|-damage|p1a: Kabutops|90\/100
|move|p1a: Kabutops|Body Slam|p2a: Raticate
|-damage|p2a: Raticate|68\/100
|
|turn|19
|choice||
|
|move|p2a: Raticate|Super Fang|p1a: Kabutops
|-damage|p1a: Kabutops|45\/100
|move|p1a: Kabutops|Surf|p2a: Raticate
|-damage|p2a: Raticate|22\/100
|
|turn|20
|choice||
|
|move|p2a: Raticate|Hyper Beam|p1a: Kabutops
|-resisted|p1a: Kabutops
|-damage|p1a: Kabutops|20\/100
|move|p1a: Kabutops|Surf|p2a: Raticate
|-damage|p2a: Raticate|0 fnt
|faint|p2a: Raticate
|choice||
|
|switch|p2a: Jolteon|Jolteon, L79|100\/100
|turn|21
|choice||
|
|move|p2a: Jolteon|Thunderbolt|p1a: Kabutops
|-supereffective|p1a: Kabutops
|-damage|p1a: Kabutops|0 fnt
|faint|p1a: Kabutops
|choice||
|
|switch|p1a: Flareon|Flareon, L90|100\/100
|turn|22
|choice||
|
|move|p2a: Jolteon|Thunder Wave|p1a: Flareon
|-status|p1a: Flareon|par
|move|p1a: Flareon|Body Slam|p2a: Jolteon|[miss]
|-miss|p1a: Flareon
|
|turn|23
|choice||
|
|move|p2a: Jolteon|Thunder Wave|p1a: Flareon
|-fail|p1a: Flareon|par
|cant|p1a: Flareon|par
|
|turn|24
|choice||
|
|move|p2a: Jolteon|Thunderbolt|p1a: Flareon
|-damage|p1a: Flareon|74\/100 par
|cant|p1a: Flareon|par
|
|turn|25
|choice||
|
|move|p2a: Jolteon|Thunderbolt|p1a: Flareon
|-damage|p1a: Flareon|48\/100 par
|move|p1a: Flareon|Body Slam|p2a: Jolteon
|-damage|p2a: Jolteon|61\/100
|-status|p2a: Jolteon|par
|
|turn|26
|choice||
|
|move|p2a: Jolteon|Double Kick|p1a: Flareon
|-damage|p1a: Flareon|41\/100 par
|-damage|p1a: Flareon|35\/100 par
|-hitcount|p1a: Flareon|2
|move|p1a: Flareon|Hyper Beam|p2a: Jolteon
|-damage|p2a: Jolteon|0 fnt
|faint|p2a: Jolteon
|choice||
|
|switch|p2a: Hypno|Hypno, L85|100\/100
|turn|27
|choice||
|
|cant|p1a: Flareon|par
|move|p2a: Hypno|Psychic|p1a: Flareon
|-damage|p1a: Flareon|4\/100 par
|
|turn|28
|choice||
|
|move|p1a: Flareon|Quick Attack|p2a: Hypno
|-damage|p2a: Hypno|86\/100
|move|p2a: Hypno|Psychic|p1a: Flareon
|-damage|p1a: Flareon|0 fnt
|faint|p1a: Flareon
|choice||
|
|switch|p1a: Dragonite|Dragonite, L85|100\/100
|turn|29
|choice||
|
|move|p1a: Dragonite|Body Slam|p2a: Hypno
|-damage|p2a: Hypno|56\/100
|-status|p2a: Hypno|par
|move|p2a: Hypno|Thunder Wave|p1a: Dragonite
|-status|p1a: Dragonite|par
|
|turn|30
|choice||
|
|move|p1a: Dragonite|Surf|p2a: Hypno
|-damage|p2a: Hypno|37\/100 par
|move|p2a: Hypno|Psychic|p1a: Dragonite
|-crit|p1a: Dragonite
|-damage|p1a: Dragonite|46\/100 par
|-unboost|p1a: Dragonite|spd|1
|-unboost|p1a: Dragonite|spa|1
|
|turn|31
|choice||
|
|cant|p2a: Hypno|par
|move|p1a: Dragonite|Body Slam|p2a: Hypno
|-crit|p2a: Hypno
|-damage|p2a: Hypno|0 fnt
|faint|p2a: Hypno
|choice||
|
|switch|p2a: Tangela|Tangela, L85|100\/100
|turn|32
|choice||
|
|move|p2a: Tangela|Hyper Beam|p1a: Dragonite
|-damage|p1a: Dragonite|24\/100 par
|cant|p1a: Dragonite|par
|
|turn|33
|-mustrecharge|p2a: Tangela
|-mustrecharge|p2a: Tangela
|choice||
|
|cant|p2a: Tangela|recharge
|move|p1a: Dragonite|Blizzard|p2a: Tangela
|-supereffective|p2a: Tangela
|-damage|p2a: Tangela|61\/100
|
|turn|34
|choice||
|
|move|p2a: Tangela|Mega Drain|p1a: Dragonite
|-resisted|p1a: Dragonite
|-damage|p1a: Dragonite|19\/100 par
|-heal|p2a: Tangela|64\/100|[from] drain|[of] p1a: Dragonite
|cant|p1a: Dragonite|par
|
|turn|35
|choice||
|
|move|p2a: Tangela|Body Slam|p1a: Dragonite
|-damage|p1a: Dragonite|7\/100 par
|move|p1a: Dragonite|Body Slam|p2a: Tangela
|-damage|p2a: Tangela|40\/100
|
|turn|36
|choice||
|
|move|p2a: Tangela|Mega Drain|p1a: Dragonite
|-crit|p1a: Dragonite
|-resisted|p1a: Dragonite
|-damage|p1a: Dragonite|1\/100 par
|-heal|p2a: Tangela|43\/100|[from] drain|[of] p1a: Dragonite
|move|p1a: Dragonite|Body Slam|p2a: Tangela
|-damage|p2a: Tangela|21\/100
|
|turn|37
|c|★szp1|!weak grass
|raw|<div class="infobox">Grass:<br><span class="message-effect-weak">Weaknesses<\/span>: Bug, Fire, Flying, Ice, Poison<br><span class="message-effect-resist">Resistances<\/span>: Electric, Grass, Ground, Water<br><span class="message-effect-immune">Immunities<\/span>: <font color=#999999>None<\/font><\/div>
|choice||
|
|move|p2a: Tangela|Mega Drain|p1a: Dragonite
|-resisted|p1a: Dragonite
|-damage|p1a: Dragonite|0 fnt
|-heal|p2a: Tangela|21\/100|[from] drain|[of] p1a: Dragonite
|faint|p1a: Dragonite
|choice||
|
|switch|p1a: Hypno|Hypno, L85|51\/100
|turn|38
|choice||
|
|move|p1a: Hypno|Psychic|p2a: Tangela
|-damage|p2a: Tangela|0 fnt
|faint|p2a: Tangela
|choice||
|
|switch|p2a: Blastoise|Blastoise, L85|100\/100 slp
|turn|39
|choice||
|
|-curestatus|p2a: Blastoise|slp
|move|p1a: Hypno|Psychic|p2a: Blastoise
|-damage|p2a: Blastoise|65\/100
|-unboost|p2a: Blastoise|spd|1
|-unboost|p2a: Blastoise|spa|1
|
|turn|40
|choice||
|
|move|p2a: Blastoise|Hydro Pump|p1a: Hypno|[miss]
|-miss|p2a: Blastoise
|move|p1a: Hypno|Hypnosis|p2a: Blastoise|[miss]
|-miss|p1a: Hypno
|
|turn|41
|choice||
|
|move|p2a: Blastoise|Hyper Beam|p1a: Hypno|[miss]
|-miss|p2a: Blastoise
|move|p1a: Hypno|Hypnosis|p2a: Blastoise|[miss]
|-miss|p1a: Hypno
|
|turn|42
|choice||
|
|move|p2a: Blastoise|Hydro Pump|p1a: Hypno
|-damage|p1a: Hypno|29\/100
|move|p1a: Hypno|Psychic|p2a: Blastoise
|-damage|p2a: Blastoise|10\/100
|
|turn|43
|choice||
|
|move|p2a: Blastoise|Hyper Beam|p1a: Hypno
|-damage|p1a: Hypno|0 fnt
|faint|p1a: Hypno
|
|win|Nikolas86
|player|p1
|player|p2
|raw|szp1's rating: 1205 &rarr; <strong>1184<\/strong><br \/>(-21 for losing)
|raw|Nikolas86's rating: 1251 &rarr; <strong>1273<\/strong><br \/>(+22 for winning)
|c|★szp1|gg
|c|★Nikolas86|Wow
|c|★Nikolas86|Gg
|l|szp1