|join|bettafish2
|join|Dervodel
|player|p1|bettafish2|10
|player|p2|Dervodel|238
|gametype|singles
|gen|1
|tier|[Gen 1] Random Battle
|rated
|seed|5346,53680,16222,10260
|rule|Sleep Clause Mod: Limit one foe put to sleep
|rule|Freeze Clause Mod: Limit one foe frozen
|rule|HP Percentage Mod: HP is shown in percentages
|
|start
|switch|p1a: Eevee|Eevee, L96|300\/300
|switch|p2a: Hitmonlee|Hitmonlee, L90|273\/273
|turn|1
|choice|switch 3|move 3
|
|switch|p1a: Seaking|Seaking, L90|327\/327
|move|p2a: Hitmonlee|Substitute|p2a: Hitmonlee
|-start|p2a: Hitmonlee|Substitute
|-damage|p2a: Hitmonlee|205\/273
|
|turn|2
|choice|move 1|move 4
|
|move|p1a: Seaking|Surf|p2a: Hitmonlee
|-end|p2a: Hitmonlee|Substitute
|move|p2a: Hitmonlee|Counter|p1a: Seaking
|-fail|p2a: Hitmonlee
|
|turn|3
|choice|move 1|switch 4
|
|switch|p2a: Weepinbell|Weepinbell, L85|284\/284
|move|p1a: Seaking|Surf|p2a: Weepinbell
|-resisted|p2a: Weepinbell
|-damage|p2a: Weepinbell|236\/284
|
|turn|4
|choice|switch 5|move 2
|
|switch|p1a: Charmeleon|Charmeleon, L85|272\/272
|move|p2a: Weepinbell|Sleep Powder|p1a: Charmeleon
|-status|p1a: Charmeleon|slp
|
|turn|5
|choice|switch 4|move 3
|
|switch|p1a: Persian|Persian, L79|265\/265
|move|p2a: Weepinbell|Body Slam|p1a: Persian
|-damage|p1a: Persian|184\/265
|
|turn|6
|choice|move 2|move 3
|
|move|p1a: Persian|Thunderbolt|p2a: Weepinbell
|-resisted|p2a: Weepinbell
|-damage|p2a: Weepinbell|215\/284
|move|p2a: Weepinbell|Body Slam|p1a: Persian
|-damage|p1a: Persian|105\/265
|
|turn|7
|choice|move 1|move 3
|
|move|p1a: Persian|Slash|p2a: Weepinbell
|-crit|p2a: Weepinbell
|-damage|p2a: Weepinbell|82\/284
|move|p2a: Weepinbell|Body Slam|p1a: Persian
|-damage|p1a: Persian|31\/265
|
|turn|8
|choice|move 1|move 3
|
|move|p1a: Persian|Slash|p2a: Weepinbell
|-crit|p2a: Weepinbell
|-damage|p2a: Weepinbell|0 fnt
|faint|p2a: Weepinbell
|choice||switch 4
|
|switch|p2a: Hitmonlee|Hitmonlee, L90|205\/273
|turn|9
|choice|move 2|move 1
|
|move|p1a: Persian|Thunderbolt|p2a: Hitmonlee
|-damage|p2a: Hitmonlee|136\/273
|move|p2a: Hitmonlee|Seismic Toss|p1a: Persian
|-damage|p1a: Persian|0 fnt
|faint|p1a: Persian
|choice|switch 6|
|
|switch|p1a: Muk|Muk, L90|372\/372
|turn|10
|choice|move 2|switch 6
|
|switch|p2a: Mewtwo|Mewtwo, L70|293\/293
|move|p1a: Muk|Body Slam|p2a: Mewtwo
|-damage|p2a: Mewtwo|212\/293
|-status|p2a: Mewtwo|par
|
|turn|11
|choice|move 2|move 1
|
|move|p1a: Muk|Body Slam|p2a: Mewtwo
|-damage|p2a: Mewtwo|134\/293 par
|move|p2a: Mewtwo|Psychic|p1a: Muk
|-crit|p1a: Muk
|-supereffective|p1a: Muk
|-damage|p1a: Muk|0 fnt
|faint|p1a: Muk
|choice|switch 2|
|
|switch|p1a: Squirtle|Squirtle, L96|279\/279
|turn|12
|choice|move 1|move 2
|
|move|p1a: Squirtle|Blizzard|p2a: Mewtwo
|-damage|p2a: Mewtwo|73\/293 par
|cant|p2a: Mewtwo|par
|
|turn|13
|choice|move 3|move 2
|
|move|p1a: Squirtle|Surf|p2a: Mewtwo
|-damage|p2a: Mewtwo|0 fnt
|faint|p2a: Mewtwo
|choice||switch 2
|
|switch|p2a: Chansey|Chansey, L79|557\/557
|turn|14
|choice|move 3|move 3
|
|move|p1a: Squirtle|Surf|p2a: Chansey
|-damage|p2a: Chansey|470\/557
|move|p2a: Chansey|Thunder Wave|p1a: Squirtle
|-status|p1a: Squirtle|par
|
|turn|15
|choice|move 4|move 2
|
|move|p2a: Chansey|Reflect|p2a: Chansey
|-start|p2a: Chansey|Reflect
|cant|p1a: Squirtle|par
|
|turn|16
|choice|move 4|move 4
|
|move|p2a: Chansey|Ice Beam|p1a: Squirtle
|-resisted|p1a: Squirtle
|-damage|p1a: Squirtle|240\/279 par
|move|p1a: Squirtle|Body Slam|p2a: Chansey
|-damage|p2a: Chansey|399\/557
|
|turn|17
|choice|move 4|move 4
|
|move|p2a: Chansey|Ice Beam|p1a: Squirtle
|-resisted|p1a: Squirtle
|-damage|p1a: Squirtle|205\/279 par
|move|p1a: Squirtle|Body Slam|p2a: Chansey
|-damage|p2a: Chansey|335\/557
|
|turn|18
|choice|move 4|move 4
|
|move|p2a: Chansey|Ice Beam|p1a: Squirtle
|-crit|p1a: Squirtle
|-resisted|p1a: Squirtle
|-damage|p1a: Squirtle|137\/279 par
|cant|p1a: Squirtle|par
|
|turn|19
|choice|move 4|move 4
|
|move|p2a: Chansey|Ice Beam|p1a: Squirtle
|-crit|p1a: Squirtle
|-resisted|p1a: Squirtle
|-damage|p1a: Squirtle|65\/279 par
|move|p1a: Squirtle|Body Slam|p2a: Chansey
|-damage|p2a: Chansey|261\/557
|
|turn|20
|choice|move 4|move 1
|
|move|p2a: Chansey|Soft-Boiled|p2a: Chansey
|-heal|p2a: Chansey|539\/557
|move|p1a: Squirtle|Body Slam|p2a: Chansey
|-damage|p2a: Chansey|474\/557
|
|turn|21
|c|★Dervodel|no par for you!
|choice|move 1|move 4
|
|move|p2a: Chansey|Ice Beam|p1a: Squirtle
|-resisted|p1a: Squirtle
|-damage|p1a: Squirtle|28\/279 par
|move|p1a: Squirtle|Blizzard|p2a: Chansey|[miss]
|-miss|p1a: Squirtle
|
|turn|22
|choice|move 4|move 4
|
|move|p2a: Chansey|Ice Beam|p1a: Squirtle
|-resisted|p1a: Squirtle
|-damage|p1a: Squirtle|0 fnt
|faint|p1a: Squirtle
|choice|switch 3|
|
|switch|p1a: Eevee|Eevee, L96|300\/300
|turn|23
|choice|move 1|move 3
|
|move|p1a: Eevee|Body Slam|p2a: Chansey
|-damage|p2a: Chansey|361\/557
|move|p2a: Chansey|Thunder Wave|p1a: Eevee
|-status|p1a: Eevee|par
|
|turn|24
|choice|move 1|move 4
|
|move|p2a: Chansey|Ice Beam|p1a: Eevee
|-damage|p1a: Eevee|232\/300 par
|move|p1a: Eevee|Body Slam|p2a: Chansey
|-crit|p2a: Chansey
|-damage|p2a: Chansey|0 fnt
|faint|p2a: Chansey
|c|★Dervodel|noooo
|c|★Dervodel|xD
|choice||switch 3
|
|switch|p2a: Charmander|Charmander, L96|270\/270
|turn|25
|choice|move 1|move 1
|
|move|p2a: Charmander|Slash|p1a: Eevee
|-damage|p1a: Eevee|180\/300 par
|move|p1a: Eevee|Body Slam|p2a: Charmander
|-damage|p2a: Charmander|166\/270
|-status|p2a: Charmander|par
|
|turn|26
|c|★bettafish2|it was doing good for chansey
|c|★Dervodel|haha
|choice|move 1|move 1
|
|move|p2a: Charmander|Slash|p1a: Eevee
|-crit|p1a: Eevee
|-damage|p1a: Eevee|80\/300 par
|move|p1a: Eevee|Body Slam|p2a: Charmander
|-damage|p2a: Charmander|56\/270 par
|
|turn|27
|choice|move 1|move 1
|
|move|p2a: Charmander|Slash|p1a: Eevee
|-crit|p1a: Eevee
|-damage|p1a: Eevee|0 fnt
|faint|p1a: Eevee
|choice|switch 5|
|
|switch|p1a: Seaking|Seaking, L90|327\/327
|turn|28
|choice|move 1|move 1
|
|move|p1a: Seaking|Surf|p2a: Charmander
|-supereffective|p2a: Charmander
|-damage|p2a: Charmander|0 fnt
|faint|p2a: Charmander
|choice||switch 6
|
|switch|p2a: Hitmonlee|Hitmonlee, L90|136\/273
|turn|29
|choice|move 1|move 1
|
|move|p2a: Hitmonlee|Seismic Toss|p1a: Seaking
|-damage|p1a: Seaking|237\/327
|move|p1a: Seaking|Surf|p2a: Hitmonlee
|-damage|p2a: Hitmonlee|0 fnt
|faint|p2a: Hitmonlee
|choice||switch 5
|
|switch|p2a: Pidgeot|Pidgeot, L90|333\/333
|turn|30
|choice|move 1|move 1
|
|move|p2a: Pidgeot|Double-Edge|p1a: Seaking
|-damage|p1a: Seaking|109\/327
|-damage|p2a: Pidgeot|301\/333|[from] recoil|[of] p1a: Seaking
|move|p1a: Seaking|Surf|p2a: Pidgeot
|-damage|p2a: Pidgeot|184\/333
|
|turn|31
|choice|move 4|move 1
|
|move|p2a: Pidgeot|Double-Edge|p1a: Seaking
|-damage|p1a: Seaking|0 fnt
|-damage|p2a: Pidgeot|157\/333|[from] recoil|[of] p1a: Seaking
|faint|p1a: Seaking
|choice|switch 4|
|
|switch|p1a: Charmeleon|Charmeleon, L85|272\/272 slp
|turn|32
|c|★Dervodel|why no blizard
|choice|move 4|move 1
|
|move|p2a: Pidgeot|Double-Edge|p1a: Charmeleon
|-crit|p1a: Charmeleon
|-damage|p1a: Charmeleon|12\/272 slp
|-damage|p2a: Pidgeot|92\/333|[from] recoil|[of] p1a: Charmeleon
|cant|p1a: Charmeleon|slp
|
|turn|33
|choice|move 2|move 1
|
|move|p2a: Pidgeot|Double-Edge|p1a: Charmeleon
|-damage|p1a: Charmeleon|0 fnt
|-damage|p2a: Pidgeot|89\/333|[from] recoil|[of] p1a: Charmeleon
|faint|p1a: Charmeleon
|
|win|Dervodel
|raw|bettafish2's rating: 1125 &rarr; <strong>1118<\/strong><br \/>(-7 for losing)
|raw|Dervodel's rating: 1429 &rarr; <strong>1435<\/strong><br \/>(+6 for winning)
|c|★bettafish2|gg
|c|★Dervodel|gg
|leave|bettafish2
|player|p1