|join|bpizzizzle
|join|DocBebop
|player|p1|bpizzizzle|252
|player|p2|DocBebop|165
|gametype|singles
|gen|1
|tier|[Gen 1] Random Battle
|rated
|rule|Sleep Clause Mod: Limit one foe put to sleep
|rule|Freeze Clause Mod: Limit one foe frozen
|rule|HP Percentage Mod: HP is shown in percentages
|
|start
|switch|p1a: Machoke|Machoke, L86|313\/313
|switch|p2a: Mew|Mew, L77|312\/312
|turn|1
|
|switch|p1a: Slowbro|Slowbro, L80|316\/316
|move|p2a: Mew|Psychic|p1a: Slowbro
|-crit|p1a: Slowbro
|-resisted|p1a: Slowbro
|-damage|p1a: Slowbro|224\/316
|
|turn|2
|join|YoWahHeeNay
|c| YoWahHeeNay|what a fag
|c| YoWahHeeNay|getting mew lead
|
|switch|p2a: Electabuzz|Electabuzz, L86|287\/287
|move|p1a: Slowbro|Thunder Wave|p2a: Electabuzz
|-status|p2a: Electabuzz|par
|
|turn|3
|c| YoWahHeeNay|bpizzizle destroy this man
|c| YoWahHeeNay|:]
|
|switch|p1a: Graveler|Graveler, L86|270\/270
|move|p2a: Electabuzz|Thunder Wave|p1a: Graveler
|-immune|p1a: Graveler|[msg]
|
|turn|4
|c| YoWahHeeNay|bpizzizle is our man
|c|★DocBebop|;[
|c| YoWahHeeNay|if he cant do i t
|c| YoWahHeeNay|no one can
|c| YoWahHeeNay|:]
|
|switch|p2a: Poliwhirl|Poliwhirl, L86|287\/287
|move|p1a: Graveler|Earthquake|p2a: Poliwhirl
|-damage|p2a: Poliwhirl|158\/287
|
|turn|5
|c| YoWahHeeNay|cmon that was obvi
|c| YoWahHeeNay|:[
|c| YoWahHeeNay|pull a doulbe
|
|switch|p2a: Electabuzz|Electabuzz, L86|287\/287 par
|switch|p1a: Ekans|Ekans, L95|259\/259
|
|turn|6
|c| YoWahHeeNay|hes going for amneisa
|c| YoWahHeeNay|dude
|c| YoWahHeeNay|listen to me
|
|move|p1a: Ekans|Earthquake|p2a: Electabuzz
|-supereffective|p2a: Electabuzz
|-damage|p2a: Electabuzz|117\/287 par
|cant|p2a: Electabuzz|par
|
|turn|7
|c|★bpizzizzle|dude
|c| YoWahHeeNay|im sitting next to him
|c| YoWahHeeNay|good play
|c| YoWahHeeNay|:]
|
|move|p1a: Ekans|Earthquake|p2a: Electabuzz
|-supereffective|p2a: Electabuzz
|-damage|p2a: Electabuzz|0 fnt
|faint|p2a: Electabuzz
|
|switch|p2a: Haunter|Haunter, L86|253\/253
|turn|8
|
|move|p2a: Haunter|Psychic|p1a: Ekans
|-supereffective|p1a: Ekans
|-damage|p1a: Ekans|62\/259
|-unboost|p1a: Ekans|spd|1
|-unboost|p1a: Ekans|spa|1
|move|p1a: Ekans|Earthquake|p2a: Haunter
|-supereffective|p2a: Haunter
|-damage|p2a: Haunter|47\/253
|
|turn|9
|c| YoWahHeeNay|go for eq
|c|★DocBebop|BG?
|c| YoWahHeeNay|double into
|
|move|p2a: Haunter|Psychic|p1a: Ekans
|-supereffective|p1a: Ekans
|-damage|p1a: Ekans|0 fnt
|faint|p1a: Ekans
|c| YoWahHeeNay|dlow
|c| YoWahHeeNay|bro
|c| YoWahHeeNay|BRO
|
|switch|p1a: Slowbro|Slowbro, L80|224\/316
|turn|10
|c|★DocBebop|this guy
|c| YoWahHeeNay|TOO LATE
|c| YoWahHeeNay|HES GOIN
|c| YoWahHeeNay|FOR HYPNOSIS
|
|switch|p1a: Graveler|Graveler, L86|270\/270
|move|p2a: Haunter|Mega Drain|p1a: Graveler
|-crit|p1a: Graveler
|-supereffective|p1a: Graveler
|-damage|p1a: Graveler|0 fnt
|-heal|p2a: Haunter|182\/253|[from] drain|[of] p1a: Graveler
|faint|p1a: Graveler
|c| YoWahHeeNay|WOW
|c| YoWahHeeNay|2ez
|c|★DocBebop|honey-potted
|
|switch|p1a: Snorlax|Snorlax, L80|420\/420
|turn|11
|c| YoWahHeeNay|lick the butthole
|c|★DocBebop|wow
|c| YoWahHeeNay|go for amnesia
|c|★DocBebop|no
|c| YoWahHeeNay|pls
|c| YoWahHeeNay|PLZ
|
|move|p2a: Haunter|Hypnosis|p1a: Snorlax
|-status|p1a: Snorlax|slp
|cant|p1a: Snorlax|slp
|
|turn|12
|c| YoWahHeeNay|OML
|c| YoWahHeeNay|LUCKY AND BAD
|c| YoWahHeeNay|bpizzizle claim hax
|c| YoWahHeeNay|rematch
|
|switch|p1a: Machoke|Machoke, L86|313\/313
|move|p2a: Haunter|Thunderbolt|p1a: Machoke
|-crit|p1a: Machoke
|-damage|p1a: Machoke|113\/313
|
|turn|13
|c| YoWahHeeNay|ima call for a mod to kick this man off for cheating
|c| YoWahHeeNay|WOW WHAT A PREDICTION
|
|move|p2a: Haunter|Thunderbolt|p1a: Machoke
|-damage|p1a: Machoke|0 fnt
|faint|p1a: Machoke
|
|switch|p1a: Kabutops|Kabutops, L86|279\/279
|turn|14
|c| YoWahHeeNay|CRIT PREDICT
|
|move|p2a: Haunter|Thunderbolt|p1a: Kabutops
|-supereffective|p1a: Kabutops
|-damage|p1a: Kabutops|107\/279
|move|p1a: Kabutops|Surf|p2a: Haunter
|-damage|p2a: Haunter|117\/253
|
|turn|15
|c| YoWahHeeNay|NOW MEGA DRAIN
|c| YoWahHeeNay|WOW
|
|move|p2a: Haunter|Thunderbolt|p1a: Kabutops
|-supereffective|p1a: Kabutops
|-damage|p1a: Kabutops|0 fnt
|faint|p1a: Kabutops
|
|switch|p1a: Slowbro|Slowbro, L80|224\/316
|turn|16
|c| YoWahHeeNay|TERRIBLE PLAYER DOCBEBOP
|
|move|p2a: Haunter|Mega Drain|p1a: Slowbro
|-supereffective|p1a: Slowbro
|-damage|p1a: Slowbro|149\/316
|-heal|p2a: Haunter|154\/253|[from] drain|[of] p1a: Slowbro
|move|p1a: Slowbro|Thunder Wave|p2a: Haunter
|-status|p2a: Haunter|par
|
|turn|17
|c| YoWahHeeNay|AMNESIA
|
|move|p1a: Slowbro|Amnesia|p1a: Slowbro
|-boost|p1a: Slowbro|spd|2
|-boost|p1a: Slowbro|spa|2
|cant|p2a: Haunter|par
|
|turn|18
|c| YoWahHeeNay|YOU LOSE WITHOUT IT
|c| YoWahHeeNay|GOOD
|c| YoWahHeeNay|NICE
|
|move|p1a: Slowbro|Amnesia|p1a: Slowbro
|-boost|p1a: Slowbro|spd|2
|-boost|p1a: Slowbro|spa|2
|move|p2a: Haunter|Thunderbolt|p1a: Slowbro
|-supereffective|p1a: Slowbro
|-damage|p1a: Slowbro|95\/316
|
|turn|19
|c| YoWahHeeNay|DESTROY HIM
|c| YoWahHeeNay|OML
|c| YoWahHeeNay|THE GREED
|
|move|p1a: Slowbro|Amnesia|p1a: Slowbro
|-boost|p1a: Slowbro|spd|2
|-boost|p1a: Slowbro|spa|2
|move|p2a: Haunter|Thunderbolt|p1a: Slowbro
|-supereffective|p1a: Slowbro
|-damage|p1a: Slowbro|46\/316
|
|turn|20
|c| YoWahHeeNay|REST!
|c| YoWahHeeNay|PLS
|
|move|p1a: Slowbro|Rest|p1a: Slowbro
|-status|p1a: Slowbro|slp
|-heal|p1a: Slowbro|316\/316 slp|[silent]
|-status|p1a: Slowbro|slp|[from] move: Rest
|move|p2a: Haunter|Thunderbolt|p1a: Slowbro
|-supereffective|p1a: Slowbro
|-damage|p1a: Slowbro|271\/316 slp
|
|turn|21
|c| YoWahHeeNay|YAH
|c| YoWahHeeNay|NO CRIT PLS KNOCK ON WOOD
|
|switch|p2a: Mew|Mew, L77|312\/312
|cant|p1a: Slowbro|slp
|
|turn|22
|c| YoWahHeeNay|HE KNOWS
|
|move|p2a: Mew|Swords Dance|p2a: Mew
|-boost|p2a: Mew|atk|2
|cant|p1a: Slowbro|slp
|-curestatus|p1a: Slowbro|slp
|
|turn|23
|c| YoWahHeeNay|PREP THE BUNGHOLE
|
|move|p2a: Mew|Swords Dance|p2a: Mew
|-boost|p2a: Mew|atk|2
|move|p1a: Slowbro|Thunder Wave|p2a: Mew
|-status|p2a: Mew|par
|
|turn|24
|c| YoWahHeeNay|MISS
|c| YoWahHeeNay|PLS
|c| YoWahHeeNay|YEEEEE
|
|move|p1a: Slowbro|Surf|p2a: Mew
|-damage|p2a: Mew|0 fnt
|faint|p2a: Mew
|c| YoWahHeeNay|GET THE SPOON
|
|switch|p2a: Starmie|Starmie, L80|260\/260
|turn|25
|
|move|p2a: Starmie|Thunder Wave|p1a: Slowbro
|-status|p1a: Slowbro|par
|move|p1a: Slowbro|Thunder Wave|p2a: Starmie
|-status|p2a: Starmie|par
|
|turn|26
|c| YoWahHeeNay|bpizzizle YOU ARE GOD
|
|switch|p2a: Haunter|Haunter, L86|154\/253 par
|cant|p1a: Slowbro|par
|
|turn|27
|
|move|p2a: Haunter|Thunderbolt|p1a: Slowbro
|-crit|p1a: Slowbro
|-supereffective|p1a: Slowbro
|-damage|p1a: Slowbro|0 fnt
|faint|p1a: Slowbro
|c| YoWahHeeNay|HAXXXXXXX
|-message|bpizzizzle forfeited.
|
|win|DocBebop
|raw|Ladder updating...
|leave|bpizzizzle
|player|p1
|raw|bpizzizzle's rating: 1285 &rarr; <strong>1243<\/strong><br \/>(-42 for losing)
|raw|DocBebop's rating: 1000 &rarr; <strong>1067<\/strong><br \/>(+67 for winning)
|c| YoWahHeeNay|IM REPORTING
|leave|YoWahHeeNay