|join|CJdadestroyr
|join|librarynoob
|player|p1|CJdadestroyr|274
|player|p2|librarynoob|101
|gametype|singles
|gen|1
|tier|[Gen 1] Random Battle
|rated
|rule|Sleep Clause Mod: Limit one foe put to sleep
|rule|Freeze Clause Mod: Limit one foe frozen
|rule|HP Percentage Mod: HP is shown in percentages
|
|start
|switch|p1a: Mewtwo|Mewtwo, L70|293\/293
|switch|p2a: Spearow|Spearow, L96|272\/272
|turn|1
|c|★CJdadestroyr|i got mewtwo!
|
|switch|p2a: Mewtwo|Mewtwo, L70|293\/293
|move|p1a: Mewtwo|Ice Beam|p2a: Mewtwo
|-damage|p2a: Mewtwo|239\/293
|
|turn|2
|c|★CJdadestroyr|mewtwo fight! lol
|
|move|p1a: Mewtwo|Psychic|p2a: Mewtwo
|-resisted|p2a: Mewtwo
|-damage|p2a: Mewtwo|201\/293
|move|p2a: Mewtwo|Thunder Wave|p1a: Mewtwo
|-status|p1a: Mewtwo|par
|
|turn|3
|
|move|p2a: Mewtwo|Barrier|p2a: Mewtwo
|-boost|p2a: Mewtwo|def|2
|move|p1a: Mewtwo|Psychic|p2a: Mewtwo
|-resisted|p2a: Mewtwo
|-damage|p2a: Mewtwo|162\/293
|
|turn|4
|
|move|p2a: Mewtwo|Recover|p2a: Mewtwo
|-heal|p2a: Mewtwo|293\/293
|cant|p1a: Mewtwo|par
|
|turn|5
|
|move|p2a: Mewtwo|Psychic|p1a: Mewtwo
|-crit|p1a: Mewtwo
|-resisted|p1a: Mewtwo
|-damage|p1a: Mewtwo|225\/293 par
|cant|p1a: Mewtwo|par
|
|turn|6
|
|move|p2a: Mewtwo|Psychic|p1a: Mewtwo
|-resisted|p1a: Mewtwo
|-damage|p1a: Mewtwo|189\/293 par
|cant|p1a: Mewtwo|par
|
|turn|7
|
|move|p2a: Mewtwo|Psychic|p1a: Mewtwo
|-resisted|p1a: Mewtwo
|-damage|p1a: Mewtwo|152\/293 par
|move|p1a: Mewtwo|Recover|p1a: Mewtwo
|-heal|p1a: Mewtwo|293\/293 par
|
|turn|8
|
|move|p2a: Mewtwo|Psychic|p1a: Mewtwo
|-crit|p1a: Mewtwo
|-resisted|p1a: Mewtwo
|-damage|p1a: Mewtwo|216\/293 par
|move|p1a: Mewtwo|Ice Beam|p2a: Mewtwo
|-damage|p2a: Mewtwo|234\/293
|
|turn|9
|
|move|p2a: Mewtwo|Psychic|p1a: Mewtwo
|-resisted|p1a: Mewtwo
|-damage|p1a: Mewtwo|180\/293 par
|cant|p1a: Mewtwo|par
|
|turn|10
|
|move|p2a: Mewtwo|Psychic|p1a: Mewtwo
|-resisted|p1a: Mewtwo
|-damage|p1a: Mewtwo|144\/293 par
|move|p1a: Mewtwo|Recover|p1a: Mewtwo
|-heal|p1a: Mewtwo|290\/293 par
|
|turn|11
|
|move|p2a: Mewtwo|Psychic|p1a: Mewtwo
|-resisted|p1a: Mewtwo
|-damage|p1a: Mewtwo|249\/293 par
|move|p1a: Mewtwo|Ice Beam|p2a: Mewtwo
|-crit|p2a: Mewtwo
|-damage|p2a: Mewtwo|128\/293
|
|turn|12
|
|move|p2a: Mewtwo|Recover|p2a: Mewtwo
|-heal|p2a: Mewtwo|274\/293
|move|p1a: Mewtwo|Ice Beam|p2a: Mewtwo
|-damage|p2a: Mewtwo|220\/293
|
|turn|13
|
|switch|p2a: Slowbro|Slowbro, L79|312\/312
|move|p1a: Mewtwo|Ice Beam|p2a: Slowbro
|-crit|p2a: Slowbro
|-resisted|p2a: Slowbro
|-damage|p2a: Slowbro|238\/312
|-status|p2a: Slowbro|frz
|
|turn|14
|
|switch|p2a: Mewtwo|Mewtwo, L70|220\/293
|move|p1a: Mewtwo|Psychic|p2a: Mewtwo
|-crit|p2a: Mewtwo
|-resisted|p2a: Mewtwo
|-damage|p2a: Mewtwo|141\/293
|-unboost|p2a: Mewtwo|spd|1
|-unboost|p2a: Mewtwo|spa|1
|
|turn|15
|
|move|p2a: Mewtwo|Recover|p2a: Mewtwo
|-heal|p2a: Mewtwo|287\/293
|move|p1a: Mewtwo|Psychic|p2a: Mewtwo
|-resisted|p2a: Mewtwo
|-damage|p2a: Mewtwo|229\/293
|
|turn|16
|
|move|p2a: Mewtwo|Recover|p2a: Mewtwo
|-heal|p2a: Mewtwo|293\/293
|move|p1a: Mewtwo|Psychic|p2a: Mewtwo
|-crit|p2a: Mewtwo
|-resisted|p2a: Mewtwo
|-damage|p2a: Mewtwo|221\/293
|-unboost|p2a: Mewtwo|spd|1
|-unboost|p2a: Mewtwo|spa|1
|
|turn|17
|
|switch|p2a: Slowbro|Slowbro, L79|238\/312 frz
|cant|p1a: Mewtwo|par
|
|turn|18
|
|switch|p2a: Mewtwo|Mewtwo, L70|221\/293
|cant|p1a: Mewtwo|par
|
|turn|19
|
|move|p2a: Mewtwo|Psychic|p1a: Mewtwo
|-resisted|p1a: Mewtwo
|-damage|p1a: Mewtwo|209\/293 par
|-unboost|p1a: Mewtwo|spd|1
|-unboost|p1a: Mewtwo|spa|1
|move|p1a: Mewtwo|Psychic|p2a: Mewtwo
|-crit|p2a: Mewtwo
|-resisted|p2a: Mewtwo
|-damage|p2a: Mewtwo|152\/293
|
|turn|20
|
|move|p2a: Mewtwo|Psychic|p1a: Mewtwo
|-resisted|p1a: Mewtwo
|-damage|p1a: Mewtwo|149\/293 par
|move|p1a: Mewtwo|Psychic|p2a: Mewtwo
|-resisted|p2a: Mewtwo
|-damage|p2a: Mewtwo|129\/293
|-unboost|p2a: Mewtwo|spd|1
|-unboost|p2a: Mewtwo|spa|1
|
|turn|21
|
|move|p2a: Mewtwo|Recover|p2a: Mewtwo
|-heal|p2a: Mewtwo|275\/293
|move|p1a: Mewtwo|Recover|p1a: Mewtwo
|-heal|p1a: Mewtwo|293\/293 par
|
|turn|22
|
|move|p2a: Mewtwo|Psychic|p1a: Mewtwo
|-crit|p1a: Mewtwo
|-resisted|p1a: Mewtwo
|-damage|p1a: Mewtwo|220\/293 par
|cant|p1a: Mewtwo|par
|
|turn|23
|
|move|p2a: Mewtwo|Psychic|p1a: Mewtwo
|-resisted|p1a: Mewtwo
|-damage|p1a: Mewtwo|179\/293 par
|-unboost|p1a: Mewtwo|spd|1
|-unboost|p1a: Mewtwo|spa|1
|move|p1a: Mewtwo|Psychic|p2a: Mewtwo
|-resisted|p2a: Mewtwo
|-damage|p2a: Mewtwo|238\/293
|
|turn|24
|
|switch|p1a: Farfetch'd|Farfetch'd, L99|304\/304
|move|p2a: Mewtwo|Psychic|p1a: Farfetch'd
|-damage|p1a: Farfetch'd|237\/304
|-unboost|p1a: Farfetch'd|spd|1
|-unboost|p1a: Farfetch'd|spa|1
|
|turn|25
|
|move|p2a: Mewtwo|Thunder Wave|p1a: Farfetch'd
|-status|p1a: Farfetch'd|par
|move|p1a: Farfetch'd|Toxic|p2a: Mewtwo
|-status|p2a: Mewtwo|tox
|
|turn|26
|
|switch|p2a: Lapras|Lapras, L79|367\/367
|switch|p1a: Mewtwo|Mewtwo, L70|179\/293 par
|
|turn|27
|
|move|p2a: Lapras|Body Slam|p1a: Mewtwo
|-damage|p1a: Mewtwo|120\/293 par
|move|p1a: Mewtwo|Psychic|p2a: Lapras
|-damage|p2a: Lapras|279\/367
|
|turn|28
|
|switch|p2a: Ditto|Ditto, L99|296\/296
|cant|p1a: Mewtwo|par
|
|turn|29
|
|switch|p1a: Lapras|Lapras, L79|367\/367
|move|p2a: Ditto|Transform|p1a: Lapras
|-transform|p2a: Ditto|p1a: Lapras
|
|turn|30
|c|★CJdadestroyr|have fahn with ur 2 laprases
|
|move|p2a: Ditto|Confuse Ray|p1a: Lapras
|-start|p1a: Lapras|confusion
|-activate|p1a: Lapras|confusion
|move|p1a: Lapras|Thunderbolt|p2a: Ditto
|-supereffective|p2a: Ditto
|-damage|p2a: Ditto|153\/296
|
|turn|31
|
|move|p2a: Ditto|Thunderbolt|p1a: Lapras
|-supereffective|p1a: Lapras
|-damage|p1a: Lapras|237\/367
|-activate|p1a: Lapras|confusion
|-damage|p1a: Lapras|208\/367|[from] confusion
|
|turn|32
|
|switch|p1a: Dugtrio|Dugtrio, L85|233\/233
|move|p2a: Ditto|Thunderbolt|p1a: Dugtrio
|-immune|p1a: Dugtrio|[msg]
|
|turn|33
|
|move|p1a: Dugtrio|Earthquake|p2a: Ditto
|-damage|p2a: Ditto|29\/296
|move|p2a: Ditto|Confuse Ray|p1a: Dugtrio
|-start|p1a: Dugtrio|confusion
|
|turn|34
|
|switch|p2a: Spearow|Spearow, L96|272\/272
|-activate|p1a: Dugtrio|confusion
|move|p1a: Dugtrio|Slash|p2a: Spearow
|-crit|p2a: Spearow
|-damage|p2a: Spearow|131\/272
|
|turn|35
|
|-end|p1a: Dugtrio|confusion
|move|p1a: Dugtrio|Slash|p2a: Spearow
|-crit|p2a: Spearow
|-damage|p2a: Spearow|3\/272
|move|p2a: Spearow|Drill Peck|p1a: Dugtrio
|-damage|p1a: Dugtrio|119\/233
|
|turn|36
|
|switch|p2a: Golem|Golem, L79|288\/288
|move|p1a: Dugtrio|Slash|p2a: Golem
|-crit|p2a: Golem
|-resisted|p2a: Golem
|-damage|p2a: Golem|255\/288
|
|turn|37
|
|switch|p2a: Spearow|Spearow, L96|3\/272
|move|p1a: Dugtrio|Earthquake|p2a: Spearow
|-immune|p2a: Spearow|[msg]
|
|turn|38
|
|switch|p2a: Mewtwo|Mewtwo, L70|238\/293 tox
|-status|p2a: Mewtwo|psn
|-damage|p2a: Mewtwo|220\/293 psn|[from] psn
|move|p1a: Dugtrio|Slash|p2a: Mewtwo
|-crit|p2a: Mewtwo
|-damage|p2a: Mewtwo|115\/293 psn
|
|turn|39
|-message|librarynoob forfeited.
|
|win|CJdadestroyr
|raw|Ladder updating...
|leave|librarynoob
|player|p2
|raw|Ladder (probably) updated, but score could not be retrieved (timeout).
|raw|Ladder (probably) updated, but score could not be retrieved (Error: socket hang up).