|join|Psychedelic Trip
|join|ihouijlkj
|player|p1|Psychedelic Trip|168
|player|p2|ihouijlkj|265
|gametype|singles
|gen|1
|tier|[Gen 1] Random Battle
|rated
|rule|Sleep Clause Mod: Limit one foe put to sleep
|rule|Freeze Clause Mod: Limit one foe frozen
|rule|HP Percentage Mod: HP is shown in percentages
|
|start
|switch|p1a: Tentacruel|Tentacruel, L85|310\/310
|switch|p2a: Pikachu|Pikachu, L96|262\/262
|turn|1
|
|switch|p1a: Marowak|Marowak, L85|276\/276
|move|p2a: Pikachu|Thunder Wave|p1a: Marowak
|-immune|p1a: Marowak|[msg]
|
|turn|2
|
|switch|p2a: Butterfree|Butterfree, L85|276\/276
|move|p1a: Marowak|Blizzard|p2a: Butterfree
|-supereffective|p2a: Butterfree
|-damage|p2a: Butterfree|145\/276
|
|turn|3
|
|move|p2a: Butterfree|Sleep Powder|p1a: Marowak|[miss]
|-miss|p2a: Butterfree
|move|p1a: Marowak|Blizzard|p2a: Butterfree
|-supereffective|p2a: Butterfree
|-damage|p2a: Butterfree|25\/276
|
|turn|4
|join|Doc. Giovanni
|
|switch|p1a: Oddish|Oddish, L96|281\/281
|move|p2a: Butterfree|Sleep Powder|p1a: Oddish|[miss]
|-miss|p2a: Butterfree
|
|turn|5
|
|move|p2a: Butterfree|Sleep Powder|p1a: Oddish
|-status|p1a: Oddish|slp
|cant|p1a: Oddish|slp
|
|turn|6
|
|switch|p1a: Marowak|Marowak, L85|276\/276
|move|p2a: Butterfree|Stun Spore|p1a: Marowak|[miss]
|-miss|p2a: Butterfree
|
|turn|7
|
|move|p2a: Butterfree|Psychic|p1a: Marowak
|-damage|p1a: Marowak|198\/276
|move|p1a: Marowak|Seismic Toss|p2a: Butterfree
|-damage|p2a: Butterfree|0 fnt
|faint|p2a: Butterfree
|
|switch|p2a: Kangaskhan|Kangaskhan, L85|352\/352
|turn|8
|
|switch|p1a: Oddish|Oddish, L96|281\/281 slp
|move|p2a: Kangaskhan|Body Slam|p1a: Oddish
|-damage|p1a: Oddish|179\/281 slp
|
|turn|9
|
|move|p2a: Kangaskhan|Body Slam|p1a: Oddish
|-damage|p1a: Oddish|80\/281 slp
|cant|p1a: Oddish|slp
|
|turn|10
|
|move|p2a: Kangaskhan|Earthquake|p1a: Oddish
|-damage|p1a: Oddish|0 fnt
|faint|p1a: Oddish
|
|switch|p1a: Cloyster|Cloyster, L83|253\/253
|turn|11
|
|move|p2a: Kangaskhan|Body Slam|p1a: Cloyster
|-damage|p1a: Cloyster|199\/253
|move|p1a: Cloyster|Ice Beam|p2a: Kangaskhan
|-damage|p2a: Kangaskhan|217\/352
|
|turn|12
|
|move|p2a: Kangaskhan|Body Slam|p1a: Cloyster
|-damage|p1a: Cloyster|146\/253
|-status|p1a: Cloyster|par
|move|p1a: Cloyster|Surf|p2a: Kangaskhan
|-damage|p2a: Kangaskhan|76\/352
|
|turn|13
|
|move|p2a: Kangaskhan|Hyper Beam|p1a: Cloyster|[miss]
|-miss|p2a: Kangaskhan
|move|p1a: Cloyster|Surf|p2a: Kangaskhan
|-damage|p2a: Kangaskhan|0 fnt
|faint|p2a: Kangaskhan
|
|switch|p2a: Pikachu|Pikachu, L96|262\/262
|turn|14
|
|switch|p1a: Marowak|Marowak, L85|198\/276
|move|p2a: Pikachu|Surf|p1a: Marowak
|-supereffective|p1a: Marowak
|-damage|p1a: Marowak|39\/276
|
|turn|15
|
|move|p2a: Pikachu|Surf|p1a: Marowak
|-supereffective|p1a: Marowak
|-damage|p1a: Marowak|0 fnt
|faint|p1a: Marowak
|
|switch|p1a: Cloyster|Cloyster, L83|146\/253 par
|turn|16
|
|move|p2a: Pikachu|Thunder|p1a: Cloyster
|-supereffective|p1a: Cloyster
|-damage|p1a: Cloyster|0 fnt
|faint|p1a: Cloyster
|
|switch|p1a: Sandslash|Sandslash, L85|301\/301
|turn|17
|
|switch|p2a: Machamp|Machamp, L85|327\/327
|move|p1a: Sandslash|Earthquake|p2a: Machamp
|-damage|p2a: Machamp|213\/327
|
|turn|18
|leave|Doc. Giovanni
|
|switch|p1a: Exeggutor|Exeggutor, L79|312\/312
|move|p2a: Machamp|Body Slam|p1a: Exeggutor
|-damage|p1a: Exeggutor|233\/312
|
|turn|19
|
|move|p2a: Machamp|Body Slam|p1a: Exeggutor
|-crit|p1a: Exeggutor
|-damage|p1a: Exeggutor|72\/312
|move|p1a: Exeggutor|Stun Spore|p2a: Machamp
|-status|p2a: Machamp|par
|
|turn|20
|
|move|p1a: Exeggutor|Mega Drain|p2a: Machamp
|-damage|p2a: Machamp|160\/327 par
|-heal|p1a: Exeggutor|98\/312|[from] drain|[of] p2a: Machamp
|cant|p2a: Machamp|par
|
|turn|21
|
|move|p1a: Exeggutor|Mega Drain|p2a: Machamp
|-crit|p2a: Machamp
|-damage|p2a: Machamp|59\/327 par
|-heal|p1a: Exeggutor|148\/312|[from] drain|[of] p2a: Machamp
|move|p2a: Machamp|Body Slam|p1a: Exeggutor
|-damage|p1a: Exeggutor|72\/312
|
|turn|22
|
|move|p1a: Exeggutor|Mega Drain|p2a: Machamp
|-crit|p2a: Machamp
|-damage|p2a: Machamp|0 fnt
|-heal|p1a: Exeggutor|101\/312|[from] drain|[of] p2a: Machamp
|faint|p2a: Machamp
|
|switch|p2a: Flareon|Flareon, L85|284\/284
|turn|23
|
|switch|p2a: Gloom|Gloom, L85|276\/276
|switch|p1a: Sandslash|Sandslash, L85|301\/301
|
|turn|24
|
|move|p1a: Sandslash|Swords Dance|p1a: Sandslash
|-boost|p1a: Sandslash|atk|2
|move|p2a: Gloom|Sleep Powder|p1a: Sandslash
|-status|p1a: Sandslash|slp
|
|turn|25
|
|switch|p1a: Exeggutor|Exeggutor, L79|101\/312
|switch|p2a: Flareon|Flareon, L85|284\/284
|
|turn|26
|
|switch|p1a: Tentacruel|Tentacruel, L85|310\/310
|move|p2a: Flareon|Fire Blast|p1a: Tentacruel
|-resisted|p1a: Tentacruel
|-damage|p1a: Tentacruel|259\/310
|
|turn|27
|
|switch|p2a: Gloom|Gloom, L85|276\/276
|move|p1a: Tentacruel|Swords Dance|p1a: Tentacruel
|-boost|p1a: Tentacruel|atk|2
|
|turn|28
|
|move|p1a: Tentacruel|Blizzard|p2a: Gloom
|-supereffective|p2a: Gloom
|-damage|p2a: Gloom|73\/276
|move|p2a: Gloom|Double-Edge|p1a: Tentacruel
|-damage|p1a: Tentacruel|189\/310
|-damage|p2a: Gloom|56\/276|[from] recoil|[of] p1a: Tentacruel
|
|turn|29
|
|move|p1a: Tentacruel|Blizzard|p2a: Gloom
|-supereffective|p2a: Gloom
|-damage|p2a: Gloom|0 fnt
|faint|p2a: Gloom
|
|switch|p2a: Pikachu|Pikachu, L96|262\/262
|turn|30
|
|move|p2a: Pikachu|Thunder|p1a: Tentacruel|[miss]
|-miss|p2a: Pikachu
|move|p1a: Tentacruel|Hyper Beam|p2a: Pikachu
|-damage|p2a: Pikachu|0 fnt
|faint|p2a: Pikachu
|c|★ihouijlkj|...
|c|★ihouijlkj|outplayed all game
|c|★ihouijlkj|lol
|
|switch|p2a: Flareon|Flareon, L85|284\/284
|turn|31
|c|★Psychedelic Trip|im a orety tough trainer but youre not bad yourself
|c|★Psychedelic Trip|lol
|c|★ihouijlkj|im 1 in the ladder dawg
|
|move|p1a: Tentacruel|Hydro Pump|p2a: Flareon
|-supereffective|p2a: Flareon
|-damage|p2a: Flareon|40\/284
|move|p2a: Flareon|Body Slam|p1a: Tentacruel
|-damage|p1a: Tentacruel|95\/310
|
|turn|32
|c|★ihouijlkj|also 2
|c|★ihouijlkj|etc etc
|c|★Psychedelic Trip|being number 1 on a FAN MADE GAME does not prove anything
|
|switch|p1a: Sandslash|Sandslash, L85|301\/301 slp
|move|p2a: Flareon|Quick Attack|p1a: Sandslash
|-damage|p1a: Sandslash|272\/301 slp
|
|turn|33
|c|★ihouijlkj|but making the correct move every turn does
|
|cant|p1a: Sandslash|slp
|move|p2a: Flareon|Fire Blast|p1a: Sandslash
|-damage|p1a: Sandslash|99\/301 slp
|
|turn|34
|c|★Psychedelic Trip|which ive been doing
|c|★ihouijlkj|no
|
|move|p2a: Flareon|Body Slam|p1a: Sandslash
|-crit|p1a: Sandslash
|-damage|p1a: Sandslash|0 fnt
|faint|p1a: Sandslash
|c|★ihouijlkj|I have
|
|switch|p1a: Exeggutor|Exeggutor, L79|101\/312
|turn|35
|c|★ihouijlkj|predicted you everywhere, put myself in a winning spot and lost
|c|★ihouijlkj|bc of hax
|
|move|p2a: Flareon|Fire Blast|p1a: Exeggutor
|-supereffective|p1a: Exeggutor
|-damage|p1a: Exeggutor|0 fnt
|faint|p1a: Exeggutor
|
|switch|p1a: Tentacruel|Tentacruel, L85|95\/310
|turn|36
|
|move|p2a: Flareon|Quick Attack|p1a: Tentacruel
|-damage|p1a: Tentacruel|52\/310
|move|p1a: Tentacruel|Hyper Beam|p2a: Flareon
|-damage|p2a: Flareon|0 fnt
|faint|p2a: Flareon
|
|win|Psychedelic Trip
|raw|Ladder updating...
|raw|Psychedelic Trip's rating: 1240 &rarr; <strong>1256<\/strong><br \/>(+16 for winning)
|raw|ihouijlkj's rating: 1105 &rarr; <strong>1089<\/strong><br \/>(-16 for losing)
|c|★Psychedelic Trip|good job predicting you were gonna lose lol
|c|★Psychedelic Trip|gg tho
|c|★ihouijlkj|good job being bad
|c|★ihouijlkj|and having a shitty rank lol
|c|★Psychedelic Trip|im not lol
|c|★ihouijlkj|yeah you are
|c|★ihouijlkj|you got outplayed everywhere
|c|★ihouijlkj|you're a ladder random
|c|★ihouijlkj|nothing impressive
|c|★Psychedelic Trip|and that why i won
|c|★ihouijlkj|you won bc of luck
|c|★ihouijlkj|surely you're not that stupid
|c|★ihouijlkj|well you might be
|c|★Psychedelic Trip|learn to lose gaffot
|c|★ihouijlkj|thunder hits = you lose
|c|★ihouijlkj|plus all the hax before
|c|★Psychedelic Trip|also, an online fan made game  proves nothing
|c|★ihouijlkj|predicting your stupid switches
|c|★ihouijlkj|and surfing
|c|★ihouijlkj|etc etc
|c|★ihouijlkj|with a worse team btw
|c|★Psychedelic Trip|learn2lose aggot fay
|leave|Psychedelic Trip
|player|p1