|j|Andjey
|j|Bug Meteor
|player|p1|Andjey|101
|player|p2|Bug Meteor|127
|gametype|singles
|gen|1
|tier|[Gen 1] OU
|rated
|seed|12751,37618,43444,42542
|rule|Sleep Clause Mod: Limit one foe put to sleep
|rule|Freeze Clause Mod: Limit one foe frozen
|rule|Species Clause: Limit one of each Pokémon
|rule|OHKO Clause: OHKO moves are banned
|rule|Evasion Moves Clause: Evasion moves are banned
|rule|HP Percentage Mod: HP is shown in percentages
|
|start
|switch|p1a: Yo mama!|Jynx|333\/333
|switch|p2a: Gengar|Gengar|323\/323
|turn|1
|c|★Bug Meteor|Ia flar que nem existe ladder disso
|choice|move 3|move 1
|
|move|p2a: Gengar|Hypnosis|p1a: Yo mama!
|-status|p1a: Yo mama!|slp
|cant|p1a: Yo mama!|slp
|
|turn|2
|choice|switch 5|move 3
|
|switch|p1a: Fimbulwinter|Articuno|383\/383
|move|p2a: Gengar|Thunderbolt|p1a: Fimbulwinter
|-supereffective|p1a: Fimbulwinter
|-damage|p1a: Fimbulwinter|225\/383
|
|turn|3
|choice|switch 6|switch 5
|
|switch|p2a: Chansey|Chansey|703\/703
|switch|p1a: Mystic Montain|Rhydon|413\/413
|
|turn|4
|choice|move 3|move 4
|
|move|p1a: Mystic Montain|Substitute|p1a: Mystic Montain
|-start|p1a: Mystic Montain|Substitute
|-damage|p1a: Mystic Montain|310\/413
|move|p2a: Chansey|Counter|p1a: Mystic Montain
|-fail|p2a: Chansey
|
|turn|5
|choice|move 1|move 1
|
|move|p2a: Chansey|Ice Beam|p1a: Mystic Montain
|-supereffective|p1a: Mystic Montain
|-end|p1a: Mystic Montain|Substitute
|move|p1a: Mystic Montain|Earthquake|p2a: Chansey
|-damage|p2a: Chansey|306\/703
|
|turn|6
|choice|move 1|move 1
|
|move|p2a: Chansey|Ice Beam|p1a: Mystic Montain
|-supereffective|p1a: Mystic Montain
|-damage|p1a: Mystic Montain|72\/413
|move|p1a: Mystic Montain|Earthquake|p2a: Chansey
|-damage|p2a: Chansey|0 fnt
|faint|p2a: Chansey
|choice||switch 4
|
|switch|p2a: Alakazam|Alakazam|313\/313
|turn|7
|choice|switch 4|move 1
|
|switch|p1a: American Standard|Snorlax|523\/523
|move|p2a: Alakazam|Psychic|p1a: American Standard
|-damage|p1a: American Standard|363\/523
|-unboost|p1a: American Standard|spd|1
|-unboost|p1a: American Standard|spa|1
|
|turn|8
|choice|move 3|move 1
|
|move|p2a: Alakazam|Psychic|p1a: American Standard
|-damage|p1a: American Standard|105\/523
|move|p1a: American Standard|Body Slam|p2a: Alakazam
|-damage|p2a: Alakazam|133\/313
|-status|p2a: Alakazam|par
|
|turn|9
|choice|move 3|move 1
|
|move|p1a: American Standard|Body Slam|p2a: Alakazam
|-crit|p2a: Alakazam
|-damage|p2a: Alakazam|0 fnt
|faint|p2a: Alakazam
|choice||switch 6
|
|switch|p2a: Tauros|Tauros|353\/353
|turn|10
|choice|switch 6|move 1
|
|switch|p1a: Fimbulwinter|Articuno|225\/383
|move|p2a: Tauros|Body Slam|p1a: Fimbulwinter
|-crit|p1a: Fimbulwinter
|-damage|p1a: Fimbulwinter|16\/383
|
|turn|11
|choice|move 2|move 1
|
|move|p2a: Tauros|Body Slam|p1a: Fimbulwinter
|-damage|p1a: Fimbulwinter|0 fnt
|faint|p1a: Fimbulwinter
|j|Stefunk
|choice|switch 2|
|
|switch|p1a: Stargasm|Starmie|323\/323
|turn|12
|choice|move 4|switch 5
|
|switch|p2a: Gengar|Gengar|323\/323
|move|p1a: Stargasm|Thunder Wave|p2a: Gengar
|-status|p2a: Gengar|par
|
|turn|13
|choice|move 2|move 2
|
|move|p1a: Stargasm|Thunderbolt|p2a: Gengar
|-damage|p2a: Gengar|259\/323 par
|cant|p2a: Gengar|par
|
|turn|14
|choice|switch 5|move 2
|
|switch|p1a: Yo mama!|Jynx|333\/333 slp
|move|p2a: Gengar|Explosion|p1a: Yo mama!
|-damage|p1a: Yo mama!|0 fnt
|faint|p1a: Yo mama!
|faint|p2a: Gengar
|c|★Bug Meteor|Jon
|c|★Bug Meteor|o,o
|choice|switch 3|switch 5
|
|switch|p1a: King Of the Bullsh|Tauros|353\/353
|switch|p2a: Tauros|Tauros|353\/353
|turn|15
|choice|move 1|switch 2
|
|switch|p2a: Golem|Golem|363\/363
|move|p1a: King Of the Bullsh|Body Slam|p2a: Golem
|-resisted|p2a: Golem
|-damage|p2a: Golem|325\/363
|
|turn|16
|choice|move 3|move 2
|
|move|p1a: King Of the Bullsh|Earthquake|p2a: Golem
|-supereffective|p2a: Golem
|-damage|p2a: Golem|190\/363
|move|p2a: Golem|Earthquake|p1a: King Of the Bullsh
|-damage|p1a: King Of the Bullsh|229\/353
|
|turn|17
|choice|move 4|move 2
|
|move|p1a: King Of the Bullsh|Blizzard|p2a: Golem
|-supereffective|p2a: Golem
|-damage|p2a: Golem|0 fnt
|faint|p2a: Golem
|choice||switch 2
|
|switch|p2a: Tauros|Tauros|353\/353
|turn|18
|choice|move 1|move 2
|
|move|p1a: King Of the Bullsh|Body Slam|p2a: Tauros
|-damage|p2a: Tauros|247\/353
|move|p2a: Tauros|Hyper Beam|p1a: King Of the Bullsh
|-damage|p1a: King Of the Bullsh|51\/353
|
|turn|19
|-mustrecharge|p2a: Tauros
|-mustrecharge|p2a: Tauros
|choice|move 1|move 1
|
|cant|p2a: Tauros|recharge
|move|p1a: King Of the Bullsh|Body Slam|p2a: Tauros
|-damage|p2a: Tauros|139\/353
|
|turn|20
|choice|switch 6|move 1
|
|switch|p1a: American Standard|Snorlax|105\/523
|move|p2a: Tauros|Body Slam|p1a: American Standard
|-damage|p1a: American Standard|0 fnt
|faint|p1a: American Standard
|choice|switch 5|
|
|switch|p1a: Stargasm|Starmie|323\/323
|turn|21
|choice|move 2|move 1
|
|move|p1a: Stargasm|Thunderbolt|p2a: Tauros
|-damage|p2a: Tauros|40\/353
|move|p2a: Tauros|Body Slam|p1a: Stargasm|[miss]
|-miss|p2a: Tauros
|
|turn|22
|c|★Bug Meteor|Bom meta
|choice|move 2|move 2
|
|move|p1a: Stargasm|Thunderbolt|p2a: Tauros
|-damage|p2a: Tauros|0 fnt
|faint|p2a: Tauros
|choice||switch 3
|
|switch|p2a: Dragonite|Dragonite|385\/385
|turn|23
|choice|move 1|move 1
|
|move|p1a: Stargasm|Blizzard|p2a: Dragonite
|-supereffective|p2a: Dragonite
|-damage|p2a: Dragonite|22\/385
|move|p2a: Dragonite|Agility|p2a: Dragonite
|-boost|p2a: Dragonite|spe|2
|
|turn|24
|choice|move 1|move 2
|
|move|p2a: Dragonite|Wrap|p1a: Stargasm
|-crit|p1a: Stargasm
|-damage|p1a: Stargasm|293\/323
|-activate|p1a: Stargasm|move: Wrap|[of] p2a: Dragonite
|cant|p1a: Stargasm|partiallytrapped
|
|turn|25
|choice|move 2|move 2
|
|move|p2a: Dragonite|Wrap|p1a: Stargasm|[from]Wrap
|-damage|p1a: Stargasm|263\/323
|cant|p1a: Stargasm|partiallytrapped
|
|turn|26
|choice|switch 4|move 2
|
|switch|p1a: Mystic Montain|Rhydon|72\/413
|move|p2a: Dragonite|Wrap|p1a: Mystic Montain
|-resisted|p1a: Mystic Montain
|-damage|p1a: Mystic Montain|66\/413
|-activate|p1a: Mystic Montain|move: Wrap|[of] p2a: Dragonite
|
|turn|27
|choice|move 2|move 2
|
|move|p2a: Dragonite|Wrap|p1a: Mystic Montain|[from]Wrap
|-damage|p1a: Mystic Montain|60\/413
|cant|p1a: Mystic Montain|partiallytrapped
|
|turn|28
|choice|move 2|move 2
|
|move|p2a: Dragonite|Wrap|p1a: Mystic Montain|[from]Wrap
|-damage|p1a: Mystic Montain|54\/413
|cant|p1a: Mystic Montain|partiallytrapped
|
|-end|p1a: Mystic Montain|Wrap|[partiallytrapped]
|turn|29
|choice|move 2|move 4
|
|move|p2a: Dragonite|Surf|p1a: Mystic Montain
|-supereffective|p1a: Mystic Montain
|-damage|p1a: Mystic Montain|0 fnt
|faint|p1a: Mystic Montain
|choice|switch 4|
|
|switch|p1a: Stargasm|Starmie|263\/323
|turn|30
|choice|move 4|move 2
|
|move|p2a: Dragonite|Wrap|p1a: Stargasm|[miss]
|-miss|p2a: Dragonite
|move|p1a: Stargasm|Thunder Wave|p2a: Dragonite
|-status|p2a: Dragonite|par
|
|turn|31
|choice|move 2|move 2
|
|move|p1a: Stargasm|Thunderbolt|p2a: Dragonite
|-crit|p2a: Dragonite
|-damage|p2a: Dragonite|0 fnt
|faint|p2a: Dragonite
|
|win|Andjey
|player|p1
|player|p2
|raw|Andjey's rating: 1000 &rarr; <strong>1040<\/strong><br \/>(+40 for winning)
|raw|Bug Meteor's rating: 1000 &rarr; <strong>1000<\/strong><br \/>(+0 for losing)
|l|Bug Meteor