|join|HANKHANKHANK
|join|jb champ
|player|p1|HANKHANKHANK|2
|player|p2|jb champ|150
|gametype|singles
|gen|1
|tier|[Gen 1] OU (beta)
|rated
|rule|Sleep Clause Mod: Limit one foe put to sleep
|rule|Species Clause: Limit one of each Pokemon
|rule|OHKO Clause: OHKO moves are banned
|rule|Moody Clause: Moody is banned
|rule|Evasion Moves Clause: Evasion moves are banned
|rule|Endless Battle Clause: Forcing endless battles is banned.
|rule|HP Percentage Mod: HP is reported as percentages
|
|start
|switch|p1a: Ninetales|Ninetales|349\/349
|switch|p2a: Gengar|Gengar|323\/323
|turn|1
|
|move|p2a: Gengar|Hypnosis|p1a: Ninetales
|-status|p1a: Ninetales|slp
|cant|p1a: Ninetales|slp
|
|turn|2
|join|Cheery Skeleton
|
|switch|p2a: Slowbro|Slowbro|393\/393
|switch|p1a: Alakazam|Alakazam|313\/313
|
|turn|3
|
|switch|p1a: Lapras|Lapras|463\/463
|move|p2a: Slowbro|Amnesia|p2a: Slowbro
|-boost|p2a: Slowbro|spd|2
|-boost|p2a: Slowbro|spa|2
|
|turn|4
|
|move|p1a: Lapras|Confuse Ray|p2a: Slowbro
|-start|p2a: Slowbro|confusion
|-activate|p2a: Slowbro|confusion
|move|p2a: Slowbro|Thunder Wave|p1a: Lapras
|-status|p1a: Lapras|par
|
|turn|5
|
|switch|p2a: Gengar|Gengar|323\/323
|move|p1a: Lapras|Body Slam|p2a: Gengar
|-immune|p2a: Gengar|[msg]
|
|turn|6
|
|move|p2a: Gengar|Thunderbolt|p1a: Lapras
|-supereffective|p1a: Lapras
|-damage|p1a: Lapras|266\/463 par
|move|p1a: Lapras|Confuse Ray|p2a: Gengar
|-start|p2a: Gengar|confusion
|
|turn|7
|join|SonicJaxx
|leave|Cheery Skeleton
|
|switch|p1a: Chansey|Chansey|703\/703
|-activate|p2a: Gengar|confusion
|move|p2a: Gengar|Thunderbolt|p1a: Chansey
|-damage|p1a: Chansey|619\/703
|
|turn|8
|
|-activate|p2a: Gengar|confusion
|move|p2a: Gengar|Explosion|p1a: Chansey
|-crit|p1a: Chansey
|-damage|p1a: Chansey|0 fnt
|faint|p1a: Chansey
|faint|p2a: Gengar
|
|switch|p1a: Tentacruel|Tentacruel|363\/363
|switch|p2a: Kangaskhan|Kangaskhan|413\/413
|turn|9
|
|move|p1a: Tentacruel|Swords Dance|p1a: Tentacruel
|-boost|p1a: Tentacruel|atk|2
|move|p2a: Kangaskhan|Earthquake|p1a: Tentacruel
|-supereffective|p1a: Tentacruel
|-damage|p1a: Tentacruel|180\/363
|
|turn|10
|
|move|p1a: Tentacruel|Wrap|p2a: Kangaskhan
|-damage|p2a: Kangaskhan|390\/413
|-activate|p2a: Kangaskhan|move: Wrap|[of] p1a: Tentacruel
|cant|p2a: Kangaskhan|partiallytrapped
|
|turn|11
|
|switch|p2a: Alakazam|Alakazam|313\/313
|move|p1a: Tentacruel|Wrap|p2a: Alakazam
|-crit|p2a: Alakazam
|-damage|p2a: Alakazam|284\/313
|-activate|p2a: Alakazam|move: Wrap|[of] p1a: Tentacruel
|
|turn|12
|
|switch|p1a: Alakazam|Alakazam|313\/313
|cant|p2a: Alakazam|partiallytrapped
|
|-end|p2a: Alakazam|Wrap|[partiallytrapped]
|turn|13
|
|switch|p2a: Golem|Golem|363\/363
|move|p1a: Alakazam|Thunder Wave|p2a: Golem
|-immune|p2a: Golem|[msg]
|
|turn|14
|
|move|p1a: Alakazam|Reflect|p1a: Alakazam
|move|p2a: Golem|Earthquake|p1a: Alakazam
|-damage|p1a: Alakazam|206\/313
|
|turn|15
|
|move|p1a: Alakazam|Psychic|p2a: Golem
|-damage|p2a: Golem|174\/363
|-unboost|p2a: Golem|spd|1
|-unboost|p2a: Golem|spa|1
|move|p2a: Golem|Explosion|p1a: Alakazam
|-damage|p1a: Alakazam|0 fnt
|faint|p1a: Alakazam
|faint|p2a: Golem
|
|switch|p2a: Alakazam|Alakazam|284\/313
|switch|p1a: Lapras|Lapras|266\/463 par
|turn|16
|
|move|p2a: Alakazam|Psychic|p1a: Lapras
|-damage|p1a: Lapras|142\/463 par
|move|p1a: Lapras|Confuse Ray|p2a: Alakazam
|-start|p2a: Alakazam|confusion
|
|turn|17
|
|switch|p2a: Kangaskhan|Kangaskhan|390\/413
|move|p1a: Lapras|Body Slam|p2a: Kangaskhan
|-crit|p2a: Kangaskhan
|-damage|p2a: Kangaskhan|254\/413
|
|turn|18
|
|switch|p1a: Dragonite|Dragonite|385\/385
|move|p2a: Kangaskhan|Hyper Beam|p1a: Dragonite
|-damage|p1a: Dragonite|217\/385
|
|turn|19
|
|cant|p2a: Kangaskhan|recharge
|move|p1a: Dragonite|Agility|p1a: Dragonite
|-boost|p1a: Dragonite|spe|2
|
|turn|20
|
|move|p1a: Dragonite|Wrap|p2a: Kangaskhan
|-damage|p2a: Kangaskhan|236\/413
|-activate|p2a: Kangaskhan|move: Wrap|[of] p1a: Dragonite
|cant|p2a: Kangaskhan|partiallytrapped
|
|turn|21
|
|move|p1a: Dragonite|Wrap|p2a: Kangaskhan
|-damage|p2a: Kangaskhan|218\/413
|cant|p2a: Kangaskhan|partiallytrapped
|
|turn|22
|
|move|p1a: Dragonite|Wrap|p2a: Kangaskhan
|-damage|p2a: Kangaskhan|200\/413
|cant|p2a: Kangaskhan|partiallytrapped
|
|turn|23
|
|move|p1a: Dragonite|Wrap|p2a: Kangaskhan
|-damage|p2a: Kangaskhan|182\/413
|cant|p2a: Kangaskhan|partiallytrapped
|
|-end|p2a: Kangaskhan|Wrap|[partiallytrapped]
|turn|24
|
|move|p1a: Dragonite|Wrap|p2a: Kangaskhan
|-damage|p2a: Kangaskhan|165\/413
|-activate|p2a: Kangaskhan|move: Wrap|[of] p1a: Dragonite
|cant|p2a: Kangaskhan|partiallytrapped
|
|turn|25
|
|move|p1a: Dragonite|Wrap|p2a: Kangaskhan
|-damage|p2a: Kangaskhan|148\/413
|cant|p2a: Kangaskhan|partiallytrapped
|
|turn|26
|
|move|p1a: Dragonite|Wrap|p2a: Kangaskhan
|-damage|p2a: Kangaskhan|131\/413
|cant|p2a: Kangaskhan|partiallytrapped
|
|turn|27
|
|move|p1a: Dragonite|Wrap|p2a: Kangaskhan
|-damage|p2a: Kangaskhan|114\/413
|cant|p2a: Kangaskhan|partiallytrapped
|
|turn|28
|
|move|p1a: Dragonite|Wrap|p2a: Kangaskhan
|-damage|p2a: Kangaskhan|97\/413
|cant|p2a: Kangaskhan|partiallytrapped
|
|-end|p2a: Kangaskhan|Wrap|[partiallytrapped]
|turn|29
|
|switch|p2a: Slowbro|Slowbro|393\/393
|move|p1a: Dragonite|Surf|p2a: Slowbro
|-resisted|p2a: Slowbro
|-damage|p2a: Slowbro|354\/393
|
|turn|30
|
|move|p1a: Dragonite|Wrap|p2a: Slowbro
|-damage|p2a: Slowbro|339\/393
|-activate|p2a: Slowbro|move: Wrap|[of] p1a: Dragonite
|cant|p2a: Slowbro|partiallytrapped
|
|turn|31
|
|move|p1a: Dragonite|Wrap|p2a: Slowbro
|-damage|p2a: Slowbro|324\/393
|cant|p2a: Slowbro|partiallytrapped
|
|turn|32
|
|move|p1a: Dragonite|Wrap|p2a: Slowbro
|-damage|p2a: Slowbro|309\/393
|cant|p2a: Slowbro|partiallytrapped
|
|turn|33
|
|move|p1a: Dragonite|Wrap|p2a: Slowbro
|-damage|p2a: Slowbro|294\/393
|cant|p2a: Slowbro|partiallytrapped
|
|-end|p2a: Slowbro|Wrap|[partiallytrapped]
|turn|34
|
|move|p1a: Dragonite|Wrap|p2a: Slowbro|[miss]
|-miss|p1a: Dragonite
|move|p2a: Slowbro|Thunder Wave|p1a: Dragonite
|-status|p1a: Dragonite|par
|
|turn|35
|
|switch|p2a: Kangaskhan|Kangaskhan|97\/413
|move|p1a: Dragonite|Wrap|p2a: Kangaskhan
|-damage|p2a: Kangaskhan|79\/413
|-activate|p2a: Kangaskhan|move: Wrap|[of] p1a: Dragonite
|
|turn|36
|
|cant|p2a: Kangaskhan|partiallytrapped
|move|p1a: Dragonite|Wrap|p2a: Kangaskhan
|-damage|p2a: Kangaskhan|61\/413
|
|-end|p2a: Kangaskhan|Wrap|[partiallytrapped]
|turn|37
|
|move|p2a: Kangaskhan|Body Slam|p1a: Dragonite
|-damage|p1a: Dragonite|110\/385 par
|move|p1a: Dragonite|Surf|p2a: Kangaskhan
|-damage|p2a: Kangaskhan|0 fnt
|faint|p2a: Kangaskhan
|
|
|switch|p2a: Tauros|Tauros|353\/353
|turn|38
|
|move|p2a: Tauros|Blizzard|p1a: Dragonite
|-supereffective|p1a: Dragonite
|-damage|p1a: Dragonite|0 fnt
|faint|p1a: Dragonite
|
|
|switch|p1a: Lapras|Lapras|142\/463 par
|turn|39
|
|move|p2a: Tauros|Hyper Beam|p1a: Lapras
|-damage|p1a: Lapras|0 fnt
|faint|p1a: Lapras
|
|
|switch|p1a: Ninetales|Ninetales|349\/349 slp
|turn|40
|
|move|p2a: Tauros|Earthquake|p1a: Ninetales
|-supereffective|p1a: Ninetales
|-damage|p1a: Ninetales|168\/349 slp
|cant|p1a: Ninetales|slp
|
|turn|41
|
|move|p2a: Tauros|Earthquake|p1a: Ninetales
|-supereffective|p1a: Ninetales
|-damage|p1a: Ninetales|0 fnt
|faint|p1a: Ninetales
|
|
|switch|p1a: Tentacruel|Tentacruel|180\/363
|turn|42
|
|move|p2a: Tauros|Earthquake|p1a: Tentacruel
|-crit|p1a: Tentacruel
|-supereffective|p1a: Tentacruel
|-damage|p1a: Tentacruel|0 fnt
|faint|p1a: Tentacruel
|
|win|jb champ
|raw|Ladder updating...
|raw|HANKHANKHANK's rating: 1331 &rarr; <strong>1315<\/strong><br \/>(-16 for losing)
|raw|jb champ's rating: 1401 &rarr; <strong>1417<\/strong><br \/>(+16 for winning)