|j|Batiaface
|j|trickster is a fag
|player|p1|Batiaface|163
|player|p2|trickster is a fag|266
|gametype|singles
|gen|1
|tier|[Gen 1] Random Battle
|rated
|seed|57581,35439,5011,49472
|rule|Sleep Clause Mod: Limit one foe put to sleep
|rule|Freeze Clause Mod: Limit one foe frozen
|rule|HP Percentage Mod: HP is shown in percentages
|
|start
|switch|p1a: Spearow|Spearow, L96|272\/272
|switch|p2a: Poliwag|Poliwag, L96|272\/272
|turn|1
|choice|switch 6|switch 2
|
|switch|p2a: Omanyte|Omanyte, L96|262\/262
|switch|p1a: Chansey|Chansey, L79|557\/557
|
|turn|2
|choice|move 4|switch 5
|
|switch|p2a: Nidoqueen|Nidoqueen, L85|327\/327
|move|p1a: Chansey|Thunderbolt|p2a: Nidoqueen
|-immune|p2a: Nidoqueen|[msg]
|
|turn|3
|choice|switch 6|move 1
|
|switch|p1a: Spearow|Spearow, L96|272\/272
|move|p2a: Nidoqueen|Earthquake|p1a: Spearow
|-immune|p1a: Spearow|[msg]
|
|turn|4
|choice|move 3|switch 5
|
|switch|p2a: Omanyte|Omanyte, L96|262\/262
|move|p1a: Spearow|Drill Peck|p2a: Omanyte
|-resisted|p2a: Omanyte
|-damage|p2a: Omanyte|227\/262
|
|turn|5
|choice|switch 6|move 1
|
|switch|p1a: Chansey|Chansey, L79|557\/557
|move|p2a: Omanyte|Blizzard|p1a: Chansey
|-damage|p1a: Chansey|459\/557
|-status|p1a: Chansey|frz
|
|turn|6
|c|★Batiaface|AAAH.
|choice|move 4|move 1
|
|move|p2a: Omanyte|Blizzard|p1a: Chansey
|-damage|p1a: Chansey|363\/557 frz
|cant|p1a: Chansey|frz
|
|turn|7
|choice|move 4|move 4
|
|move|p2a: Omanyte|Mimic|p1a: Chansey
|-start|p2a: Omanyte|Mimic|Soft-Boiled
|cant|p1a: Chansey|frz
|
|turn|8
|choice|move 4|move 2
|
|move|p2a: Omanyte|Seismic Toss|p1a: Chansey
|-damage|p1a: Chansey|267\/557 frz
|cant|p1a: Chansey|frz
|
|turn|9
|choice|move 4|move 2
|
|move|p2a: Omanyte|Seismic Toss|p1a: Chansey
|-damage|p1a: Chansey|171\/557 frz
|cant|p1a: Chansey|frz
|
|turn|10
|choice|move 4|move 2
|
|move|p2a: Omanyte|Seismic Toss|p1a: Chansey
|-damage|p1a: Chansey|75\/557 frz
|cant|p1a: Chansey|frz
|
|turn|11
|choice|move 4|move 4
|
|move|p2a: Omanyte|Soft-Boiled|p2a: Omanyte
|-heal|p2a: Omanyte|262\/262
|cant|p1a: Chansey|frz
|
|turn|12
|choice|move 4|move 2
|
|move|p2a: Omanyte|Seismic Toss|p1a: Chansey
|-damage|p1a: Chansey|0 fnt
|faint|p1a: Chansey
|choice|switch 5|
|
|switch|p1a: Mr. Mime|Mr. Mime, L85|242\/242
|turn|13
|choice|move 3|switch 5
|
|switch|p2a: Nidoqueen|Nidoqueen, L85|327\/327
|move|p1a: Mr. Mime|Thunderbolt|p2a: Nidoqueen
|-immune|p2a: Nidoqueen|[msg]
|
|turn|14
|choice|move 1|switch 6
|
|switch|p2a: Alakazam|Alakazam, L79|249\/249
|move|p1a: Mr. Mime|Psychic|p2a: Alakazam
|-resisted|p2a: Alakazam
|-damage|p2a: Alakazam|211\/249
|
|turn|15
|choice|move 1|move 2
|
|move|p2a: Alakazam|Thunder Wave|p1a: Mr. Mime
|-status|p1a: Mr. Mime|par
|cant|p1a: Mr. Mime|par
|
|turn|16
|choice|move 3|switch 6
|
|switch|p2a: Nidoqueen|Nidoqueen, L85|327\/327
|move|p1a: Mr. Mime|Thunderbolt|p2a: Nidoqueen
|-immune|p2a: Nidoqueen|[msg]
|
|turn|17
|choice|move 3|move 1
|
|move|p2a: Nidoqueen|Earthquake|p1a: Mr. Mime
|-damage|p1a: Mr. Mime|135\/242 par
|cant|p1a: Mr. Mime|par
|
|turn|18
|choice|move 1|move 1
|
|move|p2a: Nidoqueen|Earthquake|p1a: Mr. Mime
|-damage|p1a: Mr. Mime|21\/242 par
|cant|p1a: Mr. Mime|par
|
|turn|19
|choice|move 1|move 1
|
|move|p2a: Nidoqueen|Earthquake|p1a: Mr. Mime
|-damage|p1a: Mr. Mime|0 fnt
|faint|p1a: Mr. Mime
|c|★trickster is a fag|hows this going
|choice|switch 6|
|
|switch|p1a: Spearow|Spearow, L96|272\/272
|turn|20
|choice|move 3|switch 5
|
|switch|p2a: Omanyte|Omanyte, L96|262\/262
|move|p1a: Spearow|Drill Peck|p2a: Omanyte
|-resisted|p2a: Omanyte
|-damage|p2a: Omanyte|227\/262
|
|turn|21
|choice|move 4|move 1
|
|move|p1a: Spearow|Mirror Move|p1a: Spearow
|-fail|p1a: Spearow
|move|p2a: Omanyte|Blizzard|p1a: Spearow
|-supereffective|p1a: Spearow
|-damage|p1a: Spearow|0 fnt
|faint|p1a: Spearow
|choice|switch 2|
|
|switch|p1a: Muk|Muk, L90|372\/372
|turn|22
|choice|move 3|switch 4
|
|switch|p2a: Gengar|Gengar, L79|257\/257
|move|p1a: Muk|Mega Drain|p2a: Gengar
|-resisted|p2a: Gengar
|-damage|p2a: Gengar|247\/257
|
|turn|23
|choice|move 3|move 4
|
|move|p2a: Gengar|Psychic|p1a: Muk
|-supereffective|p1a: Muk
|-damage|p1a: Muk|231\/372
|-unboost|p1a: Muk|spd|1
|-unboost|p1a: Muk|spa|1
|move|p1a: Muk|Mega Drain|p2a: Gengar
|-resisted|p2a: Gengar
|-damage|p2a: Gengar|240\/257
|-heal|p1a: Muk|234\/372|[from] drain|[of] p2a: Gengar
|
|turn|24
|choice|move 3|move 4
|
|move|p2a: Gengar|Psychic|p1a: Muk
|-supereffective|p1a: Muk
|-damage|p1a: Muk|0 fnt
|faint|p1a: Muk
|choice|switch 3|
|
|switch|p1a: Ninetales|Ninetales, L85|298\/298
|turn|25
|choice|move 3|switch 4
|
|switch|p2a: Omanyte|Omanyte, L96|227\/262
|move|p1a: Ninetales|Confuse Ray|p2a: Omanyte
|-start|p2a: Omanyte|confusion
|
|turn|26
|c|★trickster is a fag|im gonna have a survey for you at the end of the game
|c|★trickster is a fag|we'd really appreciate it if you could participate
|c|★Batiaface|...
|c|★Batiaface|I'm good.
|choice|move 2|move 1
|
|move|p1a: Ninetales|Body Slam|p2a: Omanyte
|-resisted|p2a: Omanyte
|-damage|p2a: Omanyte|205\/262
|-activate|p2a: Omanyte|confusion
|move|p2a: Omanyte|Blizzard|p1a: Ninetales
|-damage|p1a: Ninetales|204\/298
|
|turn|27
|choice|move 4|move 1
|
|move|p1a: Ninetales|Reflect|p1a: Ninetales
|-start|p1a: Ninetales|Reflect
|-activate|p2a: Omanyte|confusion
|move|p2a: Omanyte|Blizzard|p1a: Ninetales
|-damage|p1a: Ninetales|106\/298
|-status|p1a: Ninetales|frz
|
|turn|28
|c|★trickster is a fag|based on how badly you're losing
|c|★trickster is a fag|i'll have to suggest you're not good
|c|★trickster is a fag|not at all
|c|★Batiaface|It happens.
|choice|move 4|move 2
|
|cant|p1a: Ninetales|frz
|-activate|p2a: Omanyte|confusion
|-damage|p2a: Omanyte|184\/262|[from] confusion
|
|turn|29
|c|★Batiaface|You can't always win.
|choice|move 2|move 2
|
|cant|p1a: Ninetales|frz
|-end|p2a: Omanyte|confusion
|move|p2a: Omanyte|Seismic Toss|p1a: Ninetales
|-damage|p1a: Ninetales|10\/298 frz
|
|turn|30
|choice|move 2|move 4
|
|cant|p1a: Ninetales|frz
|move|p2a: Omanyte|Mimic|p1a: Ninetales
|-start|p2a: Omanyte|Mimic|Reflect
|
|turn|31
|c|★trickster is a fag|you should probably always do better than this though
|choice|move 2|move 4
|
|cant|p1a: Ninetales|frz
|move|p2a: Omanyte|Reflect|p2a: Omanyte
|-start|p2a: Omanyte|Reflect
|
|turn|32
|choice|move 2|move 2
|
|cant|p1a: Ninetales|frz
|move|p2a: Omanyte|Seismic Toss|p1a: Ninetales
|-damage|p1a: Ninetales|0 fnt
|faint|p1a: Ninetales
|choice|switch 4|
|
|switch|p1a: Jolteon|Jolteon, L79|265\/265
|turn|33
|choice|move 1|switch 5
|
|switch|p2a: Nidoqueen|Nidoqueen, L85|327\/327
|move|p1a: Jolteon|Thunderbolt|p2a: Nidoqueen
|-immune|p2a: Nidoqueen|[msg]
|
|turn|34
|choice|move 1|move 1
|
|move|p1a: Jolteon|Thunderbolt|p2a: Nidoqueen
|-immune|p2a: Nidoqueen|[msg]
|move|p2a: Nidoqueen|Earthquake|p1a: Jolteon
|-supereffective|p1a: Jolteon
|-damage|p1a: Jolteon|11\/265
|
|turn|35
|c|★trickster is a fag|mk it's survey time
|c|★trickster is a fag|question number one:
|c|★trickster is a fag|how many pokemon did you manage to kill this game?
|choice|move 1|move 1
|
|move|p1a: Jolteon|Thunderbolt|p2a: Nidoqueen
|-immune|p2a: Nidoqueen|[msg]
|move|p2a: Nidoqueen|Earthquake|p1a: Jolteon
|-supereffective|p1a: Jolteon
|-damage|p1a: Jolteon|0 fnt
|faint|p1a: Jolteon
|
|win|trickster is a fag
|player|p1
|player|p2
|c|★Batiaface|Gg.
|l|Batiaface
||Ladder (probably) updated, but score could not be retrieved (Response not received).