|join|Mr.378
|join|fapkingg
|player|p1|Mr.378|267
|player|p2|fapkingg|25
|gametype|singles
|gen|1
|tier|[Gen 1] OU
|seed|52390,22455,62191,54483
|rule|Sleep Clause Mod: Limit one foe put to sleep
|rule|Freeze Clause Mod: Limit one foe frozen
|rule|Species Clause: Limit one of each Pokémon
|rule|OHKO Clause: OHKO moves are banned
|rule|Evasion Moves Clause: Evasion moves are banned
|rule|HP Percentage Mod: HP is shown in percentages
|
|start
|switch|p1a: Jynx|Jynx|333\/333
|switch|p2a: Jolteon|Jolteon|333\/333
|turn|1
|c|★Mr.378|hf
|c|★fapkingg|hfman!
|choice|move 3|move 1
|
|move|p2a: Jolteon|Thunder Wave|p1a: Jynx
|-status|p1a: Jynx|par
|move|p1a: Jynx|Lovely Kiss|p2a: Jolteon
|-status|p2a: Jolteon|slp
|
|turn|2
|choice|move 1|switch 5
|
|switch|p2a: Snorlax|Snorlax|523\/523
|move|p1a: Jynx|Blizzard|p2a: Snorlax|[miss]
|-miss|p1a: Jynx
|
|turn|3
|choice|move 1|move 1
|
|move|p2a: Snorlax|Body Slam|p1a: Jynx
|-damage|p1a: Jynx|154\/333 par
|move|p1a: Jynx|Blizzard|p2a: Snorlax
|-crit|p2a: Snorlax
|-damage|p2a: Snorlax|156\/523
|
|turn|4
|choice|move 1|move 1
|
|move|p2a: Snorlax|Body Slam|p1a: Jynx
|-damage|p1a: Jynx|0 fnt
|faint|p1a: Jynx
|choice|switch 2|
|
|switch|p1a: Alakazam|Alakazam|313\/313
|turn|5
|choice|move 1|switch 3
|
|switch|p2a: Exeggutor|Exeggutor|393\/393
|move|p1a: Alakazam|Psychic|p2a: Exeggutor
|-resisted|p2a: Exeggutor
|-damage|p2a: Exeggutor|334\/393
|
|turn|6
|choice|move 2|move 1
|
|move|p1a: Alakazam|Thunder Wave|p2a: Exeggutor
|-status|p2a: Exeggutor|par
|cant|p2a: Exeggutor|par
|
|turn|7
|choice|move 1|move 1
|
|move|p1a: Alakazam|Psychic|p2a: Exeggutor
|-resisted|p2a: Exeggutor
|-damage|p2a: Exeggutor|283\/393 par
|move|p2a: Exeggutor|Sleep Powder|p1a: Alakazam|[miss]
|-miss|p2a: Exeggutor
|
|turn|8
|choice|move 1|move 1
|
|move|p1a: Alakazam|Psychic|p2a: Exeggutor
|-resisted|p2a: Exeggutor
|-damage|p2a: Exeggutor|231\/393 par
|-unboost|p2a: Exeggutor|spd|1
|-unboost|p2a: Exeggutor|spa|1
|move|p2a: Exeggutor|Sleep Powder|p1a: Alakazam|[miss]
|-miss|p2a: Exeggutor
|
|turn|9
|choice|move 1|switch 4
|
|switch|p2a: Chansey|Chansey|703\/703
|move|p1a: Alakazam|Psychic|p2a: Chansey
|-damage|p2a: Chansey|568\/703
|
|turn|10
|choice|move 1|move 4
|
|move|p1a: Alakazam|Psychic|p2a: Chansey
|-crit|p2a: Chansey
|-damage|p2a: Chansey|340\/703
|move|p2a: Chansey|Ice Beam|p1a: Alakazam
|-damage|p1a: Alakazam|248\/313
|
|turn|11
|choice|switch 4|move 3
|
|switch|p1a: Snorlax|Snorlax|523\/523
|move|p2a: Chansey|Soft-Boiled|p2a: Chansey
|-heal|p2a: Chansey|691\/703
|
|turn|12
|choice|move 1|move 2
|
|move|p2a: Chansey|Sing|p1a: Snorlax
|-status|p1a: Snorlax|slp
|-curestatus|p1a: Snorlax|slp
|
|turn|13
|choice|switch 4|move 2
|
|switch|p1a: Alakazam|Alakazam|248\/313
|move|p2a: Chansey|Sing|p1a: Alakazam
|-status|p1a: Alakazam|slp
|
|turn|14
|choice|switch 5|switch 4
|
|switch|p1a: Exeggutor|Exeggutor|393\/393
|switch|p2a: Exeggutor|Exeggutor|231\/393 par
|
|turn|15
|choice|switch 4|move 2
|
|switch|p1a: Snorlax|Snorlax|523\/523
|cant|p2a: Exeggutor|par
|
|turn|16
|choice|move 1|move 4
|
|move|p1a: Snorlax|Body Slam|p2a: Exeggutor
|-damage|p2a: Exeggutor|122\/393 par
|move|p2a: Exeggutor|Explosion|p1a: Snorlax
|-damage|p1a: Snorlax|172\/523
|faint|p2a: Exeggutor
|choice||switch 2
|
|switch|p2a: Zapdos|Zapdos|383\/383
|turn|17
|choice|switch 3|switch 5
|
|switch|p2a: Jolteon|Jolteon|333\/333 slp
|switch|p1a: Chansey|Chansey|703\/703
|
|turn|18
|choice|move 2|switch 4
|
|switch|p2a: Chansey|Chansey|691\/703
|move|p1a: Chansey|Ice Beam|p2a: Chansey
|-damage|p2a: Chansey|618\/703
|
|turn|19
|choice|move 2|move 4
|
|move|p2a: Chansey|Ice Beam|p1a: Chansey
|-damage|p1a: Chansey|633\/703
|move|p1a: Chansey|Ice Beam|p2a: Chansey
|-damage|p2a: Chansey|541\/703
|
|turn|20
|choice|move 2|move 4
|
|move|p1a: Chansey|Ice Beam|p2a: Chansey
|-damage|p2a: Chansey|461\/703
|move|p2a: Chansey|Ice Beam|p1a: Chansey
|-damage|p1a: Chansey|563\/703
|
|turn|21
|choice|move 2|move 4
|
|move|p1a: Chansey|Ice Beam|p2a: Chansey
|-damage|p2a: Chansey|387\/703
|move|p2a: Chansey|Ice Beam|p1a: Chansey
|-damage|p1a: Chansey|494\/703
|-status|p1a: Chansey|frz
|
|turn|22
|choice|switch 5|move 4
|
|switch|p1a: Alakazam|Alakazam|248\/313 slp
|move|p2a: Chansey|Ice Beam|p1a: Alakazam
|-damage|p1a: Alakazam|182\/313 slp
|
|turn|23
|choice|move 1|switch 3
|
|switch|p2a: Snorlax|Snorlax|156\/523
|-curestatus|p1a: Alakazam|slp
|
|turn|24
|choice|move 1|switch 3
|
|switch|p2a: Chansey|Chansey|387\/703
|move|p1a: Alakazam|Psychic|p2a: Chansey
|-damage|p2a: Chansey|266\/703
|
|turn|25
|choice|switch 3|move 3
|
|switch|p1a: Snorlax|Snorlax|172\/523
|move|p2a: Chansey|Soft-Boiled|p2a: Chansey
|-heal|p2a: Chansey|617\/703
|
|turn|26
|choice|move 4|move 2
|
|move|p2a: Chansey|Sing|p1a: Snorlax|[miss]
|-miss|p2a: Chansey
|move|p1a: Snorlax|Self-Destruct|p2a: Chansey
|-damage|p2a: Chansey|0 fnt
|faint|p2a: Chansey
|faint|p1a: Snorlax
|choice|switch 3|switch 5
|
|switch|p1a: Alakazam|Alakazam|182\/313
|switch|p2a: Zapdos|Zapdos|383\/383
|turn|27
|choice|move 2|move 4
|
|move|p1a: Alakazam|Thunder Wave|p2a: Zapdos
|-status|p2a: Zapdos|par
|move|p2a: Zapdos|Drill Peck|p1a: Alakazam
|-crit|p1a: Alakazam
|-damage|p1a: Alakazam|0 fnt
|faint|p1a: Alakazam
|choice|switch 4|
|
|switch|p1a: Exeggutor|Exeggutor|393\/393
|turn|28
|choice|move 1|switch 4
|
|switch|p2a: Jolteon|Jolteon|333\/333 slp
|move|p1a: Exeggutor|Psychic|p2a: Jolteon
|-damage|p2a: Jolteon|223\/333 slp
|
|turn|29
|choice|move 1|switch 3
|
|switch|p2a: Snorlax|Snorlax|156\/523
|move|p1a: Exeggutor|Psychic|p2a: Snorlax
|-damage|p2a: Snorlax|0 fnt
|faint|p2a: Snorlax
|choice||switch 4
|
|switch|p2a: Zapdos|Zapdos|383\/383 par
|turn|30
|choice|move 1|move 4
|
|move|p1a: Exeggutor|Psychic|p2a: Zapdos
|-damage|p2a: Zapdos|278\/383 par
|-unboost|p2a: Zapdos|spd|1
|-unboost|p2a: Zapdos|spa|1
|move|p2a: Zapdos|Drill Peck|p1a: Exeggutor
|-supereffective|p1a: Exeggutor
|-damage|p1a: Exeggutor|201\/393
|
|turn|31
|choice|move 1|switch 3
|
|switch|p2a: Jolteon|Jolteon|223\/333 slp
|move|p1a: Exeggutor|Psychic|p2a: Jolteon
|-damage|p2a: Jolteon|97\/333 slp
|
|turn|32
|choice|move 1|move 3
|
|cant|p2a: Jolteon|slp
|move|p1a: Exeggutor|Psychic|p2a: Jolteon
|-damage|p2a: Jolteon|0 fnt
|faint|p2a: Jolteon
|choice||switch 3
|
|switch|p2a: Zapdos|Zapdos|278\/383 par
|turn|33
|choice|move 1|move 1
|
|move|p1a: Exeggutor|Psychic|p2a: Zapdos
|-damage|p2a: Zapdos|171\/383 par
|-unboost|p2a: Zapdos|spd|1
|-unboost|p2a: Zapdos|spa|1
|move|p2a: Zapdos|Agility|p2a: Zapdos
|-boost|p2a: Zapdos|spe|2
|
|turn|34
|choice|move 1|move 4
|
|move|p2a: Zapdos|Drill Peck|p1a: Exeggutor
|-supereffective|p1a: Exeggutor
|-damage|p1a: Exeggutor|18\/393
|move|p1a: Exeggutor|Psychic|p2a: Zapdos
|-damage|p2a: Zapdos|5\/383 par
|
|turn|35
|join|Lusch
|choice|move 1|move 4
|
|move|p2a: Zapdos|Drill Peck|p1a: Exeggutor
|-supereffective|p1a: Exeggutor
|-damage|p1a: Exeggutor|0 fnt
|faint|p1a: Exeggutor
|choice|switch 6|
|
|switch|p1a: Tauros|Tauros|353\/353
|turn|36
|choice|move 1|move 4
|
|move|p2a: Zapdos|Drill Peck|p1a: Tauros
|-damage|p1a: Tauros|266\/353
|move|p1a: Tauros|Body Slam|p2a: Zapdos
|-crit|p2a: Zapdos
|-damage|p2a: Zapdos|0 fnt
|faint|p2a: Zapdos
|choice||switch 6
|
|switch|p2a: Tauros|Tauros|353\/353
|turn|37
|choice|move 4|move 1
|
|move|p2a: Tauros|Body Slam|p1a: Tauros
|-damage|p1a: Tauros|162\/353
|move|p1a: Tauros|Blizzard|p2a: Tauros
|-crit|p2a: Tauros
|-damage|p2a: Tauros|167\/353
|
|turn|38
|choice|move 2|move 2
|
|move|p2a: Tauros|Hyper Beam|p1a: Tauros
|-damage|p1a: Tauros|0 fnt
|faint|p1a: Tauros
|choice|switch 5|
|
|switch|p1a: Chansey|Chansey|494\/703 frz
|turn|39
|join|Mangasimon
|choice|move 2|move 1
|
|move|p2a: Tauros|Body Slam|p1a: Chansey
|-damage|p1a: Chansey|213\/703 frz
|cant|p1a: Chansey|frz
|
|turn|40
|leave|Lusch
|leave|Mangasimon
|c|★fapkingg|guess i was luckier in this game
|c|★fapkingg|gg
|c|★Mr.378|Yeah
|choice|move 2|move 1
|
|move|p2a: Tauros|Body Slam|p1a: Chansey
|-damage|p1a: Chansey|0 fnt
|faint|p1a: Chansey
|
|win|fapkingg
|c|★Mr.378|gg