|join|Slar Flar
|join|ShuckleDeath
|player|p1|Slar Flar|102
|player|p2|ShuckleDeath|58
|gametype|singles
|gen|1
|tier|[Gen 1] Stadium
|seed|49036,47824,23058,54049
|clearpoke
|poke|p1|Persian
|poke|p1|Alakazam
|poke|p1|Jolteon
|poke|p1|Gengar
|poke|p1|Rhydon
|poke|p1|Articuno
|poke|p2|Gengar
|poke|p2|Dragonite
|poke|p2|Snorlax
|poke|p2|Golem
|poke|p2|Slowbro
|poke|p2|Persian
|rule|Sleep Clause Mod: Limit one foe put to sleep
|rule|Freeze Clause Mod: Limit one foe frozen
|rule|Species Clause: Limit one of each Pokémon
|rule|OHKO Clause: OHKO moves are banned
|rule|Evasion Moves Clause: Evasion moves are banned
|rule|Exact HP Mod: Exact HP is shown
|teampreview
|c|★Slar Flar|WOH
|c|★Slar Flar|but my throh post has 130 likes
|c|★ShuckleDeath|ik good team is good I am falling in LOVE with this teir ngl
|c|★Slar Flar|http:\/\/aminoapps.com\/p\/xq6ll
|choice|team 4|team 1
|
|start
|switch|p1a: Gengar|Gengar|323\/323
|switch|p2a: Gengar|Gengar|323\/323
|turn|1
|choice|move 1|move 1
|
|move|p1a: Gengar|Hypnosis|p2a: Gengar
|-status|p2a: Gengar|slp
|cant|p2a: Gengar|slp
|
|turn|2
|c|★ShuckleDeath|Y U DO DIS
|c|★Slar Flar|fuck off m8y :J
|choice|switch 2|switch 4
|
|switch|p1a: Alakazam|Alakazam|313\/313
|switch|p2a: Golem|Golem|363\/363
|
|turn|3
|choice|move 4|move 3
|
|move|p1a: Alakazam|Reflect|p1a: Alakazam
|-start|p1a: Alakazam|Reflect
|move|p2a: Golem|Rock Slide|p1a: Alakazam
|-damage|p1a: Alakazam|242\/313
|
|turn|4
|choice|move 1|switch 3
|
|switch|p2a: Snorlax|Snorlax|523\/523
|move|p1a: Alakazam|Psychic|p2a: Snorlax
|-damage|p2a: Snorlax|351\/523
|
|turn|5
|choice|move 1|move 1
|
|move|p1a: Alakazam|Psychic|p2a: Snorlax
|-damage|p2a: Snorlax|189\/523
|move|p2a: Snorlax|Body Slam|p1a: Alakazam
|-crit|p1a: Alakazam
|-damage|p1a: Alakazam|0 fnt
|faint|p1a: Alakazam
|c|★ShuckleDeath|get memed
|choice|switch 4|
|
|switch|p1a: Persian|Persian|333\/333
|turn|6
|choice|switch 5|switch 4
|
|switch|p1a: Rhydon|Rhydon|413\/413
|switch|p2a: Gengar|Gengar|323\/323 slp
|
|turn|7
|choice|move 3|switch 5
|
|switch|p2a: Slowbro|Slowbro|393\/393
|move|p1a: Rhydon|Substitute|p1a: Rhydon
|-start|p1a: Rhydon|Substitute
|-damage|p1a: Rhydon|310\/413
|
|turn|8
|c|★Slar Flar|bicth you think I'm bad?
|choice|move 4|move 2
|
|move|p1a: Rhydon|Body Slam|p2a: Slowbro
|-damage|p2a: Slowbro|321\/393
|-status|p2a: Slowbro|par
|cant|p2a: Slowbro|par
|
|turn|9
|c|★ShuckleDeath|yes
|join|teamcali15
|c|★Slar Flar|okay it's true
|c|★ShuckleDeath|and also your god
|c|★Slar Flar|ohai Cali
|c| teamcali15|hi
|choice|move 1|move 2
|
|move|p1a: Rhydon|Earthquake|p2a: Slowbro
|-damage|p2a: Slowbro|192\/393 par
|move|p2a: Slowbro|Surf|p1a: Rhydon
|-supereffective|p1a: Rhydon
|-end|p1a: Rhydon|Substitute
|
|turn|10
|choice|move 2|move 2
|
|move|p1a: Rhydon|Rock Slide|p2a: Slowbro
|-damage|p2a: Slowbro|91\/393 par
|move|p2a: Slowbro|Surf|p1a: Rhydon
|-supereffective|p1a: Rhydon
|-damage|p1a: Rhydon|0 fnt
|faint|p1a: Rhydon
|choice|switch 5|
|
|switch|p1a: Persian|Persian|333\/333
|turn|11
|choice|move 4|move 2
|
|move|p1a: Persian|Thunderbolt|p2a: Slowbro
|-supereffective|p2a: Slowbro
|-damage|p2a: Slowbro|0 fnt
|faint|p2a: Slowbro
|choice||switch 4
|
|switch|p2a: Snorlax|Snorlax|189\/523
|turn|12
|choice|move 1|move 3
|
|move|p1a: Persian|Slash|p2a: Snorlax
|-crit|p2a: Snorlax
|-damage|p2a: Snorlax|35\/523
|move|p2a: Snorlax|Earthquake|p1a: Persian
|-damage|p1a: Persian|224\/333
|
|turn|13
|choice|move 4|move 4
|
|move|p1a: Persian|Thunderbolt|p2a: Snorlax
|-damage|p2a: Snorlax|0 fnt
|faint|p2a: Snorlax
|choice||switch 2
|
|switch|p2a: Dragonite|Dragonite|385\/385
|turn|14
|choice|switch 2|move 1
|
|switch|p1a: Gengar|Gengar|323\/323
|move|p2a: Dragonite|Agility|p2a: Dragonite
|-boost|p2a: Dragonite|spe|2
|
|turn|15
|c| teamcali15|rip
|choice|move 3|switch 5
|
|switch|p2a: Gengar|Gengar|323\/323 slp
|move|p1a: Gengar|Thunderbolt|p2a: Gengar
|-damage|p2a: Gengar|251\/323 slp
|
|turn|16
|c|★Slar Flar|get walled my
|c|★Slar Flar|*m8y
|c|★Slar Flar|shrekt'd you
|join|Bert C
|choice|switch 6|move 1
|
|switch|p1a: Articuno|Articuno|383\/383
|cant|p2a: Gengar|slp
|-curestatus|p2a: Gengar|slp
|
|turn|17
|c|★ShuckleDeath|SPEED TIEING CHEATER!!!!
|choice|move 2|move 3
|
|move|p2a: Gengar|Thunderbolt|p1a: Articuno
|-supereffective|p1a: Articuno
|-damage|p1a: Articuno|229\/383
|move|p1a: Articuno|Agility|p1a: Articuno
|-boost|p1a: Articuno|spe|2
|
|turn|18
|choice|move 1|move 2
|
|move|p1a: Articuno|Blizzard|p2a: Gengar
|-damage|p2a: Gengar|124\/323
|move|p2a: Gengar|Explosion|p1a: Articuno
|-damage|p1a: Articuno|33\/383
|faint|p2a: Gengar
|c|★Slar Flar|no freeze
|c|★Slar Flar|ur lucky and bad
|choice||switch 6
|
|switch|p2a: Persian|Persian|333\/333
|turn|19
|choice|move 1|move 1
|
|move|p1a: Articuno|Blizzard|p2a: Persian
|-damage|p2a: Persian|122\/333
|move|p2a: Persian|Slash|p1a: Articuno
|-crit|p1a: Articuno
|-damage|p1a: Articuno|0 fnt
|faint|p1a: Articuno
|choice|switch 3|
|
|switch|p1a: Jolteon|Jolteon|333\/333
|turn|20
|choice|move 4|move 1
|
|move|p1a: Jolteon|Body Slam|p2a: Persian
|-damage|p2a: Persian|56\/333
|move|p2a: Persian|Slash|p1a: Jolteon
|-crit|p1a: Jolteon
|-damage|p1a: Jolteon|152\/333
|
|turn|21
|c|★Slar Flar|shucks did you read that post? :D
|choice|move 3|switch 3
|
|switch|p2a: Golem|Golem|363\/363
|move|p1a: Jolteon|Pin Missile|p2a: Golem
|-crit|p2a: Golem
|-damage|p2a: Golem|349\/363
|-damage|p2a: Golem|335\/363
|-damage|p2a: Golem|321\/363
|-hitcount|p2a: Golem|3
|
|turn|22
|choice|move 3|move 2
|
|move|p1a: Jolteon|Pin Missile|p2a: Golem
|-damage|p2a: Golem|313\/363
|-damage|p2a: Golem|305\/363
|-damage|p2a: Golem|297\/363
|-hitcount|p2a: Golem|3
|move|p2a: Golem|Earthquake|p1a: Jolteon
|-crit|p1a: Jolteon
|-supereffective|p1a: Jolteon
|-damage|p1a: Jolteon|0 fnt
|faint|p1a: Jolteon
|choice|switch 2|
|
|switch|p1a: Persian|Persian|224\/333
|turn|23
|c| teamcali15|rippppp
|choice|move 2|switch 5
|
|switch|p2a: Dragonite|Dragonite|385\/385
|move|p1a: Persian|Bubble Beam|p2a: Dragonite
|-resisted|p2a: Dragonite
|-damage|p2a: Dragonite|365\/385
|
|turn|24
|choice|move 3|move 1
|
|move|p1a: Persian|Hyper Beam|p2a: Dragonite
|-damage|p2a: Dragonite|229\/385
|move|p2a: Dragonite|Agility|p2a: Dragonite
|-boost|p2a: Dragonite|spe|2
|
|turn|25
|-mustrecharge|p1a: Persian
|-mustrecharge|p1a: Persian
|c|★Slar Flar|fuck
|choice|move 1|move 2
|
|move|p2a: Dragonite|Wrap|p1a: Persian
|-damage|p1a: Persian|202\/333
|-activate|p1a: Persian|move: Wrap|[of] p2a: Dragonite
|cant|p1a: Persian|partiallytrapped
|
|turn|26
|c|★Slar Flar|fuck fuck fuck
|choice|switch 6|move 2
|
|switch|p1a: Gengar|Gengar|323\/323
|move|p2a: Dragonite|Wrap|p1a: Gengar
|
|turn|27
|c|★Slar Flar|;)
|choice|move 3|move 4
|
|move|p2a: Dragonite|Surf|p1a: Gengar
|-damage|p1a: Gengar|257\/323
|move|p1a: Gengar|Thunderbolt|p2a: Dragonite
|-crit|p2a: Dragonite
|-damage|p2a: Dragonite|43\/385
|
|turn|28
|choice|move 4|move 4
|
|move|p2a: Dragonite|Surf|p1a: Gengar
|-damage|p1a: Gengar|194\/323
|move|p1a: Gengar|Mega Drain|p2a: Dragonite
|-resisted|p2a: Dragonite
|-damage|p2a: Dragonite|34\/385
|-heal|p1a: Gengar|198\/323|[from] drain|[of] p2a: Dragonite
|
|turn|29
|choice|move 1|move 4
|
|move|p2a: Dragonite|Surf|p1a: Gengar
|-damage|p1a: Gengar|136\/323
|move|p1a: Gengar|Hypnosis|p2a: Dragonite
|-status|p2a: Dragonite|slp
|
|turn|30
|choice|move 4|move 4
|
|cant|p2a: Dragonite|slp
|-curestatus|p2a: Dragonite|slp
|move|p1a: Gengar|Mega Drain|p2a: Dragonite
|-crit|p2a: Dragonite
|-resisted|p2a: Dragonite
|-damage|p2a: Dragonite|15\/385
|-heal|p1a: Gengar|145\/323|[from] drain|[of] p2a: Dragonite
|
|turn|31
|c|★Slar Flar|60% accuracy is so good
|c|★Slar Flar|<3
|choice|move 3|move 4
|
|move|p2a: Dragonite|Surf|p1a: Gengar
|-damage|p1a: Gengar|78\/323
|move|p1a: Gengar|Thunderbolt|p2a: Dragonite
|-damage|p2a: Dragonite|0 fnt
|faint|p2a: Dragonite
|choice||switch 5
|
|switch|p2a: Golem|Golem|297\/363
|turn|32
|choice|move 4|move 2
|
|move|p1a: Gengar|Mega Drain|p2a: Golem
|-supereffective|p2a: Golem
|-damage|p2a: Golem|81\/363
|-heal|p1a: Gengar|186\/323|[from] drain|[of] p2a: Golem
|move|p2a: Golem|Earthquake|p1a: Gengar
|-supereffective|p1a: Gengar
|-damage|p1a: Gengar|0 fnt
|faint|p1a: Gengar
|choice|switch 6|
|
|switch|p1a: Persian|Persian|202\/333
|turn|33
|choice|move 2|move 2
|
|move|p1a: Persian|Bubble Beam|p2a: Golem
|-supereffective|p2a: Golem
|-damage|p2a: Golem|0 fnt
|faint|p2a: Golem
|choice||switch 3
|
|switch|p2a: Persian|Persian|56\/333
|turn|34
|c|★Slar Flar|you knew you'd take that didn't you
|c|★Slar Flar|:C
|c|★ShuckleDeath|yes
|choice|move 1|move 3
|
|move|p2a: Persian|Hyper Beam|p1a: Persian
|-damage|p1a: Persian|12\/333
|move|p1a: Persian|Slash|p2a: Persian
|-crit|p2a: Persian
|-damage|p2a: Persian|0 fnt
|faint|p2a: Persian
|
|win|Slar Flar
|c|★Slar Flar|bicth
|c|★Slar Flar|HAH
|c|★Slar Flar|gg
|c|★ShuckleDeath|gg ;~;
|c|★ShuckleDeath|Ima make a gen 3 OU teamand reck your life