|join|paolo.bassi
|join|Pacrat 27
|player|p1|paolo.bassi|101
|player|p2|Pacrat 27|1
|gametype|singles
|gen|1
|tier|[Gen 1] Random Battle
|rated
|seed|14948,40271,16898,5155
|rule|Sleep Clause Mod: Limit one foe put to sleep
|rule|Freeze Clause Mod: Limit one foe frozen
|rule|HP Percentage Mod: HP is shown in percentages
|
|start
|switch|p1a: Alakazam|Alakazam, L79|249\/249
|switch|p2a: Victreebel|Victreebel, L85|310\/310
|turn|1
|choice|move 1|move 4
|
|move|p1a: Alakazam|Psychic|p2a: Victreebel
|-supereffective|p2a: Victreebel
|-damage|p2a: Victreebel|116\/310
|move|p2a: Victreebel|Hyper Beam|p1a: Alakazam
|-damage|p1a: Alakazam|86\/249
|
|turn|2
|-mustrecharge|p2a: Victreebel
|-mustrecharge|p2a: Victreebel
|choice|move 1|move 1
|
|move|p1a: Alakazam|Psychic|p2a: Victreebel
|-supereffective|p2a: Victreebel
|-damage|p2a: Victreebel|0 fnt
|faint|p2a: Victreebel
|choice||switch 3
|
|switch|p2a: Persian|Persian, L79|265\/265
|turn|3
|choice|switch 5|move 1
|
|switch|p1a: Graveler|Graveler, L85|267\/267
|move|p2a: Persian|Slash|p1a: Graveler
|-crit|p1a: Graveler
|-resisted|p1a: Graveler
|-damage|p1a: Graveler|227\/267
|
|turn|4
|choice|move 2|move 2
|
|move|p2a: Persian|Bubble Beam|p1a: Graveler
|-crit|p1a: Graveler
|-supereffective|p1a: Graveler
|-damage|p1a: Graveler|0 fnt
|faint|p1a: Graveler
|choice|switch 6|
|
|switch|p1a: Machoke|Machoke, L85|310\/310
|turn|5
|choice|move 1|move 1
|
|move|p2a: Persian|Slash|p1a: Machoke
|-crit|p1a: Machoke
|-damage|p1a: Machoke|188\/310
|move|p1a: Machoke|Submission|p2a: Persian
|-supereffective|p2a: Persian
|-damage|p2a: Persian|14\/265
|-damage|p1a: Machoke|126\/310|[from] recoil|[of] p2a: Persian
|
|turn|6
|choice|move 2|move 1
|
|move|p2a: Persian|Slash|p1a: Machoke
|-crit|p1a: Machoke
|-damage|p1a: Machoke|4\/310
|move|p1a: Machoke|Body Slam|p2a: Persian
|-damage|p2a: Persian|0 fnt
|faint|p2a: Persian
|choice||switch 2
|
|switch|p2a: Spearow|Spearow, L96|272\/272
|turn|7
|choice|move 2|move 2
|
|move|p2a: Spearow|Drill Peck|p1a: Machoke
|-crit|p1a: Machoke
|-supereffective|p1a: Machoke
|-damage|p1a: Machoke|0 fnt
|faint|p1a: Machoke
|choice|switch 3|
|
|switch|p1a: Poliwhirl|Poliwhirl, L85|284\/284
|turn|8
|choice|move 2|move 1
|
|move|p1a: Poliwhirl|Blizzard|p2a: Spearow
|-supereffective|p2a: Spearow
|-damage|p2a: Spearow|107\/272
|move|p2a: Spearow|Double-Edge|p1a: Poliwhirl
|-damage|p1a: Poliwhirl|172\/284
|-damage|p2a: Spearow|79\/272|[from] recoil|[of] p1a: Poliwhirl
|
|turn|9
|choice|move 3|move 2
|
|move|p1a: Poliwhirl|Surf|p2a: Spearow
|-damage|p2a: Spearow|0 fnt
|faint|p2a: Spearow
|choice||switch 6
|
|switch|p2a: Alakazam|Alakazam, L79|249\/249
|turn|10
|choice|switch 2|move 1
|
|switch|p1a: Cloyster|Cloyster, L83|253\/253
|move|p2a: Alakazam|Psychic|p1a: Cloyster
|-damage|p1a: Cloyster|146\/253
|
|turn|11
|choice|move 2|move 3
|
|move|p2a: Alakazam|Seismic Toss|p1a: Cloyster
|-damage|p1a: Cloyster|67\/253
|move|p1a: Cloyster|Explosion|p2a: Alakazam
|-damage|p2a: Alakazam|0 fnt
|faint|p2a: Alakazam
|faint|p1a: Cloyster
|choice|switch 5|switch 4
|
|switch|p1a: Alakazam|Alakazam, L79|86\/249
|switch|p2a: Seaking|Seaking, L90|327\/327
|turn|12
|choice|move 1|move 4
|
|move|p1a: Alakazam|Psychic|p2a: Seaking
|-damage|p2a: Seaking|219\/327
|move|p2a: Seaking|Hyper Beam|p1a: Alakazam
|-damage|p1a: Alakazam|0 fnt
|faint|p1a: Alakazam
|choice|switch 2|
|
|switch|p1a: Poliwhirl|Poliwhirl, L85|172\/284
|turn|13
|choice|move 4|move 4
|
|move|p1a: Poliwhirl|Psychic|p2a: Seaking
|-damage|p2a: Seaking|177\/327
|move|p2a: Seaking|Hyper Beam|p1a: Poliwhirl|[miss]
|-miss|p2a: Seaking
|
|turn|14
|choice|move 4|move 4
|
|move|p1a: Poliwhirl|Psychic|p2a: Seaking
|-damage|p2a: Seaking|134\/327
|-unboost|p2a: Seaking|spd|1
|-unboost|p2a: Seaking|spa|1
|move|p2a: Seaking|Hyper Beam|p1a: Poliwhirl
|-damage|p1a: Poliwhirl|27\/284
|
|turn|15
|-mustrecharge|p2a: Seaking
|-mustrecharge|p2a: Seaking
|choice|move 4|move 1
|
|move|p1a: Poliwhirl|Psychic|p2a: Seaking
|-crit|p2a: Seaking
|-damage|p2a: Seaking|47\/327
|cant|p2a: Seaking|recharge
|
|turn|16
|choice|move 4|move 4
|
|move|p1a: Poliwhirl|Psychic|p2a: Seaking
|-damage|p2a: Seaking|0 fnt
|faint|p2a: Seaking
|choice||switch 5
|
|switch|p2a: Rapidash|Rapidash, L90|300\/300
|turn|17
|choice|switch 4|move 2
|
|switch|p1a: Dratini|Dratini, L96|274\/274
|move|p2a: Rapidash|Body Slam|p1a: Dratini
|-damage|p1a: Dratini|191\/274
|
|turn|18
|choice|move 1|move 2
|
|move|p2a: Rapidash|Body Slam|p1a: Dratini
|-damage|p1a: Dratini|97\/274
|move|p1a: Dratini|Thunder Wave|p2a: Rapidash
|-status|p2a: Rapidash|par
|
|turn|19
|choice|move 2|move 4
|
|move|p1a: Dratini|Blizzard|p2a: Rapidash
|-crit|p2a: Rapidash
|-damage|p2a: Rapidash|164\/300 par
|move|p2a: Rapidash|Reflect|p2a: Rapidash
|-start|p2a: Rapidash|Reflect
|
|turn|20
|choice|move 2|move 2
|
|move|p1a: Dratini|Blizzard|p2a: Rapidash
|-damage|p2a: Rapidash|95\/300 par
|move|p2a: Rapidash|Body Slam|p1a: Dratini
|-damage|p1a: Dratini|4\/274
|-status|p1a: Dratini|par
|
|turn|21
|choice|move 2|move 2
|
|move|p2a: Rapidash|Body Slam|p1a: Dratini
|-damage|p1a: Dratini|0 fnt
|faint|p1a: Dratini
|choice|switch 4|
|
|switch|p1a: Poliwhirl|Poliwhirl, L85|27\/284
|turn|22
|choice|move 3|move 2
|
|move|p1a: Poliwhirl|Surf|p2a: Rapidash
|-supereffective|p2a: Rapidash
|-damage|p2a: Rapidash|0 fnt
|faint|p2a: Rapidash
|
|win|paolo.bassi
|raw|paolo.bassi's rating: 1286 &rarr; <strong>1298<\/strong><br \/>(+12 for winning)
|raw|Pacrat 27's rating: 1085 &rarr; <strong>1074<\/strong><br \/>(-11 for losing)
|leave|Pacrat 27
|player|p2