|j|Whoremaster
|j|EnigamiTest
|player|p1|Whoremaster|43
|player|p2|EnigamiTest|130
|gametype|singles
|gen|1
|tier|[Gen 1] OU
|rated
|seed|59670,24906,18924,26156
|rule|Sleep Clause Mod: Limit one foe put to sleep
|rule|Freeze Clause Mod: Limit one foe frozen
|rule|Species Clause: Limit one of each Pokémon
|rule|OHKO Clause: OHKO moves are banned
|rule|Evasion Moves Clause: Evasion moves are banned
|rule|HP Percentage Mod: HP is shown in percentages
|
|start
|switch|p1a: Alakazam|Alakazam|313\/313
|switch|p2a: Kadabra|Kadabra|283\/283
|turn|1
|c|★EnigamiTest|Ahoy!
|c|★Whoremaster|eyy
|choice|switch 3|move 3
|
|switch|p1a: Chansey|Chansey|703\/703
|move|p2a: Kadabra|Thunder Wave|p1a: Chansey
|-status|p1a: Chansey|par
|
|turn|2
|choice|move 1|move 2
|
|move|p2a: Kadabra|Kinesis|p1a: Chansey
|-unboost|p1a: Chansey|accuracy|1
|move|p1a: Chansey|Ice Beam|p2a: Kadabra|[miss]
|-miss|p1a: Chansey
|
|turn|3
|c|★Whoremaster|m8
|c|★Whoremaster|almost lost a game due to parafusion
|choice|move 3|switch 5
|
|switch|p2a: Snorlax|Snorlax|523\/523
|move|p1a: Chansey|Thunder Wave|p2a: Snorlax
|-status|p2a: Snorlax|par
|
|turn|4
|choice|switch 4|move 1
|
|switch|p1a: Gengar|Gengar|323\/323
|move|p2a: Snorlax|Body Slam|p1a: Gengar
|-immune|p1a: Gengar|[msg]
|
|turn|5
|c|★EnigamiTest|What's with all the Gengars?
|choice|switch 2|move 2
|
|switch|p1a: Exeggutor|Exeggutor|393\/393
|move|p2a: Snorlax|Earthquake|p1a: Exeggutor
|-resisted|p1a: Exeggutor
|-damage|p1a: Exeggutor|345\/393
|
|turn|6
|c|★Whoremaster|i rarely use him but yeah i dont think hes all the rage, especially as a lead i think hes pretty crap
|choice|move 2|switch 5
|
|switch|p2a: Kadabra|Kadabra|283\/283
|move|p1a: Exeggutor|Psychic|p2a: Kadabra
|-resisted|p2a: Kadabra
|-damage|p2a: Kadabra|224\/283
|
|turn|7
|choice|move 1|move 3
|
|move|p2a: Kadabra|Thunder Wave|p1a: Exeggutor
|-status|p1a: Exeggutor|par
|move|p1a: Exeggutor|Sleep Powder|p2a: Kadabra
|-status|p2a: Kadabra|slp
|
|turn|8
|choice|move 3|move 2
|
|-curestatus|p2a: Kadabra|slp
|move|p1a: Exeggutor|Double-Edge|p2a: Kadabra
|-damage|p2a: Kadabra|76\/283
|-damage|p1a: Exeggutor|308\/393 par|[from] recoil|[of] p2a: Kadabra
|
|turn|9
|choice|move 3|switch 5
|
|switch|p2a: Snorlax|Snorlax|523\/523 par
|move|p1a: Exeggutor|Double-Edge|p2a: Snorlax
|-damage|p2a: Snorlax|418\/523 par
|-damage|p1a: Exeggutor|282\/393 par|[from] recoil|[of] p2a: Snorlax
|
|turn|10
|choice|move 2|move 1
|
|move|p1a: Exeggutor|Psychic|p2a: Snorlax
|-damage|p2a: Snorlax|261\/523 par
|-unboost|p2a: Snorlax|spd|1
|-unboost|p2a: Snorlax|spa|1
|move|p2a: Snorlax|Body Slam|p1a: Exeggutor
|-damage|p1a: Exeggutor|162\/393 par
|
|turn|11
|choice|move 4|switch 5
|
|switch|p2a: Kadabra|Kadabra|76\/283
|move|p1a: Exeggutor|Explosion|p2a: Kadabra
|-crit|p2a: Kadabra
|-damage|p2a: Kadabra|0 fnt
|faint|p2a: Kadabra
|faint|p1a: Exeggutor
|choice|switch 3|switch 4
|
|switch|p1a: Alakazam|Alakazam|313\/313
|switch|p2a: Rhydon|Rhydon|413\/413
|turn|12
|choice|move 1|move 1
|
|move|p1a: Alakazam|Psychic|p2a: Rhydon
|-damage|p2a: Rhydon|197\/413
|move|p2a: Rhydon|Earthquake|p1a: Alakazam
|-crit|p1a: Alakazam
|-damage|p1a: Alakazam|0 fnt
|faint|p1a: Alakazam
|c|★EnigamiTest|Dang
|c|★Whoremaster|lol a crit from that slow fucker
|choice|switch 5|
|
|switch|p1a: Golem|Golem|363\/363
|turn|13
|choice|move 2|switch 3
|
|switch|p2a: Exeggutor|Exeggutor|393\/393
|move|p1a: Golem|Earthquake|p2a: Exeggutor
|-resisted|p2a: Exeggutor
|-damage|p2a: Exeggutor|321\/393
|
|turn|14
|choice|switch 4|switch 5
|
|switch|p2a: Snorlax|Snorlax|261\/523 par
|switch|p1a: Chansey|Chansey|703\/703 par
|
|turn|15
|choice|move 1|move 4
|
|move|p1a: Chansey|Ice Beam|p2a: Snorlax
|-damage|p2a: Snorlax|154\/523 par
|cant|p2a: Snorlax|par
|
|turn|16
|choice|switch 2|move 4
|
|switch|p1a: Gengar|Gengar|323\/323
|move|p2a: Snorlax|Rest|p2a: Snorlax
|-status|p2a: Snorlax|slp
|-heal|p2a: Snorlax|523\/523 slp|[silent]
|-status|p2a: Snorlax|slp|[from] move: Rest
|
|turn|17
|choice|move 2|move 1
|
|move|p1a: Gengar|Thunderbolt|p2a: Snorlax
|-damage|p2a: Snorlax|409\/523 slp
|cant|p2a: Snorlax|slp
|
|turn|18
|choice|move 2|switch 3
|
|switch|p2a: Rhydon|Rhydon|197\/413
|move|p1a: Gengar|Thunderbolt|p2a: Rhydon
|-immune|p2a: Rhydon|[msg]
|
|turn|19
|choice|move 1|move 1
|
|move|p1a: Gengar|Hypnosis|p2a: Rhydon
|-status|p2a: Rhydon|slp
|cant|p2a: Rhydon|slp
|
|turn|20
|choice|move 3|switch 2
|
|switch|p2a: Alakazam|Alakazam|313\/313
|move|p1a: Gengar|Night Shade|p2a: Alakazam
|-damage|p2a: Alakazam|213\/313
|
|turn|21
|c|★Whoremaster|lucky i didnt have megadrain else rhydon would rip
|choice|switch 2|switch 3
|
|switch|p2a: Snorlax|Snorlax|409\/523 slp
|switch|p1a: Chansey|Chansey|703\/703 par
|
|turn|22
|c|★EnigamiTest|I was hoping for that
|choice|move 2|move 1
|
|-curestatus|p2a: Snorlax|slp
|move|p1a: Chansey|Thunderbolt|p2a: Snorlax
|-damage|p2a: Snorlax|317\/523
|
|turn|23
|choice|move 1|move 2
|
|move|p2a: Snorlax|Earthquake|p1a: Chansey
|-damage|p1a: Chansey|463\/703 par
|cant|p1a: Chansey|par
|
|turn|24
|c|★Whoremaster|you want rhydon to die?
|choice|move 3|move 3
|
|move|p2a: Snorlax|Hyper Beam|p1a: Chansey
|-damage|p1a: Chansey|0 fnt
|faint|p1a: Chansey
|c|★EnigamiTest|That you didn't have MD
|c|★Whoremaster|oh right
|choice|switch 6|
|
|switch|p1a: Tauros|Tauros|353\/353
|turn|25
|choice|move 1|move 1
|
|move|p1a: Tauros|Body Slam|p2a: Snorlax
|-damage|p2a: Snorlax|191\/523
|move|p2a: Snorlax|Body Slam|p1a: Tauros
|-damage|p1a: Tauros|243\/353
|
|turn|26
|choice|move 4|switch 2
|
|switch|p2a: Rhydon|Rhydon|197\/413 slp
|move|p1a: Tauros|Hyper Beam|p2a: Rhydon
|-resisted|p2a: Rhydon
|-damage|p2a: Rhydon|125\/413 slp
|
|turn|27
|-mustrecharge|p1a: Tauros
|-mustrecharge|p1a: Tauros
|choice|move 1|switch 3
|
|switch|p2a: Alakazam|Alakazam|213\/313
|cant|p1a: Tauros|recharge
|
|turn|28
|choice|move 4|move 1
|
|move|p2a: Alakazam|Psychic|p1a: Tauros
|-damage|p1a: Tauros|70\/353
|-unboost|p1a: Tauros|spd|1
|-unboost|p1a: Tauros|spa|1
|move|p1a: Tauros|Hyper Beam|p2a: Alakazam
|-damage|p2a: Alakazam|0 fnt
|faint|p2a: Alakazam
|choice||switch 6
|
|switch|p2a: Tauros|Tauros|353\/353
|turn|29
|c|★Whoremaster|rematch after this?
|choice|move 4|move 3
|
|move|p2a: Tauros|Earthquake|p1a: Tauros
|-damage|p1a: Tauros|0 fnt
|faint|p1a: Tauros
|choice|switch 2|
|
|switch|p1a: Gengar|Gengar|323\/323
|turn|30
|c|★EnigamiTest|Same teams or what?
|c|★Whoremaster|any
|c|★EnigamiTest|Sure.
|c|★EnigamiTest|I'm really having fun with this Kadabra+Zam team.
|choice|move 3|move 3
|
|move|p2a: Tauros|Earthquake|p1a: Gengar
|-crit|p1a: Gengar
|-supereffective|p1a: Gengar
|-damage|p1a: Gengar|0 fnt
|faint|p1a: Gengar
|c|★Whoremaster|hmm i thought gengar was faster
|choice|switch 4|
|
|switch|p1a: Golem|Golem|363\/363
|turn|31
|c|★EnigamiTest|Speed tie
|choice|move 1|move 4
|
|move|p2a: Tauros|Blizzard|p1a: Golem
|-crit|p1a: Golem
|-supereffective|p1a: Golem
|-damage|p1a: Golem|0 fnt
|faint|p1a: Golem
|
|win|EnigamiTest
|player|p1
|player|p2
|c|★EnigamiTest|gg
|c|★Whoremaster|gg
|l|Whoremaster
||Ladder (probably) updated, but score could not be retrieved (Response not received).