|join|the jews
|join|UT Sal
|player|p1|the jews|170
|player|p2|UT Sal|10
|gametype|singles
|gen|1
|tier|[Gen 1] Random Battle
|rated
|rule|Sleep Clause Mod: Limit one foe put to sleep
|rule|Freeze Clause Mod: Limit one foe frozen
|rule|HP Percentage Mod: HP is shown in percentages
|
|start
|switch|p1a: Nidoking|Nidoking, L85|311\/311
|switch|p2a: Psyduck|Psyduck, L96|291\/291
|turn|1
|
|switch|p1a: Electrode|Electrode, L90|291\/291
|move|p2a: Psyduck|Amnesia|p2a: Psyduck
|-boost|p2a: Psyduck|spd|2
|-boost|p2a: Psyduck|spa|2
|
|turn|2
|
|move|p1a: Electrode|Thunder|p2a: Psyduck|[miss]
|-miss|p1a: Electrode
|move|p2a: Psyduck|Ice Beam|p1a: Electrode
|-damage|p1a: Electrode|169\/291
|
|turn|3
|
|move|p1a: Electrode|Thunder|p2a: Psyduck
|-supereffective|p2a: Psyduck
|-damage|p2a: Psyduck|138\/291
|move|p2a: Psyduck|Blizzard|p1a: Electrode
|-damage|p1a: Electrode|32\/291
|
|turn|4
|
|move|p1a: Electrode|Thunder|p2a: Psyduck|[miss]
|-miss|p1a: Electrode
|move|p2a: Psyduck|Ice Beam|p1a: Electrode
|-crit|p1a: Electrode
|-damage|p1a: Electrode|0 fnt
|faint|p1a: Electrode
|
|switch|p1a: Mew|Mew, L74|300\/300
|turn|5
|
|move|p1a: Mew|Horn Drill|p2a: Psyduck|[miss]
|-miss|p1a: Mew
|move|p2a: Psyduck|Amnesia|p2a: Psyduck
|-boost|p2a: Psyduck|spd|2
|-boost|p2a: Psyduck|spa|2
|
|turn|6
|
|move|p1a: Mew|Horn Drill|p2a: Psyduck|[miss]
|-miss|p1a: Mew
|move|p2a: Psyduck|Ice Beam|p1a: Mew
|-damage|p1a: Mew|105\/300
|
|turn|7
|
|move|p1a: Mew|Horn Drill|p2a: Psyduck|[miss]
|-miss|p1a: Mew
|move|p2a: Psyduck|Ice Beam|p1a: Mew
|-damage|p1a: Mew|0 fnt
|faint|p1a: Mew
|
|switch|p1a: Aerodactyl|Aerodactyl, L90|327\/327
|turn|8
|
|move|p1a: Aerodactyl|Hyper Beam|p2a: Psyduck|[miss]
|-miss|p1a: Aerodactyl
|move|p2a: Psyduck|Ice Beam|p1a: Aerodactyl
|-supereffective|p1a: Aerodactyl
|-damage|p1a: Aerodactyl|0 fnt
|faint|p1a: Aerodactyl
|-message|the jews forfeited.
|
|win|UT Sal
|raw|Ladder updating...
|leave|the jews
|player|p1
|raw|the jews's rating: 1292 &rarr; <strong>1265<\/strong><br \/>(-27 for losing)
|raw|UT Sal's rating: 1267 &rarr; <strong>1294<\/strong><br \/>(+27 for winning)