|join|eldougi
|join|rgs843
|player|p1|eldougi|2
|player|p2|rgs843|127
|gametype|singles
|gen|1
|tier|[Gen 1] Random Battle
|rated
|seed|58350,12587,8495,10681
|rule|Sleep Clause Mod: Limit one foe put to sleep
|rule|Freeze Clause Mod: Limit one foe frozen
|rule|HP Percentage Mod: HP is shown in percentages
|
|start
|switch|p1a: Sandslash|Sandslash, L85|301\/301
|switch|p2a: Vileplume|Vileplume, L90|318\/318
|turn|1
|choice|switch 2|move 1
|
|switch|p1a: Pidgeotto|Pidgeotto, L90|297\/297
|move|p2a: Vileplume|Sleep Powder|p1a: Pidgeotto
|-status|p1a: Pidgeotto|slp
|
|turn|2
|choice|switch 5|move 4
|
|switch|p1a: Flareon|Flareon, L90|300\/300
|move|p2a: Vileplume|Swords Dance|p2a: Vileplume
|-boost|p2a: Vileplume|atk|2
|
|turn|3
|choice|move 4|switch 5
|
|switch|p2a: Vulpix|Vulpix, L96|268\/268
|move|p1a: Flareon|Fire Blast|p2a: Vulpix
|-resisted|p2a: Vulpix
|-damage|p2a: Vulpix|184\/268
|
|turn|4
|choice|move 2|move 4
|
|move|p2a: Vulpix|Toxic|p1a: Flareon
|-status|p1a: Flareon|tox
|move|p1a: Flareon|Body Slam|p2a: Vulpix
|-damage|p2a: Vulpix|77\/268
|-damage|p1a: Flareon|282\/300 tox|[from] tox|[of] p2a: Vulpix
|
|turn|5
|choice|move 2|move 2
|
|move|p2a: Vulpix|Confuse Ray|p1a: Flareon
|-start|p1a: Flareon|confusion
|-activate|p1a: Flareon|confusion
|-damage|p1a: Flareon|231\/300 tox|[from] confusion
|-damage|p1a: Flareon|195\/300 tox|[from] tox|[of] p2a: Vulpix
|
|turn|6
|choice|move 2|move 1
|
|move|p2a: Vulpix|Fire Blast|p1a: Flareon
|-resisted|p1a: Flareon
|-damage|p1a: Flareon|141\/300 tox
|-activate|p1a: Flareon|confusion
|move|p1a: Flareon|Body Slam|p2a: Vulpix
|-damage|p2a: Vulpix|0 fnt
|faint|p2a: Vulpix
|choice||switch 3
|
|switch|p2a: Dodrio|Dodrio, L85|276\/276
|turn|7
|choice|switch 6|move 2
|
|switch|p1a: Cloyster|Cloyster, L83|253\/253
|move|p2a: Dodrio|Drill Peck|p1a: Cloyster
|-damage|p1a: Cloyster|196\/253
|
|turn|8
|choice|move 1|switch 6
|
|switch|p2a: Wigglytuff|Wigglytuff, L90|435\/435
|move|p1a: Cloyster|Blizzard|p2a: Wigglytuff
|-crit|p2a: Wigglytuff
|-damage|p2a: Wigglytuff|143\/435
|
|turn|9
|choice|move 1|move 3
|
|move|p1a: Cloyster|Blizzard|p2a: Wigglytuff
|-damage|p2a: Wigglytuff|0 fnt
|faint|p2a: Wigglytuff
|choice||switch 2
|
|switch|p2a: Jynx|Jynx, L79|265\/265
|turn|10
|choice|switch 3|move 3
|
|switch|p1a: Electabuzz|Electabuzz, L85|284\/284
|move|p2a: Jynx|Psychic|p1a: Electabuzz
|-damage|p1a: Electabuzz|195\/284
|-unboost|p1a: Electabuzz|spd|1
|-unboost|p1a: Electabuzz|spa|1
|
|turn|11
|choice|move 4|move 4
|
|move|p1a: Electabuzz|Thunderbolt|p2a: Jynx
|-damage|p2a: Jynx|195\/265
|move|p2a: Jynx|Lovely Kiss|p1a: Electabuzz
|-message|Sleep Clause Mod activated.
|
|turn|12
|choice|move 1|move 3
|
|move|p1a: Electabuzz|Thunder Wave|p2a: Jynx
|-status|p2a: Jynx|par
|move|p2a: Jynx|Psychic|p1a: Electabuzz
|-damage|p1a: Electabuzz|74\/284
|
|turn|13
|choice|move 2|move 3
|
|move|p1a: Electabuzz|Seismic Toss|p2a: Jynx
|-damage|p2a: Jynx|110\/265 par
|move|p2a: Jynx|Psychic|p1a: Electabuzz
|-damage|p1a: Electabuzz|0 fnt
|faint|p1a: Electabuzz
|choice|switch 6|
|
|switch|p1a: Flareon|Flareon, L90|141\/300 tox
|-status|p1a: Flareon|psn
|turn|14
|choice|move 2|switch 6
|
|switch|p2a: Dodrio|Dodrio, L85|276\/276
|move|p1a: Flareon|Body Slam|p2a: Dodrio
|-crit|p2a: Dodrio
|-damage|p2a: Dodrio|96\/276
|-damage|p1a: Flareon|123\/300 psn|[from] psn|[of] p2a: Dodrio
|
|turn|15
|choice|move 1|move 2
|
|move|p1a: Flareon|Quick Attack|p2a: Dodrio
|-damage|p2a: Dodrio|53\/276
|-damage|p1a: Flareon|105\/300 psn|[from] psn|[of] p2a: Dodrio
|move|p2a: Dodrio|Drill Peck|p1a: Flareon
|-crit|p1a: Flareon
|-damage|p1a: Flareon|0 fnt
|faint|p1a: Flareon
|choice|switch 3|
|
|switch|p1a: Cloyster|Cloyster, L83|196\/253
|turn|16
|choice|move 4|move 4
|
|move|p2a: Dodrio|Body Slam|p1a: Cloyster
|-crit|p1a: Cloyster
|-damage|p1a: Cloyster|78\/253
|move|p1a: Cloyster|Ice Beam|p2a: Dodrio
|-supereffective|p2a: Dodrio
|-damage|p2a: Dodrio|0 fnt
|faint|p2a: Dodrio
|choice||switch 6
|
|switch|p2a: Jynx|Jynx, L79|110\/265 par
|turn|17
|choice|switch 2|move 3
|
|switch|p1a: Sandslash|Sandslash, L85|301\/301
|move|p2a: Jynx|Psychic|p1a: Sandslash
|-damage|p1a: Sandslash|198\/301
|-unboost|p1a: Sandslash|spd|1
|-unboost|p1a: Sandslash|spa|1
|
|turn|18
|choice|move 1|move 1
|
|move|p1a: Sandslash|Earthquake|p2a: Jynx
|-damage|p2a: Jynx|0 fnt
|faint|p2a: Jynx
|choice||switch 5
|
|switch|p2a: Vileplume|Vileplume, L90|318\/318
|turn|19
|choice|move 1|move 2
|
|move|p1a: Sandslash|Earthquake|p2a: Vileplume
|-damage|p2a: Vileplume|212\/318
|move|p2a: Vileplume|Mega Drain|p1a: Sandslash
|-supereffective|p1a: Sandslash
|-damage|p1a: Sandslash|0 fnt
|-heal|p2a: Vileplume|311\/318|[from] drain|[of] p1a: Sandslash
|faint|p1a: Sandslash
|choice|switch 4|
|
|switch|p1a: Mewtwo|Mewtwo, L68|285\/285
|turn|20
|choice|move 1|switch 4
|
|switch|p2a: Electrode|Electrode, L90|291\/291
|move|p1a: Mewtwo|Psychic|p2a: Electrode
|-damage|p2a: Electrode|200\/291
|
|turn|21
|choice|move 1|move 4
|
|move|p2a: Electrode|Screech|p1a: Mewtwo
|-unboost|p1a: Mewtwo|def|2
|move|p1a: Mewtwo|Psychic|p2a: Electrode
|-crit|p2a: Electrode
|-damage|p2a: Electrode|19\/291
|
|turn|22
|choice|switch 5|move 1
|
|switch|p1a: Pidgeotto|Pidgeotto, L90|297\/297 slp
|move|p2a: Electrode|Explosion|p1a: Pidgeotto
|-crit|p1a: Pidgeotto
|-damage|p1a: Pidgeotto|0 fnt
|faint|p1a: Pidgeotto
|faint|p2a: Electrode
|choice|switch 2|switch 4
|
|switch|p1a: Cloyster|Cloyster, L83|78\/253
|switch|p2a: Vileplume|Vileplume, L90|311\/318
|turn|23
|choice|move 1|move 2
|
|move|p1a: Cloyster|Blizzard|p2a: Vileplume
|-supereffective|p2a: Vileplume
|-damage|p2a: Vileplume|116\/318
|move|p2a: Vileplume|Mega Drain|p1a: Cloyster
|-supereffective|p1a: Cloyster
|-damage|p1a: Cloyster|0 fnt
|-heal|p2a: Vileplume|155\/318|[from] drain|[of] p1a: Cloyster
|faint|p1a: Cloyster
|choice|switch 5|
|
|switch|p1a: Mewtwo|Mewtwo, L68|285\/285
|turn|24
|choice|move 1|move 1
|
|move|p1a: Mewtwo|Psychic|p2a: Vileplume
|-supereffective|p2a: Vileplume
|-damage|p2a: Vileplume|2\/318
|move|p2a: Vileplume|Sleep Powder|p1a: Mewtwo
|-status|p1a: Mewtwo|slp
|
|turn|25
|choice|move 1|move 3
|
|cant|p1a: Mewtwo|slp
|move|p2a: Vileplume|Body Slam|p1a: Mewtwo
|-damage|p1a: Mewtwo|208\/285 slp
|
|turn|26
|c|★eldougi|Nein
|choice|move 1|move 3
|
|cant|p1a: Mewtwo|slp
|move|p2a: Vileplume|Body Slam|p1a: Mewtwo
|-damage|p1a: Mewtwo|132\/285 slp
|
|turn|27
|choice|move 1|move 3
|
|cant|p1a: Mewtwo|slp
|move|p2a: Vileplume|Body Slam|p1a: Mewtwo
|-crit|p1a: Mewtwo
|-damage|p1a: Mewtwo|0 fnt
|faint|p1a: Mewtwo
|
|win|rgs843
|c|★rgs843|YEAH
|c|★rgs843|GG
|raw|eldougi's rating: 1334 &rarr; <strong>1314<\/strong><br \/>(-20 for losing)
|raw|rgs843's rating: 1344 &rarr; <strong>1364<\/strong><br \/>(+20 for winning)
|leave|eldougi
|player|p1