|j|Hiro555
|j|NaviPikazzu
|player|p1|Hiro555|186
|player|p2|NaviPikazzu|2
|gametype|singles
|gen|1
|tier|[Gen 1] Random Battle
|rated
|seed|6488,9740,43041,20133
|rule|Sleep Clause Mod: Limit one foe put to sleep
|rule|Freeze Clause Mod: Limit one foe frozen
|rule|HP Percentage Mod: HP is shown in percentages
|
|start
|switch|p1a: Snorlax|Snorlax, L79|415\/415
|switch|p2a: Mr. Mime|Mr. Mime, L85|242\/242
|turn|1
|choice|move 1|move 4
|
|move|p2a: Mr. Mime|Seismic Toss|p1a: Snorlax
|-damage|p1a: Snorlax|330\/415
|move|p1a: Snorlax|Amnesia|p1a: Snorlax
|-boost|p1a: Snorlax|spd|2
|-boost|p1a: Snorlax|spa|2
|
|turn|2
|choice|move 2|move 2
|
|move|p2a: Mr. Mime|Psychic|p1a: Snorlax
|-damage|p1a: Snorlax|268\/415
|move|p1a: Snorlax|Body Slam|p2a: Mr. Mime
|-damage|p2a: Mr. Mime|142\/242
|
|turn|3
|choice|move 2|move 2
|
|move|p2a: Mr. Mime|Psychic|p1a: Snorlax
|-damage|p1a: Snorlax|202\/415
|move|p1a: Snorlax|Body Slam|p2a: Mr. Mime
|-damage|p2a: Mr. Mime|45\/242
|
|turn|4
|choice|move 2|move 2
|
|move|p2a: Mr. Mime|Psychic|p1a: Snorlax
|-damage|p1a: Snorlax|133\/415
|move|p1a: Snorlax|Body Slam|p2a: Mr. Mime
|-damage|p2a: Mr. Mime|0 fnt
|faint|p2a: Mr. Mime
|choice||switch 2
|
|switch|p2a: Weedle|Weedle, L99|280\/280
|turn|5
|c|★Hiro555|dude, I JUST had that problem lol
|c|★NaviPikazzu|Striking fear into the hearts of all
|choice|move 4|move 1
|
|move|p2a: Weedle|Poison Sting|p1a: Snorlax
|-damage|p1a: Snorlax|115\/415
|move|p1a: Snorlax|Blizzard|p2a: Weedle
|-damage|p2a: Weedle|89\/280
|-status|p2a: Weedle|frz
|
|turn|6
|c|★Hiro555|only I got a caterpie lol
|c|★NaviPikazzu|Wow
|c|★NaviPikazzu|a level 99 weedle
|c|★NaviPikazzu|and it gets frozen
|c|★Hiro555|dem hax bro. Sorry :P
|choice|move 1|move 2
|
|cant|p2a: Weedle|frz
|move|p1a: Snorlax|Amnesia|p1a: Snorlax
|-boost|p1a: Snorlax|spd|2
|-boost|p1a: Snorlax|spa|2
|
|turn|7
|c|★NaviPikazzu|Rip
|choice|move 1|move 1
|
|cant|p2a: Weedle|frz
|move|p1a: Snorlax|Amnesia|p1a: Snorlax
|-boost|p1a: Snorlax|spd|2
|-boost|p1a: Snorlax|spa|2
|
|turn|8
|choice|move 2|move 1
|
|cant|p2a: Weedle|frz
|move|p1a: Snorlax|Body Slam|p2a: Weedle
|-damage|p2a: Weedle|0 fnt
|faint|p2a: Weedle
|choice||switch 6
|
|switch|p2a: Rhydon|Rhydon, L79|328\/328
|turn|9
|choice|move 4|move 4
|
|move|p2a: Rhydon|Earthquake|p1a: Snorlax
|-damage|p1a: Snorlax|0 fnt
|faint|p1a: Snorlax
|c|★Hiro555|woohoo! thank god I stacked those amnesias!
|choice|switch 6|
|
|switch|p1a: Cloyster|Cloyster, L83|253\/253
|turn|10
|choice|move 4|switch 4
|
|switch|p2a: Articuno|Articuno, L79|304\/304
|move|p1a: Cloyster|Surf|p2a: Articuno
|-damage|p2a: Articuno|233\/304
|
|turn|11
|choice|switch 4|move 1
|
|switch|p1a: Clefable|Clefable, L85|335\/335
|move|p2a: Articuno|Blizzard|p1a: Clefable
|-damage|p1a: Clefable|196\/335
|
|turn|12
|choice|move 2|move 1
|
|move|p2a: Articuno|Blizzard|p1a: Clefable
|-damage|p1a: Clefable|74\/335
|move|p1a: Clefable|Thunderbolt|p2a: Articuno
|-supereffective|p2a: Articuno
|-damage|p2a: Articuno|125\/304
|
|turn|13
|choice|move 2|move 1
|
|move|p2a: Articuno|Blizzard|p1a: Clefable|[miss]
|-miss|p2a: Articuno
|move|p1a: Clefable|Thunderbolt|p2a: Articuno
|-supereffective|p2a: Articuno
|-damage|p2a: Articuno|8\/304
|-status|p2a: Articuno|par
|
|turn|14
|c|★NaviPikazzu|C:
|c|★NaviPikazzu|life is great
|c|★Hiro555|these hax >.<
|choice|move 3|move 1
|
|move|p1a: Clefable|Blizzard|p2a: Articuno
|-damage|p2a: Articuno|0 fnt
|faint|p2a: Articuno
|choice||switch 4
|
|switch|p2a: Rhydon|Rhydon, L79|328\/328
|turn|15
|c|★Hiro555|I mean, gen 1 WAS incredibly broken as far as battling goes lol
|choice|move 3|move 4
|
|move|p1a: Clefable|Blizzard|p2a: Rhydon
|-supereffective|p2a: Rhydon
|-damage|p2a: Rhydon|90\/328
|move|p2a: Rhydon|Earthquake|p1a: Clefable
|-damage|p1a: Clefable|0 fnt
|faint|p1a: Clefable
|choice|switch 4|
|
|switch|p1a: Cloyster|Cloyster, L83|253\/253
|turn|16
|choice|move 4|move 2
|
|move|p1a: Cloyster|Surf|p2a: Rhydon
|-supereffective|p2a: Rhydon
|-damage|p2a: Rhydon|0 fnt
|faint|p2a: Rhydon
|choice||switch 3
|
|switch|p2a: Chansey|Chansey, L79|557\/557
|turn|17
|choice|switch 5|move 2
|
|switch|p1a: Sandslash|Sandslash, L85|301\/301
|move|p2a: Chansey|Reflect|p2a: Chansey
|-start|p2a: Chansey|Reflect
|
|turn|18
|choice|move 2|move 3
|
|move|p1a: Sandslash|Substitute|p1a: Sandslash
|-start|p1a: Sandslash|Substitute
|-damage|p1a: Sandslash|226\/301
|move|p2a: Chansey|Ice Beam|p1a: Sandslash
|-supereffective|p1a: Sandslash
|-end|p1a: Sandslash|Substitute
|
|turn|19
|choice|move 1|move 3
|
|move|p1a: Sandslash|Earthquake|p2a: Chansey
|-damage|p2a: Chansey|418\/557
|move|p2a: Chansey|Ice Beam|p1a: Sandslash
|-supereffective|p1a: Sandslash
|-damage|p1a: Sandslash|71\/301
|-status|p1a: Sandslash|frz
|
|turn|20
|c|★NaviPikazzu|The hax is real
|choice|switch 5|move 3
|
|switch|p1a: Cloyster|Cloyster, L83|253\/253
|move|p2a: Chansey|Ice Beam|p1a: Cloyster
|-crit|p1a: Cloyster
|-resisted|p1a: Cloyster
|-damage|p1a: Cloyster|225\/253
|
|turn|21
|c|★Hiro555|hahah
|c|★Hiro555|where's shell smash when you need it?
|choice|move 1|move 3
|
|move|p1a: Cloyster|Blizzard|p2a: Chansey
|-damage|p2a: Chansey|311\/557
|move|p2a: Chansey|Ice Beam|p1a: Cloyster
|-crit|p1a: Cloyster
|-resisted|p1a: Cloyster
|-damage|p1a: Cloyster|192\/253
|
|turn|22
|choice|move 4|move 4
|
|move|p1a: Cloyster|Surf|p2a: Chansey
|-damage|p2a: Chansey|220\/557
|move|p2a: Chansey|Thunderbolt|p1a: Cloyster
|-supereffective|p1a: Cloyster
|-damage|p1a: Cloyster|69\/253
|
|turn|23
|choice|move 3|move 4
|
|move|p1a: Cloyster|Explosion|p2a: Chansey
|-damage|p2a: Chansey|0 fnt
|faint|p2a: Chansey
|faint|p1a: Cloyster
|choice|switch 3|switch 5
|
|switch|p1a: Electabuzz|Electabuzz, L85|284\/284
|switch|p2a: Snorlax|Snorlax, L79|415\/415
|turn|24
|choice|move 2|move 2
|
|move|p1a: Electabuzz|Thunder Wave|p2a: Snorlax
|-status|p2a: Snorlax|par
|move|p2a: Snorlax|Earthquake|p1a: Electabuzz
|-supereffective|p1a: Electabuzz
|-damage|p1a: Electabuzz|108\/284
|
|turn|25
|c|★NaviPikazzu|Not like snorlax was already slow enough
|choice|move 3|move 1
|
|move|p1a: Electabuzz|Seismic Toss|p2a: Snorlax
|-damage|p2a: Snorlax|330\/415 par
|move|p2a: Snorlax|Amnesia|p2a: Snorlax
|-boost|p2a: Snorlax|spd|2
|-boost|p2a: Snorlax|spa|2
|
|turn|26
|c|★Hiro555|was actually thinking mre like parahax lol
|choice|move 3|move 2
|
|move|p1a: Electabuzz|Seismic Toss|p2a: Snorlax
|-damage|p2a: Snorlax|245\/415 par
|move|p2a: Snorlax|Earthquake|p1a: Electabuzz
|-supereffective|p1a: Electabuzz
|-damage|p1a: Electabuzz|0 fnt
|faint|p1a: Electabuzz
|choice|switch 2|
|
|switch|p1a: Exeggutor|Exeggutor, L79|312\/312
|turn|27
|choice|move 3|move 3
|
|move|p1a: Exeggutor|Egg Bomb|p2a: Snorlax
|-crit|p2a: Snorlax
|-damage|p2a: Snorlax|90\/415 par
|cant|p2a: Snorlax|par
|
|turn|28
|c|★NaviPikazzu|Damn
|c|★Hiro555|like that lol
|c|★NaviPikazzu|and I had ice beam
|c|★NaviPikazzu|rip
|choice|move 3|move 3
|
|move|p1a: Exeggutor|Egg Bomb|p2a: Snorlax|[miss]
|-miss|p1a: Exeggutor
|move|p2a: Snorlax|Ice Beam|p1a: Exeggutor
|-supereffective|p1a: Exeggutor
|-damage|p1a: Exeggutor|152\/312
|
|turn|29
|c|★Hiro555|pretty sure that parahax mattered :P
|c|★Hiro555|oh bitch
|c|★Hiro555|wow
|c|★Hiro555|this battle
|c|★Hiro555|lol
|choice|move 3|move 3
|
|move|p1a: Exeggutor|Egg Bomb|p2a: Snorlax|[miss]
|-miss|p1a: Exeggutor
|move|p2a: Snorlax|Ice Beam|p1a: Exeggutor
|-supereffective|p1a: Exeggutor
|-damage|p1a: Exeggutor|0 fnt
|faint|p1a: Exeggutor
|c|★NaviPikazzu|Plz
|c|★Hiro555|dude
|c|★Hiro555|wow
|choice|switch 5|
|
|switch|p1a: Sandslash|Sandslash, L85|71\/301 frz
|turn|30
|choice|move 1|move 2
|
|cant|p1a: Sandslash|frz
|move|p2a: Snorlax|Earthquake|p1a: Sandslash
|-damage|p1a: Sandslash|13\/301 frz
|
|turn|31
|c|★NaviPikazzu|This game was just
|choice|move 1|move 2
|
|cant|p1a: Sandslash|frz
|cant|p2a: Snorlax|par
|
|turn|32
|c|★Hiro555|and everyone's super excited for gen 1 on 3DS. Why again?
|choice|move 1|move 3
|
|cant|p1a: Sandslash|frz
|cant|p2a: Snorlax|par
|
|turn|33
|c|★NaviPikazzu|Nostalgia
|c|★NaviPikazzu|and pretty much that's it
|choice|move 1|move 3
|
|cant|p1a: Sandslash|frz
|move|p2a: Snorlax|Ice Beam|p1a: Sandslash
|-supereffective|p1a: Sandslash
|-damage|p1a: Sandslash|0 fnt
|faint|p1a: Sandslash
|
|win|NaviPikazzu
|c|★Hiro555|I don't even remember if freezing had a 5 turn timer in gen 1
|raw|Hiro555's rating: 1207 &rarr; <strong>1180<\/strong><br \/>(-27 for losing)
|raw|NaviPikazzu's rating: 1191 &rarr; <strong>1217<\/strong><br \/>(+26 for winning)
|c|★Hiro555|gg though. and sorry about all the hax
|c|★NaviPikazzu|Gg
|c|★NaviPikazzu|freeze hax is impossible to get out of
|c|★Hiro555|gotta love gen 1
|c|★Hiro555|laters :D
|c|★NaviPikazzu|In gen 1 without a fire type movr
|c|★NaviPikazzu|See ya