|join|andrewandres
|join|2pacKilluminati
|player|p1|andrewandres|1
|player|p2|2pacKilluminati|247
|gametype|singles
|gen|1
|tier|[Gen 1] Random Battle
|seed|62204,28702,41917,10254
|rule|Sleep Clause Mod: Limit one foe put to sleep
|rule|Freeze Clause Mod: Limit one foe frozen
|rule|HP Percentage Mod: HP is shown in percentages
|
|start
|switch|p1a: Pidgeotto|Pidgeotto, L90|297\/297
|switch|p2a: Tentacruel|Tentacruel, L85|310\/310
|turn|1
|join|taratata 1234567
|choice|move 1|move 2
|
|move|p2a: Tentacruel|Blizzard|p1a: Pidgeotto
|-supereffective|p1a: Pidgeotto
|-damage|p1a: Pidgeotto|11\/297
|move|p1a: Pidgeotto|Double-Edge|p2a: Tentacruel
|-damage|p2a: Tentacruel|199\/310
|-damage|p1a: Pidgeotto|0 fnt|[from] recoil|[of] p2a: Tentacruel
|faint|p1a: Pidgeotto
|join|SergioGamerYT
|join|draklost
|leave|SergioGamerYT
|choice|switch 6|
|
|switch|p1a: Mr. Mime|Mr. Mime, L85|242\/242
|turn|2
|join|I'm a robot
|choice|move 4|move 3
|
|move|p2a: Tentacruel|Hydro Pump|p1a: Mr. Mime
|-damage|p1a: Mr. Mime|96\/242
|move|p1a: Mr. Mime|Thunder Wave|p2a: Tentacruel
|-status|p2a: Tentacruel|par
|
|turn|3
|c| taratata 1234567|quien tiene la cinematica de pokemon viejo
|c|★2pacKilluminati|yo
|choice|move 3|move 3
|
|move|p1a: Mr. Mime|Psychic|p2a: Tentacruel
|-supereffective|p2a: Tentacruel
|-damage|p2a: Tentacruel|28\/310 par
|move|p2a: Tentacruel|Hydro Pump|p1a: Mr. Mime
|-damage|p1a: Mr. Mime|0 fnt
|faint|p1a: Mr. Mime
|choice|switch 4|
|
|switch|p1a: Charmeleon|Charmeleon, L85|272\/272
|turn|4
|c| taratata 1234567|yo tambien
|c|★andrewandres|mierda
|c|★andrewandres|que hice
|c|★andrewandres|xD
|choice|move 4|move 1
|
|move|p1a: Charmeleon|Fire Blast|p2a: Tentacruel
|-resisted|p2a: Tentacruel
|-damage|p2a: Tentacruel|0 fnt
|faint|p2a: Tentacruel
|c|★2pacKilluminati|soy mas lento :v
|choice||switch 3
|
|switch|p2a: Marowak|Marowak, L90|291\/291
|turn|5
|c| taratata 1234567|andrew vos podes
|choice|move 4|move 3
|
|move|p1a: Charmeleon|Fire Blast|p2a: Marowak
|-damage|p2a: Marowak|168\/291
|-status|p2a: Marowak|brn
|move|p2a: Marowak|Earthquake|p1a: Charmeleon
|-supereffective|p1a: Charmeleon
|-damage|p1a: Charmeleon|129\/272
|-damage|p2a: Marowak|150\/291 brn|[from] brn|[of] p1a: Charmeleon
|
|turn|6
|c|★2pacKilluminati|Deam
|choice|move 4|move 3
|
|move|p1a: Charmeleon|Fire Blast|p2a: Marowak
|-crit|p2a: Marowak
|-damage|p2a: Marowak|0 fnt
|faint|p2a: Marowak
|c|★2pacKilluminati|Critical
|choice||switch 2
|
|switch|p2a: Charmander|Charmander, L96|270\/270
|turn|7
|choice|move 4|move 4
|
|move|p1a: Charmeleon|Fire Blast|p2a: Charmander
|-resisted|p2a: Charmander
|-damage|p2a: Charmander|207\/270
|move|p2a: Charmander|Submission|p1a: Charmeleon
|-damage|p1a: Charmeleon|68\/272
|-damage|p2a: Charmander|192\/270|[from] recoil|[of] p1a: Charmeleon
|
|turn|8
|choice|move 3|move 2
|
|move|p1a: Charmeleon|Swords Dance|p1a: Charmeleon
|-boost|p1a: Charmeleon|atk|2
|move|p2a: Charmander|Body Slam|p1a: Charmeleon
|-damage|p1a: Charmeleon|1\/272
|
|turn|9
|c|★andrewandres|jejejejejejej
|c|★andrewandres|jejejejejejjejejejejejej
|c|★2pacKilluminati|Gangsta Party
|c|★andrewandres|q ataque crees que te voy hacer?
|leave|I'm a robot
|c|★2pacKilluminati|Placaje
|c|★andrewandres|EL ATAQUE DEFINITIVO
|choice|move 1|move 2
|
|move|p1a: Charmeleon|Submission|p2a: Charmander
|-damage|p2a: Charmander|71\/270
|-damage|p1a: Charmeleon|0 fnt|[from] recoil|[of] p2a: Charmander
|faint|p1a: Charmeleon
|c|★2pacKilluminati|casi
|choice|switch 3|
|
|switch|p1a: Kabutops|Kabutops, L85|276\/276
|turn|10
|c| taratata 1234567|jajajajajajajajajjajjajajjajjajajaja
|choice|move 2|move 4
|
|move|p1a: Kabutops|Swords Dance|p1a: Kabutops
|-boost|p1a: Kabutops|atk|2
|move|p2a: Charmander|Submission|p1a: Kabutops
|-crit|p1a: Kabutops
|-supereffective|p1a: Kabutops
|-damage|p1a: Kabutops|113\/276
|-damage|p2a: Charmander|31\/270|[from] recoil|[of] p1a: Kabutops
|
|turn|11
|c|★andrewandres|xD
|c|★andrewandres|ahora no te quejas
|c|★andrewandres|del critico?
|choice|move 4|move 4
|
|move|p1a: Kabutops|Body Slam|p2a: Charmander
|-damage|p2a: Charmander|0 fnt
|faint|p2a: Charmander
|c|★2pacKilluminati|"G"
|c| taratata 1234567|dsasxasdsa
|c|★andrewandres|chansey no
|c|★andrewandres|please
|c|★andrewandres|por lo que mas quieras
|choice||switch 4
|
|switch|p2a: Hitmonlee|Hitmonlee, L90|273\/273
|turn|12
|choice|switch 2|move 2
|
|switch|p1a: Gengar|Gengar, L79|257\/257
|move|p2a: Hitmonlee|High Jump Kick|p1a: Gengar
|-immune|p1a: Gengar|[msg]
|-damage|p2a: Hitmonlee|272\/273
|
|turn|13
|choice|move 1|switch 5
|
|switch|p2a: Clefable|Clefable, L85|335\/335
|move|p1a: Gengar|Hypnosis|p2a: Clefable
|-status|p2a: Clefable|slp
|
|turn|14
|c|★2pacKilluminati|solo tengo ataques de tipo normal :v
|c| taratata 1234567|por atras kabutops se ve como un hitmonchan
|choice|switch 2|move 3
|
|switch|p1a: Kabutops|Kabutops, L85|113\/276
|cant|p2a: Clefable|slp
|
|turn|15
|c|★andrewandres|soy un dios HACKSEADOR
|c|★andrewandres|:D
|choice|move 2|move 3
|
|move|p1a: Kabutops|Swords Dance|p1a: Kabutops
|-boost|p1a: Kabutops|atk|2
|cant|p2a: Clefable|slp
|
|turn|16
|choice|move 4|move 3
|
|move|p1a: Kabutops|Body Slam|p2a: Clefable
|-damage|p2a: Clefable|194\/335 slp
|-curestatus|p2a: Clefable|slp
|
|turn|17
|c|★andrewandres|ATENTO
|c|★andrewandres|AL ATAQUE DEFINITIVO
|c|★andrewandres|jejejejeje
|c|★andrewandres|(Espero que no falle=
|choice|move 3|move 3
|
|move|p1a: Kabutops|Hyper Beam|p2a: Clefable
|-damage|p2a: Clefable|0 fnt
|faint|p2a: Clefable
|c|★2pacKilluminati|Dejate de pendejadas
|c|★andrewandres|yeaaaah
|c|★andrewandres|hiper rasho
|choice||switch 5
|
|switch|p2a: Hitmonlee|Hitmonlee, L90|272\/273
|turn|18
|choice|switch 2|move 2
|
|switch|p1a: Gengar|Gengar, L79|257\/257
|move|p2a: Hitmonlee|High Jump Kick|p1a: Gengar
|-immune|p1a: Gengar|[msg]
|-damage|p2a: Hitmonlee|271\/273
|
|turn|19
|c|★andrewandres|no escarmientas
|c|★andrewandres|xD
|choice|move 4|switch 6
|
|switch|p2a: Lapras|Lapras, L79|367\/367
|move|p1a: Gengar|Psychic|p2a: Lapras
|-damage|p2a: Lapras|301\/367
|
|turn|20
|choice|move 3|move 3
|
|move|p1a: Gengar|Explosion|p2a: Lapras
|-damage|p2a: Lapras|120\/367
|faint|p1a: Gengar
|c|★2pacKilluminati|Death Row
|choice|switch 5|
|
|switch|p1a: Zapdos|Zapdos, L79|304\/304
|turn|21
|choice|move 4|move 1
|
|move|p1a: Zapdos|Thunderbolt|p2a: Lapras
|-supereffective|p2a: Lapras
|-damage|p2a: Lapras|0 fnt
|faint|p2a: Lapras
|choice||switch 6
|
|switch|p2a: Hitmonlee|Hitmonlee, L90|271\/273
|turn|22
|choice|move 4|move 4
|
|move|p2a: Hitmonlee|Body Slam|p1a: Zapdos
|-damage|p1a: Zapdos|225\/304
|move|p1a: Zapdos|Thunderbolt|p2a: Hitmonlee
|-crit|p2a: Hitmonlee
|-damage|p2a: Hitmonlee|0 fnt
|faint|p2a: Hitmonlee
|
|win|andrewandres
|leave|2pacKilluminati
|player|p2
|c|★andrewandres|SOY EL MEJOR
|c|★andrewandres|:D
|c| taratata 1234567|$$$$$$$$$$$$$$$$$$$$$$$$$$$$$$$$$$$$$$$$$$$$$$$$$$$$$$$$$$$$$$$$$$$$$$$$$$$$$$$$$$$$$$$$$$$$$$$$$$ dinero dinero no hay error la puta madre siempre con el error
|leave|andrewandres
|player|p1