|join|Merlin Engine
|join|grogggy
|player|p1|Merlin Engine|165
|player|p2|grogggy|12
|gametype|singles
|gen|1
|tier|[Gen 1] Random Battle
|rated
|rule|Sleep Clause Mod: Limit one foe put to sleep
|rule|Freeze Clause Mod: Limit one foe frozen
|rule|HP Percentage Mod: HP is shown in percentages
|
|start
|switch|p1a: Arbok|Arbok, L86|279\/279
|switch|p2a: Squirtle|Squirtle, L92|268\/268
|turn|1
|
|move|p1a: Arbok|Earthquake|p2a: Squirtle
|-damage|p2a: Squirtle|196\/268
|move|p2a: Squirtle|Blizzard|p1a: Arbok
|-crit|p1a: Arbok
|-damage|p1a: Arbok|129\/279
|
|turn|2
|
|move|p1a: Arbok|Hyper Beam|p2a: Squirtle
|-damage|p2a: Squirtle|84\/268
|move|p2a: Squirtle|Blizzard|p1a: Arbok
|-damage|p1a: Arbok|54\/279
|-status|p1a: Arbok|frz
|
|turn|3
|
|cant|p1a: Arbok|frz
|move|p2a: Squirtle|Surf|p1a: Arbok
|-damage|p1a: Arbok|0 fnt
|faint|p1a: Arbok
|
|switch|p1a: Zapdos|Zapdos, L82|315\/315
|turn|4
|
|switch|p2a: Nidoking|Nidoking, L86|315\/315
|move|p1a: Zapdos|Drill Peck|p2a: Nidoking
|-damage|p2a: Nidoking|235\/315
|
|turn|5
|
|move|p1a: Zapdos|Drill Peck|p2a: Nidoking
|-damage|p2a: Nidoking|151\/315
|move|p2a: Nidoking|Blizzard|p1a: Zapdos
|-supereffective|p1a: Zapdos
|-damage|p1a: Zapdos|191\/315
|
|turn|6
|
|move|p1a: Zapdos|Drill Peck|p2a: Nidoking
|-damage|p2a: Nidoking|70\/315
|move|p2a: Nidoking|Blizzard|p1a: Zapdos
|-supereffective|p1a: Zapdos
|-damage|p1a: Zapdos|78\/315
|
|turn|7
|
|switch|p2a: Nidorino|Nidorino, L88|287\/287
|move|p1a: Zapdos|Drill Peck|p2a: Nidorino
|-crit|p2a: Nidorino
|-damage|p2a: Nidorino|100\/287
|
|turn|8
|
|move|p1a: Zapdos|Drill Peck|p2a: Nidorino
|-damage|p2a: Nidorino|13\/287
|move|p2a: Nidorino|Thunder|p1a: Zapdos
|-damage|p1a: Zapdos|22\/315
|
|turn|9
|
|move|p1a: Zapdos|Drill Peck|p2a: Nidorino
|-damage|p2a: Nidorino|0 fnt
|faint|p2a: Nidorino
|
|switch|p2a: Lickitung|Lickitung, L86|330\/330
|turn|10
|
|move|p1a: Zapdos|Thunder Wave|p2a: Lickitung
|-status|p2a: Lickitung|par
|move|p2a: Lickitung|Body Slam|p1a: Zapdos
|-damage|p1a: Zapdos|0 fnt
|faint|p1a: Zapdos
|
|switch|p1a: Porygon|Porygon, L86|287\/287
|turn|11
|
|move|p1a: Porygon|Tri Attack|p2a: Lickitung
|-crit|p2a: Lickitung
|-damage|p2a: Lickitung|195\/330 par
|cant|p2a: Lickitung|par
|
|turn|12
|
|move|p1a: Porygon|Tri Attack|p2a: Lickitung
|-damage|p2a: Lickitung|125\/330 par
|cant|p2a: Lickitung|par
|
|turn|13
|
|move|p1a: Porygon|Tri Attack|p2a: Lickitung
|-damage|p2a: Lickitung|56\/330 par
|cant|p2a: Lickitung|par
|
|turn|14
|
|move|p1a: Porygon|Tri Attack|p2a: Lickitung
|-damage|p2a: Lickitung|0 fnt
|faint|p2a: Lickitung
|
|switch|p2a: Nidoking|Nidoking, L86|70\/315
|turn|15
|
|move|p2a: Nidoking|Earthquake|p1a: Porygon
|-damage|p1a: Porygon|168\/287
|move|p1a: Porygon|Psychic|p2a: Nidoking
|-supereffective|p2a: Nidoking
|-damage|p2a: Nidoking|0 fnt
|faint|p2a: Nidoking
|
|switch|p2a: Squirtle|Squirtle, L92|84\/268
|turn|16
|
|move|p2a: Squirtle|Blizzard|p1a: Porygon
|-damage|p1a: Porygon|101\/287
|move|p1a: Porygon|Tri Attack|p2a: Squirtle
|-damage|p2a: Squirtle|13\/268
|
|turn|17
|
|move|p2a: Squirtle|Surf|p1a: Porygon
|-damage|p1a: Porygon|12\/287
|move|p1a: Porygon|Recover|p1a: Porygon
|-heal|p1a: Porygon|155\/287
|
|turn|18
|
|move|p2a: Squirtle|Body Slam|p1a: Porygon
|-damage|p1a: Porygon|104\/287
|move|p1a: Porygon|Recover|p1a: Porygon
|-heal|p1a: Porygon|247\/287
|
|turn|19
|
|move|p2a: Squirtle|Body Slam|p1a: Porygon
|-damage|p1a: Porygon|192\/287
|move|p1a: Porygon|Tri Attack|p2a: Squirtle
|-damage|p2a: Squirtle|0 fnt
|faint|p2a: Squirtle
|
|switch|p2a: Slowbro|Slowbro, L82|324\/324
|turn|20
|
|move|p1a: Porygon|Tri Attack|p2a: Slowbro
|-damage|p2a: Slowbro|262\/324
|move|p2a: Slowbro|Thunder Wave|p1a: Porygon
|-status|p1a: Porygon|par
|
|turn|21
|
|switch|p1a: Jolteon|Jolteon, L86|287\/287
|move|p2a: Slowbro|Amnesia|p2a: Slowbro
|-boost|p2a: Slowbro|spd|2
|-boost|p2a: Slowbro|spa|2
|
|turn|22
|
|move|p1a: Jolteon|Thunder Wave|p2a: Slowbro
|-status|p2a: Slowbro|par
|move|p2a: Slowbro|Thunder Wave|p1a: Jolteon
|-status|p1a: Jolteon|par
|
|turn|23
|
|cant|p1a: Jolteon|par
|move|p2a: Slowbro|Surf|p1a: Jolteon
|-damage|p1a: Jolteon|157\/287 par
|
|turn|24
|
|move|p1a: Jolteon|Thunderbolt|p2a: Slowbro
|-supereffective|p2a: Slowbro
|-damage|p2a: Slowbro|132\/324 par
|move|p2a: Slowbro|Surf|p1a: Jolteon
|-damage|p1a: Jolteon|13\/287 par
|
|turn|25
|
|move|p1a: Jolteon|Thunderbolt|p2a: Slowbro
|-supereffective|p2a: Slowbro
|-damage|p2a: Slowbro|16\/324 par
|move|p2a: Slowbro|Rest|p2a: Slowbro
|-status|p2a: Slowbro|slp
|-heal|p2a: Slowbro|324\/324 slp|[silent]
|-status|p2a: Slowbro|slp|[from] move: Rest
|
|turn|26
|
|switch|p2a: Tauros|Tauros, L82|291\/291
|cant|p1a: Jolteon|par
|
|turn|27
|
|move|p2a: Tauros|Body Slam|p1a: Jolteon
|-damage|p1a: Jolteon|0 fnt
|faint|p1a: Jolteon
|
|switch|p1a: Slowbro|Slowbro, L82|324\/324
|turn|28
|
|switch|p2a: Slowbro|Slowbro, L82|324\/324 slp
|move|p1a: Slowbro|Thunder Wave|p2a: Slowbro
|-fail|p2a: Slowbro
|
|turn|29
|
|cant|p2a: Slowbro|slp
|move|p1a: Slowbro|Amnesia|p1a: Slowbro
|-boost|p1a: Slowbro|spd|2
|-boost|p1a: Slowbro|spa|2
|
|turn|30
|
|cant|p2a: Slowbro|slp
|-curestatus|p2a: Slowbro|slp
|move|p1a: Slowbro|Amnesia|p1a: Slowbro
|-boost|p1a: Slowbro|spd|2
|-boost|p1a: Slowbro|spa|2
|
|turn|31
|
|move|p1a: Slowbro|Thunder Wave|p2a: Slowbro
|-status|p2a: Slowbro|par
|move|p2a: Slowbro|Thunder Wave|p1a: Slowbro
|-status|p1a: Slowbro|par
|
|turn|32
|
|move|p2a: Slowbro|Amnesia|p2a: Slowbro
|-boost|p2a: Slowbro|spd|2
|-boost|p2a: Slowbro|spa|2
|move|p1a: Slowbro|Surf|p2a: Slowbro
|-crit|p2a: Slowbro
|-resisted|p2a: Slowbro
|-damage|p2a: Slowbro|242\/324 par
|
|turn|33
|
|move|p1a: Slowbro|Surf|p2a: Slowbro
|-resisted|p2a: Slowbro
|-damage|p2a: Slowbro|177\/324 par
|cant|p2a: Slowbro|par
|
|turn|34
|
|cant|p1a: Slowbro|par
|move|p2a: Slowbro|Amnesia|p2a: Slowbro
|-boost|p2a: Slowbro|spd|2
|-boost|p2a: Slowbro|spa|2
|
|turn|35
|
|cant|p2a: Slowbro|par
|cant|p1a: Slowbro|par
|
|turn|36
|
|move|p2a: Slowbro|Surf|p1a: Slowbro
|-resisted|p1a: Slowbro
|-damage|p1a: Slowbro|279\/324 par
|move|p1a: Slowbro|Amnesia|p1a: Slowbro
|-boost|p1a: Slowbro|spd|2
|-boost|p1a: Slowbro|spa|2
|
|turn|37
|
|move|p2a: Slowbro|Amnesia|p2a: Slowbro
|-boost|p2a: Slowbro|spd|2
|-boost|p2a: Slowbro|spa|2
|move|p1a: Slowbro|Rest|p1a: Slowbro
|-status|p1a: Slowbro|slp
|-heal|p1a: Slowbro|324\/324 slp|[silent]
|-status|p1a: Slowbro|slp|[from] move: Rest
|
|turn|38
|
|move|p2a: Slowbro|Surf|p1a: Slowbro
|-resisted|p1a: Slowbro
|-damage|p1a: Slowbro|275\/324 slp
|cant|p1a: Slowbro|slp
|
|turn|39
|
|move|p2a: Slowbro|Surf|p1a: Slowbro
|-resisted|p1a: Slowbro
|-damage|p1a: Slowbro|230\/324 slp
|cant|p1a: Slowbro|slp
|-curestatus|p1a: Slowbro|slp
|
|turn|40
|
|move|p1a: Slowbro|Surf|p2a: Slowbro
|-resisted|p2a: Slowbro
|-damage|p2a: Slowbro|132\/324 par
|move|p2a: Slowbro|Thunder Wave|p1a: Slowbro
|-status|p1a: Slowbro|par
|
|turn|41
|
|move|p1a: Slowbro|Surf|p2a: Slowbro
|-resisted|p2a: Slowbro
|-damage|p2a: Slowbro|88\/324 par
|move|p2a: Slowbro|Surf|p1a: Slowbro
|-resisted|p1a: Slowbro
|-damage|p1a: Slowbro|187\/324 par
|
|turn|42
|
|cant|p2a: Slowbro|par
|move|p1a: Slowbro|Surf|p2a: Slowbro
|-resisted|p2a: Slowbro
|-damage|p2a: Slowbro|43\/324 par
|
|turn|43
|
|move|p2a: Slowbro|Rest|p2a: Slowbro
|-status|p2a: Slowbro|slp
|-heal|p2a: Slowbro|324\/324 slp|[silent]
|-status|p2a: Slowbro|slp|[from] move: Rest
|move|p1a: Slowbro|Surf|p2a: Slowbro
|-resisted|p2a: Slowbro
|-damage|p2a: Slowbro|283\/324 slp
|
|turn|44
|
|cant|p1a: Slowbro|par
|cant|p2a: Slowbro|slp
|
|turn|45
|
|cant|p2a: Slowbro|slp
|-curestatus|p2a: Slowbro|slp
|cant|p1a: Slowbro|par
|
|turn|46
|
|move|p2a: Slowbro|Surf|p1a: Slowbro
|-resisted|p1a: Slowbro
|-damage|p1a: Slowbro|145\/324 par
|move|p1a: Slowbro|Rest|p1a: Slowbro
|-status|p1a: Slowbro|slp
|-heal|p1a: Slowbro|324\/324 slp|[silent]
|-status|p1a: Slowbro|slp|[from] move: Rest
|
|turn|47
|
|cant|p1a: Slowbro|slp
|move|p2a: Slowbro|Surf|p1a: Slowbro
|-resisted|p1a: Slowbro
|-damage|p1a: Slowbro|276\/324 slp
|
|turn|48
|
|cant|p1a: Slowbro|slp
|-curestatus|p1a: Slowbro|slp
|move|p2a: Slowbro|Surf|p1a: Slowbro
|-resisted|p1a: Slowbro
|-damage|p1a: Slowbro|232\/324
|
|turn|49
|
|move|p2a: Slowbro|Thunder Wave|p1a: Slowbro
|-status|p1a: Slowbro|par
|cant|p1a: Slowbro|par
|
|turn|50
|
|move|p1a: Slowbro|Thunder Wave|p2a: Slowbro
|-status|p2a: Slowbro|par
|move|p2a: Slowbro|Surf|p1a: Slowbro
|-resisted|p1a: Slowbro
|-damage|p1a: Slowbro|185\/324 par
|
|turn|51
|
|move|p1a: Slowbro|Surf|p2a: Slowbro
|-resisted|p2a: Slowbro
|-damage|p2a: Slowbro|237\/324 par
|move|p2a: Slowbro|Surf|p1a: Slowbro
|-resisted|p1a: Slowbro
|-damage|p1a: Slowbro|137\/324 par
|
|turn|52
|c|★Merlin Engine|omg
|
|move|p2a: Slowbro|Surf|p1a: Slowbro
|-resisted|p1a: Slowbro
|-damage|p1a: Slowbro|91\/324 par
|move|p1a: Slowbro|Rest|p1a: Slowbro
|-status|p1a: Slowbro|slp
|-heal|p1a: Slowbro|324\/324 slp|[silent]
|-status|p1a: Slowbro|slp|[from] move: Rest
|
|turn|53
|
|move|p2a: Slowbro|Surf|p1a: Slowbro
|-resisted|p1a: Slowbro
|-damage|p1a: Slowbro|278\/324 slp
|cant|p1a: Slowbro|slp
|
|turn|54
|
|move|p2a: Slowbro|Thunder Wave|p1a: Slowbro
|-fail|p1a: Slowbro
|cant|p1a: Slowbro|slp
|-curestatus|p1a: Slowbro|slp
|
|turn|55
|
|move|p1a: Slowbro|Surf|p2a: Slowbro
|-resisted|p2a: Slowbro
|-damage|p2a: Slowbro|194\/324 par
|move|p2a: Slowbro|Thunder Wave|p1a: Slowbro
|-status|p1a: Slowbro|par
|
|turn|56
|
|move|p2a: Slowbro|Amnesia|p2a: Slowbro
|move|p1a: Slowbro|Surf|p2a: Slowbro
|-resisted|p2a: Slowbro
|-damage|p2a: Slowbro|146\/324 par
|
|turn|57
|
|move|p2a: Slowbro|Amnesia|p2a: Slowbro
|cant|p1a: Slowbro|par
|
|turn|58
|
|move|p2a: Slowbro|Rest|p2a: Slowbro
|-status|p2a: Slowbro|slp
|-heal|p2a: Slowbro|324\/324 slp|[silent]
|-status|p2a: Slowbro|slp|[from] move: Rest
|move|p1a: Slowbro|Surf|p2a: Slowbro
|-resisted|p2a: Slowbro
|-damage|p2a: Slowbro|275\/324 slp
|
|turn|59
|
|switch|p1a: Golbat|Golbat, L86|304\/304
|cant|p2a: Slowbro|slp
|
|turn|60
|
|move|p1a: Golbat|Screech|p2a: Slowbro
|-unboost|p2a: Slowbro|def|2
|cant|p2a: Slowbro|slp
|-curestatus|p2a: Slowbro|slp
|
|turn|61
|
|move|p1a: Golbat|Double-Edge|p2a: Slowbro
|-crit|p2a: Slowbro
|-damage|p2a: Slowbro|173\/324
|-damage|p1a: Golbat|279\/304|[from] recoil|[of] p2a: Slowbro
|move|p2a: Slowbro|Surf|p1a: Golbat
|-damage|p1a: Golbat|0 fnt
|faint|p1a: Golbat
|
|switch|p1a: Slowbro|Slowbro, L82|278\/324 par
|turn|62
|c|★Merlin Engine|well it wasn't for the lack of trying
|
|move|p1a: Slowbro|Thunder Wave|p2a: Slowbro
|-status|p2a: Slowbro|par
|move|p2a: Slowbro|Surf|p1a: Slowbro
|-resisted|p1a: Slowbro
|-damage|p1a: Slowbro|111\/324 par
|
|turn|63
|
|move|p2a: Slowbro|Surf|p1a: Slowbro
|-resisted|p1a: Slowbro
|-damage|p1a: Slowbro|0 fnt
|faint|p1a: Slowbro
|
|switch|p1a: Porygon|Porygon, L86|192\/287 par
|turn|64
|
|move|p1a: Porygon|Tri Attack|p2a: Slowbro
|-damage|p2a: Slowbro|50\/324 par
|cant|p2a: Slowbro|par
|
|turn|65
|
|move|p1a: Porygon|Tri Attack|p2a: Slowbro
|-damage|p2a: Slowbro|0 fnt
|faint|p2a: Slowbro
|
|switch|p2a: Tauros|Tauros, L82|291\/291
|turn|66
|
|move|p2a: Tauros|Body Slam|p1a: Porygon
|-crit|p1a: Porygon
|-damage|p1a: Porygon|11\/287 par
|move|p1a: Porygon|Recover|p1a: Porygon
|-heal|p1a: Porygon|154\/287 par
|
|turn|67
|
|move|p2a: Tauros|Body Slam|p1a: Porygon
|-damage|p1a: Porygon|49\/287 par
|move|p1a: Porygon|Recover|p1a: Porygon
|-heal|p1a: Porygon|192\/287 par
|
|turn|68
|
|move|p2a: Tauros|Body Slam|p1a: Porygon
|-damage|p1a: Porygon|93\/287 par
|cant|p1a: Porygon|par
|
|turn|69
|
|move|p2a: Tauros|Body Slam|p1a: Porygon
|-damage|p1a: Porygon|0 fnt
|faint|p1a: Porygon
|
|win|grogggy
|raw|Ladder updating...
|c|★grogggy|it worked
|raw|Merlin Engine's rating: 1212 &rarr; <strong>1192<\/strong><br \/>(-20 for losing)
|raw|grogggy's rating: 1278 &rarr; <strong>1298<\/strong><br \/>(+20 for winning)
|c|★Merlin Engine|what an utterly boring game this was
|c|★Merlin Engine|of course it worked
|c|★Merlin Engine|duh
|leave|Merlin Engine
|player|p1