|j|blgh
|j|Abstrix
|player|p1|blgh|165
|player|p2|Abstrix|8
|gametype|singles
|gen|1
|tier|[Gen 1] Random Battle
|rated
|seed|7316,61382,13040,50455
|rule|Sleep Clause Mod: Limit one foe put to sleep
|rule|Freeze Clause Mod: Limit one foe frozen
|rule|HP Percentage Mod: HP is shown in percentages
|
|start
|switch|p1a: Weedle|Weedle, L99|280\/280
|switch|p2a: Dragonite|Dragonite, L85|328\/328
|turn|1
|choice|move 1|move 1
|
|move|p2a: Dragonite|Agility|p2a: Dragonite
|-boost|p2a: Dragonite|spe|2
|move|p1a: Weedle|Poison Sting|p2a: Dragonite
|-crit|p2a: Dragonite
|-damage|p2a: Dragonite|304\/328
|
|turn|2
|choice|move 1|move 3
|
|move|p2a: Dragonite|Substitute|p2a: Dragonite
|-start|p2a: Dragonite|Substitute
|-damage|p2a: Dragonite|222\/328
|move|p1a: Weedle|Poison Sting|p2a: Dragonite
|-activate|p2a: Dragonite|Substitute|[damage]
|
|turn|3
|choice|move 1|move 4
|
|move|p2a: Dragonite|Hyper Beam|p1a: Weedle
|-crit|p1a: Weedle
|-damage|p1a: Weedle|0 fnt
|faint|p1a: Weedle
|choice|switch 4|
|
|switch|p1a: Articuno|Articuno, L79|304\/304
|turn|4
|choice|move 3|move 2
|
|move|p2a: Dragonite|Blizzard|p1a: Articuno
|-damage|p1a: Articuno|233\/304
|move|p1a: Articuno|Ice Beam|p2a: Dragonite
|-supereffective|p2a: Dragonite
|-end|p2a: Dragonite|Substitute
|
|turn|5
|choice|move 3|move 4
|
|move|p2a: Dragonite|Hyper Beam|p1a: Articuno
|-damage|p1a: Articuno|103\/304
|move|p1a: Articuno|Ice Beam|p2a: Dragonite
|-crit|p2a: Dragonite
|-supereffective|p2a: Dragonite
|-damage|p2a: Dragonite|0 fnt
|faint|p2a: Dragonite
|choice||switch 6
|
|switch|p2a: Rapidash|Rapidash, L90|300\/300
|turn|6
|choice|move 3|move 1
|
|move|p2a: Rapidash|Fire Blast|p1a: Articuno
|-supereffective|p1a: Articuno
|-damage|p1a: Articuno|0 fnt
|faint|p1a: Articuno
|choice|switch 5|
|
|switch|p1a: Lapras|Lapras, L79|367\/367
|turn|7
|choice|move 1|switch 2
|
|switch|p2a: Wigglytuff|Wigglytuff, L90|435\/435
|move|p1a: Lapras|Confuse Ray|p2a: Wigglytuff
|-start|p2a: Wigglytuff|confusion
|
|turn|8
|choice|move 4|move 1
|
|move|p1a: Lapras|Blizzard|p2a: Wigglytuff
|-damage|p2a: Wigglytuff|300\/435
|-activate|p2a: Wigglytuff|confusion
|move|p2a: Wigglytuff|Thunder Wave|p1a: Lapras
|-status|p1a: Lapras|par
|
|turn|9
|choice|move 4|move 3
|
|-end|p2a: Wigglytuff|confusion
|move|p2a: Wigglytuff|Double-Edge|p1a: Lapras
|-damage|p1a: Lapras|265\/367 par
|-damage|p2a: Wigglytuff|275\/435|[from] recoil|[of] p1a: Lapras
|move|p1a: Lapras|Blizzard|p2a: Wigglytuff
|-damage|p2a: Wigglytuff|128\/435
|
|turn|10
|choice|move 4|move 3
|
|move|p2a: Wigglytuff|Double-Edge|p1a: Lapras
|-crit|p1a: Lapras
|-damage|p1a: Lapras|63\/367 par
|-damage|p2a: Wigglytuff|78\/435|[from] recoil|[of] p1a: Lapras
|move|p1a: Lapras|Blizzard|p2a: Wigglytuff|[miss]
|-miss|p1a: Lapras
|
|turn|11
|choice|move 4|move 3
|
|move|p2a: Wigglytuff|Double-Edge|p1a: Lapras
|-damage|p1a: Lapras|0 fnt
|-damage|p2a: Wigglytuff|63\/435|[from] recoil|[of] p1a: Lapras
|faint|p1a: Lapras
|choice|switch 6|
|
|switch|p1a: Mewtwo|Mewtwo, L70|293\/293
|turn|12
|choice|move 1|move 1
|
|move|p1a: Mewtwo|Psychic|p2a: Wigglytuff
|-crit|p2a: Wigglytuff
|-damage|p2a: Wigglytuff|0 fnt
|faint|p2a: Wigglytuff
|choice||switch 5
|
|switch|p2a: Kingler|Kingler, L85|267\/267
|turn|13
|choice|switch 3|move 4
|
|switch|p1a: Exeggutor|Exeggutor, L79|312\/312
|move|p2a: Kingler|Body Slam|p1a: Exeggutor
|-damage|p1a: Exeggutor|223\/312
|
|turn|14
|choice|move 1|move 2
|
|move|p2a: Kingler|Blizzard|p1a: Exeggutor|[miss]
|-miss|p2a: Kingler
|move|p1a: Exeggutor|Sleep Powder|p2a: Kingler
|-status|p2a: Kingler|slp
|
|turn|15
|choice|move 4|switch 2
|
|switch|p2a: Rapidash|Rapidash, L90|300\/300
|move|p1a: Exeggutor|Psychic|p2a: Rapidash
|-damage|p2a: Rapidash|209\/300
|-unboost|p2a: Rapidash|spd|1
|-unboost|p2a: Rapidash|spa|1
|
|turn|16
|choice|switch 3|move 1
|
|switch|p1a: Mewtwo|Mewtwo, L70|293\/293
|move|p2a: Rapidash|Fire Blast|p1a: Mewtwo
|-damage|p1a: Mewtwo|219\/293
|
|turn|17
|choice|move 1|move 1
|
|move|p2a: Rapidash|Fire Blast|p1a: Mewtwo
|-damage|p1a: Mewtwo|151\/293
|-status|p1a: Mewtwo|brn
|move|p1a: Mewtwo|Psychic|p2a: Rapidash
|-damage|p2a: Rapidash|79\/300
|-unboost|p2a: Rapidash|spd|1
|-unboost|p2a: Rapidash|spa|1
|-damage|p1a: Mewtwo|133\/293 brn|[from] brn|[of] p2a: Rapidash
|
|turn|18
|choice|move 2|move 1
|
|move|p2a: Rapidash|Fire Blast|p1a: Mewtwo
|-crit|p1a: Mewtwo
|-damage|p1a: Mewtwo|0 fnt
|faint|p1a: Mewtwo
|choice|switch 2|
|
|switch|p1a: Snorlax|Snorlax, L79|415\/415
|turn|19
|choice|move 2|move 1
|
|move|p2a: Rapidash|Fire Blast|p1a: Snorlax
|-damage|p1a: Snorlax|334\/415
|-status|p1a: Snorlax|brn
|move|p1a: Snorlax|Blizzard|p2a: Rapidash
|-damage|p2a: Rapidash|0 fnt
|faint|p2a: Rapidash
|choice||switch 4
|
|switch|p2a: Persian|Persian, L79|265\/265
|turn|20
|choice|move 2|move 1
|
|move|p2a: Persian|Slash|p1a: Snorlax
|-crit|p1a: Snorlax
|-damage|p1a: Snorlax|208\/415 brn
|move|p1a: Snorlax|Blizzard|p2a: Persian
|-damage|p2a: Persian|196\/265
|-damage|p1a: Snorlax|183\/415 brn|[from] brn|[of] p2a: Persian
|
|turn|21
|choice|move 4|move 1
|
|move|p2a: Persian|Slash|p1a: Snorlax
|-crit|p1a: Snorlax
|-damage|p1a: Snorlax|50\/415 brn
|move|p1a: Snorlax|Self-Destruct|p2a: Persian
|-damage|p2a: Persian|30\/265
|faint|p1a: Snorlax
|choice|switch 3|
|
|switch|p1a: Exeggutor|Exeggutor, L79|223\/312
|turn|22
|choice|move 3|move 1
|
|move|p2a: Persian|Slash|p1a: Exeggutor
|-crit|p1a: Exeggutor
|-damage|p1a: Exeggutor|116\/312
|move|p1a: Exeggutor|Mega Drain|p2a: Persian
|-damage|p2a: Persian|0 fnt
|-heal|p1a: Exeggutor|131\/312|[from] drain|[of] p2a: Persian
|faint|p2a: Persian
|choice||switch 3
|
|switch|p2a: Venomoth|Venomoth, L85|293\/293
|turn|23
|choice|move 4|move 4
|
|move|p2a: Venomoth|Sleep Powder|p1a: Exeggutor|[miss]
|-miss|p2a: Venomoth
|move|p1a: Exeggutor|Psychic|p2a: Venomoth
|-supereffective|p2a: Venomoth
|-damage|p2a: Venomoth|96\/293
|
|turn|24
|choice|move 4|move 4
|
|move|p2a: Venomoth|Sleep Powder|p1a: Exeggutor
|-status|p1a: Exeggutor|slp
|cant|p1a: Exeggutor|slp
|
|turn|25
|choice|move 4|move 3
|
|move|p2a: Venomoth|Psychic|p1a: Exeggutor
|-resisted|p1a: Exeggutor
|-damage|p1a: Exeggutor|105\/312 slp
|cant|p1a: Exeggutor|slp
|
|turn|26
|choice|move 4|move 3
|
|move|p2a: Venomoth|Psychic|p1a: Exeggutor
|-resisted|p1a: Exeggutor
|-damage|p1a: Exeggutor|77\/312 slp
|cant|p1a: Exeggutor|slp
|
|turn|27
|choice|move 4|move 3
|
|move|p2a: Venomoth|Psychic|p1a: Exeggutor
|-resisted|p1a: Exeggutor
|-damage|p1a: Exeggutor|52\/312 slp
|cant|p1a: Exeggutor|slp
|
|turn|28
|choice|move 4|move 3
|
|move|p2a: Venomoth|Psychic|p1a: Exeggutor
|-crit|p1a: Exeggutor
|-resisted|p1a: Exeggutor
|-damage|p1a: Exeggutor|0 fnt
|faint|p1a: Exeggutor
|
|win|Abstrix
|raw|blgh's rating: 1340 &rarr; <strong>1313<\/strong><br \/>(-27 for losing)
|raw|Abstrix's rating: 1215 &rarr; <strong>1249<\/strong><br \/>(+34 for winning)
|l|blgh
|player|p1