|j|Hidol
|j|Tynoo
|player|p1|Hidol|266
|player|p2|Tynoo|2
|gametype|singles
|gen|1
|tier|[Gen 1] Random Battle
|rated
|seed|25205,37121,44932,43676
|rule|Sleep Clause Mod: Limit one foe put to sleep
|rule|Freeze Clause Mod: Limit one foe frozen
|rule|HP Percentage Mod: HP is shown in percentages
|
|start
|switch|p1a: Charizard|Charizard, L85|306\/306
|switch|p2a: Shellder|Shellder, L96|252\/252
|turn|1
|c|★Tynoo|Shellder ftw
|choice|switch 4|move Withdraw
|
|switch|p1a: Cloyster|Cloyster, L83|253\/253
|move|p2a: Shellder|Withdraw|p2a: Shellder
|-boost|p2a: Shellder|def|1
|
|turn|2
|choice|move 2|move Withdraw
|
|move|p1a: Cloyster|Toxic|p2a: Shellder
|-status|p2a: Shellder|tox
|move|p2a: Shellder|Withdraw|p2a: Shellder
|-boost|p2a: Shellder|def|1
|-damage|p2a: Shellder|237\/252 tox|[from] psn
|
|turn|3
|c|★Tynoo|defensive shellder above all of u
|choice|switch 6|move Explosion
|
|switch|p1a: Jolteon|Jolteon, L79|265\/265
|move|p2a: Shellder|Explosion|p1a: Jolteon
|-damage|p1a: Jolteon|0 fnt
|faint|p1a: Jolteon
|faint|p2a: Shellder
|choice|switch 4|switch 4
|
|switch|p1a: Charizard|Charizard, L85|306\/306
|switch|p2a: Mew|Mew, L74|300\/300
|turn|4
|choice|move 3|move Swords Dance
|
|move|p1a: Charizard|Fire Blast|p2a: Mew
|-damage|p2a: Mew|166\/300
|move|p2a: Mew|Swords Dance|p2a: Mew
|-boost|p2a: Mew|atk|2
|
|turn|5
|choice|move 2|move Explosion
|
|move|p1a: Charizard|Hyper Beam|p2a: Mew
|-damage|p2a: Mew|56\/300
|move|p2a: Mew|Explosion|p1a: Charizard
|-damage|p1a: Charizard|0 fnt
|faint|p1a: Charizard
|faint|p2a: Mew
|c|★Tynoo|ALLAHU AKBAR
|choice|switch 5|switch 2
|
|switch|p1a: Venusaur|Venusaur, L85|310\/310
|switch|p2a: Muk|Muk, L90|372\/372
|turn|6
|choice|switch 2|move Explosion
|
|switch|p1a: Drowzee|Drowzee, L96|310\/310
|move|p2a: Muk|Explosion|p1a: Drowzee
|-damage|p1a: Drowzee|0 fnt
|faint|p1a: Drowzee
|faint|p2a: Muk
|choice|switch 6|switch 3
|
|switch|p2a: Farfetch'd|Farfetch'd, L99|304\/304
|switch|p1a: Cloyster|Cloyster, L83|253\/253
|turn|7
|choice|move 1|switch 6
|
|switch|p2a: Hypno|Hypno, L85|318\/318
|move|p1a: Cloyster|Ice Beam|p2a: Hypno
|-damage|p2a: Hypno|239\/318
|
|turn|8
|choice|move 2|move Hypnosis
|
|move|p1a: Cloyster|Toxic|p2a: Hypno
|-status|p2a: Hypno|tox
|move|p2a: Hypno|Hypnosis|p1a: Cloyster|[miss]
|-miss|p2a: Hypno
|-damage|p2a: Hypno|220\/318 tox|[from] tox|[of] p1a: Cloyster
|
|turn|9
|c|★Tynoo|forgot to say for Muk and Shellder
|c|★Tynoo|ALLAHU AKBAR
|c|★Tynoo|ALLAHHPU
|c|★Tynoo|arg
|choice|move 3|move Hypnosis
|
|move|p1a: Cloyster|Surf|p2a: Hypno
|-damage|p2a: Hypno|148\/318 tox
|move|p2a: Hypno|Hypnosis|p1a: Cloyster
|-status|p1a: Cloyster|slp
|-damage|p2a: Hypno|110\/318 tox|[from] tox|[of] p1a: Cloyster
|
|turn|10
|choice|move 4|move Rest
|
|cant|p1a: Cloyster|slp
|move|p2a: Hypno|Rest|p2a: Hypno
|-status|p2a: Hypno|slp
|-heal|p2a: Hypno|318\/318 slp|[silent]
|-status|p2a: Hypno|slp|[from] move: Rest
|
|turn|11
|choice|move 2|switch 5
|
|switch|p2a: Rhydon|Rhydon, L79|328\/328
|cant|p1a: Cloyster|slp
|
|turn|12
|choice|switch 3|move Rock Slide
|
|switch|p1a: Nidoking|Nidoking, L85|311\/311
|move|p2a: Rhydon|Rock Slide|p1a: Nidoking
|-resisted|p1a: Nidoking
|-damage|p1a: Nidoking|262\/311
|
|turn|13
|choice|move 4|move Earthquake
|
|move|p1a: Nidoking|Blizzard|p2a: Rhydon
|-supereffective|p2a: Rhydon
|-damage|p2a: Rhydon|82\/328
|move|p2a: Rhydon|Earthquake|p1a: Nidoking
|-supereffective|p1a: Nidoking
|-damage|p1a: Nidoking|3\/311
|
|turn|14
|choice|move 4|switch 5
|
|switch|p2a: Hypno|Hypno, L85|318\/318 slp
|move|p1a: Nidoking|Blizzard|p2a: Hypno
|-damage|p2a: Hypno|256\/318 slp
|
|turn|15
|choice|move 2|move Psychic
|
|move|p1a: Nidoking|Body Slam|p2a: Hypno
|-damage|p2a: Hypno|187\/318 slp
|cant|p2a: Hypno|slp
|
|turn|16
|choice|move 1|move Psychic
|
|move|p1a: Nidoking|Earthquake|p2a: Hypno
|-damage|p2a: Hypno|77\/318 slp
|-curestatus|p2a: Hypno|slp
|
|turn|17
|choice|move 3|switch 6
|
|switch|p2a: Farfetch'd|Farfetch'd, L99|304\/304
|move|p1a: Nidoking|Thunder|p2a: Farfetch'd
|-supereffective|p2a: Farfetch'd
|-damage|p2a: Farfetch'd|143\/304
|
|turn|18
|choice|switch 3|move Slash
|
|switch|p1a: Cloyster|Cloyster, L83|253\/253 slp
|move|p2a: Farfetch'd|Slash|p1a: Cloyster
|-crit|p1a: Cloyster
|-damage|p1a: Cloyster|160\/253 slp
|
|turn|19
|choice|move 2|move Substitute
|
|move|p2a: Farfetch'd|Substitute|p2a: Farfetch'd
|-start|p2a: Farfetch'd|Substitute
|-damage|p2a: Farfetch'd|67\/304
|cant|p1a: Cloyster|slp
|
|turn|20
|choice|move 3|move Body Slam
|
|move|p2a: Farfetch'd|Body Slam|p1a: Cloyster
|-damage|p1a: Cloyster|105\/253 slp
|-curestatus|p1a: Cloyster|slp
|
|turn|21
|choice|move 3|move Body Slam
|
|move|p2a: Farfetch'd|Body Slam|p1a: Cloyster
|-damage|p1a: Cloyster|50\/253
|move|p1a: Cloyster|Surf|p2a: Farfetch'd
|-end|p2a: Farfetch'd|Substitute
|
|turn|22
|choice|move 1|move Body Slam
|
|move|p2a: Farfetch'd|Body Slam|p1a: Cloyster
|-damage|p1a: Cloyster|0 fnt
|faint|p1a: Cloyster
|choice|switch 2|
|
|switch|p1a: Venusaur|Venusaur, L85|310\/310
|turn|23
|choice|move 4|move Sand Attack
|
|move|p1a: Venusaur|Body Slam|p2a: Farfetch'd
|-damage|p2a: Farfetch'd|0 fnt
|faint|p2a: Farfetch'd
|choice||switch 6
|
|switch|p2a: Hypno|Hypno, L85|77\/318
|turn|24
|choice|move 4|move Psychic
|
|move|p1a: Venusaur|Body Slam|p2a: Hypno
|-damage|p2a: Hypno|10\/318
|move|p2a: Hypno|Psychic|p1a: Venusaur
|-supereffective|p1a: Venusaur
|-damage|p1a: Venusaur|101\/310
|
|turn|25
|choice|move 4|move Psychic
|
|move|p1a: Venusaur|Body Slam|p2a: Hypno
|-damage|p2a: Hypno|0 fnt
|faint|p2a: Hypno
|choice||switch 5
|
|switch|p2a: Rhydon|Rhydon, L79|82\/328
|turn|26
|choice|move 1|move Body Slam
|
|move|p1a: Venusaur|Razor Leaf|p2a: Rhydon
|-crit|p2a: Rhydon
|-supereffective|p2a: Rhydon
|-damage|p2a: Rhydon|0 fnt
|faint|p2a: Rhydon
|
|win|Hidol
|raw|Hidol's rating: 1281 &rarr; <strong>1292<\/strong><br \/>(+11 for winning)
|raw|Tynoo's rating: 1078 &rarr; <strong>1067<\/strong><br \/>(-11 for losing)