|j|Silver452
|j|Vector04
|player|p1|Silver452|164
|player|p2|Vector04|1
|gametype|singles
|gen|1
|tier|[Gen 1] Random Battle
|rated
|seed|41828,53346,33551,41926
|rule|Sleep Clause Mod: Limit one foe put to sleep
|rule|Freeze Clause Mod: Limit one foe frozen
|rule|HP Percentage Mod: HP is shown in percentages
|
|start
|switch|p1a: Pidgey|Pidgey, L96|272\/272
|switch|p2a: Jynx|Jynx, L79|265\/265
|turn|1
|choice|switch 6|move 3
|
|switch|p1a: Machamp|Machamp, L90|345\/345
|move|p2a: Jynx|Blizzard|p1a: Machamp
|-damage|p1a: Machamp|226\/345
|
|turn|2
|choice|move 3|move 2
|
|move|p2a: Jynx|Psychic|p1a: Machamp
|-supereffective|p1a: Machamp
|-damage|p1a: Machamp|52\/345
|move|p1a: Machamp|Rock Slide|p2a: Jynx
|-supereffective|p2a: Jynx
|-damage|p2a: Jynx|1\/265
|
|turn|3
|choice|move 1|move 2
|
|move|p2a: Jynx|Psychic|p1a: Machamp
|-supereffective|p1a: Machamp
|-damage|p1a: Machamp|0 fnt
|faint|p1a: Machamp
|choice|switch 6|
|
|switch|p1a: Pidgey|Pidgey, L96|272\/272
|turn|4
|choice|move 1|move 1
|
|move|p2a: Jynx|Lovely Kiss|p1a: Pidgey
|-status|p1a: Pidgey|slp
|cant|p1a: Pidgey|slp
|
|turn|5
|choice|move 1|move 3
|
|move|p2a: Jynx|Blizzard|p1a: Pidgey
|-crit|p1a: Pidgey
|-supereffective|p1a: Pidgey
|-damage|p1a: Pidgey|0 fnt
|faint|p1a: Pidgey
|choice|switch 5|
|
|switch|p1a: Kadabra|Kadabra, L85|242\/242
|turn|6
|choice|move 1|move 1
|
|move|p1a: Kadabra|Psychic|p2a: Jynx
|-resisted|p2a: Jynx
|-damage|p2a: Jynx|0 fnt
|faint|p2a: Jynx
|choice||switch 2
|
|switch|p2a: Persian|Persian, L79|265\/265
|turn|7
|choice|move 4|move 3
|
|move|p1a: Kadabra|Thunder Wave|p2a: Persian
|-status|p2a: Persian|par
|move|p2a: Persian|Thunderbolt|p1a: Kadabra
|-damage|p1a: Kadabra|205\/242
|
|turn|8
|choice|move 1|move 3
|
|move|p1a: Kadabra|Psychic|p2a: Persian
|-damage|p2a: Persian|125\/265 par
|move|p2a: Persian|Thunderbolt|p1a: Kadabra
|-crit|p1a: Kadabra
|-damage|p1a: Kadabra|133\/242
|
|turn|9
|choice|move 1|move 3
|
|move|p1a: Kadabra|Psychic|p2a: Persian
|-crit|p2a: Persian
|-damage|p2a: Persian|0 fnt
|faint|p2a: Persian
|choice||switch 5
|
|switch|p2a: Magnemite|Magnemite, L96|243\/243
|turn|10
|choice|move 1|move 3
|
|move|p1a: Kadabra|Psychic|p2a: Magnemite
|-damage|p2a: Magnemite|147\/243
|move|p2a: Magnemite|Thunder Wave|p1a: Kadabra
|-status|p1a: Kadabra|par
|
|turn|11
|choice|move 1|move 2
|
|move|p2a: Magnemite|Thunderbolt|p1a: Kadabra
|-damage|p1a: Kadabra|38\/242 par
|move|p1a: Kadabra|Psychic|p2a: Magnemite
|-damage|p2a: Magnemite|50\/243
|-unboost|p2a: Magnemite|spd|1
|-unboost|p2a: Magnemite|spa|1
|
|turn|12
|choice|move 1|move 2
|
|move|p2a: Magnemite|Thunderbolt|p1a: Kadabra
|-damage|p1a: Kadabra|0 fnt
|faint|p1a: Kadabra
|choice|switch 4|
|
|switch|p1a: Raichu|Raichu, L85|276\/276
|turn|13
|choice|move 1|move 4
|
|move|p1a: Raichu|Surf|p2a: Magnemite
|-crit|p2a: Magnemite
|-damage|p2a: Magnemite|0 fnt
|faint|p2a: Magnemite
|choice||switch 4
|
|switch|p2a: Mankey|Mankey, L96|272\/272
|turn|14
|choice|move 3|move 4
|
|move|p1a: Raichu|Thunder Wave|p2a: Mankey
|-status|p2a: Mankey|par
|cant|p2a: Mankey|par
|
|turn|15
|choice|move 1|move 4
|
|move|p1a: Raichu|Surf|p2a: Mankey
|-damage|p2a: Mankey|172\/272 par
|move|p2a: Mankey|Rock Slide|p1a: Raichu
|-damage|p1a: Raichu|197\/276
|
|turn|16
|choice|move 1|move 4
|
|move|p1a: Raichu|Surf|p2a: Mankey
|-damage|p2a: Mankey|82\/272 par
|move|p2a: Mankey|Rock Slide|p1a: Raichu
|-damage|p1a: Raichu|118\/276
|
|turn|17
|choice|move 2|move 1
|
|move|p1a: Raichu|Thunderbolt|p2a: Mankey
|-crit|p2a: Mankey
|-damage|p2a: Mankey|0 fnt
|faint|p2a: Mankey
|choice||switch 3
|
|switch|p2a: Jolteon|Jolteon, L79|265\/265
|turn|18
|choice|move 1|move 3
|
|move|p2a: Jolteon|Double Kick|p1a: Raichu
|-damage|p1a: Raichu|97\/276
|-damage|p1a: Raichu|76\/276
|-hitcount|p1a: Raichu|2
|move|p1a: Raichu|Surf|p2a: Jolteon
|-damage|p2a: Jolteon|200\/265
|
|turn|19
|choice|move 1|move 1
|
|move|p2a: Jolteon|Thunderbolt|p1a: Raichu
|-resisted|p1a: Raichu
|-damage|p1a: Raichu|32\/276
|move|p1a: Raichu|Surf|p2a: Jolteon
|-damage|p2a: Jolteon|137\/265
|
|turn|20
|choice|move 1|move 1
|
|move|p2a: Jolteon|Thunderbolt|p1a: Raichu
|-resisted|p1a: Raichu
|-damage|p1a: Raichu|0 fnt
|faint|p1a: Raichu
|choice|switch 3|
|
|switch|p1a: Mew|Mew, L74|300\/300
|turn|21
|choice|move 3|move 1
|
|move|p2a: Jolteon|Thunderbolt|p1a: Mew
|-damage|p1a: Mew|194\/300
|move|p1a: Mew|Blizzard|p2a: Jolteon
|-damage|p2a: Jolteon|77\/265
|
|turn|22
|choice|move 3|move 1
|
|move|p2a: Jolteon|Thunderbolt|p1a: Mew
|-damage|p1a: Mew|89\/300
|move|p1a: Mew|Blizzard|p2a: Jolteon
|-damage|p2a: Jolteon|20\/265
|
|turn|23
|choice|move 3|move 1
|
|move|p2a: Jolteon|Thunderbolt|p1a: Mew
|-damage|p1a: Mew|0 fnt
|faint|p1a: Mew
|choice|switch 2|
|
|switch|p1a: Pidgeot|Pidgeot, L90|333\/333
|turn|24
|choice|move 1|move 1
|
|move|p2a: Jolteon|Thunderbolt|p1a: Pidgeot
|-supereffective|p1a: Pidgeot
|-damage|p1a: Pidgeot|128\/333
|move|p1a: Pidgeot|Double-Edge|p2a: Jolteon
|-damage|p2a: Jolteon|0 fnt
|-damage|p1a: Pidgeot|123\/333|[from] recoil|[of] p2a: Jolteon
|faint|p2a: Jolteon
|choice||switch 6
|
|switch|p2a: Chansey|Chansey, L79|557\/557
|turn|25
|choice|move 1|move 3
|
|move|p1a: Pidgeot|Double-Edge|p2a: Chansey
|-crit|p2a: Chansey
|-damage|p2a: Chansey|0 fnt
|-damage|p1a: Pidgeot|0 fnt|[from] recoil|[of] p2a: Chansey
|faint|p2a: Chansey
|faint|p1a: Pidgeot
|
|win|Silver452
|player|p1
|player|p2
|raw|Silver452's rating: 1265 &rarr; <strong>1286<\/strong><br \/>(+21 for winning)
|raw|Vector04's rating: 1207 &rarr; <strong>1186<\/strong><br \/>(-21 for losing)
|l|Vector04
|l|Silver452
|j|Vector04