|j|MALESANI
|j|Hidol
|player|p1|MALESANI|238
|player|p2|Hidol|266
|gametype|singles
|gen|1
|tier|[Gen 1] Random Battle
|rated
|seed|64564,41823,29236,30538
|rule|Sleep Clause Mod: Limit one foe put to sleep
|rule|Freeze Clause Mod: Limit one foe frozen
|rule|HP Percentage Mod: HP is shown in percentages
|
|start
|switch|p1a: Pinsir|Pinsir, L85|284\/284
|switch|p2a: Psyduck|Psyduck, L96|291\/291
|turn|1
|choice|move 1|move 3
|
|move|p1a: Pinsir|Body Slam|p2a: Psyduck
|-damage|p2a: Psyduck|198\/291
|-status|p2a: Psyduck|par
|move|p2a: Psyduck|Blizzard|p1a: Pinsir
|-damage|p1a: Pinsir|184\/284
|
|turn|2
|choice|move 1|switch 6
|
|switch|p2a: Tauros|Tauros, L79|280\/280
|move|p1a: Pinsir|Body Slam|p2a: Tauros
|-damage|p2a: Tauros|208\/280
|
|turn|3
|choice|move 3|move 3
|
|move|p2a: Tauros|Hyper Beam|p1a: Pinsir
|-damage|p1a: Pinsir|48\/284
|move|p1a: Pinsir|Submission|p2a: Tauros
|-supereffective|p2a: Tauros
|-damage|p2a: Tauros|77\/280
|-damage|p1a: Pinsir|16\/284|[from] recoil|[of] p2a: Tauros
|
|turn|4
|-mustrecharge|p2a: Tauros
|-mustrecharge|p2a: Tauros
|choice|move 4|move 1
|
|cant|p2a: Tauros|recharge
|move|p1a: Pinsir|Hyper Beam|p2a: Tauros|[miss]
|-miss|p1a: Pinsir
|
|turn|5
|choice|move 4|move 2
|
|move|p2a: Tauros|Body Slam|p1a: Pinsir
|-damage|p1a: Pinsir|0 fnt
|faint|p1a: Pinsir
|choice|switch 4|
|
|switch|p1a: Raichu|Raichu, L85|276\/276
|turn|6
|choice|move 3|switch 5
|
|switch|p2a: Electabuzz|Electabuzz, L85|284\/284
|move|p1a: Raichu|Thunderbolt|p2a: Electabuzz
|-resisted|p2a: Electabuzz
|-damage|p2a: Electabuzz|233\/284
|
|turn|7
|choice|switch 2|move 2
|
|switch|p1a: Ivysaur|Ivysaur, L85|276\/276
|move|p2a: Electabuzz|Thunder Wave|p1a: Ivysaur
|-status|p1a: Ivysaur|par
|
|turn|8
|choice|move 4|switch 3
|
|switch|p2a: Charmeleon|Charmeleon, L85|272\/272
|move|p1a: Ivysaur|Leech Seed|p2a: Charmeleon
|-start|p2a: Charmeleon|move: Leech Seed
|
|turn|9
|choice|switch 3|move 1
|
|switch|p1a: Slowbro|Slowbro, L79|312\/312
|move|p2a: Charmeleon|Fire Blast|p1a: Slowbro
|-resisted|p1a: Slowbro
|-damage|p1a: Slowbro|256\/312
|-damage|p2a: Charmeleon|255\/272|[from] Leech Seed|[of] p1a: Slowbro
|-heal|p1a: Slowbro|273\/312|[silent]
|
|turn|10
|choice|move 3|switch 6
|
|switch|p2a: Psyduck|Psyduck, L96|198\/291 par
|move|p1a: Slowbro|Thunder Wave|p2a: Psyduck
|-fail|p2a: Psyduck|par
|
|turn|11
|choice|switch 6|move 4
|
|switch|p1a: Mew|Mew, L74|300\/300
|move|p2a: Psyduck|Rest|p2a: Psyduck
|-status|p2a: Psyduck|slp
|-heal|p2a: Psyduck|291\/291 slp|[silent]
|-status|p2a: Psyduck|slp|[from] move: Rest
|
|turn|12
|choice|move 3|switch 3
|
|switch|p2a: Electabuzz|Electabuzz, L85|233\/284
|move|p1a: Mew|Psychic|p2a: Electabuzz
|-crit|p2a: Electabuzz
|-damage|p2a: Electabuzz|76\/284
|
|turn|13
|choice|move 3|move 4
|
|move|p2a: Electabuzz|Psychic|p1a: Mew
|-resisted|p1a: Mew
|-damage|p1a: Mew|266\/300
|move|p1a: Mew|Psychic|p2a: Electabuzz
|-damage|p2a: Electabuzz|0 fnt
|faint|p2a: Electabuzz
|choice||switch 6
|
|switch|p2a: Charmeleon|Charmeleon, L85|255\/272
|turn|14
|choice|switch 6|move 1
|
|switch|p1a: Slowbro|Slowbro, L79|273\/312
|move|p2a: Charmeleon|Fire Blast|p1a: Slowbro
|-resisted|p1a: Slowbro
|-damage|p1a: Slowbro|217\/312
|-status|p1a: Slowbro|brn
|
|turn|15
|choice|move 3|switch 3
|
|switch|p2a: Psyduck|Psyduck, L96|291\/291 slp
|move|p1a: Slowbro|Thunder Wave|p2a: Psyduck
|-fail|p2a: Psyduck
|-damage|p1a: Slowbro|198\/312 brn|[from] brn|[of] p2a: Psyduck
|
|turn|16
|choice|move 4|move 2
|
|cant|p2a: Psyduck|slp
|move|p1a: Slowbro|Amnesia|p1a: Slowbro
|-boost|p1a: Slowbro|spd|2
|-boost|p1a: Slowbro|spa|2
|-damage|p1a: Slowbro|179\/312 brn|[from] brn
|
|turn|17
|choice|move 4|move 4
|
|-curestatus|p2a: Psyduck|slp
|move|p1a: Slowbro|Amnesia|p1a: Slowbro
|-boost|p1a: Slowbro|spd|2
|-boost|p1a: Slowbro|spa|2
|-damage|p1a: Slowbro|160\/312 brn|[from] brn
|
|turn|18
|choice|move 1|switch 5
|
|switch|p2a: Tauros|Tauros, L79|77\/280
|move|p1a: Slowbro|Surf|p2a: Tauros
|-damage|p2a: Tauros|0 fnt
|faint|p2a: Tauros
|choice||switch 4
|
|switch|p2a: Golduck|Golduck, L85|310\/310
|turn|19
|choice|move 3|move 3
|
|move|p2a: Golduck|Body Slam|p1a: Slowbro
|-damage|p1a: Slowbro|107\/312 brn
|move|p1a: Slowbro|Thunder Wave|p2a: Golduck
|-status|p2a: Golduck|par
|-damage|p1a: Slowbro|88\/312 brn|[from] brn|[of] p2a: Golduck
|
|turn|20
|choice|move 1|move 1
|
|move|p1a: Slowbro|Surf|p2a: Golduck
|-crit|p2a: Golduck
|-resisted|p2a: Golduck
|-damage|p2a: Golduck|236\/310 par
|-damage|p1a: Slowbro|69\/312 brn|[from] brn|[of] p2a: Golduck
|move|p2a: Golduck|Amnesia|p2a: Golduck
|-boost|p2a: Golduck|spd|2
|-boost|p2a: Golduck|spa|2
|
|turn|21
|choice|move 1|move 3
|
|move|p1a: Slowbro|Surf|p2a: Golduck
|-resisted|p2a: Golduck
|-damage|p2a: Golduck|171\/310 par
|-damage|p1a: Slowbro|50\/312 brn|[from] brn|[of] p2a: Golduck
|move|p2a: Golduck|Body Slam|p1a: Slowbro
|-crit|p1a: Slowbro
|-damage|p1a: Slowbro|0 fnt
|faint|p1a: Slowbro
|choice|switch 3|
|
|switch|p1a: Ivysaur|Ivysaur, L85|276\/276 par
|turn|22
|choice|move 3|move 4
|
|move|p2a: Golduck|Ice Beam|p1a: Ivysaur
|-supereffective|p1a: Ivysaur
|-damage|p1a: Ivysaur|29\/276 par
|move|p1a: Ivysaur|Razor Leaf|p2a: Golduck
|-crit|p2a: Golduck
|-supereffective|p2a: Golduck
|-damage|p2a: Golduck|0 fnt
|faint|p2a: Golduck
|choice||switch 2
|
|switch|p2a: Eevee|Eevee, L96|300\/300
|turn|23
|choice|move 4|move 4
|
|move|p2a: Eevee|Reflect|p2a: Eevee
|-start|p2a: Eevee|Reflect
|cant|p1a: Ivysaur|par
|
|turn|24
|choice|move 3|move 1
|
|move|p2a: Eevee|Body Slam|p1a: Ivysaur
|-damage|p1a: Ivysaur|0 fnt
|faint|p1a: Ivysaur
|choice|switch 6|
|
|switch|p1a: Mew|Mew, L74|266\/300
|turn|25
|choice|move 3|move 1
|
|move|p1a: Mew|Psychic|p2a: Eevee
|-damage|p2a: Eevee|218\/300
|move|p2a: Eevee|Body Slam|p1a: Mew
|-damage|p1a: Mew|173\/300
|-status|p1a: Mew|par
|
|turn|26
|choice|move 3|move 1
|
|move|p2a: Eevee|Body Slam|p1a: Mew
|-damage|p1a: Mew|86\/300 par
|move|p1a: Mew|Psychic|p2a: Eevee
|-damage|p2a: Eevee|133\/300
|-unboost|p2a: Eevee|spd|1
|-unboost|p2a: Eevee|spa|1
|
|turn|27
|choice|move 3|move 1
|
|move|p2a: Eevee|Body Slam|p1a: Mew
|-damage|p1a: Mew|0 fnt
|faint|p1a: Mew
|choice|switch 2|
|
|switch|p1a: Raichu|Raichu, L85|276\/276
|turn|28
|choice|move 3|move 1
|
|move|p1a: Raichu|Thunderbolt|p2a: Eevee
|-damage|p2a: Eevee|0 fnt
|faint|p2a: Eevee
|choice||switch 3
|
|switch|p2a: Charmeleon|Charmeleon, L85|255\/272
|turn|29
|choice|move 4|move 1
|
|move|p1a: Raichu|Thunder Wave|p2a: Charmeleon
|-status|p2a: Charmeleon|par
|move|p2a: Charmeleon|Fire Blast|p1a: Raichu
|-crit|p1a: Raichu
|-damage|p1a: Raichu|84\/276
|
|turn|30
|choice|switch 5|switch 5
|
|switch|p1a: Farfetch'd|Farfetch'd, L99|304\/304
|switch|p2a: Psyduck|Psyduck, L96|291\/291
|
|turn|31
|choice|move 3|move 3
|
|move|p1a: Farfetch'd|Body Slam|p2a: Psyduck
|-damage|p2a: Psyduck|181\/291
|move|p2a: Psyduck|Blizzard|p1a: Farfetch'd
|-supereffective|p1a: Farfetch'd
|-damage|p1a: Farfetch'd|146\/304
|
|turn|32
|choice|move 1|move 3
|
|move|p1a: Farfetch'd|Slash|p2a: Psyduck
|-crit|p2a: Psyduck
|-damage|p2a: Psyduck|0 fnt
|faint|p2a: Psyduck
|choice||switch 5
|
|switch|p2a: Charmeleon|Charmeleon, L85|255\/272 par
|turn|33
|choice|move 1|move 1
|
|move|p1a: Farfetch'd|Slash|p2a: Charmeleon
|-crit|p2a: Charmeleon
|-damage|p2a: Charmeleon|53\/272 par
|move|p2a: Charmeleon|Fire Blast|p1a: Farfetch'd
|-damage|p1a: Farfetch'd|41\/304
|-status|p1a: Farfetch'd|brn
|
|turn|34
|-message|Hidol forfeited.
|
|win|MALESANI
|player|p1
|player|p2
|l|Hidol
|raw|MALESANI's rating: 1300 &rarr; <strong>1314<\/strong><br \/>(+14 for winning)
|raw|Hidol's rating: 1147 &rarr; <strong>1133<\/strong><br \/>(-14 for losing)