|j|smilzo
|j|marcoasd
|player|p1|smilzo|157
|player|p2|marcoasd|1
|gametype|singles
|gen|1
|tier|[Gen 1] OU
|seed|
|rule|Sleep Clause Mod: Limit one foe put to sleep
|rule|Freeze Clause Mod: Limit one foe frozen
|rule|Species Clause: Limit one of each Pokémon
|rule|OHKO Clause: OHKO moves are banned
|rule|Evasion Moves Clause: Evasion moves are banned
|rule|HP Percentage Mod: HP is shown in percentages
|
|start
|switch|p1a: Alakazam|Alakazam|100\/100
|switch|p2a: Alakazam|Alakazam, F|100\/100
|turn|1
|choice||
|
|move|p1a: Alakazam|Thunder Wave|p2a: Alakazam
|-status|p2a: Alakazam|par
|cant|p2a: Alakazam|par
|
|turn|2
|choice||
|
|move|p1a: Alakazam|Seismic Toss|p2a: Alakazam
|-damage|p2a: Alakazam|69\/100 par
|cant|p2a: Alakazam|par
|
|turn|3
|choice||
|
|move|p1a: Alakazam|Seismic Toss|p2a: Alakazam
|-damage|p2a: Alakazam|37\/100 par
|move|p2a: Alakazam|Thunder Wave|p1a: Alakazam
|-status|p1a: Alakazam|par
|
|turn|4
|choice||
|
|move|p2a: Alakazam|Recover|p2a: Alakazam
|-heal|p2a: Alakazam|86\/100 par
|move|p1a: Alakazam|Psychic|p2a: Alakazam
|-resisted|p2a: Alakazam
|-damage|p2a: Alakazam|71\/100 par
|
|turn|5
|choice||
|
|move|p2a: Alakazam|Reflect|p2a: Alakazam
|-start|p2a: Alakazam|Reflect
|move|p1a: Alakazam|Seismic Toss|p2a: Alakazam
|-damage|p2a: Alakazam|39\/100 par
|
|turn|6
|choice||
|
|move|p2a: Alakazam|Recover|p2a: Alakazam
|-heal|p2a: Alakazam|89\/100 par
|move|p1a: Alakazam|Psychic|p2a: Alakazam
|-resisted|p2a: Alakazam
|-damage|p2a: Alakazam|73\/100 par
|
|turn|7
|choice||
|
|move|p2a: Alakazam|Psychic|p1a: Alakazam
|-resisted|p1a: Alakazam
|-damage|p1a: Alakazam|83\/100 par
|-unboost|p1a: Alakazam|spd|1
|-unboost|p1a: Alakazam|spa|1
|move|p1a: Alakazam|Psychic|p2a: Alakazam
|-resisted|p2a: Alakazam
|-damage|p2a: Alakazam|61\/100 par
|
|turn|8
|j|Diegolh
|choice||
|
|cant|p2a: Alakazam|par
|move|p1a: Alakazam|Psychic|p2a: Alakazam
|-resisted|p2a: Alakazam
|-damage|p2a: Alakazam|51\/100 par
|
|turn|9
|choice||
|
|move|p2a: Alakazam|Recover|p2a: Alakazam
|-heal|p2a: Alakazam|100\/100 par
|move|p1a: Alakazam|Psychic|p2a: Alakazam
|-resisted|p2a: Alakazam
|-damage|p2a: Alakazam|90\/100 par
|-unboost|p2a: Alakazam|spd|1
|-unboost|p2a: Alakazam|spa|1
|
|turn|10
|choice||
|
|switch|p1a: Chansey|Chansey|100\/100
|cant|p2a: Alakazam|par
|
|turn|11
|choice||
|
|switch|p1a: Alakazam|Alakazam|83\/100 par
|cant|p2a: Alakazam|par
|
|turn|12
|choice||
|
|move|p1a: Alakazam|Seismic Toss|p2a: Alakazam
|-damage|p2a: Alakazam|58\/100 par
|move|p2a: Alakazam|Psychic|p1a: Alakazam
|-resisted|p1a: Alakazam
|-damage|p1a: Alakazam|71\/100 par
|
|turn|13
|choice||
|
|move|p1a: Alakazam|Psychic|p2a: Alakazam
|-resisted|p2a: Alakazam
|-damage|p2a: Alakazam|34\/100 par
|cant|p2a: Alakazam|par
|
|turn|14
|choice||
|
|move|p1a: Alakazam|Psychic|p2a: Alakazam
|-crit|p2a: Alakazam
|-resisted|p2a: Alakazam
|-damage|p2a: Alakazam|0 fnt
|faint|p2a: Alakazam
|choice||
|
|switch|p2a: Snorlax|Snorlax|100\/100
|turn|15
|choice||
|
|switch|p1a: Chansey|Chansey|100\/100
|move|p2a: Snorlax|Body Slam|p1a: Chansey
|-damage|p1a: Chansey|59\/100
|
|turn|16
|choice||
|
|move|p1a: Chansey|Sing|p2a: Snorlax
|-status|p2a: Snorlax|slp
|cant|p2a: Snorlax|slp
|
|turn|17
|choice||
|
|switch|p2a: Victreebel|Victreebel|100\/100
|move|p1a: Chansey|Soft-Boiled|p1a: Chansey
|-heal|p1a: Chansey|100\/100
|
|turn|18
|c|★marcoasd|lolrip
|choice||
|
|switch|p1a: Alakazam|Alakazam|71\/100 par
|move|p2a: Victreebel|Wrap|p1a: Alakazam
|-damage|p1a: Alakazam|65\/100 par
|
|turn|19
|choice||
|
|switch|p1a: Chansey|Chansey|100\/100
|move|p2a: Victreebel|Wrap|p1a: Chansey
|-damage|p1a: Chansey|96\/100
|
|turn|20
|choice||
|
|switch|p1a: Alakazam|Alakazam|65\/100 par
|move|p2a: Victreebel|Wrap|p1a: Alakazam
|-damage|p1a: Alakazam|58\/100 par
|
|turn|21
|choice||
|
|switch|p1a: Chansey|Chansey|96\/100
|move|p2a: Victreebel|Wrap|p1a: Chansey
|-damage|p1a: Chansey|91\/100
|
|turn|22
|choice||
|
|switch|p1a: Exeggutor|Exeggutor|100\/100
|move|p2a: Victreebel|Wrap|p1a: Exeggutor
|-damage|p1a: Exeggutor|97\/100
|
|turn|23
|choice||
|
|switch|p1a: Chansey|Chansey|91\/100
|move|p2a: Victreebel|Wrap|p1a: Chansey
|-damage|p1a: Chansey|86\/100
|
|turn|24
|choice||
|
|switch|p1a: Alakazam|Alakazam|58\/100 par
|move|p2a: Victreebel|Wrap|p1a: Alakazam
|-damage|p1a: Alakazam|52\/100 par
|
|turn|25
|c|★marcoasd|ma vuoi ppstallare?
|choice||
|
|switch|p1a: Chansey|Chansey|86\/100
|move|p2a: Victreebel|Wrap|p1a: Chansey
|-damage|p1a: Chansey|81\/100
|
|turn|26
|c|★smilzo|eh
|c|★smilzo|non missi
|c|★marcoasd|ti fai male come se rotoli giù dalle scale
|choice||
|
|move|p2a: Victreebel|Wrap|p1a: Chansey|[from]Wrap
|-damage|p1a: Chansey|76\/100
|cant|p1a: Chansey|partiallytrapped
|
|turn|27
|choice||
|
|switch|p1a: Alakazam|Alakazam|52\/100 par
|move|p2a: Victreebel|Wrap|p1a: Alakazam
|-damage|p1a: Alakazam|46\/100 par
|
|turn|28
|choice||
|
|switch|p1a: Chansey|Chansey|76\/100
|move|p2a: Victreebel|Wrap|p1a: Chansey
|-damage|p1a: Chansey|71\/100
|
|turn|29
|choice||
|
|switch|p1a: Starmie|Starmie|100\/100
|move|p2a: Victreebel|Wrap|p1a: Starmie
|-damage|p1a: Starmie|96\/100
|
|turn|30
|choice||
|
|switch|p2a: Chansey|Chansey|100\/100
|cant|p1a: Starmie|partiallytrapped
|
|turn|31
|choice||
|
|switch|p1a: Alakazam|Alakazam|46\/100 par
|move|p2a: Chansey|Ice Beam|p1a: Alakazam
|-damage|p1a: Alakazam|26\/100 par
|
|turn|32
|choice||
|
|switch|p2a: Tauros|Tauros|100\/100
|move|p1a: Alakazam|Recover|p1a: Alakazam
|-heal|p1a: Alakazam|76\/100 par
|
|turn|33
|choice||
|
|switch|p1a: Snorlax|Snorlax|100\/100
|move|p2a: Tauros|Hyper Beam|p1a: Snorlax|[miss]
|-miss|p2a: Tauros
|
|turn|34
|c|★smilzo|e questo cos'era
|c|★marcoasd|avevi counter?
|c|★marcoasd|sarebbe stato terribbile
|choice||
|
|switch|p2a: Chansey|Chansey|100\/100
|move|p1a: Snorlax|Body Slam|p2a: Chansey
|-damage|p2a: Chansey|57\/100
|
|turn|35
|choice||
|
|move|p2a: Chansey|Soft-Boiled|p2a: Chansey
|-heal|p2a: Chansey|100\/100
|move|p1a: Snorlax|Earthquake|p2a: Chansey
|-damage|p2a: Chansey|68\/100
|
|turn|36
|choice||
|
|switch|p1a: Alakazam|Alakazam|76\/100 par
|move|p2a: Chansey|Reflect|p2a: Chansey
|-start|p2a: Chansey|Reflect
|
|turn|37
|choice||
|
|move|p2a: Chansey|Ice Beam|p1a: Alakazam
|-damage|p1a: Alakazam|56\/100 par
|move|p1a: Alakazam|Psychic|p2a: Chansey
|-crit|p2a: Chansey
|-damage|p2a: Chansey|35\/100
|-unboost|p2a: Chansey|spd|1
|-unboost|p2a: Chansey|spa|1
|
|turn|38
|choice||
|
|move|p2a: Chansey|Soft-Boiled|p2a: Chansey
|-heal|p2a: Chansey|85\/100
|move|p1a: Alakazam|Thunder Wave|p2a: Chansey
|-status|p2a: Chansey|par
|
|turn|39
|choice||
|
|cant|p1a: Alakazam|par
|cant|p2a: Chansey|par
|
|turn|40
|choice||
|
|move|p1a: Alakazam|Recover|p1a: Alakazam
|-heal|p1a: Alakazam|100\/100 par
|move|p2a: Chansey|Soft-Boiled|p2a: Chansey
|-heal|p2a: Chansey|100\/100 par
|
|turn|41
|choice||
|
|move|p1a: Alakazam|Psychic|p2a: Chansey
|-damage|p2a: Chansey|72\/100 par
|move|p2a: Chansey|Thunderbolt|p1a: Alakazam
|-damage|p1a: Alakazam|87\/100 par
|
|turn|42
|choice||
|
|move|p1a: Alakazam|Psychic|p2a: Chansey
|-damage|p2a: Chansey|43\/100 par
|move|p2a: Chansey|Soft-Boiled|p2a: Chansey
|-heal|p2a: Chansey|93\/100 par
|
|turn|43
|choice||
|
|move|p1a: Alakazam|Psychic|p2a: Chansey
|-crit|p2a: Chansey
|-damage|p2a: Chansey|56\/100 par
|move|p2a: Chansey|Soft-Boiled|p2a: Chansey
|-heal|p2a: Chansey|100\/100 par
|
|turn|44
|choice||
|
|cant|p1a: Alakazam|par
|move|p2a: Chansey|Ice Beam|p1a: Alakazam
|-damage|p1a: Alakazam|73\/100 par
|
|turn|45
|choice||
|
|move|p1a: Alakazam|Seismic Toss|p2a: Chansey
|-damage|p2a: Chansey|86\/100 par
|move|p2a: Chansey|Thunderbolt|p1a: Alakazam
|-damage|p1a: Alakazam|59\/100 par
|
|turn|46
|choice||
|
|move|p1a: Alakazam|Recover|p1a: Alakazam
|-heal|p1a: Alakazam|100\/100 par
|move|p2a: Chansey|Thunderbolt|p1a: Alakazam
|-damage|p1a: Alakazam|88\/100 par
|
|turn|47
|choice||
|
|move|p1a: Alakazam|Seismic Toss|p2a: Chansey
|-damage|p2a: Chansey|72\/100 par
|move|p2a: Chansey|Soft-Boiled|p2a: Chansey
|-heal|p2a: Chansey|100\/100 par
|
|turn|48
|choice||
|
|move|p1a: Alakazam|Seismic Toss|p2a: Chansey
|-damage|p2a: Chansey|86\/100 par
|move|p2a: Chansey|Thunderbolt|p1a: Alakazam
|-damage|p1a: Alakazam|75\/100 par
|
|turn|49
|choice||
|
|switch|p2a: Tauros|Tauros|100\/100
|move|p1a: Alakazam|Seismic Toss|p2a: Tauros
|-damage|p2a: Tauros|72\/100
|
|turn|50
|choice||
|
|switch|p1a: Snorlax|Snorlax|100\/100
|move|p2a: Tauros|Hyper Beam|p1a: Snorlax
|-damage|p1a: Snorlax|57\/100
|
|turn|51
|-mustrecharge|p2a: Tauros
|-mustrecharge|p2a: Tauros
|c|★marcoasd|ecco il botto
|c|★smilzo|eh mi sa che debbo
|c|★smilzo|basta che non fa scherzetti e missa
|choice||
|
|cant|p2a: Tauros|recharge
|move|p1a: Snorlax|Self-Destruct|p2a: Tauros
|-damage|p2a: Tauros|0 fnt
|faint|p2a: Tauros
|faint|p1a: Snorlax
|choice||
|
|switch|p1a: Alakazam|Alakazam|75\/100 par
|switch|p2a: Chansey|Chansey|86\/100 par
|turn|52
|choice||
|
|move|p1a: Alakazam|Psychic|p2a: Chansey
|-damage|p2a: Chansey|68\/100 par
|-unboost|p2a: Chansey|spd|1
|-unboost|p2a: Chansey|spa|1
|move|p2a: Chansey|Thunderbolt|p1a: Alakazam
|-damage|p1a: Alakazam|61\/100 par
|
|turn|53
|c|★smilzo|ei aspetta
|c|★smilzo|ma sei senza twave :o
|c|★marcoasd|asd
|choice||
|
|move|p1a: Alakazam|Recover|p1a: Alakazam
|-heal|p1a: Alakazam|100\/100 par
|cant|p2a: Chansey|par
|
|turn|54
|choice||
|
|cant|p1a: Alakazam|par
|move|p2a: Chansey|Soft-Boiled|p2a: Chansey
|-heal|p2a: Chansey|100\/100 par
|
|turn|55
|choice||
|
|move|p1a: Alakazam|Psychic|p2a: Chansey
|-damage|p2a: Chansey|71\/100 par
|move|p2a: Chansey|Thunderbolt|p1a: Alakazam
|-damage|p1a: Alakazam|87\/100 par
|
|turn|56
|choice||
|
|move|p1a: Alakazam|Seismic Toss|p2a: Chansey
|-damage|p2a: Chansey|57\/100 par
|move|p2a: Chansey|Soft-Boiled|p2a: Chansey
|-heal|p2a: Chansey|100\/100 par
|
|turn|57
|choice||
|
|switch|p2a: Cloyster|Cloyster|100\/100
|cant|p1a: Alakazam|par
|
|turn|58
|choice||
|
|move|p2a: Cloyster|Clamp|p1a: Alakazam
|-crit|p1a: Alakazam
|-damage|p1a: Alakazam|70\/100 par
|cant|p1a: Alakazam|partiallytrapped
|
|turn|59
|choice||
|
|switch|p2a: Chansey|Chansey|100\/100 par
|switch|p1a: Starmie|Starmie|96\/100
|
|turn|60
|choice||
|
|switch|p1a: Alakazam|Alakazam|70\/100 par
|move|p2a: Chansey|Thunderbolt|p1a: Alakazam
|-damage|p1a: Alakazam|50\/100 par
|
|turn|61
|choice||
|
|switch|p2a: Cloyster|Cloyster|100\/100
|move|p1a: Alakazam|Recover|p1a: Alakazam
|-heal|p1a: Alakazam|99\/100 par
|
|turn|62
|choice||
|
|move|p2a: Cloyster|Clamp|p1a: Alakazam|[miss]
|-miss|p2a: Cloyster
|move|p1a: Alakazam|Thunder Wave|p2a: Cloyster
|-status|p2a: Cloyster|par
|
|turn|63
|choice||
|
|cant|p1a: Alakazam|par
|move|p2a: Cloyster|Explosion|p1a: Alakazam
|-damage|p1a: Alakazam|0 fnt
|faint|p1a: Alakazam
|faint|p2a: Cloyster
|choice||
|
|switch|p1a: Tauros|Tauros|100\/100
|switch|p2a: Victreebel|Victreebel|100\/100
|turn|64
|choice||
|
|switch|p1a: Chansey|Chansey|71\/100
|move|p2a: Victreebel|Sleep Powder|p1a: Chansey
|-status|p1a: Chansey|slp
|
|turn|65
|choice||
|
|switch|p1a: Starmie|Starmie|96\/100
|move|p2a: Victreebel|Razor Leaf|p1a: Starmie
|-crit|p1a: Starmie
|-supereffective|p1a: Starmie
|-damage|p1a: Starmie|12\/100
|
|turn|66
|choice||
|
|switch|p2a: Chansey|Chansey|100\/100 par
|move|p1a: Starmie|Blizzard|p2a: Chansey|[miss]
|-miss|p1a: Starmie
|
|turn|67
|c|★smilzo|che brutto choke sisi
|choice||
|
|switch|p1a: Tauros|Tauros|100\/100
|move|p2a: Chansey|Thunderbolt|p1a: Tauros
|-damage|p1a: Tauros|74\/100
|
|turn|68
|choice||
|
|move|p1a: Tauros|Body Slam|p2a: Chansey
|-crit|p2a: Chansey
|-damage|p2a: Chansey|30\/100 par
|cant|p2a: Chansey|par
|
|turn|69
|c|★marcoasd|rip gg
|choice||
|
|move|p1a: Tauros|Body Slam|p2a: Chansey
|-damage|p2a: Chansey|0 fnt
|faint|p2a: Chansey
|choice||
|
|switch|p2a: Victreebel|Victreebel|100\/100
|turn|70
|choice||
|
|move|p1a: Tauros|Body Slam|p2a: Victreebel
|-damage|p2a: Victreebel|66\/100
|-status|p2a: Victreebel|par
|move|p2a: Victreebel|Stun Spore|p1a: Tauros
|-status|p1a: Tauros|par
|
|turn|71
|c|★smilzo|gg n_n
|choice||
|
|move|p1a: Tauros|Body Slam|p2a: Victreebel
|-crit|p2a: Victreebel
|-damage|p2a: Victreebel|0 fnt
|faint|p2a: Victreebel
|choice||
|
|switch|p2a: Snorlax|Snorlax|100\/100 slp
|turn|72
|choice||
|
|switch|p1a: Exeggutor|Exeggutor|97\/100
|cant|p2a: Snorlax|slp
|
|turn|73
|c|★marcoasd|y game over
|choice||
|
|move|p1a: Exeggutor|Psychic|p2a: Snorlax
|-damage|p2a: Snorlax|67\/100 slp
|cant|p2a: Snorlax|slp
|
|turn|74
|choice||
|
|move|p1a: Exeggutor|Psychic|p2a: Snorlax
|-damage|p2a: Snorlax|35\/100 slp
|-unboost|p2a: Snorlax|spd|1
|-unboost|p2a: Snorlax|spa|1
|cant|p2a: Snorlax|slp
|
|turn|75
|choice||
|
|move|p1a: Exeggutor|Psychic|p2a: Snorlax
|-damage|p2a: Snorlax|0 fnt
|faint|p2a: Snorlax
|
|win|smilzo
|player|p1
|player|p2