|join|MALESANI
|join|TheRandom1
|player|p1|MALESANI|238
|player|p2|TheRandom1|273
|gametype|singles
|gen|1
|tier|[Gen 1] Random Battle
|rated
|seed|57633,1600,28016,42968
|rule|Sleep Clause Mod: Limit one foe put to sleep
|rule|Freeze Clause Mod: Limit one foe frozen
|rule|HP Percentage Mod: HP is shown in percentages
|
|start
|switch|p1a: Psyduck|Psyduck, L96|291\/291
|switch|p2a: Dugtrio|Dugtrio, L85|233\/233
|turn|1
|choice|move 2|switch 4
|
|switch|p2a: Weepinbell|Weepinbell, L85|284\/284
|move|p1a: Psyduck|Surf|p2a: Weepinbell
|-resisted|p2a: Weepinbell
|-damage|p2a: Weepinbell|242\/284
|
|turn|2
|choice|move 3|move 2
|
|move|p1a: Psyduck|Blizzard|p2a: Weepinbell|[miss]
|-miss|p1a: Psyduck
|move|p2a: Weepinbell|Swords Dance|p2a: Weepinbell
|-boost|p2a: Weepinbell|atk|2
|
|turn|3
|choice|move 3|move 1
|
|move|p1a: Psyduck|Blizzard|p2a: Weepinbell
|-supereffective|p2a: Weepinbell
|-damage|p2a: Weepinbell|86\/284
|move|p2a: Weepinbell|Razor Leaf|p1a: Psyduck
|-supereffective|p1a: Psyduck
|-damage|p1a: Psyduck|167\/291
|
|turn|4
|choice|move 3|move 3
|
|move|p1a: Psyduck|Blizzard|p2a: Weepinbell
|-supereffective|p2a: Weepinbell
|-damage|p2a: Weepinbell|0 fnt
|faint|p2a: Weepinbell
|choice||switch 6
|
|switch|p2a: Venomoth|Venomoth, L85|293\/293
|turn|5
|choice|move 2|move 2
|
|move|p2a: Venomoth|Mega Drain|p1a: Psyduck
|-crit|p1a: Psyduck
|-supereffective|p1a: Psyduck
|-damage|p1a: Psyduck|37\/291
|move|p1a: Psyduck|Surf|p2a: Venomoth
|-damage|p2a: Venomoth|203\/293
|
|turn|6
|choice|move 2|move 2
|
|move|p2a: Venomoth|Mega Drain|p1a: Psyduck
|-supereffective|p1a: Psyduck
|-damage|p1a: Psyduck|0 fnt
|-heal|p2a: Venomoth|221\/293|[from] drain|[of] p1a: Psyduck
|faint|p1a: Psyduck
|choice|switch 5|
|
|switch|p1a: Charmeleon|Charmeleon, L85|272\/272
|turn|7
|choice|move 3|move 4
|
|move|p2a: Venomoth|Sleep Powder|p1a: Charmeleon
|-status|p1a: Charmeleon|slp
|-curestatus|p1a: Charmeleon|slp
|
|turn|8
|choice|move 3|move 4
|
|move|p2a: Venomoth|Sleep Powder|p1a: Charmeleon
|-status|p1a: Charmeleon|slp
|cant|p1a: Charmeleon|slp
|
|turn|9
|choice|switch 3|switch 4
|
|switch|p2a: Dugtrio|Dugtrio, L85|233\/233
|switch|p1a: Golduck|Golduck, L85|310\/310
|
|turn|10
|choice|move 3|switch 4
|
|switch|p2a: Venomoth|Venomoth, L85|221\/293
|move|p1a: Golduck|Surf|p2a: Venomoth
|-crit|p2a: Venomoth
|-damage|p2a: Venomoth|62\/293
|
|turn|11
|choice|move 1|move 2
|
|move|p2a: Venomoth|Mega Drain|p1a: Golduck
|-supereffective|p1a: Golduck
|-damage|p1a: Golduck|251\/310
|-heal|p2a: Venomoth|91\/293|[from] drain|[of] p1a: Golduck
|move|p1a: Golduck|Amnesia|p1a: Golduck
|-boost|p1a: Golduck|spd|2
|-boost|p1a: Golduck|spa|2
|
|turn|12
|choice|move 3|move 1
|
|move|p2a: Venomoth|Stun Spore|p1a: Golduck
|-status|p1a: Golduck|par
|cant|p1a: Golduck|par
|
|turn|13
|choice|move 2|move 3
|
|move|p2a: Venomoth|Psychic|p1a: Golduck
|-damage|p1a: Golduck|216\/310 par
|move|p1a: Golduck|Body Slam|p2a: Venomoth
|-damage|p2a: Venomoth|23\/293
|-status|p2a: Venomoth|par
|
|turn|14
|choice|move 1|move 2
|
|cant|p2a: Venomoth|par
|move|p1a: Golduck|Amnesia|p1a: Golduck
|-boost|p1a: Golduck|spd|2
|-boost|p1a: Golduck|spa|2
|
|turn|15
|choice|move 4|move 2
|
|move|p1a: Golduck|Rest|p1a: Golduck
|-status|p1a: Golduck|slp
|-heal|p1a: Golduck|310\/310 slp|[silent]
|-status|p1a: Golduck|slp|[from] move: Rest
|cant|p2a: Venomoth|par
|
|turn|16
|choice|move 3|move 2
|
|cant|p1a: Golduck|slp
|move|p2a: Venomoth|Mega Drain|p1a: Golduck
|-supereffective|p1a: Golduck
|-damage|p1a: Golduck|287\/310 slp
|-heal|p2a: Venomoth|34\/293 par|[from] drain|[of] p1a: Golduck
|
|turn|17
|choice|move 3|move 2
|
|-curestatus|p1a: Golduck|slp
|move|p2a: Venomoth|Mega Drain|p1a: Golduck
|-supereffective|p1a: Golduck
|-damage|p1a: Golduck|264\/310
|-heal|p2a: Venomoth|45\/293 par|[from] drain|[of] p1a: Golduck
|
|turn|18
|choice|move 3|move 2
|
|move|p1a: Golduck|Surf|p2a: Venomoth
|-crit|p2a: Venomoth
|-damage|p2a: Venomoth|0 fnt
|faint|p2a: Venomoth
|choice||switch 2
|
|switch|p2a: Persian|Persian, L79|265\/265
|turn|19
|choice|move 3|move 1
|
|move|p2a: Persian|Slash|p1a: Golduck
|-crit|p1a: Golduck
|-damage|p1a: Golduck|156\/310
|move|p1a: Golduck|Surf|p2a: Persian
|-damage|p2a: Persian|0 fnt
|faint|p2a: Persian
|-message|TheRandom1 forfeited.
|
|win|MALESANI
|leave|TheRandom1
|player|p2
|raw|MALESANI's rating: 1000 &rarr; <strong>1049<\/strong><br \/>(+49 for winning)
|raw|TheRandom1's rating: 1080 &rarr; <strong>1053<\/strong><br \/>(-27 for losing)