|j|Ciaocaro
|j|asce42
|player|p1|Ciaocaro|12
|player|p2|asce42|170
|gametype|singles
|gen|1
|tier|[Gen 1] OU
|rated
|seed|14495,58436,48331,57350
|rule|Sleep Clause Mod: Limit one foe put to sleep
|rule|Freeze Clause Mod: Limit one foe frozen
|rule|Species Clause: Limit one of each Pokémon
|rule|OHKO Clause: OHKO moves are banned
|rule|Evasion Moves Clause: Evasion moves are banned
|rule|HP Percentage Mod: HP is shown in percentages
|
|start
|switch|p1a: Jolteon|Jolteon|333\/333
|switch|p2a: Alakazam|Alakazam|313\/313
|turn|1
|choice|move 2|move 1
|
|move|p1a: Jolteon|Thunder Wave|p2a: Alakazam
|-status|p2a: Alakazam|par
|cant|p2a: Alakazam|par
|
|turn|2
|choice|move 3|move 1
|
|move|p1a: Jolteon|Pin Missile|p2a: Alakazam
|-supereffective|p2a: Alakazam
|-damage|p2a: Alakazam|285\/313 par
|-damage|p2a: Alakazam|257\/313 par
|-damage|p2a: Alakazam|229\/313 par
|-damage|p2a: Alakazam|201\/313 par
|-hitcount|p2a: Alakazam|4
|move|p2a: Alakazam|Psychic|p1a: Jolteon
|-damage|p1a: Jolteon|200\/333
|
|turn|3
|choice|move 3|move 1
|
|move|p1a: Jolteon|Pin Missile|p2a: Alakazam
|-supereffective|p2a: Alakazam
|-damage|p2a: Alakazam|173\/313 par
|-damage|p2a: Alakazam|145\/313 par
|-hitcount|p2a: Alakazam|2
|cant|p2a: Alakazam|par
|
|turn|4
|choice|move 3|move 2
|
|move|p1a: Jolteon|Pin Missile|p2a: Alakazam|[miss]
|-miss|p1a: Jolteon
|move|p2a: Alakazam|Recover|p2a: Alakazam
|-heal|p2a: Alakazam|301\/313 par
|
|turn|5
|choice|move 3|move 1
|
|move|p1a: Jolteon|Pin Missile|p2a: Alakazam
|-supereffective|p2a: Alakazam
|-damage|p2a: Alakazam|273\/313 par
|-damage|p2a: Alakazam|245\/313 par
|-damage|p2a: Alakazam|217\/313 par
|-damage|p2a: Alakazam|189\/313 par
|-hitcount|p2a: Alakazam|4
|cant|p2a: Alakazam|par
|
|turn|6
|choice|switch 2|move 2
|
|switch|p1a: Golem|Golem|363\/363
|move|p2a: Alakazam|Recover|p2a: Alakazam
|-heal|p2a: Alakazam|313\/313 par
|
|turn|7
|choice|move 3|switch 2
|
|switch|p2a: Exeggutor|Exeggutor|393\/393
|move|p1a: Golem|Earthquake|p2a: Exeggutor
|-resisted|p2a: Exeggutor
|-damage|p2a: Exeggutor|324\/393
|
|turn|8
|choice|switch 2|move 1
|
|switch|p1a: Jolteon|Jolteon|200\/333
|move|p2a: Exeggutor|Psychic|p1a: Jolteon
|-damage|p1a: Jolteon|75\/333
|
|turn|9
|choice|move 3|switch 2
|
|switch|p2a: Alakazam|Alakazam|313\/313 par
|move|p1a: Jolteon|Pin Missile|p2a: Alakazam
|-supereffective|p2a: Alakazam
|-damage|p2a: Alakazam|284\/313 par
|-damage|p2a: Alakazam|255\/313 par
|-hitcount|p2a: Alakazam|2
|
|turn|10
|choice|move 3|move 1
|
|move|p1a: Jolteon|Pin Missile|p2a: Alakazam
|-supereffective|p2a: Alakazam
|-damage|p2a: Alakazam|226\/313 par
|-damage|p2a: Alakazam|197\/313 par
|-damage|p2a: Alakazam|168\/313 par
|-damage|p2a: Alakazam|139\/313 par
|-hitcount|p2a: Alakazam|4
|move|p2a: Alakazam|Psychic|p1a: Jolteon
|-damage|p1a: Jolteon|0 fnt
|faint|p1a: Jolteon
|choice|switch 2|
|
|switch|p1a: Golem|Golem|363\/363
|turn|11
|choice|move 1|switch 2
|
|switch|p2a: Exeggutor|Exeggutor|324\/393
|move|p1a: Golem|Body Slam|p2a: Exeggutor
|-damage|p2a: Exeggutor|244\/393
|
|turn|12
|choice|switch 6|move 3
|
|switch|p1a: Snorlax|Snorlax|523\/523
|move|p2a: Exeggutor|Mega Drain|p1a: Snorlax
|-damage|p1a: Snorlax|447\/523
|-heal|p2a: Exeggutor|282\/393|[from] drain|[of] p1a: Snorlax
|
|turn|13
|choice|move 3|move 2
|
|move|p2a: Exeggutor|Sleep Powder|p1a: Snorlax
|-status|p1a: Snorlax|slp
|cant|p1a: Snorlax|slp
|
|turn|14
|choice|move 3|move 1
|
|move|p2a: Exeggutor|Psychic|p1a: Snorlax
|-damage|p1a: Snorlax|274\/523 slp
|cant|p1a: Snorlax|slp
|
|turn|15
|choice|switch 3|move 1
|
|switch|p1a: Alakazam|Alakazam|313\/313
|move|p2a: Exeggutor|Psychic|p1a: Alakazam
|-resisted|p1a: Alakazam
|-damage|p1a: Alakazam|266\/313
|
|turn|16
|choice|switch 5|move 4
|
|switch|p1a: Parasect|Parasect|323\/323
|move|p2a: Exeggutor|Stun Spore|p1a: Parasect
|-status|p1a: Parasect|par
|
|turn|17
|choice|move 2|move 1
|
|move|p2a: Exeggutor|Psychic|p1a: Parasect
|-damage|p1a: Parasect|173\/323 par
|move|p1a: Parasect|Spore|p2a: Exeggutor
|-status|p2a: Exeggutor|slp
|
|turn|18
|choice|move 3|move 1
|
|cant|p2a: Exeggutor|slp
|move|p1a: Parasect|Swords Dance|p1a: Parasect
|-boost|p1a: Parasect|atk|2
|
|turn|19
|choice|move 4|move 1
|
|cant|p2a: Exeggutor|slp
|move|p1a: Parasect|Leech Life|p2a: Exeggutor
|-supereffective|p2a: Exeggutor
|-damage|p2a: Exeggutor|85\/393 slp
|-heal|p1a: Parasect|271\/323 par|[from] drain|[of] p2a: Exeggutor
|
|turn|20
|choice|move 4|move 1
|
|cant|p2a: Exeggutor|slp
|cant|p1a: Parasect|par
|
|turn|21
|choice|move 4|move 1
|
|cant|p2a: Exeggutor|slp
|move|p1a: Parasect|Leech Life|p2a: Exeggutor
|-supereffective|p2a: Exeggutor
|-damage|p2a: Exeggutor|0 fnt
|-heal|p1a: Parasect|313\/323 par|[from] drain|[of] p2a: Exeggutor
|faint|p2a: Exeggutor
|choice||switch 6
|
|switch|p2a: Zapdos|Zapdos|383\/383
|turn|22
|choice|switch 6|move 1
|
|switch|p1a: Golem|Golem|363\/363
|move|p2a: Zapdos|Drill Peck|p1a: Golem
|-crit|p1a: Golem
|-resisted|p1a: Golem
|-damage|p1a: Golem|292\/363
|
|turn|23
|choice|move 3|switch 4
|
|switch|p2a: Slowbro|Slowbro|393\/393
|move|p1a: Golem|Earthquake|p2a: Slowbro
|-damage|p2a: Slowbro|273\/393
|
|turn|24
|choice|switch 4|move 2
|
|switch|p1a: Gengar|Gengar|323\/323
|move|p2a: Slowbro|Surf|p1a: Gengar
|-crit|p1a: Gengar
|-damage|p1a: Gengar|168\/323
|
|turn|25
|choice|move 4|switch 4
|
|switch|p2a: Zapdos|Zapdos|383\/383
|move|p1a: Gengar|Hypnosis|p2a: Zapdos|[miss]
|-miss|p1a: Gengar
|
|turn|26
|choice|move 4|move 3
|
|move|p1a: Gengar|Hypnosis|p2a: Zapdos
|-status|p2a: Zapdos|slp
|cant|p2a: Zapdos|slp
|
|turn|27
|choice|move 3|switch 3
|
|switch|p2a: Gengar|Gengar|323\/323
|move|p1a: Gengar|Thunder|p2a: Gengar
|-damage|p2a: Gengar|223\/323
|-status|p2a: Gengar|par
|
|turn|28
|choice|move 2|move 1
|
|move|p1a: Gengar|Psychic|p2a: Gengar
|-crit|p2a: Gengar
|-supereffective|p2a: Gengar
|-damage|p2a: Gengar|0 fnt
|faint|p2a: Gengar
|choice||switch 2
|
|switch|p2a: Alakazam|Alakazam|139\/313 par
|turn|29
|choice|switch 6|move 1
|
|switch|p1a: Parasect|Parasect|313\/323 par
|move|p2a: Alakazam|Psychic|p1a: Parasect
|-crit|p1a: Parasect
|-damage|p1a: Parasect|4\/323 par
|
|turn|30
|choice|move 1|move 1
|
|cant|p2a: Alakazam|par
|move|p1a: Parasect|Hyper Beam|p2a: Alakazam
|-damage|p2a: Alakazam|0 fnt
|faint|p2a: Alakazam
|choice||switch 5
|
|switch|p2a: Tauros|Tauros|353\/353
|turn|31
|choice|move 1|move 3
|
|move|p2a: Tauros|Earthquake|p1a: Parasect
|-resisted|p1a: Parasect
|-damage|p1a: Parasect|0 fnt
|faint|p1a: Parasect
|choice|switch 5|
|
|switch|p1a: Alakazam|Alakazam|266\/313
|turn|32
|choice|move 3|move 3
|
|move|p1a: Alakazam|Reflect|p1a: Alakazam
|-start|p1a: Alakazam|Reflect
|move|p2a: Tauros|Earthquake|p1a: Alakazam
|-crit|p1a: Alakazam
|-damage|p1a: Alakazam|39\/313
|
|turn|33
|choice|move 4|move 1
|
|move|p1a: Alakazam|Thunder Wave|p2a: Tauros
|-status|p2a: Tauros|par
|cant|p2a: Tauros|par
|
|turn|34
|choice|move 2|move 1
|
|move|p1a: Alakazam|Recover|p1a: Alakazam
|-heal|p1a: Alakazam|195\/313
|move|p2a: Tauros|Hyper Beam|p1a: Alakazam
|-damage|p1a: Alakazam|53\/313
|
|turn|35
|-mustrecharge|p2a: Tauros
|-mustrecharge|p2a: Tauros
|choice|move 2|move 1
|
|move|p1a: Alakazam|Recover|p1a: Alakazam
|-heal|p1a: Alakazam|209\/313
|cant|p2a: Tauros|recharge
|
|turn|36
|choice|move 1|move 3
|
|move|p1a: Alakazam|Psychic|p2a: Tauros
|-damage|p2a: Tauros|182\/353 par
|-unboost|p2a: Tauros|spd|1
|-unboost|p2a: Tauros|spa|1
|move|p2a: Tauros|Earthquake|p1a: Alakazam
|-damage|p1a: Alakazam|151\/313
|
|turn|37
|choice|move 1|move 2
|
|move|p1a: Alakazam|Psychic|p2a: Tauros
|-damage|p2a: Tauros|0 fnt
|faint|p2a: Tauros
|choice||switch 3
|
|switch|p2a: Zapdos|Zapdos|383\/383 slp
|turn|38
|choice|switch 4|move 1
|
|switch|p1a: Golem|Golem|292\/363
|cant|p2a: Zapdos|slp
|
|turn|39
|choice|move 2|move 1
|
|cant|p2a: Zapdos|slp
|move|p1a: Golem|Rock Slide|p2a: Zapdos
|-supereffective|p2a: Zapdos
|-damage|p2a: Zapdos|181\/383 slp
|
|turn|40
|choice|move 2|move 1
|
|cant|p2a: Zapdos|slp
|move|p1a: Golem|Rock Slide|p2a: Zapdos
|-supereffective|p2a: Zapdos
|-damage|p2a: Zapdos|0 fnt
|faint|p2a: Zapdos
|choice||switch 4
|
|switch|p2a: Slowbro|Slowbro|273\/393
|turn|41
|choice|move 4|move 4
|
|move|p1a: Golem|Explosion|p2a: Slowbro
|-damage|p2a: Slowbro|1\/393
|faint|p1a: Golem
|choice|switch 4|
|
|switch|p1a: Alakazam|Alakazam|151\/313
|turn|42
|choice|move 1|move 1
|
|move|p1a: Alakazam|Psychic|p2a: Slowbro
|-resisted|p2a: Slowbro
|-damage|p2a: Slowbro|0 fnt
|faint|p2a: Slowbro
|
|win|Ciaocaro
|player|p1
|player|p2
|l|asce42
|raw|Ciaocaro's rating: 1190 &rarr; <strong>1219<\/strong><br \/>(+29 for winning)
|raw|asce42's rating: 1245 &rarr; <strong>1217<\/strong><br \/>(-28 for losing)