|j|Asdre45
|j|casual climb
|player|p1|Asdre45|169
|player|p2|casual climb|101
|gametype|singles
|gen|1
|tier|[Gen 1] Random Battle
|rated
|seed|
|rule|Sleep Clause Mod: Limit one foe put to sleep
|rule|Freeze Clause Mod: Limit one foe frozen
|rule|HP Percentage Mod: HP is shown in percentages
|
|start
|switch|p1a: Ninetales|Ninetales, L85|100\/100
|switch|p2a: Omastar|Omastar, L90|100\/100
|turn|1
|choice||
|
|switch|p1a: Mew|Mew, L74|100\/100
|move|p2a: Omastar|Hydro Pump|p1a: Mew
|-damage|p1a: Mew|41\/100
|
|turn|2
|choice||
|
|move|p1a: Mew|Thunderbolt|p2a: Omastar
|-crit|p2a: Omastar
|-supereffective|p2a: Omastar
|-damage|p2a: Omastar|48\/100
|move|p2a: Omastar|Hydro Pump|p1a: Mew
|-damage|p1a: Mew|0 fnt
|faint|p1a: Mew
|choice||
|
|switch|p1a: Raticate|Raticate, L85|100\/100
|turn|3
|choice||
|
|move|p1a: Raticate|Super Fang|p2a: Omastar|[miss]
|-miss|p1a: Raticate
|move|p2a: Omastar|Hydro Pump|p1a: Raticate
|-damage|p1a: Raticate|17\/100
|
|turn|4
|choice||
|
|move|p1a: Raticate|Body Slam|p2a: Omastar
|-resisted|p2a: Omastar
|-damage|p2a: Omastar|38\/100
|move|p2a: Omastar|Seismic Toss|p1a: Raticate
|-damage|p1a: Raticate|0 fnt
|faint|p1a: Raticate
|choice||
|
|switch|p1a: Primeape|Primeape, L90|100\/100
|turn|5
|choice||
|
|switch|p2a: Starmie|Starmie, L79|100\/100
|move|p1a: Primeape|Submission|p2a: Starmie
|-crit|p2a: Starmie
|-resisted|p2a: Starmie
|-damage|p2a: Starmie|58\/100
|-damage|p1a: Primeape|91\/100|[from] recoil|[of] p2a: Starmie
|
|turn|6
|choice||
|
|move|p2a: Starmie|Thunder Wave|p1a: Primeape
|-status|p1a: Primeape|par
|cant|p1a: Primeape|par
|
|turn|7
|choice||
|
|move|p2a: Starmie|Recover|p2a: Starmie
|-heal|p2a: Starmie|100\/100
|move|p1a: Primeape|Body Slam|p2a: Starmie
|-crit|p2a: Starmie
|-damage|p2a: Starmie|37\/100
|
|turn|8
|choice||
|
|move|p2a: Starmie|Recover|p2a: Starmie
|-heal|p2a: Starmie|87\/100
|move|p1a: Primeape|Body Slam|p2a: Starmie
|-damage|p2a: Starmie|58\/100
|
|turn|9
|choice||
|
|switch|p2a: Grimer|Grimer, L96|100\/100
|move|p1a: Primeape|Body Slam|p2a: Grimer
|-damage|p2a: Grimer|75\/100
|
|turn|10
|choice||
|
|move|p2a: Grimer|Sludge|p1a: Primeape
|-damage|p1a: Primeape|60\/100 par
|move|p1a: Primeape|Rock Slide|p2a: Grimer
|-damage|p2a: Grimer|53\/100
|
|turn|11
|choice||
|
|move|p2a: Grimer|Sludge|p1a: Primeape
|-damage|p1a: Primeape|29\/100 par
|move|p1a: Primeape|Body Slam|p2a: Grimer
|-damage|p2a: Grimer|30\/100
|
|turn|12
|choice||
|
|move|p2a: Grimer|Sludge|p1a: Primeape
|-damage|p1a: Primeape|0 fnt
|faint|p1a: Primeape
|choice||
|
|switch|p1a: Ninetales|Ninetales, L85|100\/100
|turn|13
|choice||
|
|switch|p2a: Starmie|Starmie, L79|58\/100
|move|p1a: Ninetales|Body Slam|p2a: Starmie
|-crit|p2a: Starmie
|-damage|p2a: Starmie|12\/100
|
|turn|14
|choice||
|
|move|p2a: Starmie|Recover|p2a: Starmie
|-heal|p2a: Starmie|62\/100
|move|p1a: Ninetales|Body Slam|p2a: Starmie
|-crit|p2a: Starmie
|-damage|p2a: Starmie|20\/100
|
|turn|15
|choice||
|
|move|p2a: Starmie|Recover|p2a: Starmie
|-heal|p2a: Starmie|69\/100
|move|p1a: Ninetales|Body Slam|p2a: Starmie
|-damage|p2a: Starmie|48\/100
|
|turn|16
|choice||
|
|move|p2a: Starmie|Thunder Wave|p1a: Ninetales
|-status|p1a: Ninetales|par
|cant|p1a: Ninetales|par
|
|turn|17
|choice||
|
|switch|p2a: Omastar|Omastar, L90|38\/100
|move|p1a: Ninetales|Body Slam|p2a: Omastar
|-resisted|p2a: Omastar
|-damage|p2a: Omastar|33\/100
|
|turn|18
|choice||
|
|switch|p1a: Dewgong|Dewgong, L85|100\/100
|move|p2a: Omastar|Hydro Pump|p1a: Dewgong
|-resisted|p1a: Dewgong
|-damage|p1a: Dewgong|78\/100
|
|turn|19
|choice||
|
|switch|p2a: Starmie|Starmie, L79|48\/100
|move|p1a: Dewgong|Blizzard|p2a: Starmie
|-resisted|p2a: Starmie
|-damage|p2a: Starmie|23\/100
|
|turn|20
|choice||
|
|move|p2a: Starmie|Recover|p2a: Starmie
|-heal|p2a: Starmie|73\/100
|move|p1a: Dewgong|Body Slam|p2a: Starmie
|-damage|p2a: Starmie|52\/100
|-status|p2a: Starmie|par
|
|turn|21
|choice||
|
|move|p1a: Dewgong|Body Slam|p2a: Starmie
|-damage|p2a: Starmie|31\/100 par
|move|p2a: Starmie|Thunder Wave|p1a: Dewgong
|-status|p1a: Dewgong|par
|
|turn|22
|choice||
|
|cant|p2a: Starmie|par
|cant|p1a: Dewgong|par
|
|turn|23
|choice||
|
|move|p2a: Starmie|Recover|p2a: Starmie
|-heal|p2a: Starmie|81\/100 par
|move|p1a: Dewgong|Body Slam|p2a: Starmie
|-damage|p2a: Starmie|58\/100 par
|
|turn|24
|choice||
|
|cant|p2a: Starmie|par
|move|p1a: Dewgong|Body Slam|p2a: Starmie
|-damage|p2a: Starmie|37\/100 par
|
|turn|25
|choice||
|
|move|p2a: Starmie|Recover|p2a: Starmie
|-heal|p2a: Starmie|86\/100 par
|move|p1a: Dewgong|Body Slam|p2a: Starmie
|-damage|p2a: Starmie|64\/100 par
|
|turn|26
|choice||
|
|cant|p2a: Starmie|par
|cant|p1a: Dewgong|par
|
|turn|27
|choice||
|
|move|p2a: Starmie|Thunderbolt|p1a: Dewgong
|-supereffective|p1a: Dewgong
|-damage|p1a: Dewgong|43\/100 par
|move|p1a: Dewgong|Body Slam|p2a: Starmie
|-crit|p2a: Starmie
|-damage|p2a: Starmie|22\/100 par
|
|turn|28
|choice||
|
|move|p2a: Starmie|Recover|p2a: Starmie
|-heal|p2a: Starmie|71\/100 par
|move|p1a: Dewgong|Body Slam|p2a: Starmie
|-damage|p2a: Starmie|50\/100 par
|
|turn|29
|choice||
|
|move|p2a: Starmie|Recover|p2a: Starmie
|-heal|p2a: Starmie|99\/100 par
|cant|p1a: Dewgong|par
|
|turn|30
|choice||
|
|move|p2a: Starmie|Thunderbolt|p1a: Dewgong
|-supereffective|p1a: Dewgong
|-damage|p1a: Dewgong|8\/100 par
|cant|p1a: Dewgong|par
|
|turn|31
|choice||
|
|move|p2a: Starmie|Thunderbolt|p1a: Dewgong
|-supereffective|p1a: Dewgong
|-damage|p1a: Dewgong|0 fnt
|faint|p1a: Dewgong
|choice||
|
|switch|p1a: Farfetch'd|Farfetch'd, L99|100\/100
|turn|32
|choice||
|
|move|p1a: Farfetch'd|Slash|p2a: Starmie
|-crit|p2a: Starmie
|-damage|p2a: Starmie|30\/100 par
|move|p2a: Starmie|Thunder Wave|p1a: Farfetch'd
|-status|p1a: Farfetch'd|par
|
|turn|33
|choice||
|
|switch|p2a: Golem|Golem, L79|100\/100
|move|p1a: Farfetch'd|Slash|p2a: Golem
|-crit|p2a: Golem
|-resisted|p2a: Golem
|-damage|p2a: Golem|78\/100
|
|turn|34
|choice||
|
|move|p2a: Golem|Rock Slide|p1a: Farfetch'd|[miss]
|-miss|p2a: Golem
|move|p1a: Farfetch'd|Sand Attack|p2a: Golem
|-unboost|p2a: Golem|accuracy|1
|
|turn|35
|choice||
|
|move|p2a: Golem|Rock Slide|p1a: Farfetch'd
|-supereffective|p1a: Farfetch'd
|-damage|p1a: Farfetch'd|41\/100 par
|move|p1a: Farfetch'd|Body Slam|p2a: Golem
|-resisted|p2a: Golem
|-damage|p2a: Golem|65\/100
|-status|p2a: Golem|par
|
|turn|36
|choice||
|
|move|p1a: Farfetch'd|Slash|p2a: Golem
|-crit|p2a: Golem
|-resisted|p2a: Golem
|-damage|p2a: Golem|44\/100 par
|move|p2a: Golem|Rock Slide|p1a: Farfetch'd
|-crit|p1a: Farfetch'd
|-supereffective|p1a: Farfetch'd
|-damage|p1a: Farfetch'd|0 fnt
|faint|p1a: Farfetch'd
|choice||
|
|switch|p1a: Ninetales|Ninetales, L85|100\/100 par
|turn|37
|choice||
|
|switch|p2a: Rapidash|Rapidash, L90|100\/100
|move|p1a: Ninetales|Fire Blast|p2a: Rapidash|[miss]
|-miss|p1a: Ninetales
|
|turn|38
|choice||
|
|move|p2a: Rapidash|Fire Blast|p1a: Ninetales
|-resisted|p1a: Ninetales
|-damage|p1a: Ninetales|81\/100 par
|cant|p1a: Ninetales|par
|
|turn|39
|choice||
|
|move|p2a: Rapidash|Growl|p1a: Ninetales
|-unboost|p1a: Ninetales|atk|1
|move|p1a: Ninetales|Body Slam|p2a: Rapidash
|-damage|p2a: Rapidash|88\/100
|-status|p2a: Rapidash|par
|
|turn|40
|choice||
|
|move|p2a: Rapidash|Fire Blast|p1a: Ninetales
|-resisted|p1a: Ninetales
|-damage|p1a: Ninetales|63\/100 par
|move|p1a: Ninetales|Hyper Beam|p2a: Rapidash
|-damage|p2a: Rapidash|66\/100 par
|
|turn|41
|-mustrecharge|p1a: Ninetales
|-mustrecharge|p1a: Ninetales
|choice||
|
|switch|p2a: Omastar|Omastar, L90|33\/100
|cant|p1a: Ninetales|recharge
|
|turn|42
|choice||
|
|move|p2a: Omastar|Hydro Pump|p1a: Ninetales
|-supereffective|p1a: Ninetales
|-damage|p1a: Ninetales|0 fnt
|faint|p1a: Ninetales
|
|win|casual climb
|player|p1
|player|p2
|l|Asdre45
|raw|Asdre45's rating: 1293 &rarr; <strong>1271<\/strong><br \/>(-22 for losing)
|raw|casual climb's rating: 1337 &rarr; <strong>1354<\/strong><br \/>(+17 for winning)