|join|Noratraika
|join|CrawDaddy69
|player|p1|Noratraika|285
|player|p2|CrawDaddy69|225
|gametype|singles
|gen|1
|tier|[Gen 1] Random Battle
|rated
|seed|24477,3714,57898,44553
|rule|Sleep Clause Mod: Limit one foe put to sleep
|rule|Freeze Clause Mod: Limit one foe frozen
|rule|HP Percentage Mod: HP is shown in percentages
|
|start
|switch|p1a: Vaporeon|Vaporeon, L85|395\/395
|switch|p2a: Metapod|Metapod, L99|300\/300
|turn|1
|choice|move 3|switch 5
|
|switch|p2a: Snorlax|Snorlax, L79|415\/415
|move|p1a: Vaporeon|Hydro Pump|p2a: Snorlax|[miss]
|-miss|p1a: Vaporeon
|
|turn|2
|choice|move 1|move 4
|
|move|p1a: Vaporeon|Blizzard|p2a: Snorlax|[miss]
|-miss|p1a: Vaporeon
|move|p2a: Snorlax|Thunderbolt|p1a: Vaporeon
|-supereffective|p1a: Vaporeon
|-damage|p1a: Vaporeon|313\/395
|
|turn|3
|choice|move 2|move 4
|
|move|p1a: Vaporeon|Mimic|p2a: Snorlax
|-start|p1a: Vaporeon|Mimic|Earthquake
|move|p2a: Snorlax|Thunderbolt|p1a: Vaporeon
|-supereffective|p1a: Vaporeon
|-damage|p1a: Vaporeon|228\/395
|
|turn|4
|choice|move 1|move 2
|
|move|p1a: Vaporeon|Blizzard|p2a: Snorlax
|-damage|p2a: Snorlax|288\/415
|-status|p2a: Snorlax|frz
|cant|p2a: Snorlax|frz
|
|turn|5
|choice|move 2|switch 2
|
|switch|p2a: Jolteon|Jolteon, L79|265\/265
|move|p1a: Vaporeon|Earthquake|p2a: Jolteon
|-crit|p2a: Jolteon
|-supereffective|p2a: Jolteon
|-damage|p2a: Jolteon|0 fnt
|faint|p2a: Jolteon
|choice||switch 4
|
|switch|p2a: Seadra|Seadra, L90|282\/282
|turn|6
|choice|move 2|move 3
|
|move|p2a: Seadra|Smokescreen|p1a: Vaporeon
|-unboost|p1a: Vaporeon|accuracy|1
|move|p1a: Vaporeon|Earthquake|p2a: Seadra
|-damage|p2a: Seadra|227\/282
|
|turn|7
|choice|move 4|move 4
|
|move|p2a: Seadra|Blizzard|p1a: Vaporeon|[miss]
|-miss|p2a: Seadra
|move|p1a: Vaporeon|Rest|p1a: Vaporeon
|-status|p1a: Vaporeon|slp
|-heal|p1a: Vaporeon|395\/395 slp|[silent]
|-status|p1a: Vaporeon|slp|[from] move: Rest
|
|turn|8
|choice|move 2|switch 6
|
|switch|p2a: Golem|Golem, L79|288\/288
|cant|p1a: Vaporeon|slp
|
|turn|9
|choice|switch 6|move 3
|
|switch|p1a: Clefairy|Clefairy, L95|326\/326
|move|p2a: Golem|Earthquake|p1a: Clefairy
|-damage|p1a: Clefairy|194\/326
|
|turn|10
|choice|move 3|switch 5
|
|switch|p2a: Metapod|Metapod, L99|300\/300
|move|p1a: Clefairy|Sing|p2a: Metapod
|-status|p2a: Metapod|slp
|
|turn|11
|choice|move 1|switch 6
|
|switch|p2a: Seadra|Seadra, L90|227\/282
|move|p1a: Clefairy|Metronome|p1a: Clefairy
|move|p1a: Clefairy|Self-Destruct|p2a: Seadra|[from]Metronome
|-damage|p2a: Seadra|21\/282
|faint|p1a: Clefairy
|choice|switch 2|
|
|switch|p1a: Golbat|Golbat, L90|318\/318
|turn|12
|choice|move 2|move 4
|
|move|p1a: Golbat|Double-Edge|p2a: Seadra
|-damage|p2a: Seadra|0 fnt
|-damage|p1a: Golbat|313\/318|[from] recoil|[of] p2a: Seadra
|faint|p2a: Seadra
|choice||switch 3
|
|switch|p2a: Primeape|Primeape, L90|300\/300
|turn|13
|choice|move 3|move 2
|
|move|p2a: Primeape|Rock Slide|p1a: Golbat
|-supereffective|p1a: Golbat
|-damage|p1a: Golbat|177\/318
|move|p1a: Golbat|Screech|p2a: Primeape
|-unboost|p2a: Primeape|def|2
|
|turn|14
|choice|move 4|move 2
|
|move|p2a: Primeape|Rock Slide|p1a: Golbat
|-supereffective|p1a: Golbat
|-damage|p1a: Golbat|30\/318
|move|p1a: Golbat|Hyper Beam|p2a: Primeape
|-damage|p2a: Primeape|54\/300
|
|turn|15
|-mustrecharge|p1a: Golbat
|-mustrecharge|p1a: Golbat
|choice|move 1|move 2
|
|move|p2a: Primeape|Rock Slide|p1a: Golbat
|-crit|p1a: Golbat
|-supereffective|p1a: Golbat
|-damage|p1a: Golbat|0 fnt
|faint|p1a: Golbat
|choice|switch 3|
|
|switch|p1a: Machamp|Machamp, L90|345\/345
|turn|16
|choice|move 4|move 3
|
|move|p2a: Primeape|Hyper Beam|p1a: Machamp
|-damage|p1a: Machamp|208\/345
|move|p1a: Machamp|Body Slam|p2a: Primeape
|-damage|p2a: Primeape|0 fnt
|faint|p2a: Primeape
|choice||switch 5
|
|switch|p2a: Golem|Golem, L79|288\/288
|turn|17
|choice|move 2|move 2
|
|move|p1a: Machamp|Submission|p2a: Golem
|-supereffective|p2a: Golem
|-damage|p2a: Golem|81\/288
|-damage|p1a: Machamp|157\/345|[from] recoil|[of] p2a: Golem
|move|p2a: Golem|Explosion|p1a: Machamp
|-damage|p1a: Machamp|0 fnt
|faint|p1a: Machamp
|faint|p2a: Golem
|choice|switch 5|switch 6
|
|switch|p1a: Magmar|Magmar, L90|300\/300
|switch|p2a: Metapod|Metapod, L99|300\/300 slp
|turn|18
|choice|move 3|switch 2
|
|switch|p2a: Snorlax|Snorlax, L79|288\/415 frz
|move|p1a: Magmar|Body Slam|p2a: Snorlax
|-damage|p2a: Snorlax|198\/415 frz
|
|turn|19
|choice|move 2|move 2
|
|move|p1a: Magmar|Mimic|p2a: Snorlax
|-start|p1a: Magmar|Mimic|Earthquake
|cant|p2a: Snorlax|frz
|
|turn|20
|choice|move 2|move 2
|
|move|p1a: Magmar|Earthquake|p2a: Snorlax
|-damage|p2a: Snorlax|95\/415 frz
|cant|p2a: Snorlax|frz
|
|turn|21
|choice|move 2|switch 2
|
|switch|p2a: Metapod|Metapod, L99|300\/300 slp
|move|p1a: Magmar|Earthquake|p2a: Metapod
|-resisted|p2a: Metapod
|-damage|p2a: Metapod|259\/300 slp
|
|turn|22
|choice|move 2|move 3
|
|move|p1a: Magmar|Earthquake|p2a: Metapod
|-resisted|p2a: Metapod
|-damage|p2a: Metapod|213\/300 slp
|cant|p2a: Metapod|slp
|
|turn|23
|choice|move 3|move 3
|
|move|p1a: Magmar|Body Slam|p2a: Metapod
|-crit|p2a: Metapod
|-damage|p2a: Metapod|73\/300 slp
|cant|p2a: Metapod|slp
|
|turn|24
|choice|move 3|move 3
|
|move|p1a: Magmar|Body Slam|p2a: Metapod
|-crit|p2a: Metapod
|-damage|p2a: Metapod|0 fnt
|faint|p2a: Metapod
|choice||switch 2
|
|switch|p2a: Snorlax|Snorlax, L79|95\/415 frz
|turn|25
|-message|CrawDaddy69 forfeited.
|
|win|Noratraika
|leave|CrawDaddy69
|player|p2
|raw|Noratraika's rating: 1223 &rarr; <strong>1251<\/strong><br \/>(+28 for winning)
|raw|CrawDaddy69's rating: 1268 &rarr; <strong>1240<\/strong><br \/>(-28 for losing)