|join|ReflectChau
|join|XianJu
|player|p1|ReflectChau|102
|player|p2|XianJu|130
|gametype|singles
|gen|1
|tier|[Gen 1] OU
|rated
|seed|51641,22776,16911,38124
|rule|Sleep Clause Mod: Limit one foe put to sleep
|rule|Freeze Clause Mod: Limit one foe frozen
|rule|Species Clause: Limit one of each Pokémon
|rule|OHKO Clause: OHKO moves are banned
|rule|Evasion Moves Clause: Evasion moves are banned
|rule|HP Percentage Mod: HP is shown in percentages
|
|start
|switch|p1a: Electrode|Electrode|323\/323
|switch|p2a: Alakazam|Alakazam|313\/313
|turn|1
|choice|move 3|switch 3
|
|switch|p2a: Chansey|Chansey|703\/703
|move|p1a: Electrode|Thunder Wave|p2a: Chansey
|-status|p2a: Chansey|par
|
|turn|2
|choice|switch 6|switch 2
|
|switch|p1a: Nidoking|Nidoking|365\/365
|switch|p2a: Rhydon|Rhydon|413\/413
|
|turn|3
|choice|switch 3|switch 5
|
|switch|p1a: Dragonite|Dragonite|385\/385
|switch|p2a: Starmie|Starmie|323\/323
|
|turn|4
|choice|move 1|move 1
|
|move|p2a: Starmie|Surf|p1a: Dragonite
|-resisted|p1a: Dragonite
|-damage|p1a: Dragonite|334\/385
|move|p1a: Dragonite|Agility|p1a: Dragonite
|-boost|p1a: Dragonite|spe|2
|
|turn|5
|choice|move 2|move 4
|
|move|p1a: Dragonite|Wrap|p2a: Starmie
|-damage|p2a: Starmie|306\/323
|-activate|p2a: Starmie|move: Wrap|[of] p1a: Dragonite
|cant|p2a: Starmie|partiallytrapped
|
|turn|6
|choice|move 2|switch 6
|
|switch|p2a: Gengar|Gengar|323\/323
|move|p1a: Dragonite|Wrap|p2a: Gengar
|-damage|p2a: Gengar|323\/323
|-activate|p2a: Gengar|move: Wrap|[of] p1a: Dragonite
|
|turn|7
|choice|switch 6|move 1
|
|switch|p1a: Electrode|Electrode|323\/323
|cant|p2a: Gengar|partiallytrapped
|
|-end|p2a: Gengar|Wrap|[partiallytrapped]
|turn|8
|c|★ReflectChau|? gen 1 is so weird
|choice|move 3|switch 5
|
|switch|p2a: Rhydon|Rhydon|413\/413
|move|p1a: Electrode|Thunder Wave|p2a: Rhydon
|-immune|p2a: Rhydon|[msg]
|
|turn|9
|choice|switch 5|move 2
|
|switch|p1a: Persian|Persian|333\/333
|move|p2a: Rhydon|Rock Slide|p1a: Persian
|-damage|p1a: Persian|200\/333
|
|turn|10
|choice|move 4|switch 3
|
|switch|p2a: Alakazam|Alakazam|313\/313
|move|p1a: Persian|Bubble Beam|p2a: Alakazam
|-damage|p2a: Alakazam|280\/313
|
|turn|11
|choice|move 1|move 1
|
|move|p2a: Alakazam|Psychic|p1a: Persian
|-crit|p1a: Persian
|-damage|p1a: Persian|0 fnt
|faint|p1a: Persian
|choice|switch 4|
|
|switch|p1a: Rapidash|Rapidash|333\/333
|turn|12
|choice|move 1|move 3
|
|move|p2a: Alakazam|Thunder Wave|p1a: Rapidash
|-status|p1a: Rapidash|par
|cant|p1a: Rapidash|par
|
|turn|13
|choice|move 1|move 1
|
|move|p2a: Alakazam|Psychic|p1a: Rapidash
|-damage|p1a: Rapidash|189\/333 par
|cant|p1a: Rapidash|par
|
|turn|14
|choice|move 1|move 1
|
|move|p2a: Alakazam|Psychic|p1a: Rapidash
|-damage|p1a: Rapidash|28\/333 par
|move|p1a: Rapidash|Agility|p1a: Rapidash
|-boost|p1a: Rapidash|spe|2
|
|turn|15
|c|★ReflectChau|so annoyingly weird lol
|choice|move 2|move 1
|
|cant|p1a: Rapidash|par
|move|p2a: Alakazam|Psychic|p1a: Rapidash
|-damage|p1a: Rapidash|0 fnt
|faint|p1a: Rapidash
|choice|switch 5|
|
|switch|p1a: Electrode|Electrode|323\/323
|turn|16
|choice|switch 6|switch 3
|
|switch|p1a: Dragonite|Dragonite|334\/385
|switch|p2a: Rhydon|Rhydon|413\/413
|
|turn|17
|choice|move 2|switch 5
|
|switch|p2a: Gengar|Gengar|323\/323
|move|p1a: Dragonite|Wrap|p2a: Gengar
|-damage|p2a: Gengar|323\/323
|-activate|p2a: Gengar|move: Wrap|[of] p1a: Dragonite
|
|turn|18
|choice|move 2|move 1
|
|cant|p2a: Gengar|partiallytrapped
|move|p1a: Dragonite|Wrap|p2a: Gengar
|-damage|p2a: Gengar|323\/323
|
|turn|19
|choice|switch 2|move 1
|
|switch|p1a: Alakazam|Alakazam|313\/313
|cant|p2a: Gengar|partiallytrapped
|
|-end|p2a: Gengar|Wrap|[partiallytrapped]
|turn|20
|choice|move 1|switch 2
|
|switch|p2a: Chansey|Chansey|703\/703 par
|move|p1a: Alakazam|Psychic|p2a: Chansey
|-damage|p2a: Chansey|571\/703 par
|
|turn|21
|choice|switch 3|move 1
|
|switch|p1a: Nidoking|Nidoking|365\/365
|cant|p2a: Chansey|par
|
|turn|22
|choice|move 1|switch 6
|
|switch|p2a: Starmie|Starmie|306\/323
|move|p1a: Nidoking|Earthquake|p2a: Starmie
|-damage|p2a: Starmie|183\/323
|
|turn|23
|choice|move 1|move 3
|
|move|p2a: Starmie|Recover|p2a: Starmie
|-heal|p2a: Starmie|323\/323
|move|p1a: Nidoking|Earthquake|p2a: Starmie
|-crit|p2a: Starmie
|-damage|p2a: Starmie|87\/323
|
|turn|24
|choice|move 1|move 1
|
|move|p2a: Starmie|Surf|p1a: Nidoking
|-supereffective|p1a: Nidoking
|-damage|p1a: Nidoking|77\/365
|move|p1a: Nidoking|Earthquake|p2a: Starmie
|-damage|p2a: Starmie|0 fnt
|faint|p2a: Starmie
|choice||switch 3
|
|switch|p2a: Alakazam|Alakazam|280\/313
|turn|25
|choice|switch 6|move 1
|
|switch|p1a: Electrode|Electrode|323\/323
|move|p2a: Alakazam|Psychic|p1a: Electrode
|-damage|p1a: Electrode|179\/323
|-unboost|p1a: Electrode|spd|1
|-unboost|p1a: Electrode|spa|1
|
|turn|26
|choice|move 3|move 1
|
|move|p1a: Electrode|Thunder Wave|p2a: Alakazam
|-status|p2a: Alakazam|par
|move|p2a: Alakazam|Psychic|p1a: Electrode
|-crit|p1a: Electrode
|-damage|p1a: Electrode|0 fnt
|faint|p1a: Electrode
|choice|switch 6|
|
|switch|p1a: Nidoking|Nidoking|77\/365
|turn|27
|choice|move 1|switch 4
|
|switch|p2a: Exeggutor|Exeggutor|393\/393
|move|p1a: Nidoking|Earthquake|p2a: Exeggutor
|-resisted|p2a: Exeggutor
|-damage|p2a: Exeggutor|334\/393
|
|turn|28
|choice|move 4|move 2
|
|move|p1a: Nidoking|Ice Beam|p2a: Exeggutor
|-crit|p2a: Exeggutor
|-supereffective|p2a: Exeggutor
|-damage|p2a: Exeggutor|124\/393
|move|p2a: Exeggutor|Psychic|p1a: Nidoking
|-supereffective|p1a: Nidoking
|-damage|p1a: Nidoking|0 fnt
|faint|p1a: Nidoking
|choice|switch 2|
|
|switch|p1a: Dragonite|Dragonite|334\/385
|turn|29
|choice|move 4|move 3
|
|move|p1a: Dragonite|Ice Beam|p2a: Exeggutor
|-supereffective|p2a: Exeggutor
|-damage|p2a: Exeggutor|0 fnt
|faint|p2a: Exeggutor
|choice||switch 6
|
|switch|p2a: Chansey|Chansey|571\/703 par
|turn|30
|choice|move 2|move 3
|
|move|p1a: Dragonite|Wrap|p2a: Chansey|[miss]
|-miss|p1a: Dragonite
|move|p2a: Chansey|Thunder Wave|p1a: Dragonite
|-status|p1a: Dragonite|par
|
|turn|31
|choice|move 1|switch 2
|
|switch|p2a: Gengar|Gengar|323\/323
|cant|p1a: Dragonite|par
|
|turn|32
|c|★ReflectChau|friggin 10% lol
|choice|switch 3|move 2
|
|switch|p1a: Alakazam|Alakazam|313\/313
|move|p2a: Gengar|Thunderbolt|p1a: Alakazam
|-damage|p1a: Alakazam|236\/313
|
|turn|33
|choice|move 1|switch 2
|
|switch|p2a: Chansey|Chansey|571\/703 par
|move|p1a: Alakazam|Psychic|p2a: Chansey
|-damage|p2a: Chansey|450\/703 par
|
|turn|34
|choice|switch 3|move 1
|
|switch|p1a: Dragonite|Dragonite|334\/385 par
|cant|p2a: Chansey|par
|
|turn|35
|choice|move 1|move 1
|
|move|p1a: Dragonite|Agility|p1a: Dragonite
|-boost|p1a: Dragonite|spe|2
|move|p2a: Chansey|Ice Beam|p1a: Dragonite
|-supereffective|p1a: Dragonite
|-damage|p1a: Dragonite|2\/385 par
|
|turn|36
|choice|move 2|move 1
|
|move|p1a: Dragonite|Wrap|p2a: Chansey
|-crit|p2a: Chansey
|-damage|p2a: Chansey|367\/703 par
|-activate|p2a: Chansey|move: Wrap|[of] p1a: Dragonite
|cant|p2a: Chansey|partiallytrapped
|
|turn|37
|choice|move 2|move 1
|
|move|p1a: Dragonite|Wrap|p2a: Chansey
|-damage|p2a: Chansey|284\/703 par
|cant|p2a: Chansey|partiallytrapped
|
|turn|38
|choice|move 2|move 1
|
|move|p1a: Dragonite|Wrap|p2a: Chansey
|-damage|p2a: Chansey|201\/703 par
|cant|p2a: Chansey|partiallytrapped
|
|turn|39
|choice|move 2|move 1
|
|move|p1a: Dragonite|Wrap|p2a: Chansey
|-damage|p2a: Chansey|118\/703 par
|cant|p2a: Chansey|partiallytrapped
|
|-end|p2a: Chansey|Wrap|[partiallytrapped]
|turn|40
|choice|move 3|move 3
|
|cant|p1a: Dragonite|par
|move|p2a: Chansey|Thunder Wave|p1a: Dragonite
|-fail|p1a: Dragonite|par
|
|turn|41
|choice|move 2|move 1
|
|move|p1a: Dragonite|Wrap|p2a: Chansey
|-damage|p2a: Chansey|78\/703 par
|-activate|p2a: Chansey|move: Wrap|[of] p1a: Dragonite
|cant|p2a: Chansey|par
|
|turn|42
|choice|move 2|move 1
|
|cant|p1a: Dragonite|par
|cant|p2a: Chansey|par
|
|-end|p2a: Chansey|Wrap|[partiallytrapped]
|turn|43
|choice|move 3|move 2
|
|move|p1a: Dragonite|Hyper Beam|p2a: Chansey
|-crit|p2a: Chansey
|-damage|p2a: Chansey|0 fnt
|faint|p2a: Chansey
|choice||switch 2
|
|switch|p2a: Gengar|Gengar|323\/323
|turn|44
|choice|move 4|move 2
|
|cant|p1a: Dragonite|par
|move|p2a: Gengar|Thunderbolt|p1a: Dragonite
|-damage|p1a: Dragonite|0 fnt
|faint|p1a: Dragonite
|choice|switch 3|
|
|switch|p1a: Alakazam|Alakazam|236\/313
|turn|45
|choice|move 1|switch 5
|
|switch|p2a: Rhydon|Rhydon|413\/413
|move|p1a: Alakazam|Psychic|p2a: Rhydon
|-damage|p2a: Rhydon|206\/413
|-unboost|p2a: Rhydon|spd|1
|-unboost|p2a: Rhydon|spa|1
|
|turn|46
|choice|move 1|move 1
|
|move|p1a: Alakazam|Psychic|p2a: Rhydon
|-damage|p2a: Rhydon|0 fnt
|faint|p2a: Rhydon
|choice||switch 4
|
|switch|p2a: Alakazam|Alakazam|280\/313 par
|turn|47
|choice|move 1|move 3
|
|move|p1a: Alakazam|Psychic|p2a: Alakazam
|-resisted|p2a: Alakazam
|-damage|p2a: Alakazam|225\/313 par
|-unboost|p2a: Alakazam|spd|1
|-unboost|p2a: Alakazam|spa|1
|move|p2a: Alakazam|Thunder Wave|p1a: Alakazam
|-status|p1a: Alakazam|par
|
|turn|48
|choice|move 1|move 1
|
|cant|p1a: Alakazam|par
|move|p2a: Alakazam|Psychic|p1a: Alakazam
|-resisted|p1a: Alakazam
|-damage|p1a: Alakazam|201\/313 par
|-unboost|p1a: Alakazam|spd|1
|-unboost|p1a: Alakazam|spa|1
|
|turn|49
|-message|ReflectChau forfeited.
|
|win|XianJu
|leave|ReflectChau
|player|p1
|raw|ReflectChau's rating: 1000 &rarr; <strong>1000<\/strong><br \/>(+0 for losing)
|raw|XianJu's rating: 1122 &rarr; <strong>1138<\/strong><br \/>(+16 for winning)