|join|Giju
|join|The Game Dreamer
|player|p1|Giju|163
|player|p2|The Game Dreamer|107
|gametype|singles
|gen|1
|tier|[Gen 1] Random Battle
|rated
|rule|Sleep Clause Mod: Limit one foe put to sleep
|rule|Freeze Clause Mod: Limit one foe frozen
|rule|HP Percentage Mod: HP is shown in percentages
|
|start
|switch|p1a: Seadra|Seadra, L90|282\/282
|switch|p2a: Magnemite|Magnemite, L96|243\/243
|turn|1
|
|switch|p1a: Tangela|Tangela, L85|284\/284
|move|p2a: Magnemite|Thunder Wave|p1a: Tangela
|-status|p1a: Tangela|par
|
|turn|2
|
|switch|p2a: Nidorino|Nidorino, L90|293\/293
|move|p1a: Tangela|Stun Spore|p2a: Nidorino
|-status|p2a: Nidorino|par
|
|turn|3
|
|move|p2a: Nidorino|Body Slam|p1a: Tangela
|-crit|p1a: Tangela
|-damage|p1a: Tangela|189\/284 par
|move|p1a: Tangela|Swords Dance|p1a: Tangela
|-boost|p1a: Tangela|atk|2
|
|turn|4
|
|move|p1a: Tangela|Body Slam|p2a: Nidorino
|-damage|p2a: Nidorino|192\/293 par
|move|p2a: Nidorino|Body Slam|p1a: Tangela
|-damage|p1a: Tangela|144\/284 par
|
|turn|5
|
|cant|p1a: Tangela|par
|move|p2a: Nidorino|Body Slam|p1a: Tangela
|-damage|p1a: Tangela|98\/284 par
|
|turn|6
|
|move|p1a: Tangela|Swords Dance|p1a: Tangela
|-boost|p1a: Tangela|atk|2
|move|p2a: Nidorino|Body Slam|p1a: Tangela
|-damage|p1a: Tangela|49\/284 par
|
|turn|7
|
|move|p1a: Tangela|Body Slam|p2a: Nidorino
|-damage|p2a: Nidorino|22\/293 par
|move|p2a: Nidorino|Body Slam|p1a: Tangela
|-damage|p1a: Tangela|3\/284 par
|
|turn|8
|
|cant|p1a: Tangela|par
|cant|p2a: Nidorino|par
|
|turn|9
|
|cant|p1a: Tangela|par
|move|p2a: Nidorino|Thunder|p1a: Tangela|[miss]
|-miss|p2a: Nidorino
|
|turn|10
|
|move|p1a: Tangela|Body Slam|p2a: Nidorino
|-damage|p2a: Nidorino|0 fnt
|faint|p2a: Nidorino
|
|switch|p2a: Hitmonchan|Hitmonchan, L90|273\/273
|turn|11
|
|switch|p1a: Slowbro|Slowbro, L79|312\/312
|move|p2a: Hitmonchan|Body Slam|p1a: Slowbro
|-damage|p1a: Slowbro|245\/312
|
|turn|12
|
|move|p2a: Hitmonchan|Seismic Toss|p1a: Slowbro
|-damage|p1a: Slowbro|155\/312
|move|p1a: Slowbro|Thunder Wave|p2a: Hitmonchan
|-status|p2a: Hitmonchan|par
|
|turn|13
|
|move|p1a: Slowbro|Amnesia|p1a: Slowbro
|-boost|p1a: Slowbro|spd|2
|-boost|p1a: Slowbro|spa|2
|cant|p2a: Hitmonchan|par
|
|turn|14
|
|move|p1a: Slowbro|Amnesia|p1a: Slowbro
|-boost|p1a: Slowbro|spd|2
|-boost|p1a: Slowbro|spa|2
|cant|p2a: Hitmonchan|par
|
|turn|15
|
|move|p1a: Slowbro|Surf|p2a: Hitmonchan
|-damage|p2a: Hitmonchan|0 fnt
|faint|p2a: Hitmonchan
|
|switch|p2a: Gengar|Gengar, L79|257\/257
|turn|16
|
|move|p2a: Gengar|Hypnosis|p1a: Slowbro|[miss]
|-miss|p2a: Gengar
|move|p1a: Slowbro|Surf|p2a: Gengar
|-damage|p2a: Gengar|67\/257
|
|turn|17
|
|move|p2a: Gengar|Hypnosis|p1a: Slowbro
|-status|p1a: Slowbro|slp
|cant|p1a: Slowbro|slp
|
|turn|18
|
|move|p2a: Gengar|Mega Drain|p1a: Slowbro
|-crit|p1a: Slowbro
|-supereffective|p1a: Slowbro
|-damage|p1a: Slowbro|16\/312 slp
|-heal|p2a: Gengar|136\/257|[from] drain|[of] p1a: Slowbro
|cant|p1a: Slowbro|slp
|
|turn|19
|
|move|p2a: Gengar|Thunderbolt|p1a: Slowbro
|-supereffective|p1a: Slowbro
|-damage|p1a: Slowbro|0 fnt
|faint|p1a: Slowbro
|
|switch|p1a: Pidgeotto|Pidgeotto, L90|297\/297
|turn|20
|
|switch|p2a: Magnemite|Magnemite, L96|243\/243
|move|p1a: Pidgeotto|Mimic|p2a: Magnemite
|-start|p1a: Pidgeotto|Mimic|Thunderbolt
|
|turn|21
|
|switch|p1a: Marowak|Marowak, L90|291\/291
|move|p2a: Magnemite|Thunder Wave|p1a: Marowak
|-immune|p1a: Marowak|[msg]
|
|turn|22
|
|move|p2a: Magnemite|Double-Edge|p1a: Marowak
|-damage|p1a: Marowak|245\/291
|-damage|p2a: Magnemite|232\/243|[from] recoil|[of] p1a: Marowak
|move|p1a: Marowak|Earthquake|p2a: Magnemite
|-supereffective|p2a: Magnemite
|-damage|p2a: Magnemite|19\/243
|
|turn|23
|
|move|p2a: Magnemite|Double-Edge|p1a: Marowak
|-damage|p1a: Marowak|200\/291
|-damage|p2a: Magnemite|8\/243|[from] recoil|[of] p1a: Marowak
|move|p1a: Marowak|Earthquake|p2a: Magnemite
|-supereffective|p2a: Magnemite
|-damage|p2a: Magnemite|0 fnt
|faint|p2a: Magnemite
|
|switch|p2a: Dragonair|Dragonair, L85|277\/277
|turn|24
|
|move|p2a: Dragonair|Ice Beam|p1a: Marowak
|-supereffective|p1a: Marowak
|-damage|p1a: Marowak|52\/291
|move|p1a: Marowak|Blizzard|p2a: Dragonair
|-supereffective|p2a: Dragonair
|-damage|p2a: Dragonair|124\/277
|
|turn|25
|
|switch|p1a: Muk|Muk, L90|372\/372
|move|p2a: Dragonair|Ice Beam|p1a: Muk
|-damage|p1a: Muk|306\/372
|
|turn|26
|
|move|p2a: Dragonair|Ice Beam|p1a: Muk
|-damage|p1a: Muk|244\/372
|move|p1a: Muk|Sludge|p2a: Dragonair
|-damage|p2a: Dragonair|22\/277
|-status|p2a: Dragonair|psn
|
|turn|27
|
|switch|p1a: Tangela|Tangela, L85|3\/284 par
|move|p2a: Dragonair|Ice Beam|p1a: Tangela
|-supereffective|p1a: Tangela
|-damage|p1a: Tangela|0 fnt
|faint|p1a: Tangela
|
|switch|p1a: Seadra|Seadra, L90|282\/282
|turn|28
|
|move|p1a: Seadra|Surf|p2a: Dragonair
|-resisted|p2a: Dragonair
|-damage|p2a: Dragonair|0 fnt
|faint|p2a: Dragonair
|
|switch|p2a: Gengar|Gengar, L79|136\/257
|turn|29
|
|move|p2a: Gengar|Mega Drain|p1a: Seadra
|-supereffective|p1a: Seadra
|-damage|p1a: Seadra|229\/282
|-heal|p2a: Gengar|162\/257|[from] drain|[of] p1a: Seadra
|move|p1a: Seadra|Smokescreen|p2a: Gengar
|-unboost|p2a: Gengar|accuracy|1
|
|turn|30
|
|move|p2a: Gengar|Thunderbolt|p1a: Seadra
|-supereffective|p1a: Seadra
|-damage|p1a: Seadra|108\/282
|move|p1a: Seadra|Smokescreen|p2a: Gengar
|-unboost|p2a: Gengar|accuracy|1
|
|turn|31
|
|switch|p2a: Dodrio|Dodrio, L85|276\/276
|move|p1a: Seadra|Smokescreen|p2a: Dodrio
|-unboost|p2a: Dodrio|accuracy|1
|
|turn|32
|
|move|p2a: Dodrio|Body Slam|p1a: Seadra
|-damage|p1a: Seadra|18\/282
|move|p1a: Seadra|Hydro Pump|p2a: Dodrio
|-damage|p2a: Dodrio|113\/276
|
|turn|33
|
|move|p2a: Dodrio|Body Slam|p1a: Seadra
|-damage|p1a: Seadra|0 fnt
|faint|p1a: Seadra
|
|switch|p1a: Pidgeotto|Pidgeotto, L90|297\/297
|turn|34
|
|move|p2a: Dodrio|Hyper Beam|p1a: Pidgeotto
|-damage|p1a: Pidgeotto|87\/297
|move|p1a: Pidgeotto|Sky Attack|p2a: Dodrio|[still]
|-prepare|p1a: Pidgeotto|Sky Attack|p2a: Dodrio
|
|turn|35
|-mustrecharge|p2a: Dodrio
|-mustrecharge|p2a: Dodrio
|
|cant|p2a: Dodrio|recharge
|move|p1a: Pidgeotto|Sky Attack|p2a: Dodrio
|-damage|p2a: Dodrio|0 fnt
|faint|p2a: Dodrio
|
|switch|p2a: Gengar|Gengar, L79|162\/257
|turn|36
|
|switch|p1a: Muk|Muk, L90|244\/372
|move|p2a: Gengar|Thunderbolt|p1a: Muk
|-damage|p1a: Muk|160\/372
|
|turn|37
|
|move|p2a: Gengar|Thunderbolt|p1a: Muk
|-damage|p1a: Muk|74\/372
|move|p1a: Muk|Mega Drain|p2a: Gengar
|-resisted|p2a: Gengar
|-damage|p2a: Gengar|151\/257
|-heal|p1a: Muk|79\/372|[from] drain|[of] p2a: Gengar
|
|turn|38
|
|move|p2a: Gengar|Hypnosis|p1a: Muk|[miss]
|-miss|p2a: Gengar
|move|p1a: Muk|Sludge|p2a: Gengar
|-resisted|p2a: Gengar
|-damage|p2a: Gengar|126\/257
|
|turn|39
|
|move|p2a: Gengar|Thunderbolt|p1a: Muk
|-damage|p1a: Muk|1\/372
|move|p1a: Muk|Sludge|p2a: Gengar
|-resisted|p2a: Gengar
|-damage|p2a: Gengar|98\/257
|
|turn|40
|
|switch|p1a: Pidgeotto|Pidgeotto, L90|87\/297
|move|p2a: Gengar|Thunderbolt|p1a: Pidgeotto
|-supereffective|p1a: Pidgeotto
|-damage|p1a: Pidgeotto|0 fnt
|faint|p1a: Pidgeotto
|
|switch|p1a: Marowak|Marowak, L90|52\/291
|turn|41
|
|move|p2a: Gengar|Mega Drain|p1a: Marowak
|-crit|p1a: Marowak
|-supereffective|p1a: Marowak
|-damage|p1a: Marowak|0 fnt
|-heal|p2a: Gengar|124\/257|[from] drain|[of] p1a: Marowak
|faint|p1a: Marowak
|c|★The Game Dreamer|gg
|c|★The Game Dreamer|sore loser ? lol
|c|★The Game Dreamer|its cool
|c|★The Game Dreamer|u have no honor
|-message|Giju lost due to inactivity.
|
|win|The Game Dreamer
|raw|Ladder updating...
|raw|Giju's rating: 1200 &rarr; <strong>1175<\/strong><br \/>(-25 for losing)
|raw|The Game Dreamer's rating: 1206 &rarr; <strong>1231<\/strong><br \/>(+25 for winning)