|j|MissSkylark
|j|dirkaka
|player|p1|MissSkylark|116
|player|p2|dirkaka|153
|gametype|singles
|gen|1
|tier|[Gen 1] Random Battle
|rated
|seed|
|rule|Sleep Clause Mod: Limit one foe put to sleep
|rule|Freeze Clause Mod: Limit one foe frozen
|rule|HP Percentage Mod: HP is shown in percentages
|
|start
|switch|p1a: Hitmonlee|Hitmonlee, L90|100\/100
|switch|p2a: Jigglypuff|Jigglypuff, L99|100\/100
|turn|1
|choice||
|
|move|p1a: Hitmonlee|Substitute|p1a: Hitmonlee
|-start|p1a: Hitmonlee|Substitute
|-damage|p1a: Hitmonlee|76\/100
|move|p2a: Jigglypuff|Sing|p1a: Hitmonlee|[miss]
|-miss|p2a: Jigglypuff
|
|turn|2
|choice||
|
|switch|p2a: Zapdos|Zapdos, L79|100\/100
|move|p1a: Hitmonlee|High Jump Kick|p2a: Zapdos
|-resisted|p2a: Zapdos
|-damage|p2a: Zapdos|78\/100
|
|turn|3
|choice||
|
|move|p2a: Zapdos|Drill Peck|p1a: Hitmonlee
|-supereffective|p1a: Hitmonlee
|-end|p1a: Hitmonlee|Substitute
|move|p1a: Hitmonlee|Counter|p2a: Zapdos
|-fail|p1a: Hitmonlee
|
|turn|4
|choice||
|
|switch|p1a: Zapdos|Zapdos, L79|100\/100
|move|p2a: Zapdos|Thunder Wave|p1a: Zapdos
|-status|p1a: Zapdos|par
|
|turn|5
|choice||
|
|switch|p2a: Dewgong|Dewgong, L85|100\/100
|move|p1a: Zapdos|Thunder Wave|p2a: Dewgong
|-status|p2a: Dewgong|par
|
|turn|6
|choice||
|
|cant|p1a: Zapdos|par
|move|p2a: Dewgong|Blizzard|p1a: Zapdos
|-supereffective|p1a: Zapdos
|-damage|p1a: Zapdos|31\/100 par
|
|turn|7
|choice||
|
|move|p1a: Zapdos|Thunderbolt|p2a: Dewgong
|-supereffective|p2a: Dewgong
|-damage|p2a: Dewgong|38\/100 par
|move|p2a: Dewgong|Blizzard|p1a: Zapdos
|-supereffective|p1a: Zapdos
|-damage|p1a: Zapdos|0 fnt
|faint|p1a: Zapdos
|choice||
|
|switch|p1a: Hitmonlee|Hitmonlee, L90|76\/100
|turn|8
|choice||
|
|switch|p2a: Zapdos|Zapdos, L79|78\/100
|move|p1a: Hitmonlee|High Jump Kick|p2a: Zapdos
|-resisted|p2a: Zapdos
|-damage|p2a: Zapdos|59\/100
|
|turn|9
|choice||
|
|move|p2a: Zapdos|Thunder Wave|p1a: Hitmonlee
|-status|p1a: Hitmonlee|par
|move|p1a: Hitmonlee|Counter|p2a: Zapdos
|-fail|p1a: Hitmonlee
|
|turn|10
|choice||
|
|move|p2a: Zapdos|Thunderbolt|p1a: Hitmonlee
|-damage|p1a: Hitmonlee|14\/100 par
|move|p1a: Hitmonlee|Counter|p2a: Zapdos
|-fail|p1a: Hitmonlee
|
|turn|11
|choice||
|
|move|p2a: Zapdos|Thunderbolt|p1a: Hitmonlee
|-damage|p1a: Hitmonlee|0 fnt
|faint|p1a: Hitmonlee
|choice||
|
|switch|p1a: Gloom|Gloom, L90|100\/100
|turn|12
|choice||
|
|switch|p2a: Dewgong|Dewgong, L85|38\/100 par
|move|p1a: Gloom|Sleep Powder|p2a: Dewgong
|-fail|p2a: Dewgong
|
|turn|13
|choice||
|
|move|p1a: Gloom|Mega Drain|p2a: Dewgong
|-supereffective|p2a: Dewgong
|-damage|p2a: Dewgong|12\/100 par
|move|p2a: Dewgong|Mimic|p1a: Gloom
|-start|p2a: Dewgong|Mimic|Sleep Powder
|
|turn|14
|choice||
|
|switch|p2a: Charmander|Charmander, L96|100\/100
|move|p1a: Gloom|Mega Drain|p2a: Charmander
|-resisted|p2a: Charmander
|-damage|p2a: Charmander|91\/100
|
|turn|15
|choice||
|
|move|p2a: Charmander|Substitute|p2a: Charmander
|-start|p2a: Charmander|Substitute
|-damage|p2a: Charmander|66\/100
|move|p1a: Gloom|Sleep Powder|p2a: Charmander
|-status|p2a: Charmander|slp
|
|turn|16
|choice||
|
|-curestatus|p2a: Charmander|slp
|move|p1a: Gloom|Swords Dance|p1a: Gloom
|-boost|p1a: Gloom|atk|2
|
|turn|17
|choice||
|
|move|p2a: Charmander|Swords Dance|p2a: Charmander
|-boost|p2a: Charmander|atk|2
|move|p1a: Gloom|Sleep Powder|p2a: Charmander
|-status|p2a: Charmander|slp
|
|turn|18
|choice||
|
|cant|p2a: Charmander|slp
|move|p1a: Gloom|Double-Edge|p2a: Charmander
|-end|p2a: Charmander|Substitute
|-damage|p1a: Gloom|95\/100|[from] recoil|[of] p2a: Charmander
|
|turn|19
|choice||
|
|switch|p2a: Dewgong|Dewgong, L85|12\/100 par
|move|p1a: Gloom|Double-Edge|p2a: Dewgong
|-damage|p2a: Dewgong|0 fnt
|-damage|p1a: Gloom|92\/100|[from] recoil|[of] p2a: Dewgong
|faint|p2a: Dewgong
|choice||
|
|switch|p2a: Jigglypuff|Jigglypuff, L99|100\/100
|turn|20
|choice||
|
|move|p1a: Gloom|Double-Edge|p2a: Jigglypuff
|-damage|p2a: Jigglypuff|52\/100
|-damage|p1a: Gloom|74\/100|[from] recoil|[of] p2a: Jigglypuff
|move|p2a: Jigglypuff|Sing|p1a: Gloom
|-status|p1a: Gloom|slp
|
|turn|21
|choice||
|
|switch|p2a: Rapidash|Rapidash, L90|100\/100
|cant|p1a: Gloom|slp
|
|turn|22
|choice||
|
|switch|p1a: Psyduck|Psyduck, L96|100\/100
|move|p2a: Rapidash|Fire Blast|p1a: Psyduck
|-resisted|p1a: Psyduck
|-damage|p1a: Psyduck|75\/100
|
|turn|23
|choice||
|
|switch|p2a: Zapdos|Zapdos, L79|59\/100
|move|p1a: Psyduck|Surf|p2a: Zapdos
|-damage|p2a: Zapdos|35\/100
|
|turn|24
|choice||
|
|move|p2a: Zapdos|Thunder Wave|p1a: Psyduck
|-status|p1a: Psyduck|par
|move|p1a: Psyduck|Blizzard|p2a: Zapdos
|-supereffective|p2a: Zapdos
|-damage|p2a: Zapdos|0 fnt
|faint|p2a: Zapdos
|choice||
|
|switch|p2a: Rapidash|Rapidash, L90|100\/100
|turn|25
|choice||
|
|move|p2a: Rapidash|Body Slam|p1a: Psyduck
|-damage|p1a: Psyduck|44\/100 par
|move|p1a: Psyduck|Surf|p2a: Rapidash
|-supereffective|p2a: Rapidash
|-damage|p2a: Rapidash|41\/100
|
|turn|26
|choice||
|
|switch|p2a: Hitmonchan|Hitmonchan, L90|100\/100
|move|p1a: Psyduck|Surf|p2a: Hitmonchan
|-damage|p2a: Hitmonchan|48\/100
|
|turn|27
|choice||
|
|move|p2a: Hitmonchan|Body Slam|p1a: Psyduck
|-damage|p1a: Psyduck|14\/100 par
|move|p1a: Psyduck|Surf|p2a: Hitmonchan
|-damage|p2a: Hitmonchan|0 fnt
|faint|p2a: Hitmonchan
|choice||
|
|switch|p2a: Rapidash|Rapidash, L90|41\/100
|turn|28
|choice||
|
|move|p2a: Rapidash|Body Slam|p1a: Psyduck
|-crit|p1a: Psyduck
|-damage|p1a: Psyduck|0 fnt
|faint|p1a: Psyduck
|choice||
|
|switch|p1a: Flareon|Flareon, L90|100\/100
|turn|29
|choice||
|
|switch|p2a: Jigglypuff|Jigglypuff, L99|52\/100
|move|p1a: Flareon|Body Slam|p2a: Jigglypuff
|-damage|p2a: Jigglypuff|20\/100
|
|turn|30
|choice||
|
|move|p1a: Flareon|Body Slam|p2a: Jigglypuff
|-damage|p2a: Jigglypuff|0 fnt
|faint|p2a: Jigglypuff
|choice||
|
|switch|p2a: Charmander|Charmander, L96|66\/100 slp
|turn|31
|choice||
|
|cant|p2a: Charmander|slp
|move|p1a: Flareon|Body Slam|p2a: Charmander
|-damage|p2a: Charmander|28\/100 slp
|
|turn|32
|choice||
|
|cant|p2a: Charmander|slp
|move|p1a: Flareon|Hyper Beam|p2a: Charmander
|-damage|p2a: Charmander|0 fnt
|faint|p2a: Charmander
|choice||
|
|switch|p2a: Rapidash|Rapidash, L90|41\/100
|turn|33
|choice||
|
|move|p2a: Rapidash|Reflect|p2a: Rapidash
|-start|p2a: Rapidash|Reflect
|move|p1a: Flareon|Body Slam|p2a: Rapidash
|-damage|p2a: Rapidash|27\/100
|
|turn|34
|choice||
|
|move|p2a: Rapidash|Growl|p1a: Flareon
|-unboost|p1a: Flareon|atk|1
|move|p1a: Flareon|Fire Blast|p2a: Rapidash
|-resisted|p2a: Rapidash
|-damage|p2a: Rapidash|0 fnt
|faint|p2a: Rapidash
|
|win|MissSkylark
|player|p1
|player|p2
|raw|MissSkylark's rating: 1113 &rarr; <strong>1141<\/strong><br \/>(+28 for winning)
|raw|dirkaka's rating: 1160 &rarr; <strong>1132<\/strong><br \/>(-28 for losing)
|c|★MissSkylark|gg