|join|The roc
|join|andrewandres
|player|p1|The roc|129
|player|p2|andrewandres|169
|gametype|singles
|gen|1
|tier|[Gen 1] Random Battle
|rated
|rule|Sleep Clause Mod: Limit one foe put to sleep
|rule|Freeze Clause Mod: Limit one foe frozen
|rule|HP Percentage Mod: HP is shown in percentages
|
|start
|switch|p1a: Ponyta|Ponyta, L96|291\/291
|switch|p2a: Tentacruel|Tentacruel, L85|310\/310
|turn|1
|
|switch|p1a: Lapras|Lapras, L79|367\/367
|move|p2a: Tentacruel|Hydro Pump|p1a: Lapras
|-resisted|p1a: Lapras
|-damage|p1a: Lapras|295\/367
|
|turn|2
|
|switch|p2a: Wigglytuff|Wigglytuff, L90|435\/435
|move|p1a: Lapras|Confuse Ray|p2a: Wigglytuff
|-start|p2a: Wigglytuff|confusion
|
|turn|3
|
|move|p1a: Lapras|Body Slam|p2a: Wigglytuff
|-damage|p2a: Wigglytuff|366\/435
|-activate|p2a: Wigglytuff|confusion
|move|p2a: Wigglytuff|Thunder Wave|p1a: Lapras
|-status|p1a: Lapras|par
|
|turn|4
|
|switch|p1a: Tauros|Tauros, L79|280\/280
|-activate|p2a: Wigglytuff|confusion
|move|p2a: Wigglytuff|Body Slam|p1a: Tauros
|-damage|p1a: Tauros|191\/280
|
|turn|5
|
|move|p1a: Tauros|Body Slam|p2a: Wigglytuff
|-crit|p2a: Wigglytuff
|-damage|p2a: Wigglytuff|154\/435
|-activate|p2a: Wigglytuff|confusion
|move|p2a: Wigglytuff|Thunder Wave|p1a: Tauros
|-status|p1a: Tauros|par
|
|turn|6
|
|-activate|p2a: Wigglytuff|confusion
|-damage|p2a: Wigglytuff|114\/435|[from] confusion
|move|p1a: Tauros|Hyper Beam|p2a: Wigglytuff
|-damage|p2a: Wigglytuff|0 fnt
|faint|p2a: Wigglytuff
|
|switch|p2a: Tentacruel|Tentacruel, L85|310\/310
|turn|7
|
|move|p2a: Tentacruel|Hydro Pump|p1a: Tauros
|-damage|p1a: Tauros|0 fnt
|faint|p1a: Tauros
|
|switch|p1a: Magnemite|Magnemite, L96|243\/243
|turn|8
|
|switch|p2a: Gloom|Gloom, L90|291\/291
|move|p1a: Magnemite|Thunder Wave|p2a: Gloom
|-status|p2a: Gloom|par
|
|turn|9
|
|switch|p1a: Ponyta|Ponyta, L96|291\/291
|move|p2a: Gloom|Sleep Powder|p1a: Ponyta|[miss]
|-miss|p2a: Gloom
|
|turn|10
|
|switch|p2a: Charizard|Charizard, L85|306\/306
|move|p1a: Ponyta|Fire Blast|p2a: Charizard
|-resisted|p2a: Charizard
|-damage|p2a: Charizard|247\/306
|
|turn|11
|
|switch|p1a: Magnemite|Magnemite, L96|243\/243
|move|p2a: Charizard|Swords Dance|p2a: Charizard
|-boost|p2a: Charizard|atk|2
|
|turn|12
|
|move|p2a: Charizard|Earthquake|p1a: Magnemite
|-supereffective|p1a: Magnemite
|-damage|p1a: Magnemite|0 fnt
|faint|p1a: Magnemite
|
|switch|p1a: Kakuna|Kakuna, L99|290\/290
|turn|13
|
|switch|p2a: Gloom|Gloom, L90|291\/291 par
|move|p1a: Kakuna|Harden|p1a: Kakuna
|-boost|p1a: Kakuna|def|1
|
|turn|14
|
|move|p1a: Kakuna|Harden|p1a: Kakuna
|-boost|p1a: Kakuna|def|1
|move|p2a: Gloom|Sleep Powder|p1a: Kakuna
|-status|p1a: Kakuna|slp
|
|turn|15
|
|switch|p1a: Ponyta|Ponyta, L96|291\/291
|switch|p2a: Jolteon|Jolteon, L79|265\/265
|
|turn|16
|
|move|p2a: Jolteon|Thunderbolt|p1a: Ponyta
|-damage|p1a: Ponyta|185\/291
|move|p1a: Ponyta|Fire Blast|p2a: Jolteon
|-damage|p2a: Jolteon|139\/265
|
|turn|17
|
|move|p2a: Jolteon|Thunder Wave|p1a: Ponyta
|-status|p1a: Ponyta|par
|cant|p1a: Ponyta|par
|
|turn|18
|
|switch|p2a: Gloom|Gloom, L90|291\/291 par
|move|p1a: Ponyta|Fire Blast|p2a: Gloom
|-supereffective|p2a: Gloom
|-damage|p2a: Gloom|33\/291 par
|
|turn|19
|
|move|p1a: Ponyta|Fire Blast|p2a: Gloom
|-supereffective|p2a: Gloom
|-damage|p2a: Gloom|0 fnt
|faint|p2a: Gloom
|
|switch|p2a: Charizard|Charizard, L85|247\/306
|turn|20
|
|move|p2a: Charizard|Swords Dance|p2a: Charizard
|-boost|p2a: Charizard|atk|2
|cant|p1a: Ponyta|par
|
|turn|21
|
|move|p2a: Charizard|Earthquake|p1a: Ponyta
|-supereffective|p1a: Ponyta
|-damage|p1a: Ponyta|0 fnt
|faint|p1a: Ponyta
|
|switch|p1a: Muk|Muk, L90|372\/372
|turn|22
|
|move|p2a: Charizard|Earthquake|p1a: Muk
|-supereffective|p1a: Muk
|-damage|p1a: Muk|90\/372
|move|p1a: Muk|Sludge|p2a: Charizard
|-damage|p2a: Charizard|161\/306
|
|turn|23
|
|move|p2a: Charizard|Earthquake|p1a: Muk
|-supereffective|p1a: Muk
|-damage|p1a: Muk|0 fnt
|faint|p1a: Muk
|
|switch|p1a: Lapras|Lapras, L79|295\/367 par
|turn|24
|
|move|p2a: Charizard|Earthquake|p1a: Lapras
|-damage|p1a: Lapras|153\/367 par
|move|p1a: Lapras|Ice Beam|p2a: Charizard
|-supereffective|p2a: Charizard
|-damage|p2a: Charizard|0 fnt
|faint|p2a: Charizard
|
|switch|p2a: Jolteon|Jolteon, L79|139\/265
|turn|25
|
|move|p2a: Jolteon|Thunderbolt|p1a: Lapras
|-supereffective|p1a: Lapras
|-damage|p1a: Lapras|0 fnt
|faint|p1a: Lapras
|
|switch|p1a: Kakuna|Kakuna, L99|290\/290 slp
|turn|26
|
|move|p2a: Jolteon|Thunderbolt|p1a: Kakuna
|-damage|p1a: Kakuna|128\/290 slp
|cant|p1a: Kakuna|slp
|
|turn|27
|
|move|p2a: Jolteon|Thunderbolt|p1a: Kakuna
|-damage|p1a: Kakuna|0 fnt
|faint|p1a: Kakuna
|
|win|andrewandres
|raw|Ladder updating...
|raw|The roc's rating: 1203 &rarr; <strong>1187<\/strong><br \/>(-16 for losing)
|raw|andrewandres's rating: 1343 &rarr; <strong>1355<\/strong><br \/>(+12 for winning)
|leave|The roc
|player|p1