|join|1timeplayerperson
|join|Tendoh
|player|p1|1timeplayerperson|2
|player|p2|Tendoh|1
|gametype|singles
|gen|1
|tier|[Gen 1] Random Battle
|rated
|rule|Sleep Clause Mod: Limit one foe put to sleep
|rule|Freeze Clause Mod: Limit one foe frozen
|rule|HP Percentage Mod: HP is shown in percentages
|
|start
|switch|p1a: Jolteon|Jolteon, L85|284\/284
|switch|p2a: Ditto|Ditto, L99|296\/296
|turn|1
|
|move|p1a: Jolteon|Thunderbolt|p2a: Ditto
|-damage|p2a: Ditto|155\/296
|-status|p2a: Ditto|par
|move|p2a: Ditto|Transform|p1a: Jolteon
|-transform|p2a: Ditto|p1a: Jolteon
|
|turn|2
|
|move|p1a: Jolteon|Body Slam|p2a: Ditto
|-damage|p2a: Ditto|100\/296 par
|move|p2a: Ditto|Thunderbolt|p1a: Jolteon
|-crit|p1a: Jolteon
|-resisted|p1a: Jolteon
|-damage|p1a: Jolteon|186\/284
|
|turn|3
|
|move|p1a: Jolteon|Thunderbolt|p2a: Ditto
|-resisted|p2a: Ditto
|-damage|p2a: Ditto|37\/296 par
|cant|p2a: Ditto|par
|
|turn|4
|
|move|p1a: Jolteon|Body Slam|p2a: Ditto
|-damage|p2a: Ditto|0 fnt
|faint|p2a: Ditto
|
|switch|p2a: Gengar|Gengar, L79|257\/257
|turn|5
|
|move|p1a: Jolteon|Thunderbolt|p2a: Gengar
|-damage|p2a: Gengar|170\/257
|move|p2a: Gengar|Hypnosis|p1a: Jolteon
|-status|p1a: Jolteon|slp
|
|turn|6
|
|switch|p1a: Mew|Mew, L74|300\/300
|move|p2a: Gengar|Psychic|p1a: Mew
|-resisted|p1a: Mew
|-damage|p1a: Mew|267\/300
|-unboost|p1a: Mew|spd|1
|-unboost|p1a: Mew|spa|1
|
|turn|7
|
|switch|p2a: Starmie|Starmie, L79|257\/257
|move|p1a: Mew|Earthquake|p2a: Starmie
|-damage|p2a: Starmie|194\/257
|
|turn|8
|
|move|p2a: Starmie|Blizzard|p1a: Mew
|-damage|p1a: Mew|142\/300
|move|p1a: Mew|Thunder Wave|p2a: Starmie
|-status|p2a: Starmie|par
|
|turn|9
|
|switch|p1a: Clefable|Clefable, L85|335\/335
|move|p2a: Starmie|Thunder Wave|p1a: Clefable
|-status|p1a: Clefable|par
|
|turn|10
|
|move|p2a: Starmie|Blizzard|p1a: Clefable
|-damage|p1a: Clefable|262\/335 par
|cant|p1a: Clefable|par
|
|turn|11
|
|cant|p2a: Starmie|par
|move|p1a: Clefable|Thunder|p2a: Starmie
|-supereffective|p2a: Starmie
|-damage|p2a: Starmie|34\/257 par
|
|turn|12
|
|move|p2a: Starmie|Recover|p2a: Starmie
|-heal|p2a: Starmie|162\/257 par
|move|p1a: Clefable|Body Slam|p2a: Starmie
|-damage|p2a: Starmie|74\/257 par
|
|turn|13
|
|move|p2a: Starmie|Recover|p2a: Starmie
|-heal|p2a: Starmie|202\/257 par
|move|p1a: Clefable|Body Slam|p2a: Starmie
|-crit|p2a: Starmie
|-damage|p2a: Starmie|34\/257 par
|
|turn|14
|
|move|p2a: Starmie|Recover|p2a: Starmie
|-heal|p2a: Starmie|162\/257 par
|move|p1a: Clefable|Body Slam|p2a: Starmie
|-damage|p2a: Starmie|78\/257 par
|
|turn|15
|
|move|p2a: Starmie|Recover|p2a: Starmie
|-heal|p2a: Starmie|206\/257 par
|move|p1a: Clefable|Thunder|p2a: Starmie
|-supereffective|p2a: Starmie
|-damage|p2a: Starmie|38\/257 par
|
|turn|16
|
|cant|p2a: Starmie|par
|move|p1a: Clefable|Thunder|p2a: Starmie|[miss]
|-miss|p1a: Clefable
|
|turn|17
|
|move|p2a: Starmie|Recover|p2a: Starmie
|-heal|p2a: Starmie|166\/257 par
|move|p1a: Clefable|Thunder|p2a: Starmie
|-crit|p2a: Starmie
|-supereffective|p2a: Starmie
|-damage|p2a: Starmie|0 fnt
|faint|p2a: Starmie
|
|switch|p2a: Persian|Persian, L79|265\/265
|turn|18
|
|move|p2a: Persian|Slash|p1a: Clefable
|-crit|p1a: Clefable
|-damage|p1a: Clefable|139\/335 par
|move|p1a: Clefable|Counter|p2a: Persian
|-damage|p2a: Persian|19\/265
|
|turn|19
|
|move|p2a: Persian|Body Slam|p1a: Clefable
|-damage|p1a: Clefable|63\/335 par
|move|p1a: Clefable|Body Slam|p2a: Persian
|-crit|p2a: Persian
|-damage|p2a: Persian|0 fnt
|faint|p2a: Persian
|
|switch|p2a: Jynx|Jynx, L79|265\/265
|turn|20
|
|move|p2a: Jynx|Psychic|p1a: Clefable
|-damage|p1a: Clefable|0 fnt
|faint|p1a: Clefable
|
|switch|p1a: Kabutops|Kabutops, L85|276\/276
|turn|21
|
|switch|p2a: Gengar|Gengar, L79|170\/257
|move|p1a: Kabutops|Body Slam|p2a: Gengar
|-immune|p2a: Gengar|[msg]
|
|turn|22
|
|move|p2a: Gengar|Thunderbolt|p1a: Kabutops
|-supereffective|p1a: Kabutops
|-damage|p1a: Kabutops|102\/276
|move|p1a: Kabutops|Surf|p2a: Gengar
|-damage|p2a: Gengar|104\/257
|
|turn|23
|
|move|p2a: Gengar|Thunderbolt|p1a: Kabutops
|-supereffective|p1a: Kabutops
|-damage|p1a: Kabutops|0 fnt
|faint|p1a: Kabutops
|
|switch|p1a: Mew|Mew, L74|142\/300
|turn|24
|
|switch|p2a: Jynx|Jynx, L79|265\/265
|move|p1a: Mew|Earthquake|p2a: Jynx
|-damage|p2a: Jynx|163\/265
|
|turn|25
|
|move|p2a: Jynx|Blizzard|p1a: Mew
|-damage|p1a: Mew|32\/300
|move|p1a: Mew|Thunder Wave|p2a: Jynx
|-status|p2a: Jynx|par
|
|turn|26
|
|switch|p1a: Jolteon|Jolteon, L85|186\/284 slp
|move|p2a: Jynx|Psychic|p1a: Jolteon
|-damage|p1a: Jolteon|110\/284 slp
|
|turn|27
|
|cant|p1a: Jolteon|slp
|cant|p2a: Jynx|par
|
|turn|28
|
|cant|p1a: Jolteon|slp
|-curestatus|p1a: Jolteon|slp
|cant|p2a: Jynx|par
|
|turn|29
|
|move|p1a: Jolteon|Body Slam|p2a: Jynx
|-damage|p2a: Jynx|80\/265 par
|cant|p2a: Jynx|par
|
|turn|30
|
|move|p1a: Jolteon|Body Slam|p2a: Jynx
|-damage|p2a: Jynx|0 fnt
|faint|p2a: Jynx
|
|switch|p2a: Dragonite|Dragonite, L85|328\/328
|turn|31
|
|switch|p1a: Articuno|Articuno, L85|327\/327
|move|p2a: Dragonite|Hyper Beam|p1a: Articuno
|-damage|p1a: Articuno|201\/327
|
|turn|32
|-mustrecharge|p2a: Dragonite
|-mustrecharge|p2a: Dragonite
|
|move|p1a: Articuno|Ice Beam|p2a: Dragonite
|-supereffective|p2a: Dragonite
|-damage|p2a: Dragonite|0 fnt
|faint|p2a: Dragonite
|
|switch|p2a: Gengar|Gengar, L79|104\/257
|turn|33
|
|move|p2a: Gengar|Hypnosis|p1a: Articuno|[miss]
|-miss|p2a: Gengar
|move|p1a: Articuno|Ice Beam|p2a: Gengar
|-damage|p2a: Gengar|0 fnt
|faint|p2a: Gengar
|
|win|1timeplayerperson
|raw|Ladder updating...
|raw|1timeplayerperson's rating: 1370 &rarr; <strong>1385<\/strong><br \/>(+15 for winning)
|raw|Tendoh's rating: 1286 &rarr; <strong>1267<\/strong><br \/>(-19 for losing)