|j|SuperPokeunicorn
|j|DAMspan
|player|p1|SuperPokeunicorn|64
|player|p2|DAMspan|12
|gametype|singles
|gen|1
|tier|[Gen 1] Random Battle
|rated
|seed|
|rule|Sleep Clause Mod: Limit one foe put to sleep
|rule|Freeze Clause Mod: Limit one foe frozen
|rule|HP Percentage Mod: HP is shown in percentages
|
|start
|switch|p1a: Raticate|Raticate, L85|100\/100
|switch|p2a: Chansey|Chansey, L79|100\/100
|turn|1
|choice||
|
|move|p1a: Raticate|Super Fang|p2a: Chansey
|-damage|p2a: Chansey|51\/100
|move|p2a: Chansey|Thunder Wave|p1a: Raticate
|-status|p1a: Raticate|par
|
|turn|2
|choice||
|
|move|p2a: Chansey|Soft-Boiled|p2a: Chansey
|-heal|p2a: Chansey|100\/100
|move|p1a: Raticate|Body Slam|p2a: Chansey
|-damage|p2a: Chansey|60\/100
|
|turn|3
|choice||
|
|move|p2a: Chansey|Reflect|p2a: Chansey
|-start|p2a: Chansey|Reflect
|move|p1a: Raticate|Super Fang|p2a: Chansey
|-damage|p2a: Chansey|30\/100
|
|turn|4
|choice||
|
|move|p2a: Chansey|Soft-Boiled|p2a: Chansey
|-heal|p2a: Chansey|80\/100
|move|p1a: Raticate|Body Slam|p2a: Chansey
|-crit|p2a: Chansey
|-damage|p2a: Chansey|8\/100
|
|turn|5
|choice||
|
|move|p2a: Chansey|Soft-Boiled|p2a: Chansey
|-heal|p2a: Chansey|58\/100
|move|p1a: Raticate|Body Slam|p2a: Chansey
|-damage|p2a: Chansey|37\/100
|
|turn|6
|choice||
|
|move|p2a: Chansey|Soft-Boiled|p2a: Chansey
|-heal|p2a: Chansey|87\/100
|move|p1a: Raticate|Body Slam|p2a: Chansey
|-damage|p2a: Chansey|65\/100
|
|turn|7
|choice||
|
|move|p2a: Chansey|Soft-Boiled|p2a: Chansey
|-heal|p2a: Chansey|100\/100
|move|p1a: Raticate|Body Slam|p2a: Chansey
|-crit|p2a: Chansey
|-damage|p2a: Chansey|28\/100
|
|turn|8
|choice||
|
|move|p2a: Chansey|Soft-Boiled|p2a: Chansey
|-heal|p2a: Chansey|78\/100
|move|p1a: Raticate|Body Slam|p2a: Chansey
|-damage|p2a: Chansey|58\/100
|
|turn|9
|choice||
|
|move|p2a: Chansey|Soft-Boiled|p2a: Chansey
|-heal|p2a: Chansey|100\/100
|move|p1a: Raticate|Body Slam|p2a: Chansey
|-crit|p2a: Chansey
|-damage|p2a: Chansey|25\/100
|
|turn|10
|choice||
|
|move|p2a: Chansey|Soft-Boiled|p2a: Chansey
|-heal|p2a: Chansey|74\/100
|cant|p1a: Raticate|par
|
|turn|11
|choice||
|
|switch|p2a: Raichu|Raichu, L85|100\/100
|move|p1a: Raticate|Body Slam|p2a: Raichu
|-damage|p2a: Raichu|63\/100
|-status|p2a: Raichu|par
|
|turn|12
|choice||
|
|switch|p1a: Rhydon|Rhydon, L79|100\/100
|move|p2a: Raichu|Thunder|p1a: Rhydon
|-immune|p1a: Rhydon|[msg]
|
|turn|13
|choice||
|
|move|p1a: Rhydon|Earthquake|p2a: Raichu
|-supereffective|p2a: Raichu
|-damage|p2a: Raichu|0 fnt
|faint|p2a: Raichu
|choice||
|
|switch|p2a: Wartortle|Wartortle, L85|100\/100
|turn|14
|choice||
|
|switch|p1a: Cloyster|Cloyster, L83|100\/100
|move|p2a: Wartortle|Mimic|p1a: Cloyster
|-start|p2a: Wartortle|Mimic|Hyper Beam
|
|turn|15
|choice||
|
|switch|p2a: Chansey|Chansey, L79|74\/100
|move|p1a: Cloyster|Toxic|p2a: Chansey|[miss]
|-miss|p1a: Cloyster
|
|turn|16
|choice||
|
|move|p1a: Cloyster|Toxic|p2a: Chansey
|-status|p2a: Chansey|tox
|move|p2a: Chansey|Thunderbolt|p1a: Cloyster
|-supereffective|p1a: Cloyster
|-damage|p1a: Cloyster|47\/100
|-damage|p2a: Chansey|68\/100 tox|[from] tox|[of] p1a: Cloyster
|
|turn|17
|choice||
|
|switch|p2a: Wartortle|Wartortle, L85|100\/100
|move|p1a: Cloyster|Blizzard|p2a: Wartortle
|-resisted|p2a: Wartortle
|-damage|p2a: Wartortle|77\/100
|
|turn|18
|choice||
|
|move|p1a: Cloyster|Toxic|p2a: Wartortle|[miss]
|-miss|p1a: Cloyster
|move|p2a: Wartortle|Body Slam|p1a: Cloyster
|-damage|p1a: Cloyster|35\/100
|-status|p1a: Cloyster|par
|
|turn|19
|choice||
|
|switch|p2a: Chansey|Chansey, L79|68\/100 tox
|-status|p2a: Chansey|psn
|-damage|p2a: Chansey|62\/100 psn|[from] psn
|cant|p1a: Cloyster|par
|
|turn|20
|choice||
|
|switch|p1a: Rhydon|Rhydon, L79|100\/100
|move|p2a: Chansey|Thunderbolt|p1a: Rhydon
|-immune|p1a: Rhydon|[msg]
|-damage|p2a: Chansey|56\/100 psn|[from] psn|[of] p1a: Rhydon
|
|turn|21
|choice||
|
|switch|p2a: Moltres|Moltres, L85|100\/100
|move|p1a: Rhydon|Earthquake|p2a: Moltres
|-immune|p2a: Moltres|[msg]
|
|turn|22
|choice||
|
|switch|p1a: Cloyster|Cloyster, L83|35\/100 par
|move|p2a: Moltres|Substitute|p2a: Moltres
|-start|p2a: Moltres|Substitute
|-damage|p2a: Moltres|76\/100
|
|turn|23
|choice||
|
|move|p2a: Moltres|Sky Attack|p1a: Cloyster|[still]
|-prepare|p2a: Moltres|Sky Attack|p1a: Cloyster
|move|p1a: Cloyster|Surf|p2a: Moltres
|-supereffective|p2a: Moltres
|-end|p2a: Moltres|Substitute
|
|turn|24
|choice||
|
|move|p2a: Moltres|Sky Attack|p1a: Cloyster|[from]Sky Attack
|-damage|p1a: Cloyster|0 fnt
|faint|p1a: Cloyster
|choice||
|
|switch|p1a: Rhydon|Rhydon, L79|100\/100
|turn|25
|choice||
|
|switch|p2a: Wartortle|Wartortle, L85|77\/100
|move|p1a: Rhydon|Rock Slide|p2a: Wartortle
|-damage|p2a: Wartortle|45\/100
|
|turn|26
|choice||
|
|switch|p1a: Tauros|Tauros, L79|100\/100
|move|p2a: Wartortle|Hydro Pump|p1a: Tauros
|-damage|p1a: Tauros|58\/100
|
|turn|27
|choice||
|
|switch|p2a: Dragonair|Dragonair, L85|100\/100
|move|p1a: Tauros|Body Slam|p2a: Dragonair
|-damage|p2a: Dragonair|67\/100
|-status|p2a: Dragonair|par
|
|turn|28
|choice||
|
|move|p1a: Tauros|Blizzard|p2a: Dragonair
|-supereffective|p2a: Dragonair
|-damage|p2a: Dragonair|20\/100 par
|move|p2a: Dragonair|Thunder Wave|p1a: Tauros
|-status|p1a: Tauros|par
|
|turn|29
|choice||
|
|cant|p1a: Tauros|par
|move|p2a: Dragonair|Blizzard|p1a: Tauros
|-damage|p1a: Tauros|25\/100 par
|
|turn|30
|choice||
|
|switch|p2a: Chansey|Chansey, L79|56\/100 psn
|-damage|p2a: Chansey|50\/100 psn|[from] psn
|cant|p1a: Tauros|par
|
|turn|31
|choice||
|
|move|p2a: Chansey|Soft-Boiled|p2a: Chansey
|-heal|p2a: Chansey|99\/100 psn
|-damage|p2a: Chansey|94\/100 psn|[from] psn
|move|p1a: Tauros|Earthquake|p2a: Chansey
|-crit|p2a: Chansey
|-damage|p2a: Chansey|34\/100 psn
|
|turn|32
|choice||
|
|switch|p2a: Moltres|Moltres, L85|76\/100
|cant|p1a: Tauros|par
|
|turn|33
|choice||
|
|move|p2a: Moltres|Fire Blast|p1a: Tauros
|-crit|p1a: Tauros
|-damage|p1a: Tauros|0 fnt
|faint|p1a: Tauros
|choice||
|
|switch|p1a: Rhydon|Rhydon, L79|100\/100
|turn|34
|choice||
|
|move|p2a: Moltres|Fire Blast|p1a: Rhydon
|-resisted|p1a: Rhydon
|-damage|p1a: Rhydon|65\/100
|-status|p1a: Rhydon|brn
|move|p1a: Rhydon|Substitute|p1a: Rhydon
|-start|p1a: Rhydon|Substitute
|-damage|p1a: Rhydon|40\/100 brn
|-damage|p1a: Rhydon|34\/100 brn|[from] brn
|
|turn|35
|choice||
|
|switch|p2a: Cubone|Cubone, L96|100\/100
|move|p1a: Rhydon|Rock Slide|p2a: Cubone
|-resisted|p2a: Cubone
|-damage|p2a: Cubone|95\/100
|-damage|p1a: Rhydon|28\/100 brn|[from] brn|[of] p2a: Cubone
|
|turn|36
|choice||
|
|switch|p2a: Moltres|Moltres, L85|76\/100
|switch|p1a: Raticate|Raticate, L85|100\/100 par
|
|turn|37
|choice||
|
|move|p2a: Moltres|Fire Blast|p1a: Raticate
|-damage|p1a: Raticate|24\/100 par
|move|p1a: Raticate|Super Fang|p2a: Moltres
|-damage|p2a: Moltres|38\/100
|
|turn|38
|choice||
|
|move|p2a: Moltres|Fire Blast|p1a: Raticate
|-crit|p1a: Raticate
|-damage|p1a: Raticate|0 fnt
|faint|p1a: Raticate
|choice||
|
|switch|p1a: Rhydon|Rhydon, L79|28\/100 brn
|turn|39
|choice||
|
|move|p2a: Moltres|Fire Blast|p1a: Rhydon
|-resisted|p1a: Rhydon
|-damage|p1a: Rhydon|0 fnt
|faint|p1a: Rhydon
|choice||
|
|switch|p1a: Mewtwo|Mewtwo, L70|100\/100
|turn|40
|c|★DAMspan|dammmm
|choice||
|
|move|p1a: Mewtwo|Thunderbolt|p2a: Moltres
|-supereffective|p2a: Moltres
|-damage|p2a: Moltres|5\/100
|move|p2a: Moltres|Fire Blast|p1a: Mewtwo|[miss]
|-miss|p2a: Moltres
|
|turn|41
|c|★SuperPokeunicorn|I saved the best for last
|c|★SuperPokeunicorn|muahahahaha
|c|★DAMspan|a magicarp
|choice||
|
|move|p1a: Mewtwo|Psychic|p2a: Moltres
|-damage|p2a: Moltres|0 fnt
|faint|p2a: Moltres
|choice||
|
|switch|p2a: Dragonair|Dragonair, L85|20\/100 par
|turn|42
|c|★SuperPokeunicorn|beat mew2 and you'll find out
|choice||
|
|move|p1a: Mewtwo|Psychic|p2a: Dragonair
|-damage|p2a: Dragonair|0 fnt
|faint|p2a: Dragonair
|c|★DAMspan|cant
|choice||
|
|switch|p2a: Chansey|Chansey, L79|34\/100 psn
|turn|43
|c|★SuperPokeunicorn|I'll tell you when you lose then
|choice||
|
|move|p1a: Mewtwo|Psychic|p2a: Chansey
|-damage|p2a: Chansey|17\/100 psn
|move|p2a: Chansey|Thunder Wave|p1a: Mewtwo
|-status|p1a: Mewtwo|par
|-damage|p2a: Chansey|11\/100 psn|[from] psn|[of] p1a: Mewtwo
|
|turn|44
|choice||
|
|move|p2a: Chansey|Soft-Boiled|p2a: Chansey
|-heal|p2a: Chansey|61\/100 psn
|-damage|p2a: Chansey|55\/100 psn|[from] psn
|cant|p1a: Mewtwo|par
|
|turn|45
|choice||
|
|move|p2a: Chansey|Soft-Boiled|p2a: Chansey
|-heal|p2a: Chansey|100\/100 psn
|-damage|p2a: Chansey|94\/100 psn|[from] psn
|move|p1a: Mewtwo|Barrier|p1a: Mewtwo
|-boost|p1a: Mewtwo|def|2
|
|turn|46
|choice||
|
|switch|p2a: Cubone|Cubone, L96|95\/100
|move|p1a: Mewtwo|Psychic|p2a: Cubone
|-damage|p2a: Cubone|51\/100
|-unboost|p2a: Cubone|spd|1
|-unboost|p2a: Cubone|spa|1
|
|turn|47
|choice||
|
|move|p2a: Cubone|Earthquake|p1a: Mewtwo
|-damage|p1a: Mewtwo|82\/100 par
|move|p1a: Mewtwo|Psychic|p2a: Cubone
|-crit|p2a: Cubone
|-damage|p2a: Cubone|0 fnt
|faint|p2a: Cubone
|choice||
|
|switch|p2a: Wartortle|Wartortle, L85|45\/100
|turn|48
|choice||
|
|move|p2a: Wartortle|Hydro Pump|p1a: Mewtwo|[miss]
|-miss|p2a: Wartortle
|move|p1a: Mewtwo|Thunderbolt|p2a: Wartortle
|-supereffective|p2a: Wartortle
|-damage|p2a: Wartortle|0 fnt
|faint|p2a: Wartortle
|choice||
|
|switch|p2a: Chansey|Chansey, L79|94\/100 psn
|turn|49
|choice||
|
|move|p2a: Chansey|Thunderbolt|p1a: Mewtwo
|-damage|p1a: Mewtwo|65\/100 par
|-damage|p2a: Chansey|88\/100 psn|[from] psn|[of] p1a: Mewtwo
|move|p1a: Mewtwo|Barrier|p1a: Mewtwo
|-boost|p1a: Mewtwo|def|2
|
|turn|50
|choice||
|
|move|p2a: Chansey|Thunderbolt|p1a: Mewtwo
|-damage|p1a: Mewtwo|48\/100 par
|-damage|p2a: Chansey|82\/100 psn|[from] psn|[of] p1a: Mewtwo
|move|p1a: Mewtwo|Psychic|p2a: Chansey
|-crit|p2a: Chansey
|-damage|p2a: Chansey|54\/100 psn
|-unboost|p2a: Chansey|spd|1
|-unboost|p2a: Chansey|spa|1
|
|turn|51
|c|★DAMspan|=D
|choice||
|
|move|p2a: Chansey|Soft-Boiled|p2a: Chansey
|-heal|p2a: Chansey|100\/100 psn
|-damage|p2a: Chansey|94\/100 psn|[from] psn
|cant|p1a: Mewtwo|par
|
|turn|52
|choice||
|
|move|p2a: Chansey|Reflect|p2a: Chansey
|-start|p2a: Chansey|Reflect
|-damage|p2a: Chansey|88\/100 psn|[from] psn
|cant|p1a: Mewtwo|par
|
|turn|53
|choice||
|
|move|p2a: Chansey|Thunderbolt|p1a: Mewtwo
|-crit|p1a: Mewtwo
|-damage|p1a: Mewtwo|16\/100 par
|-damage|p2a: Chansey|82\/100 psn|[from] psn|[of] p1a: Mewtwo
|move|p1a: Mewtwo|Psychic|p2a: Chansey
|-damage|p2a: Chansey|57\/100 psn
|
|turn|54
|choice||
|
|move|p2a: Chansey|Thunderbolt|p1a: Mewtwo
|-damage|p1a: Mewtwo|5\/100 par
|-damage|p2a: Chansey|51\/100 psn|[from] psn|[of] p1a: Mewtwo
|move|p1a: Mewtwo|Rest|p1a: Mewtwo
|-status|p1a: Mewtwo|slp
|-heal|p1a: Mewtwo|100\/100 slp|[silent]
|-status|p1a: Mewtwo|slp|[from] move: Rest
|
|turn|55
|c|★SuperPokeunicorn|mahahahahahaha
|c|★DAMspan|cheater
|choice||
|
|move|p2a: Chansey|Soft-Boiled|p2a: Chansey
|-heal|p2a: Chansey|100\/100 psn
|-damage|p2a: Chansey|94\/100 psn|[from] psn
|cant|p1a: Mewtwo|slp
|
|turn|56
|choice||
|
|move|p2a: Chansey|Thunderbolt|p1a: Mewtwo
|-damage|p1a: Mewtwo|88\/100 slp
|-damage|p2a: Chansey|88\/100 psn|[from] psn|[of] p1a: Mewtwo
|-curestatus|p1a: Mewtwo|slp
|
|turn|57
|choice||
|
|move|p2a: Chansey|Thunder Wave|p1a: Mewtwo
|-status|p1a: Mewtwo|par
|-damage|p2a: Chansey|82\/100 psn|[from] psn|[of] p1a: Mewtwo
|cant|p1a: Mewtwo|par
|
|turn|58
|choice||
|
|move|p2a: Chansey|Thunderbolt|p1a: Mewtwo
|-damage|p1a: Mewtwo|77\/100 par
|-damage|p2a: Chansey|76\/100 psn|[from] psn|[of] p1a: Mewtwo
|move|p1a: Mewtwo|Psychic|p2a: Chansey
|-damage|p2a: Chansey|51\/100 psn
|-unboost|p2a: Chansey|spd|1
|-unboost|p2a: Chansey|spa|1
|
|turn|59
|choice||
|
|move|p2a: Chansey|Soft-Boiled|p2a: Chansey
|-heal|p2a: Chansey|100\/100 psn
|-damage|p2a: Chansey|94\/100 psn|[from] psn
|move|p1a: Mewtwo|Psychic|p2a: Chansey
|-damage|p2a: Chansey|62\/100 psn
|
|turn|60
|choice||
|
|move|p2a: Chansey|Thunderbolt|p1a: Mewtwo
|-damage|p1a: Mewtwo|68\/100 par
|-damage|p2a: Chansey|55\/100 psn|[from] psn|[of] p1a: Mewtwo
|move|p1a: Mewtwo|Psychic|p2a: Chansey
|-crit|p2a: Chansey
|-damage|p2a: Chansey|26\/100 psn
|-unboost|p2a: Chansey|spd|1
|-unboost|p2a: Chansey|spa|1
|
|turn|61
|choice||
|
|move|p2a: Chansey|Soft-Boiled|p2a: Chansey
|-heal|p2a: Chansey|76\/100 psn
|-damage|p2a: Chansey|70\/100 psn|[from] psn
|move|p1a: Mewtwo|Psychic|p2a: Chansey
|-damage|p2a: Chansey|29\/100 psn
|
|turn|62
|choice||
|
|move|p2a: Chansey|Soft-Boiled|p2a: Chansey
|-heal|p2a: Chansey|79\/100 psn
|-damage|p2a: Chansey|72\/100 psn|[from] psn
|move|p1a: Mewtwo|Psychic|p2a: Chansey
|-crit|p2a: Chansey
|-damage|p2a: Chansey|44\/100 psn
|
|turn|63
|choice||
|
|move|p2a: Chansey|Thunderbolt|p1a: Mewtwo
|-damage|p1a: Mewtwo|60\/100 par
|-damage|p2a: Chansey|38\/100 psn|[from] psn|[of] p1a: Mewtwo
|move|p1a: Mewtwo|Psychic|p2a: Chansey
|-crit|p2a: Chansey
|-damage|p2a: Chansey|7\/100 psn
|
|turn|64
|choice||
|
|move|p2a: Chansey|Thunderbolt|p1a: Mewtwo
|-damage|p1a: Mewtwo|53\/100 par
|-damage|p2a: Chansey|0 fnt|[from] psn|[of] p1a: Mewtwo
|faint|p2a: Chansey
|
|win|SuperPokeunicorn
|player|p1
|player|p2
|raw|SuperPokeunicorn's rating: 1146 &rarr; <strong>1175<\/strong><br \/>(+29 for winning)
|raw|DAMspan's rating: 1202 &rarr; <strong>1173<\/strong><br \/>(-29 for losing)
|c|★SuperPokeunicorn|gg
|c|★SuperPokeunicorn|it was a metapod
|c|★DAMspan|:D
|l|DAMspan