|j|MALESANI
|j|Project M Lives On
|player|p1|MALESANI|238
|player|p2|Project M Lives On|101
|gametype|singles
|gen|1
|tier|[Gen 1] Random Battle
|rated
|seed|13315,19509,19221,5629
|rule|Sleep Clause Mod: Limit one foe put to sleep
|rule|Freeze Clause Mod: Limit one foe frozen
|rule|HP Percentage Mod: HP is shown in percentages
|
|start
|switch|p1a: Poliwag|Poliwag, L96|272\/272
|switch|p2a: Nidoran-M|Nidoran-M, L96|283\/283
|turn|1
|choice|move 1|move 3
|
|move|p1a: Poliwag|Amnesia|p1a: Poliwag
|-boost|p1a: Poliwag|spd|2
|-boost|p1a: Poliwag|spa|2
|move|p2a: Nidoran-M|Double-Edge|p1a: Poliwag
|-damage|p1a: Poliwag|182\/272
|-damage|p2a: Nidoran-M|261\/283|[from] recoil|[of] p1a: Poliwag
|
|turn|2
|choice|move 1|move 3
|
|move|p1a: Poliwag|Amnesia|p1a: Poliwag
|-boost|p1a: Poliwag|spd|2
|-boost|p1a: Poliwag|spa|2
|move|p2a: Nidoran-M|Double-Edge|p1a: Poliwag
|-damage|p1a: Poliwag|97\/272
|-damage|p2a: Nidoran-M|240\/283|[from] recoil|[of] p1a: Poliwag
|
|turn|3
|choice|move 4|move 3
|
|move|p1a: Poliwag|Psychic|p2a: Nidoran-M
|-supereffective|p2a: Nidoran-M
|-damage|p2a: Nidoran-M|0 fnt
|faint|p2a: Nidoran-M
|j|Joey-Pro-NL
|choice||switch 2
|
|switch|p2a: Starmie|Starmie, L79|257\/257
|turn|4
|choice|move 2|move 3
|
|move|p1a: Poliwag|Surf|p2a: Starmie
|-resisted|p2a: Starmie
|-damage|p2a: Starmie|135\/257
|move|p2a: Starmie|Thunderbolt|p1a: Poliwag
|-supereffective|p1a: Poliwag
|-damage|p1a: Poliwag|43\/272
|
|turn|5
|choice|move 2|move 3
|
|move|p1a: Poliwag|Surf|p2a: Starmie
|-crit|p2a: Starmie
|-resisted|p2a: Starmie
|-damage|p2a: Starmie|66\/257
|move|p2a: Starmie|Thunderbolt|p1a: Poliwag
|-supereffective|p1a: Poliwag
|-damage|p1a: Poliwag|0 fnt
|faint|p1a: Poliwag
|choice|switch 4|
|
|switch|p1a: Dugtrio|Dugtrio, L85|233\/233
|turn|6
|choice|move 1|switch 4
|
|switch|p2a: Pidgeot|Pidgeot, L90|333\/333
|move|p1a: Dugtrio|Earthquake|p2a: Pidgeot
|-immune|p2a: Pidgeot|[msg]
|
|turn|7
|choice|switch 6|move 1
|
|switch|p1a: Rhydon|Rhydon, L79|328\/328
|move|p2a: Pidgeot|Double-Edge|p1a: Rhydon
|-resisted|p1a: Rhydon
|-damage|p1a: Rhydon|282\/328
|-damage|p2a: Pidgeot|322\/333|[from] recoil|[of] p1a: Rhydon
|
|turn|8
|choice|move 3|switch 3
|
|switch|p2a: Primeape|Primeape, L90|300\/300
|move|p1a: Rhydon|Body Slam|p2a: Primeape
|-damage|p2a: Primeape|219\/300
|-status|p2a: Primeape|par
|
|turn|9
|choice|move 1|switch 4
|
|switch|p2a: Starmie|Starmie, L79|66\/257
|move|p1a: Rhydon|Earthquake|p2a: Starmie
|-damage|p2a: Starmie|0 fnt
|faint|p2a: Starmie
|choice||switch 6
|
|switch|p2a: Dragonair|Dragonair, L85|277\/277
|turn|10
|choice|switch 3|move 2
|
|switch|p1a: Raticate|Raticate, L85|267\/267
|move|p2a: Dragonair|Blizzard|p1a: Raticate
|-damage|p1a: Raticate|165\/267
|
|turn|11
|choice|move 4|switch 4
|
|switch|p2a: Primeape|Primeape, L90|219\/300 par
|move|p1a: Raticate|Body Slam|p2a: Primeape
|-damage|p2a: Primeape|121\/300 par
|
|turn|12
|choice|move 2|move 1
|
|move|p1a: Raticate|Hyper Beam|p2a: Primeape
|-crit|p2a: Primeape
|-damage|p2a: Primeape|0 fnt
|faint|p2a: Primeape
|choice||switch 3
|
|switch|p2a: Pidgeot|Pidgeot, L90|322\/333
|turn|13
|choice|switch 3|move 1
|
|switch|p1a: Rhydon|Rhydon, L79|282\/328
|move|p2a: Pidgeot|Double-Edge|p1a: Rhydon
|-crit|p1a: Rhydon
|-resisted|p1a: Rhydon
|-damage|p1a: Rhydon|195\/328
|-damage|p2a: Pidgeot|301\/333|[from] recoil|[of] p1a: Rhydon
|
|turn|14
|choice|move 2|move 1
|
|move|p2a: Pidgeot|Double-Edge|p1a: Rhydon
|-resisted|p1a: Rhydon
|-damage|p1a: Rhydon|149\/328
|-damage|p2a: Pidgeot|290\/333|[from] recoil|[of] p1a: Rhydon
|move|p1a: Rhydon|Substitute|p1a: Rhydon
|-start|p1a: Rhydon|Substitute
|-damage|p1a: Rhydon|67\/328
|
|turn|15
|choice|move 4|move 4
|
|move|p2a: Pidgeot|Mirror Move|p2a: Pidgeot
|move|p2a: Pidgeot|Substitute|p2a: Pidgeot|[from]Mirror Move
|-start|p2a: Pidgeot|Substitute
|-damage|p2a: Pidgeot|207\/333
|move|p1a: Rhydon|Rock Slide|p2a: Pidgeot
|-supereffective|p2a: Pidgeot
|-end|p2a: Pidgeot|Substitute
|
|turn|16
|choice|move 4|move 1
|
|move|p2a: Pidgeot|Double-Edge|p1a: Rhydon
|-resisted|p1a: Rhydon
|-activate|p1a: Rhydon|Substitute|[damage]
|-damage|p2a: Pidgeot|195\/333|[from] recoil|[of] p1a: Rhydon
|move|p1a: Rhydon|Rock Slide|p2a: Pidgeot
|-supereffective|p2a: Pidgeot
|-damage|p2a: Pidgeot|27\/333
|
|turn|17
|choice|move 3|move 2
|
|move|p2a: Pidgeot|Rest|p2a: Pidgeot
|-status|p2a: Pidgeot|slp
|-heal|p2a: Pidgeot|333\/333 slp|[silent]
|-status|p2a: Pidgeot|slp|[from] move: Rest
|move|p1a: Rhydon|Body Slam|p2a: Pidgeot
|-damage|p2a: Pidgeot|269\/333 slp
|
|turn|18
|choice|move 4|move 1
|
|cant|p2a: Pidgeot|slp
|move|p1a: Rhydon|Rock Slide|p2a: Pidgeot|[miss]
|-miss|p1a: Rhydon
|
|turn|19
|choice|move 4|move 1
|
|-curestatus|p2a: Pidgeot|slp
|move|p1a: Rhydon|Rock Slide|p2a: Pidgeot
|-supereffective|p2a: Pidgeot
|-damage|p2a: Pidgeot|91\/333
|
|turn|20
|choice|move 4|move 1
|
|move|p2a: Pidgeot|Double-Edge|p1a: Rhydon
|-resisted|p1a: Rhydon
|-end|p1a: Rhydon|Substitute
|-damage|p2a: Pidgeot|83\/333|[from] recoil|[of] p1a: Rhydon
|move|p1a: Rhydon|Rock Slide|p2a: Pidgeot
|-supereffective|p2a: Pidgeot
|-damage|p2a: Pidgeot|0 fnt
|faint|p2a: Pidgeot
|choice||switch 4
|
|switch|p2a: Dragonair|Dragonair, L85|277\/277
|turn|21
|choice|switch 5|move 2
|
|switch|p1a: Mewtwo|Mewtwo, L70|293\/293
|move|p2a: Dragonair|Blizzard|p1a: Mewtwo
|-damage|p1a: Mewtwo|232\/293
|
|turn|22
|choice|move 4|move 1
|
|move|p1a: Mewtwo|Ice Beam|p2a: Dragonair
|-crit|p2a: Dragonair
|-supereffective|p2a: Dragonair
|-damage|p2a: Dragonair|7\/277
|move|p2a: Dragonair|Thunder Wave|p1a: Mewtwo
|-status|p1a: Mewtwo|par
|
|turn|23
|choice|move 1|switch 5
|
|switch|p2a: Ninetales|Ninetales, L85|298\/298
|cant|p1a: Mewtwo|par
|
|turn|24
|choice|move 1|move 1
|
|move|p2a: Ninetales|Fire Blast|p1a: Mewtwo
|-crit|p1a: Mewtwo
|-damage|p1a: Mewtwo|32\/293 par
|cant|p1a: Mewtwo|par
|
|turn|25
|choice|move 1|move 4
|
|move|p2a: Ninetales|Double-Edge|p1a: Mewtwo
|-damage|p1a: Mewtwo|0 fnt
|-damage|p2a: Ninetales|290\/298|[from] recoil|[of] p1a: Mewtwo
|faint|p1a: Mewtwo
|choice|switch 2|
|
|switch|p1a: Jolteon|Jolteon, L79|265\/265
|turn|26
|choice|move 1|move 1
|
|move|p1a: Jolteon|Thunderbolt|p2a: Ninetales
|-damage|p2a: Ninetales|203\/298
|move|p2a: Ninetales|Fire Blast|p1a: Jolteon
|-damage|p1a: Jolteon|133\/265
|-status|p1a: Jolteon|brn
|
|turn|27
|choice|move 1|move 3
|
|move|p1a: Jolteon|Thunderbolt|p2a: Ninetales
|-damage|p2a: Ninetales|116\/298
|-damage|p1a: Jolteon|117\/265 brn|[from] brn|[of] p2a: Ninetales
|move|p2a: Ninetales|Hyper Beam|p1a: Jolteon
|-damage|p1a: Jolteon|0 fnt
|faint|p1a: Jolteon
|choice|switch 3|
|
|switch|p1a: Raticate|Raticate, L85|165\/267
|turn|28
|choice|move 4|move 1
|
|move|p2a: Ninetales|Fire Blast|p1a: Raticate
|-damage|p1a: Raticate|0 fnt
|faint|p1a: Raticate
|choice|switch 5|
|
|switch|p1a: Rhydon|Rhydon, L79|67\/328
|turn|29
|choice|move 1|move 1
|
|move|p2a: Ninetales|Fire Blast|p1a: Rhydon
|-resisted|p1a: Rhydon
|-damage|p1a: Rhydon|0 fnt
|faint|p1a: Rhydon
|choice|switch 6|
|
|switch|p1a: Dugtrio|Dugtrio, L85|233\/233
|turn|30
|choice|move 1|move 3
|
|move|p1a: Dugtrio|Earthquake|p2a: Ninetales
|-supereffective|p2a: Ninetales
|-damage|p2a: Ninetales|0 fnt
|faint|p2a: Ninetales
|choice||switch 5
|
|switch|p2a: Dragonair|Dragonair, L85|7\/277
|turn|31
|choice|move 1|move 2
|
|move|p1a: Dugtrio|Earthquake|p2a: Dragonair
|-damage|p2a: Dragonair|0 fnt
|faint|p2a: Dragonair
|
|win|MALESANI
|l|Project M Lives On
|player|p2
|raw|MALESANI's rating: 1324 &rarr; <strong>1331<\/strong><br \/>(+7 for winning)
|raw|Project M Lives On's rating: 1081 &rarr; <strong>1072<\/strong><br \/>(-9 for losing)