|join|lcusi
|join|XianJu
|player|p1|lcusi|170
|player|p2|XianJu|130
|gametype|singles
|gen|1
|tier|[Gen 1] Random Battle
|rated
|rule|Sleep Clause Mod: Limit one foe put to sleep
|rule|Freeze Clause Mod: Limit one foe frozen
|rule|HP Percentage Mod: HP is shown in percentages
|
|start
|switch|p1a: Squirtle|Squirtle, L96|279\/279
|switch|p2a: Machop|Machop, L96|329\/329
|turn|1
|
|move|p1a: Squirtle|Blizzard|p2a: Machop|[miss]
|-miss|p1a: Squirtle
|move|p2a: Machop|Mega Kick|p1a: Squirtle
|-damage|p1a: Squirtle|172\/279
|
|turn|2
|
|move|p1a: Squirtle|Blizzard|p2a: Machop|[miss]
|-miss|p1a: Squirtle
|move|p2a: Machop|Submission|p1a: Squirtle
|-damage|p1a: Squirtle|77\/279
|-damage|p2a: Machop|306\/329|[from] recoil|[of] p1a: Squirtle
|
|turn|3
|
|move|p1a: Squirtle|Blizzard|p2a: Machop
|-damage|p2a: Machop|208\/329
|move|p2a: Machop|Double-Edge|p1a: Squirtle
|-damage|p1a: Squirtle|0 fnt
|-damage|p2a: Machop|189\/329|[from] recoil|[of] p1a: Squirtle
|faint|p1a: Squirtle
|
|switch|p1a: Onix|Onix, L90|246\/246
|turn|4
|
|move|p1a: Onix|Earthquake|p2a: Machop
|-damage|p2a: Machop|96\/329
|move|p2a: Machop|Submission|p1a: Onix
|-crit|p1a: Onix
|-supereffective|p1a: Onix
|-damage|p1a: Onix|21\/246
|-damage|p2a: Machop|40\/329|[from] recoil|[of] p1a: Onix
|
|turn|5
|
|switch|p2a: Persian|Persian, L79|265\/265
|move|p1a: Onix|Earthquake|p2a: Persian
|-damage|p2a: Persian|155\/265
|
|turn|6
|
|move|p2a: Persian|Slash|p1a: Onix
|-crit|p1a: Onix
|-resisted|p1a: Onix
|-damage|p1a: Onix|0 fnt
|faint|p1a: Onix
|
|switch|p1a: Kakuna|Kakuna, L99|290\/290
|turn|7
|
|move|p2a: Persian|Thunderbolt|p1a: Kakuna
|-damage|p1a: Kakuna|219\/290
|move|p1a: Kakuna|Poison Sting|p2a: Persian
|-damage|p2a: Persian|140\/265
|
|turn|8
|
|move|p2a: Persian|Slash|p1a: Kakuna
|-crit|p1a: Kakuna
|-damage|p1a: Kakuna|93\/290
|move|p1a: Kakuna|Poison Sting|p2a: Persian
|-damage|p2a: Persian|124\/265
|-status|p2a: Persian|psn
|
|turn|9
|
|move|p2a: Persian|Slash|p1a: Kakuna
|-crit|p1a: Kakuna
|-damage|p1a: Kakuna|0 fnt
|faint|p1a: Kakuna
|
|switch|p1a: Snorlax|Snorlax, L79|415\/415
|turn|10
|
|move|p2a: Persian|Screech|p1a: Snorlax
|-unboost|p1a: Snorlax|def|2
|-damage|p2a: Persian|108\/265 psn|[from] psn|[of] p1a: Snorlax
|move|p1a: Snorlax|Thunderbolt|p2a: Persian
|-damage|p2a: Persian|45\/265 psn
|
|turn|11
|
|switch|p2a: Magmar|Magmar, L90|300\/300
|move|p1a: Snorlax|Ice Beam|p2a: Magmar
|-damage|p2a: Magmar|257\/300
|
|turn|12
|
|move|p2a: Magmar|Confuse Ray|p1a: Snorlax
|-start|p1a: Snorlax|confusion
|-activate|p1a: Snorlax|confusion
|move|p1a: Snorlax|Amnesia|p1a: Snorlax
|-boost|p1a: Snorlax|spd|2
|-boost|p1a: Snorlax|spa|2
|
|turn|13
|
|switch|p1a: Chansey|Chansey, L79|557\/557
|move|p2a: Magmar|Hyper Beam|p1a: Chansey
|-damage|p1a: Chansey|230\/557
|
|turn|14
|-mustrecharge|p2a: Magmar
|-mustrecharge|p2a: Magmar
|
|cant|p2a: Magmar|recharge
|move|p1a: Chansey|Soft-Boiled|p1a: Chansey
|-heal|p1a: Chansey|508\/557
|
|turn|15
|
|move|p2a: Magmar|Confuse Ray|p1a: Chansey
|-start|p1a: Chansey|confusion
|-activate|p1a: Chansey|confusion
|-damage|p1a: Chansey|480\/557|[from] confusion
|
|turn|16
|
|move|p2a: Magmar|Fire Blast|p1a: Chansey|[miss]
|-miss|p2a: Magmar
|-activate|p1a: Chansey|confusion
|move|p1a: Chansey|Thunder Wave|p2a: Magmar
|-status|p2a: Magmar|par
|
|turn|17
|
|switch|p1a: Snorlax|Snorlax, L79|415\/415
|move|p2a: Magmar|Fire Blast|p1a: Snorlax
|-damage|p1a: Snorlax|240\/415
|
|turn|18
|
|move|p1a: Snorlax|Amnesia|p1a: Snorlax
|-boost|p1a: Snorlax|spd|2
|-boost|p1a: Snorlax|spa|2
|move|p2a: Magmar|Fire Blast|p1a: Snorlax
|-damage|p1a: Snorlax|156\/415
|-status|p1a: Snorlax|brn
|
|turn|19
|
|move|p1a: Snorlax|Thunderbolt|p2a: Magmar
|-crit|p2a: Magmar
|-damage|p2a: Magmar|168\/300 par
|-damage|p1a: Snorlax|131\/415 brn|[from] brn|[of] p2a: Magmar
|cant|p2a: Magmar|par
|
|turn|20
|
|move|p1a: Snorlax|Thunderbolt|p2a: Magmar
|-damage|p2a: Magmar|72\/300 par
|-damage|p1a: Snorlax|106\/415 brn|[from] brn|[of] p2a: Magmar
|cant|p2a: Magmar|par
|
|turn|21
|
|move|p1a: Snorlax|Thunderbolt|p2a: Magmar
|-damage|p2a: Magmar|0 fnt
|faint|p2a: Magmar
|
|switch|p2a: Machop|Machop, L96|40\/329
|turn|22
|
|move|p2a: Machop|Submission|p1a: Snorlax|[miss]
|-miss|p2a: Machop
|move|p1a: Snorlax|Thunderbolt|p2a: Machop
|-crit|p2a: Machop
|-damage|p2a: Machop|0 fnt
|faint|p2a: Machop
|
|switch|p2a: Persian|Persian, L79|45\/265 psn
|turn|23
|
|move|p2a: Persian|Slash|p1a: Snorlax
|-crit|p1a: Snorlax
|-damage|p1a: Snorlax|0 fnt
|faint|p1a: Snorlax
|
|switch|p1a: Chansey|Chansey, L79|480\/557
|turn|24
|
|move|p2a: Persian|Screech|p1a: Chansey
|-unboost|p1a: Chansey|def|2
|-damage|p2a: Persian|29\/265 psn|[from] psn|[of] p1a: Chansey
|move|p1a: Chansey|Ice Beam|p2a: Persian
|-damage|p2a: Persian|0 fnt
|faint|p2a: Persian
|
|switch|p2a: Charmeleon|Charmeleon, L85|272\/272
|turn|25
|
|move|p2a: Charmeleon|Submission|p1a: Chansey
|-supereffective|p1a: Chansey
|-damage|p1a: Chansey|7\/557
|-damage|p2a: Charmeleon|154\/272|[from] recoil|[of] p1a: Chansey
|move|p1a: Chansey|Reflect|p1a: Chansey
|-start|p1a: Chansey|Reflect
|
|turn|26
|
|move|p2a: Charmeleon|Body Slam|p1a: Chansey
|-damage|p1a: Chansey|0 fnt
|faint|p1a: Chansey
|
|switch|p1a: Jynx|Jynx, L79|265\/265
|turn|27
|
|move|p1a: Jynx|Lovely Kiss|p2a: Charmeleon|[miss]
|-miss|p1a: Jynx
|move|p2a: Charmeleon|Body Slam|p1a: Jynx
|-crit|p1a: Jynx
|-damage|p1a: Jynx|113\/265
|-status|p1a: Jynx|par
|
|turn|28
|-message|lcusi forfeited.
|
|win|XianJu
|leave|lcusi
|player|p1
||Ladder (probably) updated, but score could not be retrieved (Response not received).