|join|Lait
|join|Mandelbrot
|player|p1|Lait|159
|player|p2|Mandelbrot|101
|gametype|singles
|gen|1
|tier|[Gen 1] Random Battle
|rated
|rule|Sleep Clause Mod: Limit one foe put to sleep
|rule|Freeze Clause Mod: Limit one foe frozen
|rule|HP Percentage Mod: HP is shown in percentages
|
|start
|switch|p1a: Alakazam|Alakazam, L79|249\/249
|switch|p2a: Magneton|Magneton, L90|273\/273
|turn|1
|
|switch|p1a: Nidoqueen|Nidoqueen, L85|327\/327
|move|p2a: Magneton|Thunder Wave|p1a: Nidoqueen
|-immune|p1a: Nidoqueen|[msg]
|
|turn|2
|
|switch|p2a: Butterfree|Butterfree, L90|291\/291
|move|p1a: Nidoqueen|Earthquake|p2a: Butterfree
|-immune|p2a: Butterfree|[msg]
|
|turn|3
|
|switch|p2a: Kingler|Kingler, L85|267\/267
|move|p1a: Nidoqueen|Blizzard|p2a: Kingler
|-resisted|p2a: Kingler
|-damage|p2a: Kingler|220\/267
|-status|p2a: Kingler|frz
|
|turn|4
|
|switch|p2a: Porygon|Porygon, L85|284\/284
|move|p1a: Nidoqueen|Thunder|p2a: Porygon
|-damage|p2a: Porygon|208\/284
|
|turn|5
|
|move|p1a: Nidoqueen|Earthquake|p2a: Porygon
|-damage|p2a: Porygon|90\/284
|move|p2a: Porygon|Sharpen|p2a: Porygon
|-boost|p2a: Porygon|atk|1
|
|turn|6
|
|move|p1a: Nidoqueen|Earthquake|p2a: Porygon
|-damage|p2a: Porygon|0 fnt
|faint|p2a: Porygon
|
|switch|p2a: Wartortle|Wartortle, L85|274\/274
|turn|7
|
|move|p1a: Nidoqueen|Thunderbolt|p2a: Wartortle
|-supereffective|p2a: Wartortle
|-damage|p2a: Wartortle|139\/274
|move|p2a: Wartortle|Hydro Pump|p1a: Nidoqueen
|-supereffective|p1a: Nidoqueen
|-damage|p1a: Nidoqueen|109\/327
|
|turn|8
|
|switch|p1a: Starmie|Starmie, L79|257\/257
|move|p2a: Wartortle|Hydro Pump|p1a: Starmie
|-resisted|p1a: Starmie
|-damage|p1a: Starmie|209\/257
|
|turn|9
|
|switch|p2a: Magneton|Magneton, L90|273\/273
|move|p1a: Starmie|Thunder Wave|p2a: Magneton
|-status|p2a: Magneton|par
|
|turn|10
|
|switch|p1a: Nidoqueen|Nidoqueen, L85|109\/327
|move|p2a: Magneton|Thunderbolt|p1a: Nidoqueen
|-immune|p1a: Nidoqueen|[msg]
|
|turn|11
|
|switch|p2a: Butterfree|Butterfree, L90|291\/291
|move|p1a: Nidoqueen|Earthquake|p2a: Butterfree
|-immune|p2a: Butterfree|[msg]
|
|turn|12
|
|move|p2a: Butterfree|Psychic|p1a: Nidoqueen
|-supereffective|p1a: Nidoqueen
|-damage|p1a: Nidoqueen|0 fnt
|faint|p1a: Nidoqueen
|
|switch|p1a: Moltres|Moltres, L85|327\/327
|turn|13
|
|switch|p2a: Kingler|Kingler, L85|220\/267 frz
|move|p1a: Moltres|Fire Blast|p2a: Kingler
|-resisted|p2a: Kingler
|-damage|p2a: Kingler|116\/267 frz
|-curestatus|p2a: Kingler|frz
|
|turn|14
|
|switch|p1a: Starmie|Starmie, L79|209\/257
|switch|p2a: Magneton|Magneton, L90|273\/273 par
|
|turn|15
|
|switch|p1a: Gengar|Gengar, L79|257\/257
|move|p2a: Magneton|Thunder Wave|p1a: Gengar
|-status|p1a: Gengar|par
|
|turn|16
|
|move|p1a: Gengar|Explosion|p2a: Magneton
|-damage|p2a: Magneton|133\/273 par
|faint|p1a: Gengar
|
|switch|p1a: Alakazam|Alakazam, L79|249\/249
|turn|17
|
|move|p1a: Alakazam|Psychic|p2a: Magneton
|-damage|p2a: Magneton|51\/273 par
|cant|p2a: Magneton|par
|
|turn|18
|
|move|p1a: Alakazam|Psychic|p2a: Magneton
|-damage|p2a: Magneton|0 fnt
|faint|p2a: Magneton
|
|switch|p2a: Jigglypuff|Jigglypuff, L99|428\/428
|turn|19
|
|move|p1a: Alakazam|Thunder Wave|p2a: Jigglypuff
|-status|p2a: Jigglypuff|par
|move|p2a: Jigglypuff|Disable|p1a: Alakazam
|-start|p1a: Alakazam|Disable|Psychic
|
|turn|20
|
|switch|p1a: Omastar|Omastar, L90|309\/309
|move|p2a: Jigglypuff|Double-Edge|p1a: Omastar
|-resisted|p1a: Omastar
|-damage|p1a: Omastar|274\/309
|-damage|p2a: Jigglypuff|420\/428 par|[from] recoil|[of] p1a: Omastar
|
|turn|21
|
|move|p1a: Omastar|Hydro Pump|p2a: Jigglypuff
|-damage|p2a: Jigglypuff|145\/428 par
|move|p2a: Jigglypuff|Bubble Beam|p1a: Omastar
|-damage|p1a: Omastar|250\/309
|
|turn|22
|
|move|p1a: Omastar|Hydro Pump|p2a: Jigglypuff|[miss]
|-miss|p1a: Omastar
|move|p2a: Jigglypuff|Bubble Beam|p1a: Omastar
|-damage|p1a: Omastar|223\/309
|-unboost|p1a: Omastar|spe|1
|
|turn|23
|
|move|p1a: Omastar|Hydro Pump|p2a: Jigglypuff
|-damage|p2a: Jigglypuff|0 fnt
|faint|p2a: Jigglypuff
|
|switch|p2a: Butterfree|Butterfree, L90|291\/291
|turn|24
|
|move|p2a: Butterfree|Mega Drain|p1a: Omastar
|-crit|p1a: Omastar
|-supereffective|p1a: Omastar
|-damage|p1a: Omastar|28\/309
|move|p1a: Omastar|Blizzard|p2a: Butterfree
|-supereffective|p2a: Butterfree
|-damage|p2a: Butterfree|92\/291
|
|turn|25
|
|move|p2a: Butterfree|Mega Drain|p1a: Omastar
|-supereffective|p1a: Omastar
|-damage|p1a: Omastar|0 fnt
|-heal|p2a: Butterfree|106\/291|[from] drain|[of] p1a: Omastar
|faint|p1a: Omastar
|
|switch|p1a: Starmie|Starmie, L79|209\/257
|turn|26
|
|move|p1a: Starmie|Thunderbolt|p2a: Butterfree
|-crit|p2a: Butterfree
|-supereffective|p2a: Butterfree
|-damage|p2a: Butterfree|0 fnt
|faint|p2a: Butterfree
|
|switch|p2a: Kingler|Kingler, L85|116\/267
|turn|27
|
|move|p1a: Starmie|Thunderbolt|p2a: Kingler
|-supereffective|p2a: Kingler
|-damage|p2a: Kingler|0 fnt
|faint|p2a: Kingler
|
|switch|p2a: Wartortle|Wartortle, L85|139\/274
|turn|28
|
|move|p1a: Starmie|Thunderbolt|p2a: Wartortle
|-crit|p2a: Wartortle
|-supereffective|p2a: Wartortle
|-damage|p2a: Wartortle|0 fnt
|faint|p2a: Wartortle
|
|win|Lait
|raw|Ladder updating...
|c|★Mandelbrot|bg
|c|★Mandelbrot|jk gg
|raw|Lait's rating: 1281 &rarr; <strong>1300<\/strong><br \/>(+19 for winning)
|raw|Mandelbrot's rating: 1207 &rarr; <strong>1188<\/strong><br \/>(-19 for losing)
|leave|Mandelbrot
|player|p2