|join|Dervodel
|join|LostGod91
|player|p1|Dervodel|238
|player|p2|LostGod91|2
|gametype|singles
|gen|1
|tier|[Gen 1] Random Battle
|rated
|seed|6783,17920,6986,2318
|rule|Sleep Clause Mod: Limit one foe put to sleep
|rule|Freeze Clause Mod: Limit one foe frozen
|rule|HP Percentage Mod: HP is shown in percentages
|
|start
|switch|p1a: Cubone|Cubone, L96|291\/291
|switch|p2a: Electrode|Electrode, L90|291\/291
|turn|1
|choice|move 1|switch 6
|
|switch|p2a: Articuno|Articuno, L79|304\/304
|move|p1a: Cubone|Body Slam|p2a: Articuno
|-damage|p2a: Articuno|253\/304
|-status|p2a: Articuno|par
|
|turn|2
|choice|switch 3|move 2
|
|switch|p1a: Omastar|Omastar, L90|309\/309
|move|p2a: Articuno|Ice Beam|p1a: Omastar
|-resisted|p1a: Omastar
|-damage|p1a: Omastar|271\/309
|
|turn|3
|choice|move 1|move 1
|
|move|p1a: Omastar|Blizzard|p2a: Articuno
|-damage|p2a: Articuno|158\/304 par
|cant|p2a: Articuno|par
|
|turn|4
|choice|move 1|move 1
|
|move|p1a: Omastar|Blizzard|p2a: Articuno
|-damage|p2a: Articuno|69\/304 par
|move|p2a: Articuno|Blizzard|p1a: Omastar
|-resisted|p1a: Omastar
|-damage|p1a: Omastar|222\/309
|
|turn|5
|choice|move 1|move 1
|
|move|p1a: Omastar|Blizzard|p2a: Articuno
|-crit|p2a: Articuno
|-damage|p2a: Articuno|0 fnt
|faint|p2a: Articuno
|choice||switch 2
|
|switch|p2a: Dratini|Dratini, L96|274\/274
|turn|6
|choice|switch 3|move 3
|
|switch|p1a: Cubone|Cubone, L96|291\/291
|move|p2a: Dratini|Body Slam|p1a: Cubone
|-damage|p1a: Cubone|238\/291
|
|turn|7
|choice|move 4|move 1
|
|move|p2a: Dratini|Blizzard|p1a: Cubone
|-supereffective|p1a: Cubone
|-damage|p1a: Cubone|48\/291
|-status|p1a: Cubone|frz
|cant|p1a: Cubone|frz
|
|turn|8
|choice|switch 2|move 3
|
|switch|p1a: Pidgeotto|Pidgeotto, L90|297\/297
|move|p2a: Dratini|Body Slam|p1a: Pidgeotto
|-damage|p1a: Pidgeotto|218\/297
|
|turn|9
|choice|move 1|move 4
|
|move|p1a: Pidgeotto|Double-Edge|p2a: Dratini
|-damage|p2a: Dratini|164\/274
|-damage|p1a: Pidgeotto|191\/297|[from] recoil|[of] p2a: Dratini
|move|p2a: Dratini|Thunder|p1a: Pidgeotto
|-supereffective|p1a: Pidgeotto
|-damage|p1a: Pidgeotto|0 fnt
|faint|p1a: Pidgeotto
|choice|switch 6|
|
|switch|p1a: Hitmonchan|Hitmonchan, L90|273\/273
|turn|10
|choice|move 4|move 1
|
|move|p1a: Hitmonchan|Submission|p2a: Dratini
|-damage|p2a: Dratini|42\/274
|-damage|p1a: Hitmonchan|243\/273|[from] recoil|[of] p2a: Dratini
|move|p2a: Dratini|Blizzard|p1a: Hitmonchan
|-damage|p1a: Hitmonchan|136\/273
|
|turn|11
|choice|move 2|move 2
|
|move|p1a: Hitmonchan|Body Slam|p2a: Dratini
|-damage|p2a: Dratini|0 fnt
|faint|p2a: Dratini
|choice||switch 6
|
|switch|p2a: Electrode|Electrode, L90|291\/291
|turn|12
|choice|switch 2|move 4
|
|switch|p1a: Cubone|Cubone, L96|48\/291 frz
|move|p2a: Electrode|Thunder Wave|p1a: Cubone
|-immune|p1a: Cubone|[msg]
|
|turn|13
|choice|move 3|move 3
|
|move|p2a: Electrode|Reflect|p2a: Electrode
|-start|p2a: Electrode|Reflect
|cant|p1a: Cubone|frz
|
|turn|14
|c|★Dervodel|gg i guess
|choice|move 3|switch 3
|
|switch|p2a: Venusaur|Venusaur, L85|310\/310
|cant|p1a: Cubone|frz
|
|turn|15
|choice|switch 4|move 2
|
|switch|p1a: Kadabra|Kadabra, L85|242\/242
|move|p2a: Venusaur|Swords Dance|p2a: Venusaur
|-boost|p2a: Venusaur|atk|2
|
|turn|16
|choice|move 1|move 3
|
|move|p1a: Kadabra|Psychic|p2a: Venusaur
|-supereffective|p2a: Venusaur
|-damage|p2a: Venusaur|97\/310
|-unboost|p2a: Venusaur|spd|1
|-unboost|p2a: Venusaur|spa|1
|move|p2a: Venusaur|Sleep Powder|p1a: Kadabra|[miss]
|-miss|p2a: Venusaur
|
|turn|17
|choice|move 1|move 3
|
|move|p1a: Kadabra|Psychic|p2a: Venusaur
|-crit|p2a: Venusaur
|-supereffective|p2a: Venusaur
|-damage|p2a: Venusaur|0 fnt
|faint|p2a: Venusaur
|choice||switch 3
|
|switch|p2a: Electrode|Electrode, L90|291\/291
|turn|18
|choice|move 3|move 3
|
|move|p2a: Electrode|Reflect|p2a: Electrode
|-start|p2a: Electrode|Reflect
|move|p1a: Kadabra|Thunder Wave|p2a: Electrode
|-status|p2a: Electrode|par
|
|turn|19
|choice|move 2|move 4
|
|move|p1a: Kadabra|Seismic Toss|p2a: Electrode
|-damage|p2a: Electrode|206\/291 par
|move|p2a: Electrode|Thunder Wave|p1a: Kadabra
|-status|p1a: Kadabra|par
|
|turn|20
|choice|move 2|move 2
|
|cant|p2a: Electrode|par
|move|p1a: Kadabra|Seismic Toss|p2a: Electrode
|-damage|p2a: Electrode|121\/291 par
|
|turn|21
|choice|move 2|move 1
|
|move|p2a: Electrode|Explosion|p1a: Kadabra
|-damage|p1a: Kadabra|0 fnt
|faint|p1a: Kadabra
|faint|p2a: Electrode
|choice|switch 3|switch 5
|
|switch|p2a: Mewtwo|Mewtwo, L70|293\/293
|switch|p1a: Omastar|Omastar, L90|222\/309
|turn|22
|choice|move 2|move 1
|
|move|p2a: Mewtwo|Psychic|p1a: Omastar
|-damage|p1a: Omastar|146\/309
|move|p1a: Omastar|Mimic|p2a: Mewtwo
|-start|p1a: Omastar|Mimic|Psychic
|
|turn|23
|choice|move 3|move 1
|
|move|p2a: Mewtwo|Psychic|p1a: Omastar
|-damage|p1a: Omastar|74\/309
|move|p1a: Omastar|Hydro Pump|p2a: Mewtwo|[miss]
|-miss|p1a: Omastar
|
|turn|24
|choice|move 4|move 3
|
|move|p2a: Mewtwo|Hyper Beam|p1a: Omastar|[miss]
|-miss|p2a: Mewtwo
|move|p1a: Omastar|Rest|p1a: Omastar
|-status|p1a: Omastar|slp
|-heal|p1a: Omastar|309\/309 slp|[silent]
|-status|p1a: Omastar|slp|[from] move: Rest
|
|turn|25
|choice|move 3|move 1
|
|move|p2a: Mewtwo|Psychic|p1a: Omastar
|-damage|p1a: Omastar|233\/309 slp
|-unboost|p1a: Omastar|spd|1
|-unboost|p1a: Omastar|spa|1
|cant|p1a: Omastar|slp
|
|turn|26
|choice|switch 4|move 1
|
|switch|p1a: Cubone|Cubone, L96|48\/291 frz
|move|p2a: Mewtwo|Psychic|p1a: Cubone
|-damage|p1a: Cubone|0 fnt
|faint|p1a: Cubone
|choice|switch 4|
|
|switch|p1a: Omastar|Omastar, L90|233\/309 slp
|turn|27
|choice|move 3|move 1
|
|move|p2a: Mewtwo|Psychic|p1a: Omastar
|-crit|p1a: Omastar
|-damage|p1a: Omastar|88\/309 slp
|-curestatus|p1a: Omastar|slp
|
|turn|28
|choice|move 3|move 1
|
|move|p2a: Mewtwo|Psychic|p1a: Omastar
|-damage|p1a: Omastar|7\/309
|move|p1a: Omastar|Hydro Pump|p2a: Mewtwo
|-damage|p2a: Mewtwo|155\/293
|
|turn|29
|choice|move 4|move 1
|
|move|p2a: Mewtwo|Psychic|p1a: Omastar
|-crit|p1a: Omastar
|-damage|p1a: Omastar|0 fnt
|faint|p1a: Omastar
|choice|switch 2|
|
|switch|p1a: Hitmonchan|Hitmonchan, L90|136\/273
|turn|30
|choice|move 2|move 1
|
|move|p2a: Mewtwo|Psychic|p1a: Hitmonchan
|-supereffective|p1a: Hitmonchan
|-damage|p1a: Hitmonchan|0 fnt
|faint|p1a: Hitmonchan
|choice|switch 5|
|
|switch|p1a: Metapod|Metapod, L99|300\/300
|turn|31
|c|★Dervodel|what was the last poke?
|c|★LostGod91|chariz
|c|★Dervodel|no way
|c|★LostGod91|got an invincible team
|c|★Dervodel|prove it!
|c|★LostGod91|pick a move
|choice|move 2|switch 4
|
|switch|p2a: Charizard|Charizard, L85|306\/306
|move|p1a: Metapod|Harden|p1a: Metapod
|-boost|p1a: Metapod|def|1
|
|turn|32
|c|★Dervodel|lol sick xD
|c|★LostGod91|luck
|c|★Dervodel|gg
|choice|move 3|move 4
|
|move|p2a: Charizard|Fire Blast|p1a: Metapod
|-supereffective|p1a: Metapod
|-damage|p1a: Metapod|0 fnt
|faint|p1a: Metapod
|
|win|LostGod91
|raw|Dervodel's rating: 1409 &rarr; <strong>1376<\/strong><br \/>(-33 for losing)
|raw|LostGod91's rating: 1150 &rarr; <strong>1191<\/strong><br \/>(+41 for winning)