|j|theurbandear
|j|King UU
|player|p1|theurbandear|220
|player|p2|King UU|#kinguu
|gametype|singles
|gen|1
|tier|[Gen 1] OU
|seed|24194,18549,14918,16899
|rule|Sleep Clause Mod: Limit one foe put to sleep
|rule|Freeze Clause Mod: Limit one foe frozen
|rule|Species Clause: Limit one of each Pokémon
|rule|OHKO Clause: OHKO moves are banned
|rule|Evasion Moves Clause: Evasion moves are banned
|rule|HP Percentage Mod: HP is shown in percentages
|
|start
|switch|p1a: Jynx|Jynx|333\/333
|switch|p2a: Alakazam|Alakazam|313\/313
|turn|1
|choice|move 3|move 3
|
|move|p2a: Alakazam|Thunder Wave|p1a: Jynx
|-status|p1a: Jynx|par
|move|p1a: Jynx|Lovely Kiss|p2a: Alakazam|[miss]
|-miss|p1a: Jynx
|
|turn|2
|choice|move 3|switch 6
|
|switch|p2a: Golem|Golem|363\/363
|move|p1a: Jynx|Lovely Kiss|p2a: Golem
|-status|p2a: Golem|slp
|
|turn|3
|choice|move 1|switch 3
|
|switch|p2a: Tauros|Tauros|353\/353
|move|p1a: Jynx|Blizzard|p2a: Tauros
|-damage|p2a: Tauros|169\/353
|
|turn|4
|choice|switch 4|move 1
|
|switch|p1a: Exeggutor|Exeggutor|393\/393
|move|p2a: Tauros|Body Slam|p1a: Exeggutor
|-damage|p1a: Exeggutor|288\/393
|
|turn|5
|choice|move 1|move 2
|
|move|p2a: Tauros|Blizzard|p1a: Exeggutor
|-supereffective|p1a: Exeggutor
|-damage|p1a: Exeggutor|162\/393
|move|p1a: Exeggutor|Stun Spore|p2a: Tauros
|-status|p2a: Tauros|par
|
|turn|6
|choice|move 1|move 4
|
|move|p1a: Exeggutor|Stun Spore|p2a: Tauros
|-fail|p2a: Tauros|par
|cant|p2a: Tauros|par
|
|turn|7
|choice|move 3|move 4
|
|move|p1a: Exeggutor|Psychic|p2a: Tauros
|-damage|p2a: Tauros|24\/353 par
|move|p2a: Tauros|Hyper Beam|p1a: Exeggutor
|-damage|p1a: Exeggutor|0 fnt
|faint|p1a: Exeggutor
|choice|switch 6|
|
|switch|p1a: Golem|Golem|363\/363
|turn|8
|choice|move 1|switch 2
|
|switch|p2a: Starmie|Starmie|323\/323
|move|p1a: Golem|Earthquake|p2a: Starmie
|-damage|p2a: Starmie|177\/323
|
|turn|9
|choice|switch 2|move 1
|
|switch|p1a: Chansey|Chansey|703\/703
|move|p2a: Starmie|Blizzard|p1a: Chansey
|-damage|p1a: Chansey|619\/703
|
|turn|10
|choice|move 2|switch 2
|
|switch|p2a: Tauros|Tauros|24\/353 par
|move|p1a: Chansey|Thunder Wave|p2a: Tauros
|-fail|p2a: Tauros|par
|
|turn|11
|choice|move 3|switch 4
|
|switch|p2a: Gengar|Gengar|323\/323
|move|p1a: Chansey|Ice Beam|p2a: Gengar
|-crit|p2a: Gengar
|-damage|p2a: Gengar|200\/323
|
|turn|12
|choice|switch 4|move 1
|
|switch|p1a: Jynx|Jynx|333\/333 par
|move|p2a: Gengar|Hypnosis|p1a: Jynx
|-fail|p1a: Jynx
|
|turn|13
|choice|move 1|switch 4
|
|switch|p2a: Tauros|Tauros|24\/353 par
|move|p1a: Jynx|Blizzard|p2a: Tauros|[miss]
|-miss|p1a: Jynx
|
|turn|14
|choice|switch 2|move 3
|
|switch|p1a: Golem|Golem|363\/363
|move|p2a: Tauros|Earthquake|p1a: Golem
|-supereffective|p1a: Golem
|-damage|p1a: Golem|230\/363
|
|turn|15
|j|iAlwaysLose201
|choice|move 4|move 2
|
|move|p1a: Golem|Body Slam|p2a: Tauros
|-damage|p2a: Tauros|0 fnt
|faint|p2a: Tauros
|choice||switch 2
|
|switch|p2a: Starmie|Starmie|177\/323
|turn|16
|choice|switch 2|move 1
|
|switch|p1a: Jynx|Jynx|333\/333 par
|move|p2a: Starmie|Blizzard|p1a: Jynx
|-resisted|p1a: Jynx
|-damage|p1a: Jynx|286\/333 par
|
|turn|17
|choice|move 2|move 3
|
|move|p2a: Starmie|Recover|p2a: Starmie
|-heal|p2a: Starmie|323\/323
|cant|p1a: Jynx|par
|
|turn|18
|choice|move 2|move 2
|
|move|p2a: Starmie|Thunderbolt|p1a: Jynx
|-damage|p1a: Jynx|205\/333 par
|move|p1a: Jynx|Psychic|p2a: Starmie
|-resisted|p2a: Starmie
|-damage|p2a: Starmie|275\/323
|-unboost|p2a: Starmie|spd|1
|-unboost|p2a: Starmie|spa|1
|
|turn|19
|choice|move 1|switch 6
|
|switch|p2a: Alakazam|Alakazam|313\/313
|cant|p1a: Jynx|par
|
|turn|20
|choice|move 4|move 4
|
|move|p2a: Alakazam|Seismic Toss|p1a: Jynx
|-damage|p1a: Jynx|105\/333 par
|move|p1a: Jynx|Rest|p1a: Jynx
|-status|p1a: Jynx|slp
|-heal|p1a: Jynx|333\/333 slp|[silent]
|-status|p1a: Jynx|slp|[from] move: Rest
|
|turn|21
|choice|move 1|switch 3
|
|switch|p2a: Golem|Golem|363\/363 slp
|cant|p1a: Jynx|slp
|
|turn|22
|choice|move 1|move 2
|
|cant|p2a: Golem|slp
|-curestatus|p1a: Jynx|slp
|
|turn|23
|choice|move 1|switch 3
|
|switch|p2a: Alakazam|Alakazam|313\/313
|move|p1a: Jynx|Blizzard|p2a: Alakazam|[miss]
|-miss|p1a: Jynx
|
|turn|24
|choice|switch 4|move 3
|
|switch|p1a: Chansey|Chansey|619\/703
|move|p2a: Alakazam|Thunder Wave|p1a: Chansey
|-status|p1a: Chansey|par
|
|turn|25
|choice|move 3|move 1
|
|move|p2a: Alakazam|Psychic|p1a: Chansey
|-damage|p1a: Chansey|502\/703 par
|-unboost|p1a: Chansey|spd|1
|-unboost|p1a: Chansey|spa|1
|move|p1a: Chansey|Ice Beam|p2a: Alakazam
|-damage|p2a: Alakazam|271\/313
|-status|p2a: Alakazam|frz
|
|turn|26
|c|★King UU|ahh
|c|★theurbandear|ah sry
|choice|move 1|switch 4
|
|switch|p2a: Gengar|Gengar|200\/323
|move|p1a: Chansey|Soft-Boiled|p1a: Chansey
|-heal|p1a: Chansey|703\/703 par
|
|turn|27
|choice|move 2|move 2
|
|move|p2a: Gengar|Explosion|p1a: Chansey
|-damage|p1a: Chansey|130\/703 par
|faint|p2a: Gengar
|choice||switch 5
|
|switch|p2a: Zapdos|Zapdos|383\/383
|turn|28
|choice|switch 2|move 2
|
|switch|p1a: Golem|Golem|230\/363
|move|p2a: Zapdos|Drill Peck|p1a: Golem
|-resisted|p1a: Golem
|-damage|p1a: Golem|194\/363
|
|turn|29
|choice|move 4|switch 4
|
|switch|p2a: Alakazam|Alakazam|271\/313 frz
|move|p1a: Golem|Body Slam|p2a: Alakazam
|-damage|p2a: Alakazam|156\/313 frz
|
|turn|30
|choice|switch 4|switch 4
|
|switch|p2a: Zapdos|Zapdos|383\/383
|switch|p1a: Jynx|Jynx|333\/333
|
|turn|31
|choice|move 1|move 2
|
|move|p2a: Zapdos|Drill Peck|p1a: Jynx
|-damage|p1a: Jynx|186\/333
|move|p1a: Jynx|Blizzard|p2a: Zapdos
|-supereffective|p2a: Zapdos
|-damage|p2a: Zapdos|151\/383
|-message|Freeze Clause activated.
|
|turn|32
|c|★theurbandear|lol
|choice|move 1|move 2
|
|move|p2a: Zapdos|Drill Peck|p1a: Jynx
|-damage|p1a: Jynx|18\/333
|move|p1a: Jynx|Blizzard|p2a: Zapdos
|-supereffective|p2a: Zapdos
|-damage|p2a: Zapdos|0 fnt
|faint|p2a: Zapdos
|choice||switch 6
|
|switch|p2a: Starmie|Starmie|275\/323
|turn|33
|choice|move 4|move 2
|
|move|p2a: Starmie|Thunderbolt|p1a: Jynx
|-crit|p1a: Jynx
|-damage|p1a: Jynx|0 fnt
|faint|p1a: Jynx
|choice|switch 5|
|
|switch|p1a: Snorlax|Snorlax|523\/523
|turn|34
|choice|move 1|switch 3
|
|switch|p2a: Golem|Golem|363\/363 slp
|move|p1a: Snorlax|Body Slam|p2a: Golem
|-resisted|p2a: Golem
|-damage|p2a: Golem|319\/363 slp
|
|turn|35
|choice|move 4|move 2
|
|cant|p2a: Golem|slp
|move|p1a: Snorlax|Earthquake|p2a: Golem
|-supereffective|p2a: Golem
|-damage|p2a: Golem|174\/363 slp
|
|turn|36
|choice|move 4|move 2
|
|cant|p2a: Golem|slp
|move|p1a: Snorlax|Earthquake|p2a: Golem
|-crit|p2a: Golem
|-supereffective|p2a: Golem
|-damage|p2a: Golem|0 fnt
|faint|p2a: Golem
|choice||switch 3
|
|switch|p2a: Starmie|Starmie|275\/323
|turn|37
|choice|move 1|move 1
|
|move|p2a: Starmie|Blizzard|p1a: Snorlax
|-damage|p1a: Snorlax|409\/523
|move|p1a: Snorlax|Body Slam|p2a: Starmie
|-damage|p2a: Starmie|155\/323
|
|turn|38
|choice|move 3|move 4
|
|move|p2a: Starmie|Thunder Wave|p1a: Snorlax
|-status|p1a: Snorlax|par
|move|p1a: Snorlax|Self-Destruct|p2a: Starmie
|-damage|p2a: Starmie|0 fnt
|faint|p2a: Starmie
|faint|p1a: Snorlax
|choice|switch 3|switch 4
|
|switch|p2a: Alakazam|Alakazam|156\/313 frz
|switch|p1a: Tauros|Tauros|353\/353
|turn|39
|choice|move 1|move 1
|
|cant|p2a: Alakazam|frz
|move|p1a: Tauros|Body Slam|p2a: Alakazam
|-damage|p2a: Alakazam|0 fnt
|faint|p2a: Alakazam
|
|win|theurbandear
|c|★theurbandear|sorry for hax
|c|★theurbandear|gg
|c|★King UU|gg'
|l|King UU
|player|p2
|l|iAlwaysLose201