|join|marcoasd
|join|amaniania
|player|p1|marcoasd|101
|player|p2|amaniania|112
|gametype|singles
|gen|1
|tier|[Gen 1] OU (beta)
|rule|Sleep Clause Mod: Limit one foe put to sleep
|rule|Species Clause: Limit one of each Pokémon
|rule|OHKO Clause: OHKO moves are banned
|rule|Evasion Moves Clause: Evasion moves are banned
|rule|HP Percentage Mod: HP is shown in percentages
|
|start
|switch|p1a: Ekans|Ekans, L5|23\/23
|switch|p2a: Stabs pls|Venonat, L5|25\/25
|turn|1
|
|switch|p2a: 2 gud 4 tier|Cubone, L5|24\/24
|move|p1a: Ekans|Glare|p2a: 2 gud 4 tier
|-status|p2a: 2 gud 4 tier|par
|
|turn|2
|
|switch|p1a: Jigglypuff|Jigglypuff, L5|31\/31
|cant|p2a: 2 gud 4 tier|par
|
|turn|3
|
|switch|p2a: Stabs pls|Venonat, L5|25\/25
|move|p1a: Jigglypuff|Blizzard|p2a: Stabs pls
|-damage|p2a: Stabs pls|16\/25
|
|turn|4
|
|switch|p1a: Nidoran-M|Nidoran-M, L5|24\/24
|move|p2a: Stabs pls|Sleep Powder|p1a: Nidoran-M
|-status|p1a: Nidoran-M|slp
|
|turn|5
|join|Piexplode
|
|switch|p1a: Jigglypuff|Jigglypuff, L5|31\/31
|move|p2a: Stabs pls|Psychic|p1a: Jigglypuff
|-damage|p1a: Jigglypuff|23\/31
|
|turn|6
|
|move|p2a: Stabs pls|Stun Spore|p1a: Jigglypuff
|-status|p1a: Jigglypuff|par
|move|p1a: Jigglypuff|Psychic|p2a: Stabs pls
|-supereffective|p2a: Stabs pls
|-damage|p2a: Stabs pls|1\/25
|
|turn|7
|
|move|p2a: Stabs pls|Psychic|p1a: Jigglypuff
|-damage|p1a: Jigglypuff|15\/31 par
|-unboost|p1a: Jigglypuff|spd|1
|-unboost|p1a: Jigglypuff|spa|1
|cant|p1a: Jigglypuff|par
|
|turn|8
|
|move|p2a: Stabs pls|Psychic|p1a: Jigglypuff
|-damage|p1a: Jigglypuff|4\/31 par
|-unboost|p1a: Jigglypuff|spd|1
|-unboost|p1a: Jigglypuff|spa|1
|cant|p1a: Jigglypuff|par
|
|turn|9
|
|move|p2a: Stabs pls|Psychic|p1a: Jigglypuff
|-damage|p1a: Jigglypuff|0 fnt
|faint|p1a: Jigglypuff
|c| Piexplode|the hax is real
|
|switch|p1a: Goldeen|Goldeen, L5|24\/24
|turn|10
|join|ggc
|
|move|p1a: Goldeen|Double-Edge|p2a: Stabs pls
|-damage|p2a: Stabs pls|0 fnt
|-damage|p1a: Goldeen|24\/24|[from] recoil|[of] p2a: Stabs pls
|faint|p2a: Stabs pls
|
|switch|p2a: Stabs pls|Ekans, L5|23\/23
|turn|11
|c| Piexplode|marco I just had an idea for
|c| Piexplode|a pokemon perfect event tour
|c| Piexplode|no explosion\/selfdescrtuct
|join|Haunted.Shadow
|c|★marcoasd|yeah and no rest too
|c| Piexplode|why no rest?
|
|switch|p1a: Nidoran-M|Nidoran-M, L5|24\/24 slp
|move|p2a: Stabs pls|Glare|p1a: Nidoran-M
|-fail|p1a: Nidoran-M
|
|turn|12
|c|★amaniania|no sleep moves
|c|★marcoasd|slowbro and tanklax...
|c| Piexplode|imagine 
|c| Piexplode|RBY OU without body slam
|c| Piexplode|??
|c| ggc|that would be dumb
|
|move|p2a: Stabs pls|Earthquake|p1a: Nidoran-M
|-supereffective|p1a: Nidoran-M
|-damage|p1a: Nidoran-M|5\/24 slp
|cant|p1a: Nidoran-M|slp
|
|turn|13
|c| Piexplode|that would be different
|c| ggc|since 50% of para comes from slam
|
|move|p2a: Stabs pls|Rock Slide|p1a: Nidoran-M
|-crit|p1a: Nidoran-M
|-damage|p1a: Nidoran-M|0 fnt
|faint|p1a: Nidoran-M
|
|switch|p1a: Cubone|Cubone, L5|24\/24
|turn|14
|
|switch|p2a: UNSTOPPABLE JUGGER|Goldeen, L5|24\/24
|move|p1a: Cubone|Earthquake|p2a: UNSTOPPABLE JUGGER
|-crit|p2a: UNSTOPPABLE JUGGER
|-damage|p2a: UNSTOPPABLE JUGGER|0 fnt
|faint|p2a: UNSTOPPABLE JUGGER
|c|★amaniania|oh
|c|★amaniania|well
|c|★marcoasd|lol
|c|★amaniania|that was
|c| Piexplode|that's why
|c| Piexplode|u want zubat
|c| ggc|lol
|c| Piexplode|y\/n
|c|★amaniania|bye tauros
|c| Piexplode|:]
|
|switch|p2a: C-chansey?|Jigglypuff, L5|31\/31
|turn|15
|c|★marcoasd|terribile zubat
|join|Le Austin
|leave|ggc
|c|★marcoasd|mmm so rusty
|c| Piexplode|jiggly is a pain it's one of those mons where
|c| Piexplode|u gotta kill it asap and
|c| Piexplode|not give it tons of free switches
|c| Piexplode|since it can hit
|c| Piexplode|basically the whole tier
|c| Piexplode|SE
|c| Piexplode|with boltblizz+psychic
|c| Piexplode|and then twave for bonus
|c| Piexplode|so I guess when you bring it in decides
|c| Piexplode|what you take out and when
|
|switch|p1a: Ekans|Ekans, L5|23\/23
|move|p2a: C-chansey?|Blizzard|p1a: Ekans
|-damage|p1a: Ekans|15\/23
|
|turn|16
|
|move|p1a: Ekans|Earthquake|p2a: C-chansey?
|-damage|p2a: C-chansey?|20\/31
|move|p2a: C-chansey?|Psychic|p1a: Ekans
|-supereffective|p1a: Ekans
|-damage|p1a: Ekans|2\/23
|
|turn|17
|
|move|p1a: Ekans|Earthquake|p2a: C-chansey?
|-damage|p2a: C-chansey?|10\/31
|move|p2a: C-chansey?|Psychic|p1a: Ekans
|-supereffective|p1a: Ekans
|-damage|p1a: Ekans|0 fnt
|faint|p1a: Ekans
|
|switch|p1a: Goldeen|Goldeen, L5|24\/24
|turn|18
|
|move|p1a: Goldeen|Surf|p2a: C-chansey?
|-damage|p2a: C-chansey?|0 fnt
|faint|p2a: C-chansey?
|join|Dilwar's Alt
|
|switch|p2a: Stabs pls|Ekans, L5|23\/23
|turn|19
|
|move|p2a: Stabs pls|Glare|p1a: Goldeen
|-status|p1a: Goldeen|par
|move|p1a: Goldeen|Surf|p2a: Stabs pls
|-damage|p2a: Stabs pls|9\/23
|
|turn|20
|join|WreckDra
|join|Yo Athe1st
|join|STEELSKITTY
|c| STEELSKITTY|of all the tiers 
|
|move|p2a: Stabs pls|Rock Slide|p1a: Goldeen
|-damage|p1a: Goldeen|16\/24 par
|move|p1a: Goldeen|Surf|p2a: Stabs pls
|-damage|p2a: Stabs pls|0 fnt
|faint|p2a: Stabs pls
|
|switch|p2a: Pie pls|Nidoran-M, L5|24\/24
|turn|21
|c| STEELSKITTY|why does piex fetishize so much over this one 
|c| Piexplode|lel
|c| Piexplode|it's less cancerous than ubers ;;;
|c|+Le Austin|Play Ubers UU imo instead of LC UU
|join|MoxieInfinite
|c| Piexplode| http:\/\/www.pokemonperfect.com\/forums\/showthread.php?3179-RBY-LC-UU-2!&p=7137#post7137
|c| Piexplode|steel it took only like
|c| Piexplode|3 days to get
|c| Piexplode|all 8 signups
|
|move|p2a: Pie pls|Substitute|p2a: Pie pls
|-start|p2a: Pie pls|Substitute
|-damage|p2a: Pie pls|18\/24
|move|p1a: Goldeen|Surf|p2a: Pie pls
|-end|p2a: Pie pls|Substitute
|
|turn|22
|
|switch|p1a: Venonat|Venonat, L5|25\/25
|move|p2a: Pie pls|Substitute|p2a: Pie pls
|-start|p2a: Pie pls|Substitute
|-damage|p2a: Pie pls|12\/24
|
|turn|23
|c| MoxieInfinite|how hard did u blow them to do it?
|c| Piexplode|http:\/\/www.smogon.com\/media\/forums\/data\/avatars\/l\/236\/236344.jpg.m.1407857430
|
|switch|p2a: 2 gud 4 tier|Cubone, L5|24\/24 par
|move|p1a: Venonat|Sleep Powder|p2a: 2 gud 4 tier|[miss]
|-miss|p1a: Venonat
|
|turn|24
|c| Piexplode|lol moxie ;-;
|c| Piexplode|actually innova
|c| Piexplode|requested that
|
|switch|p1a: Goldeen|Goldeen, L5|16\/24 par
|move|p2a: 2 gud 4 tier|Fire Blast|p1a: Goldeen
|-resisted|p1a: Goldeen
|-damage|p1a: Goldeen|12\/24 par
|
|turn|25
|c| Piexplode|I hold another
|
|cant|p1a: Goldeen|par
|move|p2a: 2 gud 4 tier|Earthquake|p1a: Goldeen
|-damage|p1a: Goldeen|0 fnt
|faint|p1a: Goldeen
|c| MoxieInfinite|innova is damaged he doesnt count
|c| Piexplode|nice play marco
|c| MoxieInfinite|:o
|c| Piexplode|lel
|join|PoweredByRevenge
|c|★amaniania|pls
|c| Piexplode|innova won
|c| Piexplode|the first rby lc uu tour
|
|switch|p1a: Cubone|Cubone, L5|24\/24
|turn|26
|
|move|p1a: Cubone|Blizzard|p2a: 2 gud 4 tier
|-supereffective|p2a: 2 gud 4 tier
|-damage|p2a: 2 gud 4 tier|5\/24 par
|cant|p2a: 2 gud 4 tier|par
|
|turn|27
|leave|PoweredByRevenge
|c|★amaniania|awwww
|c| MoxieInfinite|nobody knows what the fuck is going on here tho lol
|c|★marcoasd|gg
|
|move|p1a: Cubone|Earthquake|p2a: 2 gud 4 tier
|-damage|p2a: 2 gud 4 tier|0 fnt
|faint|p2a: 2 gud 4 tier
|c| Piexplode|that's gg
|c| Dilwar's Alt|the justice
|c|★amaniania|gg
|c| MoxieInfinite|anyone can win
|
|switch|p2a: Pie pls|Nidoran-M, L5|12\/24
|turn|28
|leave|MoxieInfinite
|
|move|p2a: Pie pls|Blizzard|p1a: Cubone|[miss]
|-miss|p2a: Pie pls
|move|p1a: Cubone|Earthquake|p2a: Pie pls
|-supereffective|p2a: Pie pls
|-damage|p2a: Pie pls|0 fnt
|faint|p2a: Pie pls
|
|win|marcoasd
|join|ApplepieFTW
|c| Piexplode|wow
|c| Piexplode|hax
|leave|amaniania
|player|p2