|join|XianJu
|join|SkillGame
|player|p1|XianJu|130
|player|p2|SkillGame|169
|gametype|singles
|gen|1
|tier|[Gen 1] OU
|rated
|seed|46208,50402,38596,38498
|rule|Sleep Clause Mod: Limit one foe put to sleep
|rule|Freeze Clause Mod: Limit one foe frozen
|rule|Species Clause: Limit one of each Pokémon
|rule|OHKO Clause: OHKO moves are banned
|rule|Evasion Moves Clause: Evasion moves are banned
|rule|HP Percentage Mod: HP is shown in percentages
|
|start
|switch|p1a: Alakazam|Alakazam|313\/313
|switch|p2a: Alakazam|Alakazam|313\/313
|turn|1
|join|raddical
|choice|switch 3|switch 2
|
|switch|p1a: Chansey|Chansey|703\/703
|switch|p2a: Chansey|Chansey|703\/703
|
|turn|2
|choice|switch 6|move 2
|
|switch|p1a: Gengar|Gengar|323\/323
|move|p2a: Chansey|Ice Beam|p1a: Gengar
|-damage|p1a: Gengar|259\/323
|
|turn|3
|choice|move 1|switch 3
|
|switch|p2a: Snorlax|Snorlax|523\/523
|move|p1a: Gengar|Hypnosis|p2a: Snorlax
|-status|p2a: Snorlax|slp
|
|turn|4
|choice|switch 2|switch 3
|
|switch|p1a: Rhydon|Rhydon|413\/413
|switch|p2a: Chansey|Chansey|703\/703
|
|turn|5
|choice|move 4|move 4
|
|move|p1a: Rhydon|Body Slam|p2a: Chansey
|-damage|p2a: Chansey|471\/703
|move|p2a: Chansey|Counter|p1a: Rhydon
|-damage|p1a: Rhydon|0 fnt
|faint|p1a: Rhydon
|choice|switch 6|
|
|switch|p1a: Chansey|Chansey|703\/703
|turn|6
|choice|move 1|switch 3
|
|switch|p2a: Snorlax|Snorlax|523\/523 slp
|move|p1a: Chansey|Ice Beam|p2a: Snorlax
|-damage|p2a: Snorlax|426\/523 slp
|
|turn|7
|choice|switch 3|move 2
|
|switch|p1a: Alakazam|Alakazam|313\/313
|cant|p2a: Snorlax|slp
|
|turn|8
|choice|move 4|switch 5
|
|switch|p2a: Exeggutor|Exeggutor|393\/393
|move|p1a: Alakazam|Reflect|p1a: Alakazam
|-start|p1a: Alakazam|Reflect
|
|turn|9
|choice|move 3|move 1
|
|move|p1a: Alakazam|Thunder Wave|p2a: Exeggutor
|-status|p2a: Exeggutor|par
|move|p2a: Exeggutor|Sleep Powder|p1a: Alakazam
|-status|p1a: Alakazam|slp
|
|turn|10
|choice|move 1|switch 4
|
|switch|p2a: Tauros|Tauros|353\/353
|cant|p1a: Alakazam|slp
|
|turn|11
|choice|move 1|move 4
|
|cant|p1a: Alakazam|slp
|move|p2a: Tauros|Earthquake|p1a: Alakazam
|-damage|p1a: Alakazam|250\/313 slp
|
|turn|12
|choice|move 1|move 1
|
|cant|p1a: Alakazam|slp
|move|p2a: Tauros|Body Slam|p1a: Alakazam
|-damage|p1a: Alakazam|174\/313 slp
|
|turn|13
|choice|move 1|move 1
|
|cant|p1a: Alakazam|slp
|move|p2a: Tauros|Body Slam|p1a: Alakazam
|-crit|p1a: Alakazam
|-damage|p1a: Alakazam|0 fnt
|faint|p1a: Alakazam
|choice|switch 5|
|
|switch|p1a: Starmie|Starmie|323\/323
|turn|14
|choice|move 1|switch 3
|
|switch|p2a: Chansey|Chansey|471\/703
|move|p1a: Starmie|Surf|p2a: Chansey
|-crit|p2a: Chansey
|-damage|p2a: Chansey|262\/703
|
|turn|15
|choice|switch 3|move 1
|
|switch|p1a: Chansey|Chansey|703\/703
|move|p2a: Chansey|Soft-Boiled|p2a: Chansey
|-heal|p2a: Chansey|613\/703
|
|turn|16
|choice|move 1|switch 5
|
|switch|p2a: Snorlax|Snorlax|426\/523 slp
|move|p1a: Chansey|Ice Beam|p2a: Snorlax
|-damage|p2a: Snorlax|318\/523 slp
|
|turn|17
|choice|move 1|move 2
|
|move|p1a: Chansey|Ice Beam|p2a: Snorlax
|-damage|p2a: Snorlax|211\/523 slp
|cant|p2a: Snorlax|slp
|
|turn|18
|choice|move 4|move 2
|
|move|p1a: Chansey|Thunderbolt|p2a: Snorlax
|-damage|p2a: Snorlax|106\/523 slp
|cant|p2a: Snorlax|slp
|
|turn|19
|choice|move 4|switch 5
|
|switch|p2a: Chansey|Chansey|613\/703
|move|p1a: Chansey|Thunderbolt|p2a: Chansey
|-damage|p2a: Chansey|540\/703
|
|turn|20
|choice|move 1|move 2
|
|move|p1a: Chansey|Ice Beam|p2a: Chansey
|-damage|p2a: Chansey|466\/703
|move|p2a: Chansey|Ice Beam|p1a: Chansey
|-damage|p1a: Chansey|628\/703
|
|turn|21
|choice|move 1|move 1
|
|move|p2a: Chansey|Soft-Boiled|p2a: Chansey
|-heal|p2a: Chansey|703\/703
|move|p1a: Chansey|Ice Beam|p2a: Chansey
|-damage|p2a: Chansey|630\/703
|
|turn|22
|choice|move 1|move 2
|
|move|p2a: Chansey|Ice Beam|p1a: Chansey
|-damage|p1a: Chansey|557\/703
|move|p1a: Chansey|Ice Beam|p2a: Chansey
|-crit|p2a: Chansey
|-damage|p2a: Chansey|483\/703
|
|turn|23
|choice|move 1|move 1
|
|move|p1a: Chansey|Ice Beam|p2a: Chansey
|-damage|p2a: Chansey|408\/703
|move|p2a: Chansey|Soft-Boiled|p2a: Chansey
|-heal|p2a: Chansey|703\/703
|
|turn|24
|choice|move 1|move 3
|
|move|p2a: Chansey|Thunderbolt|p1a: Chansey
|-damage|p1a: Chansey|483\/703
|move|p1a: Chansey|Ice Beam|p2a: Chansey
|-damage|p2a: Chansey|631\/703
|
|turn|25
|choice|move 1|move 3
|
|move|p1a: Chansey|Ice Beam|p2a: Chansey
|-crit|p2a: Chansey
|-damage|p2a: Chansey|497\/703
|move|p2a: Chansey|Thunderbolt|p1a: Chansey
|-damage|p1a: Chansey|404\/703
|
|turn|26
|choice|move 1|switch 5
|
|switch|p2a: Snorlax|Snorlax|106\/523 slp
|move|p1a: Chansey|Ice Beam|p2a: Snorlax
|-damage|p2a: Snorlax|10\/523 slp
|
|turn|27
|choice|move 4|move 4
|
|move|p1a: Chansey|Thunderbolt|p2a: Snorlax
|-damage|p2a: Snorlax|0 fnt
|faint|p2a: Snorlax
|choice||switch 6
|
|switch|p2a: Rhydon|Rhydon|413\/413
|turn|28
|choice|switch 3|move 3
|
|switch|p1a: Starmie|Starmie|323\/323
|move|p2a: Rhydon|Earthquake|p1a: Starmie
|-damage|p1a: Starmie|170\/323
|
|turn|29
|leave|raddical
|choice|move 1|switch 5
|
|switch|p2a: Chansey|Chansey|497\/703
|move|p1a: Starmie|Surf|p2a: Chansey
|-crit|p2a: Chansey
|-damage|p2a: Chansey|298\/703
|
|turn|30
|choice|move 3|move 1
|
|move|p1a: Starmie|Recover|p1a: Starmie
|-heal|p1a: Starmie|323\/323
|move|p2a: Chansey|Soft-Boiled|p2a: Chansey
|-heal|p2a: Chansey|649\/703
|
|turn|31
|choice|switch 3|move 3
|
|switch|p1a: Chansey|Chansey|404\/703
|move|p2a: Chansey|Thunderbolt|p1a: Chansey
|-damage|p1a: Chansey|335\/703
|
|turn|32
|choice|move 1|switch 5
|
|switch|p2a: Rhydon|Rhydon|413\/413
|move|p1a: Chansey|Ice Beam|p2a: Rhydon
|-supereffective|p2a: Rhydon
|-damage|p2a: Rhydon|181\/413
|
|turn|33
|choice|move 1|move 3
|
|move|p1a: Chansey|Ice Beam|p2a: Rhydon
|-supereffective|p2a: Rhydon
|-damage|p2a: Rhydon|0 fnt
|faint|p2a: Rhydon
|choice||switch 3
|
|switch|p2a: Tauros|Tauros|353\/353
|turn|34
|join|raddical
|choice|switch 3|move 2
|
|switch|p1a: Starmie|Starmie|323\/323
|move|p2a: Tauros|Hyper Beam|p1a: Starmie
|-damage|p1a: Starmie|122\/323
|
|turn|35
|-mustrecharge|p2a: Tauros
|-mustrecharge|p2a: Tauros
|choice|move 4|move 1
|
|move|p1a: Starmie|Thunder Wave|p2a: Tauros
|-status|p2a: Tauros|par
|cant|p2a: Tauros|recharge
|
|turn|36
|c|★SkillGame|me cago en todo tio
|c|★SkillGame|soy subnormal
|c|★SkillGame|...
|choice|move 3|move 1
|
|move|p1a: Starmie|Recover|p1a: Starmie
|-heal|p1a: Starmie|283\/323
|move|p2a: Tauros|Body Slam|p1a: Starmie
|-damage|p1a: Starmie|170\/323
|
|turn|37
|choice|move 3|switch 5
|
|switch|p2a: Chansey|Chansey|649\/703
|move|p1a: Starmie|Recover|p1a: Starmie
|-heal|p1a: Starmie|323\/323
|
|turn|38
|choice|switch 3|switch 5
|
|switch|p1a: Chansey|Chansey|335\/703
|switch|p2a: Tauros|Tauros|353\/353 par
|
|turn|39
|choice|switch 3|move 1
|
|switch|p1a: Starmie|Starmie|323\/323
|move|p2a: Tauros|Body Slam|p1a: Starmie
|-damage|p1a: Starmie|205\/323
|
|turn|40
|choice|move 1|switch 4
|
|switch|p2a: Exeggutor|Exeggutor|393\/393 par
|move|p1a: Starmie|Surf|p2a: Exeggutor
|-resisted|p2a: Exeggutor
|-damage|p2a: Exeggutor|344\/393 par
|
|turn|41
|choice|switch 2|switch 5
|
|switch|p1a: Gengar|Gengar|259\/323
|switch|p2a: Chansey|Chansey|649\/703
|
|turn|42
|choice|move 3|move 2
|
|move|p1a: Gengar|Explosion|p2a: Chansey
|-damage|p2a: Chansey|93\/703
|faint|p1a: Gengar
|choice|switch 2|
|
|switch|p1a: Starmie|Starmie|205\/323
|turn|43
|choice|move 1|move 1
|
|move|p1a: Starmie|Surf|p2a: Chansey
|-damage|p2a: Chansey|0 fnt
|faint|p2a: Chansey
|choice||switch 4
|
|switch|p2a: Tauros|Tauros|353\/353 par
|turn|44
|choice|move 1|move 1
|
|move|p1a: Starmie|Surf|p2a: Tauros
|-crit|p2a: Tauros
|-damage|p2a: Tauros|78\/353 par
|move|p2a: Tauros|Body Slam|p1a: Starmie
|-damage|p1a: Starmie|93\/323
|
|turn|45
|choice|move 1|move 2
|
|move|p1a: Starmie|Surf|p2a: Tauros
|-damage|p2a: Tauros|0 fnt
|faint|p2a: Tauros
|choice||switch 5
|
|switch|p2a: Exeggutor|Exeggutor|344\/393 par
|turn|46
|choice|move 3|move 1
|
|move|p1a: Starmie|Recover|p1a: Starmie
|-heal|p1a: Starmie|254\/323
|move|p2a: Exeggutor|Sleep Powder|p1a: Starmie|[miss]
|-miss|p2a: Exeggutor
|
|turn|47
|choice|move 3|move 1
|
|move|p1a: Starmie|Recover|p1a: Starmie
|-heal|p1a: Starmie|323\/323
|move|p2a: Exeggutor|Sleep Powder|p1a: Starmie|[miss]
|-miss|p2a: Exeggutor
|
|turn|48
|choice|move 1|move 1
|
|move|p1a: Starmie|Surf|p2a: Exeggutor
|-resisted|p2a: Exeggutor
|-damage|p2a: Exeggutor|297\/393 par
|cant|p2a: Exeggutor|par
|
|turn|49
|choice|move 1|move 1
|
|move|p1a: Starmie|Surf|p2a: Exeggutor
|-resisted|p2a: Exeggutor
|-damage|p2a: Exeggutor|247\/393 par
|move|p2a: Exeggutor|Sleep Powder|p1a: Starmie|[miss]
|-miss|p2a: Exeggutor
|
|turn|50
|choice|move 1|move 1
|
|move|p1a: Starmie|Surf|p2a: Exeggutor
|-resisted|p2a: Exeggutor
|-damage|p2a: Exeggutor|197\/393 par
|move|p2a: Exeggutor|Sleep Powder|p1a: Starmie|[miss]
|-miss|p2a: Exeggutor
|
|turn|51
|choice|move 1|move 1
|
|move|p1a: Starmie|Surf|p2a: Exeggutor
|-resisted|p2a: Exeggutor
|-damage|p2a: Exeggutor|147\/393 par
|cant|p2a: Exeggutor|par
|
|turn|52
|choice|move 1|move 1
|
|move|p1a: Starmie|Surf|p2a: Exeggutor
|-resisted|p2a: Exeggutor
|-damage|p2a: Exeggutor|98\/393 par
|cant|p2a: Exeggutor|par
|
|turn|53
|choice|move 1|move 1
|
|move|p1a: Starmie|Surf|p2a: Exeggutor
|-resisted|p2a: Exeggutor
|-damage|p2a: Exeggutor|47\/393 par
|move|p2a: Exeggutor|Sleep Powder|p1a: Starmie
|-status|p1a: Starmie|slp
|
|turn|54
|choice|move 1|move 2
|
|cant|p1a: Starmie|slp
|move|p2a: Exeggutor|Explosion|p1a: Starmie
|-damage|p1a: Starmie|24\/323 slp
|faint|p2a: Exeggutor
|choice||switch 2
|
|switch|p2a: Alakazam|Alakazam|313\/313
|turn|55
|choice|move 1|move 1
|
|move|p2a: Alakazam|Psychic|p1a: Starmie
|-crit|p1a: Starmie
|-resisted|p1a: Starmie
|-damage|p1a: Starmie|0 fnt
|faint|p1a: Starmie
|choice|switch 4|
|
|switch|p1a: Exeggutor|Exeggutor|393\/393
|turn|56
|choice|move 1|move 3
|
|move|p2a: Alakazam|Thunder Wave|p1a: Exeggutor
|-status|p1a: Exeggutor|par
|move|p1a: Exeggutor|Sleep Powder|p2a: Alakazam|[miss]
|-miss|p1a: Exeggutor
|
|turn|57
|choice|move 1|move 1
|
|move|p2a: Alakazam|Psychic|p1a: Exeggutor
|-resisted|p1a: Exeggutor
|-damage|p1a: Exeggutor|342\/393 par
|move|p1a: Exeggutor|Sleep Powder|p2a: Alakazam
|-status|p2a: Alakazam|slp
|
|turn|58
|choice|move 3|move 1
|
|cant|p2a: Alakazam|slp
|move|p1a: Exeggutor|Explosion|p2a: Alakazam
|-damage|p2a: Alakazam|0 fnt
|faint|p2a: Alakazam
|faint|p1a: Exeggutor
|
|win|XianJu
|raw|XianJu's rating: 1173 &rarr; <strong>1187<\/strong><br \/>(+14 for winning)
|raw|SkillGame's rating: 1000 &rarr; <strong>1000<\/strong><br \/>(+0 for losing)
|leave|SkillGame
|leave|raddical
|player|p2