|join|Bollowegen
|join|MALESANI
|player|p1|Bollowegen|100
|player|p2|MALESANI|238
|gametype|singles
|gen|1
|tier|[Gen 1] Random Battle
|rated
|seed|57266,53109,24528,17523
|rule|Sleep Clause Mod: Limit one foe put to sleep
|rule|Freeze Clause Mod: Limit one foe frozen
|rule|HP Percentage Mod: HP is shown in percentages
|
|start
|switch|p1a: Diglett|Diglett, L96|214\/214
|switch|p2a: Koffing|Koffing, L96|272\/272
|turn|1
|choice|move 4|switch 6
|
|switch|p2a: Scyther|Scyther, L90|309\/309
|move|p1a: Diglett|Slash|p2a: Scyther
|-crit|p2a: Scyther
|-damage|p2a: Scyther|223\/309
|
|turn|2
|choice|switch 6|move 1
|
|switch|p1a: Gengar|Gengar, L79|257\/257
|move|p2a: Scyther|Slash|p1a: Gengar
|-immune|p1a: Gengar|[msg]
|
|turn|3
|join|Shen233
|leave|Shen233
|choice|move 1|switch 2
|
|switch|p2a: Paras|Paras, L96|262\/262
|move|p1a: Gengar|Hypnosis|p2a: Paras
|-status|p2a: Paras|slp
|
|turn|4
|choice|switch 6|switch 5
|
|switch|p1a: Diglett|Diglett, L96|214\/214
|switch|p2a: Alakazam|Alakazam, L79|249\/249
|
|turn|5
|choice|switch 3|move 1
|
|switch|p1a: Tangela|Tangela, L85|284\/284
|move|p2a: Alakazam|Psychic|p1a: Tangela
|-damage|p1a: Tangela|182\/284
|
|turn|6
|choice|move 4|move 1
|
|move|p2a: Alakazam|Psychic|p1a: Tangela
|-crit|p1a: Tangela
|-damage|p1a: Tangela|0 fnt
|faint|p1a: Tangela
|choice|switch 5|
|
|switch|p1a: Porygon|Porygon, L85|284\/284
|turn|7
|choice|move 4|switch 6
|
|switch|p2a: Koffing|Koffing, L96|272\/272
|move|p1a: Porygon|Blizzard|p2a: Koffing
|-damage|p2a: Koffing|190\/272
|
|turn|8
|choice|move 4|move 4
|
|move|p2a: Koffing|Fire Blast|p1a: Porygon
|-damage|p1a: Porygon|197\/284
|move|p1a: Porygon|Blizzard|p2a: Koffing
|-damage|p2a: Koffing|104\/272
|
|turn|9
|choice|move 1|move 2
|
|move|p2a: Koffing|Sludge|p1a: Porygon
|-damage|p1a: Porygon|120\/284
|move|p1a: Porygon|Recover|p1a: Porygon
|-heal|p1a: Porygon|262\/284
|
|turn|10
|choice|move 4|move 1
|
|move|p2a: Koffing|Explosion|p1a: Porygon
|-damage|p1a: Porygon|5\/284
|faint|p2a: Koffing
|choice||switch 6
|
|switch|p2a: Alakazam|Alakazam, L79|249\/249
|turn|11
|choice|move 1|move 3
|
|move|p2a: Alakazam|Seismic Toss|p1a: Porygon
|-damage|p1a: Porygon|0 fnt
|faint|p1a: Porygon
|choice|switch 2|
|
|switch|p1a: Blastoise|Blastoise, L85|308\/308
|turn|12
|choice|move 4|move 4
|
|move|p2a: Alakazam|Thunder Wave|p1a: Blastoise
|-status|p1a: Blastoise|par
|move|p1a: Blastoise|Body Slam|p2a: Alakazam
|-damage|p2a: Alakazam|165\/249
|
|turn|13
|choice|move 4|switch 4
|
|switch|p2a: Lapras|Lapras, L79|367\/367
|move|p1a: Blastoise|Body Slam|p2a: Lapras
|-damage|p2a: Lapras|304\/367
|-status|p2a: Lapras|par
|
|turn|14
|choice|switch 3|move 3
|
|switch|p1a: Diglett|Diglett, L96|214\/214
|cant|p2a: Lapras|par
|
|turn|15
|choice|switch 4|move 3
|
|switch|p1a: Venomoth|Venomoth, L85|293\/293
|move|p2a: Lapras|Ice Beam|p1a: Venomoth
|-damage|p1a: Venomoth|206\/293
|-status|p1a: Venomoth|frz
|
|turn|16
|choice|switch 6|move 3
|
|switch|p1a: Gengar|Gengar, L79|257\/257
|cant|p2a: Lapras|par
|
|turn|17
|choice|move 4|move 3
|
|move|p1a: Gengar|Thunderbolt|p2a: Lapras
|-supereffective|p2a: Lapras
|-damage|p2a: Lapras|153\/367 par
|cant|p2a: Lapras|par
|
|turn|18
|choice|move 4|move 3
|
|move|p1a: Gengar|Thunderbolt|p2a: Lapras
|-supereffective|p2a: Lapras
|-damage|p2a: Lapras|12\/367 par
|move|p2a: Lapras|Ice Beam|p1a: Gengar
|-damage|p1a: Gengar|185\/257
|
|turn|19
|choice|move 4|move 4
|
|move|p1a: Gengar|Thunderbolt|p2a: Lapras
|-crit|p2a: Lapras
|-supereffective|p2a: Lapras
|-damage|p2a: Lapras|0 fnt
|faint|p2a: Lapras
|choice||switch 4
|
|switch|p2a: Alakazam|Alakazam, L79|165\/249
|turn|20
|choice|move 2|move 1
|
|move|p2a: Alakazam|Psychic|p1a: Gengar
|-supereffective|p1a: Gengar
|-damage|p1a: Gengar|23\/257
|-unboost|p1a: Gengar|spd|1
|-unboost|p1a: Gengar|spa|1
|move|p1a: Gengar|Explosion|p2a: Alakazam
|-damage|p2a: Alakazam|0 fnt
|faint|p2a: Alakazam
|faint|p1a: Gengar
|choice|switch 3|switch 2
|
|switch|p2a: Scyther|Scyther, L90|223\/309
|switch|p1a: Blastoise|Blastoise, L85|308\/308 par
|turn|21
|choice|move 4|move 1
|
|move|p2a: Scyther|Slash|p1a: Blastoise
|-crit|p1a: Blastoise
|-damage|p1a: Blastoise|204\/308 par
|move|p1a: Blastoise|Body Slam|p2a: Scyther
|-damage|p2a: Scyther|171\/309
|
|turn|22
|choice|move 2|move 1
|
|move|p2a: Scyther|Slash|p1a: Blastoise
|-crit|p1a: Blastoise
|-damage|p1a: Blastoise|98\/308 par
|cant|p1a: Blastoise|par
|
|turn|23
|choice|move 2|move 1
|
|move|p2a: Scyther|Slash|p1a: Blastoise
|-crit|p1a: Blastoise
|-damage|p1a: Blastoise|0 fnt
|faint|p1a: Blastoise
|choice|switch 4|
|
|switch|p1a: Diglett|Diglett, L96|214\/214
|turn|24
|choice|move 4|move 1
|
|move|p2a: Scyther|Slash|p1a: Diglett
|-crit|p1a: Diglett
|-damage|p1a: Diglett|12\/214
|move|p1a: Diglett|Slash|p2a: Scyther
|-crit|p2a: Scyther
|-damage|p2a: Scyther|82\/309
|
|turn|25
|choice|move 4|move 1
|
|move|p2a: Scyther|Slash|p1a: Diglett
|-crit|p1a: Diglett
|-damage|p1a: Diglett|0 fnt
|faint|p1a: Diglett
|-message|Bollowegen forfeited.
|
|win|MALESANI
|leave|Bollowegen
|player|p1