|j|The Bleeding
|j|andrew_andres1
|player|p1|The Bleeding|33
|player|p2|andrew_andres1|12
|gametype|singles
|gen|1
|tier|[Gen 1] Random Battle
|seed|58658,64705,40951,35755
|rule|Sleep Clause Mod: Limit one foe put to sleep
|rule|Freeze Clause Mod: Limit one foe frozen
|rule|HP Percentage Mod: HP is shown in percentages
|
|start
|switch|p1a: Primeape|Primeape, L90|300\/300
|switch|p2a: Charmander|Charmander, L96|270\/270
|turn|1
|choice|move 4|move 1
|
|move|p1a: Primeape|Rock Slide|p2a: Charmander|[miss]
|-miss|p1a: Primeape
|move|p2a: Charmander|Body Slam|p1a: Primeape
|-damage|p1a: Primeape|236\/300
|
|turn|2
|j|Luispako
|choice|move 4|move 1
|
|move|p1a: Primeape|Rock Slide|p2a: Charmander
|-crit|p2a: Charmander
|-supereffective|p2a: Charmander
|-damage|p2a: Charmander|0 fnt
|faint|p2a: Charmander
|choice||switch 5
|
|switch|p2a: Hitmonlee|Hitmonlee, L90|273\/273
|turn|3
|choice|move 1|move 2
|
|move|p1a: Primeape|Mega Kick|p2a: Hitmonlee
|-damage|p2a: Hitmonlee|138\/273
|move|p2a: Hitmonlee|Counter|p1a: Primeape
|-damage|p1a: Primeape|0 fnt
|faint|p1a: Primeape
|c|★andrew_andres1|:V
|choice|switch 2|
|
|switch|p1a: Arbok|Arbok, L90|291\/291
|turn|4
|j|HydreigonRoco
|c|★andrew_andres1|porkeria de team dios
|l|HydreigonRoco
|c| Luispako|eres buenicimo
|choice|move 3|move 4
|
|move|p2a: Hitmonlee|Body Slam|p1a: Arbok
|-damage|p1a: Arbok|211\/291
|move|p1a: Arbok|Glare|p2a: Hitmonlee
|-status|p2a: Hitmonlee|par
|
|turn|5
|c| Luispako|:vv
|j|NoSoyFolaCojones
|c|★The Bleeding|Es random bb
|j|xXMedicXx
|choice|move 2|move 4
|
|move|p1a: Arbok|Body Slam|p2a: Hitmonlee
|-crit|p2a: Hitmonlee
|-damage|p2a: Hitmonlee|0 fnt
|faint|p2a: Hitmonlee
|l|xXMedicXx
|c| NoSoyFolaCojones|que es?
|choice||switch 6
|
|switch|p2a: Hypno|Hypno, L85|318\/318
|turn|6
|c| Luispako|que es de que?
|choice|move 2|move 3
|
|move|p1a: Arbok|Body Slam|p2a: Hypno
|-damage|p2a: Hypno|243\/318
|-status|p2a: Hypno|par
|move|p2a: Hypno|Thunder Wave|p1a: Arbok
|-status|p1a: Arbok|par
|
|turn|7
|c|★andrew_andres1|que es de que equis de ?
|choice|move 1|move 1
|
|cant|p1a: Arbok|par
|move|p2a: Hypno|Psychic|p1a: Arbok
|-crit|p1a: Arbok
|-supereffective|p1a: Arbok
|-damage|p1a: Arbok|0 fnt
|faint|p1a: Arbok
|choice|switch 5|
|
|switch|p1a: Aerodactyl|Aerodactyl, L90|327\/327
|turn|8
|choice|move 4|switch 4
|
|switch|p2a: Kabutops|Kabutops, L85|276\/276
|move|p1a: Aerodactyl|Double-Edge|p2a: Kabutops
|-resisted|p2a: Kabutops
|-damage|p2a: Kabutops|241\/276
|-damage|p1a: Aerodactyl|319\/327|[from] recoil|[of] p2a: Kabutops
|
|turn|9
|l|NoSoyFolaCojones
|choice|switch 3|move 1
|
|switch|p1a: Vaporeon|Vaporeon, L85|395\/395
|move|p2a: Kabutops|Swords Dance|p2a: Kabutops
|-boost|p2a: Kabutops|atk|2
|
|turn|10
|c|★andrew_andres1|scald?
|c|★andrew_andres1|:V
|c|★andrew_andres1|jajajajajja
|c|★The Bleeding|si
|choice|move 2|move 2
|
|move|p2a: Kabutops|Body Slam|p1a: Vaporeon
|-damage|p1a: Vaporeon|215\/395
|move|p1a: Vaporeon|Body Slam|p2a: Kabutops
|-resisted|p2a: Kabutops
|-damage|p2a: Kabutops|221\/276
|
|turn|11
|c|★The Bleeding|en gen1
|choice|move 2|move 3
|
|move|p2a: Kabutops|Hyper Beam|p1a: Vaporeon|[miss]
|-miss|p2a: Kabutops
|move|p1a: Vaporeon|Body Slam|p2a: Kabutops
|-resisted|p2a: Kabutops
|-damage|p2a: Kabutops|199\/276
|
|turn|12
|c|★andrew_andres1|y falla
|choice|move 2|move 2
|
|move|p2a: Kabutops|Body Slam|p1a: Vaporeon
|-damage|p1a: Vaporeon|54\/395
|move|p1a: Vaporeon|Body Slam|p2a: Kabutops
|-resisted|p2a: Kabutops
|-damage|p2a: Kabutops|179\/276
|-status|p2a: Kabutops|par
|
|turn|13
|c|★andrew_andres1|el hiperrayo... claaaaaaro
|c|★andrew_andres1|venga
|c|★andrew_andres1|encima m apraliza
|c|★andrew_andres1|jajajajajjaja
|choice|move 4|move 2
|
|move|p1a: Vaporeon|Surf|p2a: Kabutops
|-crit|p2a: Kabutops
|-damage|p2a: Kabutops|0 fnt
|faint|p2a: Kabutops
|c|★The Bleeding|:]
|c|★andrew_andres1|ay dios..
|c|★andrew_andres1|.van d 5 suerte o may gad
|choice||switch 3
|
|switch|p2a: Jolteon|Jolteon, L79|265\/265
|turn|14
|j|HydreigonRoco
|l|HydreigonRoco
|c| Luispako|deja de llorar
|choice|move 4|move 1
|
|move|p2a: Jolteon|Thunderbolt|p1a: Vaporeon
|-crit|p1a: Vaporeon
|-supereffective|p1a: Vaporeon
|-damage|p1a: Vaporeon|0 fnt
|faint|p1a: Vaporeon
|c|★The Bleeding|^
|c|★andrew_andres1|una revancha ??
|c| Luispako|no eras invencible?
|c|★andrew_andres1|a ver si eres capaz de c
|choice|switch 4|
|
|switch|p1a: Lickitung|Lickitung, L90|345\/345
|turn|15
|c|★andrew_andres1|ganar sin suerte :V
|choice|move 2|switch 2
|
|switch|p2a: Zubat|Zubat, L96|272\/272
|move|p1a: Lickitung|Earthquake|p2a: Zubat
|-immune|p2a: Zubat|[msg]
|
|turn|16
|j|alexgalvanventura
|c| Luispako|JAJAJAJA
|choice|move 3|move 2
|
|move|p2a: Zubat|Confuse Ray|p1a: Lickitung
|-start|p1a: Lickitung|confusion
|-activate|p1a: Lickitung|confusion
|-damage|p1a: Lickitung|318\/345|[from] confusion
|
|turn|17
|c| Luispako|SIN SUERTE
|c| Luispako|EN GEN 1
|choice|switch 3|move 1
|
|switch|p1a: Aerodactyl|Aerodactyl, L90|319\/327
|move|p2a: Zubat|Double-Edge|p1a: Aerodactyl
|-resisted|p1a: Aerodactyl
|-damage|p1a: Aerodactyl|286\/327
|-damage|p2a: Zubat|264\/272|[from] recoil|[of] p1a: Aerodactyl
|
|turn|18
|choice|move 2|move 2
|
|move|p1a: Aerodactyl|Reflect|p1a: Aerodactyl
|-start|p1a: Aerodactyl|Reflect
|move|p2a: Zubat|Confuse Ray|p1a: Aerodactyl
|-start|p1a: Aerodactyl|confusion
|
|turn|19
|choice|move 4|move 3
|
|-activate|p1a: Aerodactyl|confusion
|move|p1a: Aerodactyl|Double-Edge|p2a: Zubat
|-damage|p2a: Zubat|142\/272
|-damage|p1a: Aerodactyl|256\/327|[from] recoil|[of] p2a: Zubat
|move|p2a: Zubat|Mega Drain|p1a: Aerodactyl
|-damage|p1a: Aerodactyl|230\/327
|-heal|p2a: Zubat|155\/272|[from] drain|[of] p1a: Aerodactyl
|
|turn|20
|choice|switch 6|move 3
|
|switch|p1a: Jolteon|Jolteon, L79|265\/265
|move|p2a: Zubat|Mega Drain|p1a: Jolteon
|-damage|p1a: Jolteon|243\/265
|-heal|p2a: Zubat|166\/272|[from] drain|[of] p1a: Jolteon
|
|turn|21
|choice|move 4|switch 2
|
|switch|p2a: Jolteon|Jolteon, L79|265\/265
|move|p1a: Jolteon|Sand Attack|p2a: Jolteon
|-unboost|p2a: Jolteon|accuracy|1
|
|turn|22
|choice|move 3|move 1
|
|move|p2a: Jolteon|Thunderbolt|p1a: Jolteon
|-resisted|p1a: Jolteon
|-damage|p1a: Jolteon|198\/265
|move|p1a: Jolteon|Pin Missile|p2a: Jolteon
|-damage|p2a: Jolteon|256\/265
|-damage|p2a: Jolteon|247\/265
|-damage|p2a: Jolteon|238\/265
|-hitcount|p2a: Jolteon|3
|
|turn|23
|choice|move 2|switch 4
|
|switch|p2a: Hypno|Hypno, L85|243\/318 par
|move|p1a: Jolteon|Double Kick|p2a: Hypno
|-resisted|p2a: Hypno
|-damage|p2a: Hypno|235\/318 par
|-damage|p2a: Hypno|227\/318 par
|-hitcount|p2a: Hypno|2
|
|turn|24
|c| alexgalvanventura|usó pin misile?
|choice|move 3|move 3
|
|move|p1a: Jolteon|Pin Missile|p2a: Hypno
|-supereffective|p2a: Hypno
|-damage|p2a: Hypno|210\/318 par
|-damage|p2a: Hypno|193\/318 par
|-damage|p2a: Hypno|176\/318 par
|-damage|p2a: Hypno|159\/318 par
|-damage|p2a: Hypno|142\/318 par
|-hitcount|p2a: Hypno|5
|move|p2a: Hypno|Thunder Wave|p1a: Jolteon
|-status|p1a: Jolteon|par
|
|turn|25
|c| alexgalvanventura|enserio?
|c|★The Bleeding|m ase las plays
|choice|move 3|move 4
|
|move|p1a: Jolteon|Pin Missile|p2a: Hypno
|-supereffective|p2a: Hypno
|-damage|p2a: Hypno|124\/318 par
|-damage|p2a: Hypno|106\/318 par
|-damage|p2a: Hypno|88\/318 par
|-hitcount|p2a: Hypno|3
|move|p2a: Hypno|Rest|p2a: Hypno
|-status|p2a: Hypno|slp
|-heal|p2a: Hypno|318\/318 slp|[silent]
|-status|p2a: Hypno|slp|[from] move: Rest
|
|turn|26
|choice|switch 3|move 1
|
|switch|p1a: Lickitung|Lickitung, L90|318\/345
|cant|p2a: Hypno|slp
|
|turn|27
|choice|move 3|switch 2
|
|switch|p2a: Zubat|Zubat, L96|166\/272
|move|p1a: Lickitung|Swords Dance|p1a: Lickitung
|-boost|p1a: Lickitung|atk|2
|
|turn|28
|choice|move 1|move 2
|
|move|p2a: Zubat|Confuse Ray|p1a: Lickitung
|-start|p1a: Lickitung|confusion
|-activate|p1a: Lickitung|confusion
|-damage|p1a: Lickitung|266\/345|[from] confusion
|
|turn|29
|choice|move 1|move 1
|
|move|p2a: Zubat|Double-Edge|p1a: Lickitung
|-damage|p1a: Lickitung|209\/345
|-damage|p2a: Zubat|152\/272|[from] recoil|[of] p1a: Lickitung
|-activate|p1a: Lickitung|confusion
|-damage|p1a: Lickitung|157\/345|[from] confusion
|
|turn|30
|choice|switch 6|move 3
|
|switch|p1a: Aerodactyl|Aerodactyl, L90|230\/327
|move|p2a: Zubat|Mega Drain|p1a: Aerodactyl
|-damage|p1a: Aerodactyl|203\/327
|-heal|p2a: Zubat|165\/272|[from] drain|[of] p1a: Aerodactyl
|
|turn|31
|choice|move 4|move 2
|
|move|p1a: Aerodactyl|Double-Edge|p2a: Zubat
|-damage|p2a: Zubat|47\/272
|-damage|p1a: Aerodactyl|174\/327|[from] recoil|[of] p2a: Zubat
|move|p2a: Zubat|Confuse Ray|p1a: Aerodactyl
|-start|p1a: Aerodactyl|confusion
|
|turn|32
|choice|move 4|move 1
|
|-activate|p1a: Aerodactyl|confusion
|move|p1a: Aerodactyl|Double-Edge|p2a: Zubat
|-damage|p2a: Zubat|0 fnt
|-damage|p1a: Aerodactyl|163\/327|[from] recoil|[of] p2a: Zubat
|faint|p2a: Zubat
|choice||switch 4
|
|switch|p2a: Jolteon|Jolteon, L79|238\/265
|turn|33
|choice|switch 3|move 1
|
|switch|p1a: Jolteon|Jolteon, L79|198\/265 par
|move|p2a: Jolteon|Thunderbolt|p1a: Jolteon
|-resisted|p1a: Jolteon
|-damage|p1a: Jolteon|153\/265 par
|
|turn|34
|c|★andrew_andres1|haaaaaaaax
|c|★andrew_andres1|te invoco
|c|★andrew_andres1|para que hagas un critico
|c| alexgalvanventura|XD
|c|★andrew_andres1|esqucha y cumple mi deseon
|c|★andrew_andres1|por favor
|c|★andrew_andres1|y haz que se paralice
|c|★The Bleeding|Rataaaaaaaaaaaaaaaaaaaaaa
|choice|move 3|move 3
|
|move|p2a: Jolteon|Body Slam|p1a: Jolteon
|-damage|p1a: Jolteon|97\/265 par
|cant|p1a: Jolteon|par
|
|turn|35
|c|★andrew_andres1|bueno
|c|★andrew_andres1|me vale
|l|alexgalvanventura
|c|★andrew_andres1|vaaaaaaaaa
|c|★andrew_andres1|critico
|c|★andrew_andres1|lets go
|c|★andrew_andres1|coming please
|c|★andrew_andres1|i invocate you
|choice|move 3|move 3
|
|move|p2a: Jolteon|Body Slam|p1a: Jolteon
|-damage|p1a: Jolteon|41\/265 par
|move|p1a: Jolteon|Pin Missile|p2a: Jolteon
|-crit|p2a: Jolteon
|-damage|p2a: Jolteon|217\/265
|-damage|p2a: Jolteon|196\/265
|-hitcount|p2a: Jolteon|2
|
|turn|36
|c|★The Bleeding|Que juegues
|c|★The Bleeding|y te calles
|c|★The Bleeding|pesao
|c|★andrew_andres1|no me puedo callar
|c|★andrew_andres1|xk no estoy hablando
|c| Luispako|deja de llorar cojones
|c|★andrew_andres1|en todo caso escribiendo
|c|★andrew_andres1|ZASCA
|c| Luispako|parece que no sabes que gen1
|c| Luispako|es todo hax
|choice|move 3|move 3
|
|move|p2a: Jolteon|Body Slam|p1a: Jolteon
|-crit|p1a: Jolteon
|-damage|p1a: Jolteon|0 fnt
|faint|p1a: Jolteon
|c| Luispako|paralisis y crits
|choice|switch 6|
|
|switch|p1a: Lickitung|Lickitung, L90|157\/345
|turn|37
|c|★andrew_andres1|vaaa rayito
|c|★andrew_andres1|haz lo que tu y yo sabemos
|j|Gonzalo Morago
|choice|move 2|move 1
|
|move|p2a: Jolteon|Thunderbolt|p1a: Lickitung
|-damage|p1a: Lickitung|40\/345
|move|p1a: Lickitung|Earthquake|p2a: Jolteon
|-supereffective|p2a: Jolteon
|-damage|p2a: Jolteon|43\/265
|
|turn|38
|choice|move 2|move 1
|
|move|p2a: Jolteon|Thunderbolt|p1a: Lickitung
|-damage|p1a: Lickitung|0 fnt
|faint|p1a: Lickitung
|choice|switch 3|
|
|switch|p1a: Aerodactyl|Aerodactyl, L90|163\/327
|turn|39
|l|Gonzalo Morago
|choice|move 4|switch 2
|
|switch|p2a: Hypno|Hypno, L85|318\/318 slp
|move|p1a: Aerodactyl|Double-Edge|p2a: Hypno
|-damage|p2a: Hypno|217\/318 slp
|-damage|p1a: Aerodactyl|138\/327|[from] recoil|[of] p2a: Hypno
|
|turn|40
|choice|move 1|move 3
|
|move|p1a: Aerodactyl|Sky Attack|p2a: Hypno|[still]
|-prepare|p1a: Aerodactyl|Sky Attack|p2a: Hypno
|-curestatus|p2a: Hypno|slp
|
|turn|41
|choice|move 1|move 3
|
|move|p1a: Aerodactyl|Sky Attack|p2a: Hypno|[from]Sky Attack|[miss]
|-miss|p1a: Aerodactyl
|move|p2a: Hypno|Thunder Wave|p1a: Aerodactyl
|-status|p1a: Aerodactyl|par
|
|turn|42
|c| Luispako|xd
|l|Luispako
|c|★The Bleeding|XDDD
|c|★andrew_andres1|hasta con una mierda de equipo
|c|★andrew_andres1|gano
|-message|The Bleeding forfeited.
|
|win|andrew_andres1
|l|The Bleeding
|player|p1
|c|★andrew_andres1|que asco doy
|c|★andrew_andres1|con la suerte en contra
|c|★andrew_andres1|y gano
|c|★andrew_andres1|juaaaaaaaaaaaaaaas