|join|Shax
|join|angry Moron
|player|p1|Shax|101
|player|p2|angry Moron|275
|gametype|singles
|gen|1
|tier|[Gen 1] OU (beta)
|rated
|rule|Sleep Clause Mod: Limit one foe put to sleep
|rule|Species Clause: Limit one of each Pokemon
|rule|OHKO Clause: OHKO moves are banned
|rule|Moody Clause: Moody is banned
|rule|Evasion Moves Clause: Evasion moves are banned
|rule|Endless Battle Clause: Forcing endless battles is banned.
|rule|HP Percentage Mod: HP is reported as percentages
|
|start
|switch|p1a: Alakazam|Alakazam|313\/313
|switch|p2a: Alakazam|Alakazam|313\/313
|turn|1
|callback|decision
|chat|angry Moron|gl
|
|move|p1a: Alakazam|Seismic Toss|p2a: Alakazam
|-damage|p2a: Alakazam|213\/313
|move|p2a: Alakazam|Thunder Wave|p1a: Alakazam
|-status|p1a: Alakazam|par
|
|turn|2
|callback|decision
|
|move|p1a: Alakazam|Seismic Toss|p2a: Alakazam
|-damage|p2a: Alakazam|113\/313
|move|p2a: Alakazam|Counter|p1a: Alakazam
|-fail|p2a: Alakazam
|
|turn|3
|callback|decision
|
|move|p2a: Alakazam|Recover|p2a: Alakazam
|-heal|p2a: Alakazam|269\/313
|move|p1a: Alakazam|Seismic Toss|p2a: Alakazam
|-damage|p2a: Alakazam|169\/313
|
|turn|4
|callback|decision
|chat|angry Moron|oh
|
|move|p2a: Alakazam|Recover|p2a: Alakazam
|-heal|p2a: Alakazam|313\/313
|move|p1a: Alakazam|Seismic Toss|p2a: Alakazam
|-damage|p2a: Alakazam|213\/313
|
|turn|5
|callback|decision
|
|move|p2a: Alakazam|Psychic|p1a: Alakazam
|-resisted|p1a: Alakazam
|-damage|p1a: Alakazam|263\/313 par
|move|p1a: Alakazam|Seismic Toss|p2a: Alakazam
|-damage|p2a: Alakazam|113\/313
|
|turn|6
|callback|decision
|
|move|p2a: Alakazam|Recover|p2a: Alakazam
|-heal|p2a: Alakazam|269\/313
|move|p1a: Alakazam|Seismic Toss|p2a: Alakazam
|-damage|p2a: Alakazam|169\/313
|
|turn|7
|callback|decision
|
|move|p2a: Alakazam|Recover|p2a: Alakazam
|-heal|p2a: Alakazam|313\/313
|move|p1a: Alakazam|Seismic Toss|p2a: Alakazam
|-damage|p2a: Alakazam|213\/313
|
|turn|8
|callback|decision
|
|move|p2a: Alakazam|Psychic|p1a: Alakazam
|-resisted|p1a: Alakazam
|-damage|p1a: Alakazam|214\/313 par
|move|p1a: Alakazam|Seismic Toss|p2a: Alakazam
|-damage|p2a: Alakazam|113\/313
|
|turn|9
|callback|decision
|
|move|p2a: Alakazam|Recover|p2a: Alakazam
|-heal|p2a: Alakazam|269\/313
|move|p1a: Alakazam|Seismic Toss|p2a: Alakazam
|-damage|p2a: Alakazam|169\/313
|
|turn|10
|callback|decision
|
|move|p2a: Alakazam|Recover|p2a: Alakazam
|-heal|p2a: Alakazam|313\/313
|move|p1a: Alakazam|Seismic Toss|p2a: Alakazam
|-damage|p2a: Alakazam|213\/313
|
|turn|11
|callback|decision
|
|switch|p2a: Snorlax|Snorlax|523\/523
|cant|p1a: Alakazam|par
|
|turn|12
|callback|decision
|
|switch|p1a: Snorlax|Snorlax|523\/523
|move|p2a: Snorlax|Body Slam|p1a: Snorlax
|-damage|p1a: Snorlax|389\/523
|
|turn|13
|callback|decision
|
|switch|p2a: Cloyster|Cloyster|303\/303
|move|p1a: Snorlax|Body Slam|p2a: Cloyster
|-damage|p2a: Cloyster|238\/303
|
|turn|14
|callback|decision
|
|move|p2a: Cloyster|Clamp|p1a: Snorlax|[miss]
|-miss|p2a: Cloyster
|move|p1a: Snorlax|Self-Destruct|p2a: Cloyster
|-damage|p2a: Cloyster|30\/303
|faint|p1a: Snorlax
|callback|decision
|
|switch|p1a: Zapdos|Zapdos|383\/383
|turn|15
|callback|decision
|
|move|p1a: Zapdos|Thunderbolt|p2a: Cloyster
|-supereffective|p2a: Cloyster
|-damage|p2a: Cloyster|0 fnt
|faint|p2a: Cloyster
|
|callback|decision
|
|switch|p2a: Snorlax|Snorlax|523\/523
|turn|16
|callback|decision
|
|move|p1a: Zapdos|Thunder Wave|p2a: Snorlax
|-status|p2a: Snorlax|par
|move|p2a: Snorlax|Body Slam|p1a: Zapdos
|-damage|p1a: Zapdos|257\/383
|
|turn|17
|callback|decision
|
|move|p1a: Zapdos|Thunderbolt|p2a: Snorlax
|-damage|p2a: Snorlax|341\/523 par
|move|p2a: Snorlax|Body Slam|p1a: Zapdos
|-damage|p1a: Zapdos|139\/383
|-status|p1a: Zapdos|par
|
|turn|18
|callback|decision
|
|cant|p1a: Zapdos|par
|move|p2a: Snorlax|Hyper Beam|p1a: Zapdos
|-damage|p1a: Zapdos|0 fnt
|faint|p1a: Zapdos
|
|callback|decision
|
|switch|p1a: Chansey|Chansey|703\/703
|turn|19
|callback|decision
|
|switch|p2a: Chansey|Chansey|703\/703
|move|p1a: Chansey|Thunderbolt|p2a: Chansey
|-damage|p2a: Chansey|628\/703
|
|turn|20
|callback|decision
|
|move|p1a: Chansey|Ice Beam|p2a: Chansey
|-crit|p2a: Chansey
|-damage|p2a: Chansey|466\/703
|move|p2a: Chansey|Thunder Wave|p1a: Chansey
|-status|p1a: Chansey|par
|
|turn|21
|callback|decision
|
|move|p2a: Chansey|Soft-Boiled|p2a: Chansey
|-heal|p2a: Chansey|703\/703
|move|p1a: Chansey|Ice Beam|p2a: Chansey
|-damage|p2a: Chansey|624\/703
|
|turn|22
|callback|decision
|
|switch|p2a: Snorlax|Snorlax|341\/523 par
|cant|p1a: Chansey|par
|
|turn|23
|callback|decision
|
|move|p1a: Chansey|Thunderbolt|p2a: Snorlax
|-damage|p2a: Snorlax|241\/523 par
|move|p2a: Snorlax|Body Slam|p1a: Chansey
|-damage|p1a: Chansey|392\/703 par
|
|turn|24
|callback|decision
|
|move|p1a: Chansey|Thunderbolt|p2a: Snorlax
|-damage|p2a: Snorlax|149\/523 par
|cant|p2a: Snorlax|par
|
|turn|25
|callback|decision
|
|switch|p1a: Tauros|Tauros|353\/353
|move|p2a: Snorlax|Self-Destruct|p1a: Tauros
|-damage|p1a: Tauros|11\/353
|faint|p2a: Snorlax
|callback|decision
|
|switch|p2a: Alakazam|Alakazam|213\/313
|turn|26
|callback|decision
|join|Baggy24
|
|switch|p1a: Starmie|Starmie|323\/323
|move|p2a: Alakazam|Psychic|p1a: Starmie
|-resisted|p1a: Starmie
|-damage|p1a: Starmie|261\/323
|
|turn|27
|callback|decision
|leave|Baggy24
|
|switch|p2a: Chansey|Chansey|624\/703
|move|p1a: Starmie|Surf|p2a: Chansey
|-damage|p2a: Chansey|523\/703
|
|turn|28
|callback|decision
|
|switch|p2a: Tauros|Tauros|353\/353
|move|p1a: Starmie|Blizzard|p2a: Tauros
|-crit|p2a: Tauros
|-damage|p2a: Tauros|108\/353
|
|turn|29
|callback|decision
|chat|angry Moron|NO
|
|switch|p2a: Chansey|Chansey|523\/703
|move|p1a: Starmie|Blizzard|p2a: Chansey
|-damage|p2a: Chansey|439\/703
|
|turn|30
|callback|decision
|
|switch|p1a: Alakazam|Alakazam|214\/313 par
|move|p2a: Chansey|Thunder Wave|p1a: Alakazam
|-fail|p1a: Alakazam|par
|
|turn|31
|callback|decision
|
|move|p2a: Chansey|Thunderbolt|p1a: Alakazam
|-damage|p1a: Alakazam|156\/313 par
|move|p1a: Alakazam|Seismic Toss|p2a: Chansey
|-damage|p2a: Chansey|339\/703
|
|turn|32
|callback|decision
|
|move|p2a: Chansey|Soft-Boiled|p2a: Chansey
|-heal|p2a: Chansey|690\/703
|cant|p1a: Alakazam|par
|
|turn|33
|callback|decision
|
|move|p2a: Chansey|Thunderbolt|p1a: Alakazam
|-damage|p1a: Alakazam|92\/313 par
|move|p1a: Alakazam|Seismic Toss|p2a: Chansey
|-damage|p2a: Chansey|590\/703
|
|turn|34
|callback|decision
|
|move|p2a: Chansey|Thunderbolt|p1a: Alakazam
|-damage|p1a: Alakazam|31\/313 par
|move|p1a: Alakazam|Seismic Toss|p2a: Chansey
|-damage|p2a: Chansey|490\/703
|
|turn|35
|callback|decision
|
|move|p2a: Chansey|Thunderbolt|p1a: Alakazam
|-crit|p1a: Alakazam
|-damage|p1a: Alakazam|0 fnt
|faint|p1a: Alakazam
|
|callback|decision
|
|switch|p1a: Tauros|Tauros|11\/353
|turn|36
|callback|decision
|
|move|p1a: Tauros|Body Slam|p2a: Chansey
|-damage|p2a: Chansey|198\/703
|move|p2a: Chansey|Thunderbolt|p1a: Tauros
|-damage|p1a: Tauros|0 fnt
|faint|p1a: Tauros
|
|callback|decision
|
|switch|p1a: Starmie|Starmie|261\/323
|turn|37
|callback|decision
|
|move|p1a: Starmie|Surf|p2a: Chansey
|-damage|p2a: Chansey|90\/703
|move|p2a: Chansey|Soft-Boiled|p2a: Chansey
|-heal|p2a: Chansey|441\/703
|
|turn|38
|callback|decision
|
|move|p1a: Starmie|Thunderbolt|p2a: Chansey
|-damage|p2a: Chansey|373\/703
|move|p2a: Chansey|Thunder Wave|p1a: Starmie
|-status|p1a: Starmie|par
|
|turn|39
|callback|decision
|chat|angry Moron|there's no way out
|
|move|p2a: Chansey|Thunderbolt|p1a: Starmie
|-supereffective|p1a: Starmie
|-damage|p1a: Starmie|95\/323 par
|move|p1a: Starmie|Blizzard|p2a: Chansey
|-damage|p2a: Chansey|285\/703
|
|turn|40
|callback|decision
|-message|Shax forfeited.
|
|win|angry Moron
|raw|Ladder updating...
|leave|Shax
|player|p1
|raw|Shax's rating: 1094 &rarr; <strong>1077<\/strong><br \/>(-17 for losing)
|raw|angry Moron's rating: 1210 &rarr; <strong>1227<\/strong><br \/>(+17 for winning)