|j|AustinSuperSaiyan
|j|Earth Wrecker
|player|p1|AustinSuperSaiyan|2
|player|p2|Earth Wrecker|269
|gametype|singles
|gen|1
|tier|[Gen 1] OU
|rated
|seed|60721,38767,44275,60435
|rule|Sleep Clause Mod: Limit one foe put to sleep
|rule|Freeze Clause Mod: Limit one foe frozen
|rule|Species Clause: Limit one of each Pokémon
|rule|OHKO Clause: OHKO moves are banned
|rule|Evasion Moves Clause: Evasion moves are banned
|rule|HP Percentage Mod: HP is shown in percentages
|
|start
|switch|p1a: Charizard|Charizard|359\/359
|switch|p2a: Jolteon|Jolteon|333\/333
|turn|1
|choice|move 4|move 1
|
|move|p2a: Jolteon|Thunderbolt|p1a: Charizard
|-supereffective|p1a: Charizard
|-damage|p1a: Charizard|84\/359
|move|p1a: Charizard|Earthquake|p2a: Jolteon
|-supereffective|p2a: Jolteon
|-damage|p2a: Jolteon|148\/333
|
|turn|2
|choice|move 2|move 1
|
|move|p2a: Jolteon|Thunderbolt|p1a: Charizard
|-supereffective|p1a: Charizard
|-damage|p1a: Charizard|0 fnt
|faint|p1a: Charizard
|choice|switch 4|
|
|switch|p1a: Gengar|Gengar|323\/323
|turn|3
|choice|move 4|move 2
|
|move|p2a: Jolteon|Thunder Wave|p1a: Gengar
|-status|p1a: Gengar|par
|move|p1a: Gengar|Hypnosis|p2a: Jolteon
|-status|p2a: Jolteon|slp
|
|turn|4
|choice|move 2|switch 3
|
|switch|p2a: Golem|Golem|363\/363
|move|p1a: Gengar|Night Shade|p2a: Golem
|-damage|p2a: Golem|263\/363
|
|turn|5
|choice|move 3|move 1
|
|move|p2a: Golem|Earthquake|p1a: Gengar
|-supereffective|p1a: Gengar
|-damage|p1a: Gengar|0 fnt
|faint|p1a: Gengar
|choice|switch 2|
|
|switch|p1a: Alakazam|Alakazam|313\/313
|turn|6
|choice|move 4|move 1
|
|move|p1a: Alakazam|Seismic Toss|p2a: Golem
|-damage|p2a: Golem|163\/363
|move|p2a: Golem|Earthquake|p1a: Alakazam
|-damage|p1a: Alakazam|119\/313
|
|turn|7
|choice|move 4|move 3
|
|move|p1a: Alakazam|Seismic Toss|p2a: Golem
|-damage|p2a: Golem|63\/363
|move|p2a: Golem|Explosion|p1a: Alakazam
|-damage|p1a: Alakazam|0 fnt
|faint|p1a: Alakazam
|faint|p2a: Golem
|choice|switch 5|switch 2
|
|switch|p2a: Alakazam|Alakazam|313\/313
|switch|p1a: Zapdos|Zapdos|383\/383
|turn|8
|choice|move 2|move 3
|
|move|p2a: Alakazam|Thunder Wave|p1a: Zapdos
|-status|p1a: Zapdos|par
|move|p1a: Zapdos|Thunder Wave|p2a: Alakazam
|-status|p2a: Alakazam|par
|
|turn|9
|choice|move 1|move 2
|
|move|p2a: Alakazam|Reflect|p2a: Alakazam
|-start|p2a: Alakazam|Reflect
|move|p1a: Zapdos|Thunderbolt|p2a: Alakazam
|-damage|p2a: Alakazam|199\/313 par
|
|turn|10
|choice|move 1|move 1
|
|move|p2a: Alakazam|Psychic|p1a: Zapdos
|-crit|p1a: Zapdos
|-damage|p1a: Zapdos|171\/383 par
|move|p1a: Zapdos|Thunderbolt|p2a: Alakazam
|-damage|p2a: Alakazam|95\/313 par
|
|turn|11
|choice|move 1|move 1
|
|move|p2a: Alakazam|Psychic|p1a: Zapdos
|-damage|p1a: Zapdos|52\/383 par
|-unboost|p1a: Zapdos|spd|1
|-unboost|p1a: Zapdos|spa|1
|cant|p1a: Zapdos|par
|
|turn|12
|choice|move 1|move 4
|
|cant|p2a: Alakazam|par
|move|p1a: Zapdos|Thunderbolt|p2a: Alakazam
|-damage|p2a: Alakazam|26\/313 par
|
|turn|13
|choice|move 1|move 4
|
|cant|p2a: Alakazam|par
|move|p1a: Zapdos|Thunderbolt|p2a: Alakazam
|-crit|p2a: Alakazam
|-damage|p2a: Alakazam|0 fnt
|faint|p2a: Alakazam
|choice||switch 4
|
|switch|p2a: Lapras|Lapras|463\/463
|turn|14
|choice|move 2|move 2
|
|move|p2a: Lapras|Blizzard|p1a: Zapdos
|-crit|p1a: Zapdos
|-supereffective|p1a: Zapdos
|-damage|p1a: Zapdos|0 fnt
|faint|p1a: Zapdos
|choice|switch 3|
|
|switch|p1a: Articuno|Articuno|383\/383
|turn|15
|choice|move 2|move 4
|
|move|p1a: Articuno|Blizzard|p2a: Lapras
|-resisted|p2a: Lapras
|-damage|p2a: Lapras|418\/463
|move|p2a: Lapras|Reflect|p2a: Lapras
|-start|p2a: Lapras|Reflect
|
|turn|16
|choice|move 3|move 3
|
|move|p1a: Articuno|Substitute|p1a: Articuno
|-start|p1a: Articuno|Substitute
|-damage|p1a: Articuno|288\/383
|move|p2a: Lapras|Thunderbolt|p1a: Articuno
|-supereffective|p1a: Articuno
|-end|p1a: Articuno|Substitute
|
|turn|17
|choice|move 2|move 3
|
|move|p1a: Articuno|Blizzard|p2a: Lapras|[miss]
|-miss|p1a: Articuno
|move|p2a: Lapras|Thunderbolt|p1a: Articuno
|-supereffective|p1a: Articuno
|-damage|p1a: Articuno|166\/383
|
|turn|18
|choice|move 2|move 3
|
|move|p1a: Articuno|Blizzard|p2a: Lapras
|-resisted|p2a: Lapras
|-damage|p2a: Lapras|373\/463
|move|p2a: Lapras|Thunderbolt|p1a: Articuno
|-supereffective|p1a: Articuno
|-damage|p1a: Articuno|31\/383
|
|turn|19
|choice|move 2|move 3
|
|move|p1a: Articuno|Blizzard|p2a: Lapras|[miss]
|-miss|p1a: Articuno
|move|p2a: Lapras|Thunderbolt|p1a: Articuno
|-supereffective|p1a: Articuno
|-damage|p1a: Articuno|0 fnt
|faint|p1a: Articuno
|choice|switch 6|
|
|switch|p1a: Dragonite|Dragonite|385\/385
|turn|20
|choice|move 2|move 2
|
|move|p1a: Dragonite|Thunderbolt|p2a: Lapras
|-supereffective|p2a: Lapras
|-damage|p2a: Lapras|215\/463
|move|p2a: Lapras|Blizzard|p1a: Dragonite
|-supereffective|p1a: Dragonite
|-damage|p1a: Dragonite|0 fnt
|faint|p1a: Dragonite
|
|win|Earth Wrecker
|player|p1
|player|p2
|raw|AustinSuperSaiyan's rating: 1000 &rarr; <strong>1000<\/strong><br \/>(+0 for losing)
|raw|Earth Wrecker's rating: 1077 &rarr; <strong>1099<\/strong><br \/>(+22 for winning)
|c|★Earth Wrecker|GG
|l|AustinSuperSaiyan