|j|ironmanvic
|j|jeransucks
|player|p1|ironmanvic|102
|player|p2|jeransucks|101
|gametype|singles
|gen|1
|tier|[Gen 1] Random Battle
|rated
|seed|52204,20754,63958,62529
|rule|Sleep Clause Mod: Limit one foe put to sleep
|rule|Freeze Clause Mod: Limit one foe frozen
|rule|HP Percentage Mod: HP is shown in percentages
|
|start
|switch|p1a: Bulbasaur|Bulbasaur, L96|281\/281
|switch|p2a: Clefairy|Clefairy, L95|326\/326
|turn|1
|choice|move 1|move 2
|
|move|p1a: Bulbasaur|Sleep Powder|p2a: Clefairy|[miss]
|-miss|p1a: Bulbasaur
|move|p2a: Clefairy|Sing|p1a: Bulbasaur|[miss]
|-miss|p2a: Clefairy
|
|turn|2
|choice|move 1|move 1
|
|move|p1a: Bulbasaur|Sleep Powder|p2a: Clefairy|[miss]
|-miss|p1a: Bulbasaur
|move|p2a: Clefairy|Thunder Wave|p1a: Bulbasaur
|-status|p1a: Bulbasaur|par
|
|turn|3
|choice|move 4|move 2
|
|move|p2a: Clefairy|Sing|p1a: Bulbasaur
|-fail|p1a: Bulbasaur
|move|p1a: Bulbasaur|Leech Seed|p2a: Clefairy|[miss]
|-miss|p1a: Bulbasaur
|
|turn|4
|choice|move 4|move 3
|
|move|p2a: Clefairy|Thunderbolt|p1a: Bulbasaur
|-resisted|p1a: Bulbasaur
|-damage|p1a: Bulbasaur|249\/281 par
|move|p1a: Bulbasaur|Leech Seed|p2a: Clefairy
|-start|p2a: Clefairy|move: Leech Seed
|
|turn|5
|choice|move 3|switch 3
|
|switch|p2a: Gengar|Gengar, L79|257\/257
|move|p1a: Bulbasaur|Body Slam|p2a: Gengar
|-immune|p2a: Gengar|[msg]
|
|turn|6
|choice|move 4|move 2
|
|move|p2a: Gengar|Thunderbolt|p1a: Bulbasaur
|-resisted|p1a: Bulbasaur
|-damage|p1a: Bulbasaur|210\/281 par
|cant|p1a: Bulbasaur|par
|
|turn|7
|choice|move 4|move 1
|
|move|p2a: Gengar|Hypnosis|p1a: Bulbasaur|[miss]
|-miss|p2a: Gengar
|move|p1a: Bulbasaur|Leech Seed|p2a: Gengar|[miss]
|-miss|p1a: Bulbasaur
|
|turn|8
|choice|move 4|move 3
|
|move|p2a: Gengar|Psychic|p1a: Bulbasaur
|-supereffective|p1a: Bulbasaur
|-damage|p1a: Bulbasaur|59\/281 par
|cant|p1a: Bulbasaur|par
|
|turn|9
|choice|move 4|move 3
|
|move|p2a: Gengar|Psychic|p1a: Bulbasaur
|-supereffective|p1a: Bulbasaur
|-damage|p1a: Bulbasaur|0 fnt
|faint|p1a: Bulbasaur
|choice|switch 4|
|
|switch|p1a: Chansey|Chansey, L79|557\/557
|turn|10
|choice|move 2|move 1
|
|move|p2a: Gengar|Hypnosis|p1a: Chansey
|-status|p1a: Chansey|slp
|cant|p1a: Chansey|slp
|
|turn|11
|choice|move 2|move 2
|
|move|p2a: Gengar|Thunderbolt|p1a: Chansey
|-damage|p1a: Chansey|489\/557 slp
|cant|p1a: Chansey|slp
|
|turn|12
|choice|move 2|move 3
|
|move|p2a: Gengar|Psychic|p1a: Chansey
|-crit|p1a: Chansey
|-damage|p1a: Chansey|365\/557 slp
|-unboost|p1a: Chansey|spd|1
|-unboost|p1a: Chansey|spa|1
|cant|p1a: Chansey|slp
|
|turn|13
|choice|move 2|switch 4
|
|switch|p2a: Moltres|Moltres, L85|327\/327
|cant|p1a: Chansey|slp
|
|turn|14
|choice|move 2|move 4
|
|move|p2a: Moltres|Hyper Beam|p1a: Chansey
|-damage|p1a: Chansey|45\/557 slp
|cant|p1a: Chansey|slp
|
|turn|15
|-mustrecharge|p2a: Moltres
|-mustrecharge|p2a: Moltres
|choice|move 2|move 1
|
|cant|p2a: Moltres|recharge
|-curestatus|p1a: Chansey|slp
|
|turn|16
|choice|move 1|move 4
|
|move|p2a: Moltres|Hyper Beam|p1a: Chansey
|-damage|p1a: Chansey|0 fnt
|faint|p1a: Chansey
|choice|switch 5|
|
|switch|p1a: Seaking|Seaking, L90|327\/327
|turn|17
|choice|move 1|move 1
|
|move|p2a: Moltres|Fire Blast|p1a: Seaking
|-resisted|p1a: Seaking
|-damage|p1a: Seaking|252\/327
|-status|p1a: Seaking|brn
|move|p1a: Seaking|Surf|p2a: Moltres
|-supereffective|p2a: Moltres
|-damage|p2a: Moltres|164\/327
|-damage|p1a: Seaking|232\/327 brn|[from] brn|[of] p2a: Moltres
|
|turn|18
|choice|move 1|switch 4
|
|switch|p2a: Gengar|Gengar, L79|257\/257
|move|p1a: Seaking|Surf|p2a: Gengar
|-damage|p2a: Gengar|175\/257
|-damage|p1a: Seaking|212\/327 brn|[from] brn|[of] p2a: Gengar
|
|turn|19
|choice|move 2|move 2
|
|move|p2a: Gengar|Thunderbolt|p1a: Seaking
|-supereffective|p1a: Seaking
|-damage|p1a: Seaking|67\/327 brn
|move|p1a: Seaking|Blizzard|p2a: Gengar
|-damage|p2a: Gengar|103\/257
|-damage|p1a: Seaking|47\/327 brn|[from] brn|[of] p2a: Gengar
|
|turn|20
|choice|move 1|move 2
|
|move|p2a: Gengar|Thunderbolt|p1a: Seaking
|-supereffective|p1a: Seaking
|-damage|p1a: Seaking|0 fnt
|faint|p1a: Seaking
|choice|switch 2|
|
|switch|p1a: Rhydon|Rhydon, L79|328\/328
|turn|21
|choice|move 2|move 1
|
|move|p2a: Gengar|Hypnosis|p1a: Rhydon|[miss]
|-miss|p2a: Gengar
|move|p1a: Rhydon|Earthquake|p2a: Gengar
|-supereffective|p2a: Gengar
|-damage|p2a: Gengar|0 fnt
|faint|p2a: Gengar
|choice||switch 2
|
|switch|p2a: Dewgong|Dewgong, L85|327\/327
|turn|22
|choice|switch 6|move 1
|
|switch|p1a: Lapras|Lapras, L79|367\/367
|move|p2a: Dewgong|Blizzard|p1a: Lapras
|-resisted|p1a: Lapras
|-damage|p1a: Lapras|334\/367
|
|turn|23
|choice|move 3|switch 3
|
|switch|p2a: Clefairy|Clefairy, L95|326\/326
|move|p1a: Lapras|Confuse Ray|p2a: Clefairy
|-start|p2a: Clefairy|confusion
|
|turn|24
|choice|move 1|move 2
|
|move|p1a: Lapras|Body Slam|p2a: Clefairy
|-damage|p2a: Clefairy|264\/326
|-activate|p2a: Clefairy|confusion
|move|p2a: Clefairy|Sing|p1a: Lapras
|-status|p1a: Lapras|slp
|
|turn|25
|choice|move 1|move 3
|
|cant|p1a: Lapras|slp
|-activate|p2a: Clefairy|confusion
|move|p2a: Clefairy|Thunderbolt|p1a: Lapras
|-supereffective|p1a: Lapras
|-damage|p1a: Lapras|196\/367 slp
|
|turn|26
|choice|switch 6|move 3
|
|switch|p1a: Rhydon|Rhydon, L79|328\/328
|-activate|p2a: Clefairy|confusion
|move|p2a: Clefairy|Thunderbolt|p1a: Rhydon
|-immune|p1a: Rhydon|[msg]
|
|turn|27
|choice|move 4|switch 5
|
|switch|p2a: Rapidash|Rapidash, L90|300\/300
|move|p1a: Rhydon|Body Slam|p2a: Rapidash
|-damage|p2a: Rapidash|231\/300
|
|turn|28
|choice|move 2|move 4
|
|move|p2a: Rapidash|Growl|p1a: Rhydon
|-unboost|p1a: Rhydon|atk|1
|move|p1a: Rhydon|Earthquake|p2a: Rapidash
|-supereffective|p2a: Rapidash
|-damage|p2a: Rapidash|66\/300
|
|turn|29
|choice|move 2|move 1
|
|move|p2a: Rapidash|Fire Blast|p1a: Rhydon
|-resisted|p1a: Rhydon
|-damage|p1a: Rhydon|226\/328
|-status|p1a: Rhydon|brn
|move|p1a: Rhydon|Earthquake|p2a: Rapidash
|-supereffective|p2a: Rapidash
|-damage|p2a: Rapidash|0 fnt
|faint|p2a: Rapidash
|choice||switch 6
|
|switch|p2a: Alakazam|Alakazam, L79|249\/249
|turn|30
|choice|switch 6|move 3
|
|switch|p1a: Lapras|Lapras, L79|196\/367 slp
|move|p2a: Alakazam|Thunder Wave|p1a: Lapras
|-fail|p1a: Lapras
|
|turn|31
|choice|move 3|move 1
|
|move|p2a: Alakazam|Psychic|p1a: Lapras
|-damage|p1a: Lapras|91\/367 slp
|cant|p1a: Lapras|slp
|
|turn|32
|choice|move 4|move 2
|
|move|p2a: Alakazam|Seismic Toss|p1a: Lapras
|-damage|p1a: Lapras|12\/367 slp
|cant|p1a: Lapras|slp
|
|turn|33
|choice|move 4|move 2
|
|move|p2a: Alakazam|Seismic Toss|p1a: Lapras
|-damage|p1a: Lapras|0 fnt
|faint|p1a: Lapras
|choice|switch 6|
|
|switch|p1a: Rhydon|Rhydon, L79|226\/328 brn
|turn|34
|choice|move 2|move 1
|
|move|p2a: Alakazam|Psychic|p1a: Rhydon
|-damage|p1a: Rhydon|53\/328 brn
|move|p1a: Rhydon|Earthquake|p2a: Alakazam
|-damage|p2a: Alakazam|161\/249
|-damage|p1a: Rhydon|33\/328 brn|[from] brn|[of] p2a: Alakazam
|
|turn|35
|choice|move 4|move 1
|
|move|p2a: Alakazam|Psychic|p1a: Rhydon
|-damage|p1a: Rhydon|0 fnt
|faint|p1a: Rhydon
|choice|switch 3|
|
|switch|p1a: Beedrill|Beedrill, L90|300\/300
|turn|36
|choice|move 3|switch 5
|
|switch|p2a: Clefairy|Clefairy, L95|264\/326
|move|p1a: Beedrill|Hyper Beam|p2a: Clefairy|[miss]
|-miss|p1a: Beedrill
|
|turn|37
|choice|move 2|move 2
|
|move|p1a: Beedrill|Swords Dance|p1a: Beedrill
|-boost|p1a: Beedrill|atk|2
|move|p2a: Clefairy|Sing|p1a: Beedrill
|-status|p1a: Beedrill|slp
|
|turn|38
|choice|move 3|move 3
|
|-curestatus|p1a: Beedrill|slp
|move|p2a: Clefairy|Thunderbolt|p1a: Beedrill
|-damage|p1a: Beedrill|210\/300
|
|turn|39
|choice|move 1|move 2
|
|move|p1a: Beedrill|Twineedle|p2a: Clefairy
|-damage|p2a: Clefairy|196\/326
|-damage|p2a: Clefairy|128\/326
|-hitcount|p2a: Clefairy|2
|move|p2a: Clefairy|Sing|p1a: Beedrill
|-status|p1a: Beedrill|slp
|
|turn|40
|choice|move 3|move 3
|
|cant|p1a: Beedrill|slp
|move|p2a: Clefairy|Thunderbolt|p1a: Beedrill
|-damage|p1a: Beedrill|127\/300 slp
|
|turn|41
|choice|move 3|move 3
|
|cant|p1a: Beedrill|slp
|move|p2a: Clefairy|Thunderbolt|p1a: Beedrill
|-damage|p1a: Beedrill|42\/300 slp
|
|turn|42
|choice|move 3|move 3
|
|cant|p1a: Beedrill|slp
|move|p2a: Clefairy|Thunderbolt|p1a: Beedrill
|-damage|p1a: Beedrill|0 fnt
|faint|p1a: Beedrill
|
|win|jeransucks
|raw|ironmanvic's rating: 1159 &rarr; <strong>1126<\/strong><br \/>(-33 for losing)
|raw|jeransucks's rating: 1054 &rarr; <strong>1095<\/strong><br \/>(+41 for winning)
|c|★ironmanvic|gg
|c|★ironmanvic|rematch?