|j|poopyface5000
|j|Fella McFellerson
|player|p1|poopyface5000|266
|player|p2|Fella McFellerson|162
|gametype|singles
|gen|1
|tier|[Gen 1] Random Battle
|rated
|seed|35557,27385,13108,21958
|rule|Sleep Clause Mod: Limit one foe put to sleep
|rule|Freeze Clause Mod: Limit one foe frozen
|rule|HP Percentage Mod: HP is shown in percentages
|
|start
|switch|p1a: Voltorb|Voltorb, L96|272\/272
|switch|p2a: Mr. Mime|Mr. Mime, L85|242\/242
|turn|1
|choice|move 3|move 1
|
|move|p1a: Voltorb|Thunder|p2a: Mr. Mime
|-damage|p2a: Mr. Mime|137\/242
|move|p2a: Mr. Mime|Thunder Wave|p1a: Voltorb
|-status|p1a: Voltorb|par
|
|turn|2
|choice|move 3|move 4
|
|move|p2a: Mr. Mime|Psychic|p1a: Voltorb
|-damage|p1a: Voltorb|147\/272 par
|-unboost|p1a: Voltorb|spd|1
|-unboost|p1a: Voltorb|spa|1
|move|p1a: Voltorb|Thunder|p2a: Mr. Mime
|-damage|p2a: Mr. Mime|68\/242
|
|turn|3
|choice|move 1|move 4
|
|move|p2a: Mr. Mime|Psychic|p1a: Voltorb
|-damage|p1a: Voltorb|0 fnt
|faint|p1a: Voltorb
|choice|switch 5|
|
|switch|p1a: Ninetales|Ninetales, L85|298\/298
|turn|4
|choice|move 1|move 1
|
|move|p1a: Ninetales|Fire Blast|p2a: Mr. Mime
|-damage|p2a: Mr. Mime|0 fnt
|faint|p2a: Mr. Mime
|choice||switch 3
|
|switch|p2a: Wartortle|Wartortle, L85|274\/274
|turn|5
|choice|switch 4|move 3
|
|switch|p1a: Raticate|Raticate, L85|267\/267
|move|p2a: Wartortle|Hydro Pump|p1a: Raticate
|-damage|p1a: Raticate|135\/267
|
|turn|6
|choice|move 1|switch 6
|
|switch|p2a: Porygon|Porygon, L85|284\/284
|move|p1a: Raticate|Super Fang|p2a: Porygon
|-damage|p2a: Porygon|142\/284
|
|turn|7
|choice|move 2|move 4
|
|move|p1a: Raticate|Hyper Beam|p2a: Porygon
|-damage|p2a: Porygon|0 fnt
|faint|p2a: Porygon
|choice||switch 5
|
|switch|p2a: Pinsir|Pinsir, L85|284\/284
|turn|8
|choice|move 1|move 3
|
|move|p1a: Raticate|Super Fang|p2a: Pinsir
|-damage|p2a: Pinsir|142\/284
|move|p2a: Pinsir|Body Slam|p1a: Raticate
|-crit|p1a: Raticate
|-damage|p1a: Raticate|0 fnt
|faint|p1a: Raticate
|choice|switch 4|
|
|switch|p1a: Ninetales|Ninetales, L85|298\/298
|turn|9
|choice|move 1|move 4
|
|move|p1a: Ninetales|Fire Blast|p2a: Pinsir
|-supereffective|p2a: Pinsir
|-damage|p2a: Pinsir|0 fnt
|faint|p2a: Pinsir
|choice||switch 6
|
|switch|p2a: Wartortle|Wartortle, L85|274\/274
|turn|10
|choice|move 4|move 3
|
|move|p1a: Ninetales|Confuse Ray|p2a: Wartortle
|-start|p2a: Wartortle|confusion
|-activate|p2a: Wartortle|confusion
|move|p2a: Wartortle|Hydro Pump|p1a: Ninetales
|-supereffective|p1a: Ninetales
|-damage|p1a: Ninetales|126\/298
|
|turn|11
|choice|switch 3|move 3
|
|switch|p1a: Articuno|Articuno, L79|304\/304
|-end|p2a: Wartortle|confusion
|move|p2a: Wartortle|Hydro Pump|p1a: Articuno|[miss]
|-miss|p2a: Wartortle
|
|turn|12
|choice|move 1|move 4
|
|move|p1a: Articuno|Reflect|p1a: Articuno
|-start|p1a: Articuno|Reflect
|move|p2a: Wartortle|Body Slam|p1a: Articuno
|-damage|p1a: Articuno|280\/304
|-status|p1a: Articuno|par
|
|turn|13
|choice|move 2|switch 4
|
|switch|p2a: Articuno|Articuno, L79|304\/304
|cant|p1a: Articuno|par
|
|turn|14
|choice|move 2|move 3
|
|move|p2a: Articuno|Reflect|p2a: Articuno
|-start|p2a: Articuno|Reflect
|cant|p1a: Articuno|par
|
|turn|15
|choice|move 2|move 2
|
|move|p2a: Articuno|Blizzard|p1a: Articuno
|-damage|p1a: Articuno|176\/304 par
|cant|p1a: Articuno|par
|
|turn|16
|choice|move 4|move 2
|
|move|p2a: Articuno|Blizzard|p1a: Articuno
|-damage|p1a: Articuno|58\/304 par
|move|p1a: Articuno|Rest|p1a: Articuno
|-status|p1a: Articuno|slp
|-heal|p1a: Articuno|304\/304 slp|[silent]
|-status|p1a: Articuno|slp|[from] move: Rest
|
|turn|17
|choice|move 2|move 2
|
|move|p2a: Articuno|Blizzard|p1a: Articuno
|-crit|p1a: Articuno
|-damage|p1a: Articuno|68\/304 slp
|cant|p1a: Articuno|slp
|
|turn|18
|choice|move 2|move 2
|
|move|p2a: Articuno|Blizzard|p1a: Articuno|[miss]
|-miss|p2a: Articuno
|-curestatus|p1a: Articuno|slp
|
|turn|19
|choice|move 2|move 2
|
|move|p2a: Articuno|Blizzard|p1a: Articuno
|-damage|p1a: Articuno|0 fnt
|faint|p1a: Articuno
|choice|switch 3|
|
|switch|p1a: Ninetales|Ninetales, L85|126\/298
|turn|20
|choice|move 1|switch 4
|
|switch|p2a: Wartortle|Wartortle, L85|274\/274
|move|p1a: Ninetales|Fire Blast|p2a: Wartortle
|-resisted|p2a: Wartortle
|-damage|p2a: Wartortle|200\/274
|
|turn|21
|choice|switch 6|move 3
|
|switch|p1a: Seadra|Seadra, L90|282\/282
|move|p2a: Wartortle|Hydro Pump|p1a: Seadra
|-resisted|p1a: Seadra
|-damage|p1a: Seadra|233\/282
|
|turn|22
|choice|move 2|switch 2
|
|switch|p2a: Victreebel|Victreebel, L85|310\/310
|move|p1a: Seadra|Smokescreen|p2a: Victreebel
|-unboost|p2a: Victreebel|accuracy|1
|
|turn|23
|choice|move 4|move 3
|
|move|p1a: Seadra|Blizzard|p2a: Victreebel
|-supereffective|p2a: Victreebel
|-damage|p2a: Victreebel|131\/310
|move|p2a: Victreebel|Stun Spore|p1a: Seadra
|-status|p1a: Seadra|par
|
|turn|24
|choice|move 4|move 1
|
|move|p2a: Victreebel|Razor Leaf|p1a: Seadra
|-crit|p1a: Seadra
|-supereffective|p1a: Seadra
|-damage|p1a: Seadra|4\/282 par
|cant|p1a: Seadra|par
|
|turn|25
|choice|move 4|move 2
|
|move|p2a: Victreebel|Body Slam|p1a: Seadra|[miss]
|-miss|p2a: Victreebel
|move|p1a: Seadra|Blizzard|p2a: Victreebel
|-supereffective|p2a: Victreebel
|-damage|p2a: Victreebel|0 fnt
|faint|p2a: Victreebel
|choice||switch 2
|
|switch|p2a: Wartortle|Wartortle, L85|200\/274
|turn|26
|choice|move 4|move 4
|
|move|p2a: Wartortle|Body Slam|p1a: Seadra
|-damage|p1a: Seadra|0 fnt
|faint|p1a: Seadra
|choice|switch 6|
|
|switch|p1a: Ninetales|Ninetales, L85|126\/298
|turn|27
|choice|move 4|move 3
|
|move|p1a: Ninetales|Confuse Ray|p2a: Wartortle
|-start|p2a: Wartortle|confusion
|-activate|p2a: Wartortle|confusion
|-damage|p2a: Wartortle|173\/274|[from] confusion
|
|turn|28
|choice|move 1|move 3
|
|move|p1a: Ninetales|Fire Blast|p2a: Wartortle|[miss]
|-miss|p1a: Ninetales
|-activate|p2a: Wartortle|confusion
|-damage|p2a: Wartortle|146\/274|[from] confusion
|
|turn|29
|choice|move 1|move 3
|
|move|p1a: Ninetales|Fire Blast|p2a: Wartortle
|-resisted|p2a: Wartortle
|-damage|p2a: Wartortle|71\/274
|-activate|p2a: Wartortle|confusion
|move|p2a: Wartortle|Hydro Pump|p1a: Ninetales|[miss]
|-miss|p2a: Wartortle
|
|turn|30
|choice|move 1|move 3
|
|move|p1a: Ninetales|Fire Blast|p2a: Wartortle
|-resisted|p2a: Wartortle
|-damage|p2a: Wartortle|0 fnt
|faint|p2a: Wartortle
|choice||switch 4
|
|switch|p2a: Articuno|Articuno, L79|304\/304
|turn|31
|choice|move 4|move 2
|
|move|p1a: Ninetales|Confuse Ray|p2a: Articuno
|-start|p2a: Articuno|confusion
|-activate|p2a: Articuno|confusion
|-damage|p2a: Articuno|279\/304|[from] confusion
|
|turn|32
|choice|move 1|move 2
|
|move|p1a: Ninetales|Fire Blast|p2a: Articuno
|-supereffective|p2a: Articuno
|-damage|p2a: Articuno|53\/304
|-activate|p2a: Articuno|confusion
|move|p2a: Articuno|Blizzard|p1a: Ninetales
|-damage|p1a: Ninetales|14\/298
|
|turn|33
|choice|move 1|move 1
|
|move|p1a: Ninetales|Fire Blast|p2a: Articuno|[miss]
|-miss|p1a: Ninetales
|-end|p2a: Articuno|confusion
|move|p2a: Articuno|Rest|p2a: Articuno
|-status|p2a: Articuno|slp
|-heal|p2a: Articuno|304\/304 slp|[silent]
|-status|p2a: Articuno|slp|[from] move: Rest
|
|turn|34
|choice|move 4|move 4
|
|move|p1a: Ninetales|Confuse Ray|p2a: Articuno
|-start|p2a: Articuno|confusion
|cant|p2a: Articuno|slp
|
|turn|35
|choice|switch 2|move 4
|
|switch|p1a: Marowak|Marowak, L90|291\/291
|-curestatus|p2a: Articuno|slp
|
|turn|36
|choice|move 1|move 2
|
|-activate|p2a: Articuno|confusion
|move|p2a: Articuno|Blizzard|p1a: Marowak
|-supereffective|p1a: Marowak
|-damage|p1a: Marowak|0 fnt
|faint|p1a: Marowak
|choice|switch 2|
|
|switch|p1a: Ninetales|Ninetales, L85|14\/298
|turn|37
|choice|move 3|move 2
|
|move|p1a: Ninetales|Reflect|p1a: Ninetales
|-start|p1a: Ninetales|Reflect
|-activate|p2a: Articuno|confusion
|-damage|p2a: Articuno|279\/304|[from] confusion
|
|turn|38
|choice|move 4|move 2
|
|move|p1a: Ninetales|Confuse Ray|p2a: Articuno
|-activate|p2a: Articuno|confusion
|move|p2a: Articuno|Blizzard|p1a: Ninetales
|-damage|p1a: Ninetales|0 fnt
|faint|p1a: Ninetales
|
|win|Fella McFellerson
|player|p1
|player|p2
|raw|poopyface5000's rating: 1332 &rarr; <strong>1308<\/strong><br \/>(-24 for losing)
|raw|Fella McFellerson's rating: 1261 &rarr; <strong>1291<\/strong><br \/>(+30 for winning)
|l|poopyface5000