|join|MALESANI
|join|PickledBeets
|player|p1|MALESANI|238
|player|p2|PickledBeets|162
|gametype|singles
|gen|1
|tier|[Gen 1] Random Battle
|rated
|seed|51541,60617,60353,21522
|rule|Sleep Clause Mod: Limit one foe put to sleep
|rule|Freeze Clause Mod: Limit one foe frozen
|rule|HP Percentage Mod: HP is shown in percentages
|
|start
|switch|p1a: Golem|Golem, L79|288\/288
|switch|p2a: Koffing|Koffing, L96|272\/272
|turn|1
|choice|move 3|switch 3
|
|switch|p2a: Pidgeot|Pidgeot, L90|333\/333
|move|p1a: Golem|Rock Slide|p2a: Pidgeot
|-supereffective|p2a: Pidgeot
|-damage|p2a: Pidgeot|188\/333
|
|turn|2
|choice|move 3|switch 6
|
|switch|p2a: Omastar|Omastar, L90|309\/309
|move|p1a: Golem|Rock Slide|p2a: Omastar
|-damage|p2a: Omastar|253\/309
|
|turn|3
|choice|switch 4|move 3
|
|switch|p1a: Slowbro|Slowbro, L79|312\/312
|move|p2a: Omastar|Hydro Pump|p1a: Slowbro
|-resisted|p1a: Slowbro
|-damage|p1a: Slowbro|225\/312
|
|turn|4
|choice|move 1|move 1
|
|move|p2a: Omastar|Blizzard|p1a: Slowbro
|-resisted|p1a: Slowbro
|-damage|p1a: Slowbro|162\/312
|move|p1a: Slowbro|Thunder Wave|p2a: Omastar
|-status|p2a: Omastar|par
|
|turn|5
|choice|move 2|move 1
|
|move|p1a: Slowbro|Amnesia|p1a: Slowbro
|-boost|p1a: Slowbro|spd|2
|-boost|p1a: Slowbro|spa|2
|move|p2a: Omastar|Blizzard|p1a: Slowbro
|-resisted|p1a: Slowbro
|-damage|p1a: Slowbro|134\/312
|
|turn|6
|choice|move 3|move 1
|
|move|p1a: Slowbro|Surf|p2a: Omastar
|-damage|p2a: Omastar|135\/309 par
|cant|p2a: Omastar|par
|
|turn|7
|choice|move 2|move 1
|
|move|p1a: Slowbro|Amnesia|p1a: Slowbro
|-boost|p1a: Slowbro|spd|2
|-boost|p1a: Slowbro|spa|2
|move|p2a: Omastar|Blizzard|p1a: Slowbro
|-crit|p1a: Slowbro
|-resisted|p1a: Slowbro
|-damage|p1a: Slowbro|16\/312
|
|turn|8
|choice|move 4|move 4
|
|move|p1a: Slowbro|Rest|p1a: Slowbro
|-status|p1a: Slowbro|slp
|-heal|p1a: Slowbro|312\/312 slp|[silent]
|-status|p1a: Slowbro|slp|[from] move: Rest
|move|p2a: Omastar|Rest|p2a: Omastar
|-status|p2a: Omastar|slp
|-heal|p2a: Omastar|309\/309 slp|[silent]
|-status|p2a: Omastar|slp|[from] move: Rest
|
|turn|9
|choice|move 3|move 1
|
|cant|p1a: Slowbro|slp
|cant|p2a: Omastar|slp
|
|turn|10
|choice|move 3|move 1
|
|-curestatus|p1a: Slowbro|slp
|-curestatus|p2a: Omastar|slp
|
|turn|11
|choice|move 3|move 1
|
|move|p1a: Slowbro|Surf|p2a: Omastar
|-damage|p2a: Omastar|139\/309
|move|p2a: Omastar|Blizzard|p1a: Slowbro
|-resisted|p1a: Slowbro
|-damage|p1a: Slowbro|292\/312
|
|turn|12
|choice|move 3|move 1
|
|move|p1a: Slowbro|Surf|p2a: Omastar
|-crit|p2a: Omastar
|-damage|p2a: Omastar|26\/309
|move|p2a: Omastar|Blizzard|p1a: Slowbro
|-resisted|p1a: Slowbro
|-damage|p1a: Slowbro|271\/312
|
|turn|13
|choice|move 3|move 1
|
|move|p1a: Slowbro|Surf|p2a: Omastar
|-crit|p2a: Omastar
|-damage|p2a: Omastar|0 fnt
|faint|p2a: Omastar
|choice||switch 5
|
|switch|p2a: Hypno|Hypno, L85|318\/318
|turn|14
|choice|move 1|move 4
|
|move|p2a: Hypno|Hypnosis|p1a: Slowbro
|-status|p1a: Slowbro|slp
|cant|p1a: Slowbro|slp
|
|turn|15
|choice|move 1|switch 3
|
|switch|p2a: Koffing|Koffing, L96|272\/272
|cant|p1a: Slowbro|slp
|
|turn|16
|choice|move 1|move 2
|
|move|p2a: Koffing|Sludge|p1a: Slowbro
|-damage|p1a: Slowbro|211\/312 slp
|-curestatus|p1a: Slowbro|slp
|
|turn|17
|choice|move 1|move 1
|
|move|p2a: Koffing|Explosion|p1a: Slowbro
|-damage|p1a: Slowbro|0 fnt
|faint|p1a: Slowbro
|faint|p2a: Koffing
|choice|switch 2|switch 2
|
|switch|p2a: Parasect|Parasect, L90|291\/291
|switch|p1a: Lickitung|Lickitung, L90|345\/345
|turn|18
|choice|move 1|move 4
|
|move|p2a: Parasect|Spore|p1a: Lickitung
|-status|p1a: Lickitung|slp
|-curestatus|p1a: Lickitung|slp
|
|turn|19
|choice|move 1|move 4
|
|move|p1a: Lickitung|Body Slam|p2a: Parasect
|-damage|p2a: Parasect|215\/291
|-status|p2a: Parasect|par
|move|p2a: Parasect|Spore|p1a: Lickitung
|-status|p1a: Lickitung|slp
|
|turn|20
|choice|switch 5|move 1
|
|switch|p1a: Mewtwo|Mewtwo, L70|293\/293
|move|p2a: Parasect|Body Slam|p1a: Mewtwo
|-damage|p1a: Mewtwo|212\/293
|
|turn|21
|choice|move 2|move 1
|
|move|p1a: Mewtwo|Ice Beam|p2a: Parasect
|-supereffective|p2a: Parasect
|-damage|p2a: Parasect|91\/291 par
|cant|p2a: Parasect|par
|
|turn|22
|choice|move 1|move 1
|
|move|p1a: Mewtwo|Psychic|p2a: Parasect
|-damage|p2a: Parasect|5\/291 par
|move|p2a: Parasect|Body Slam|p1a: Mewtwo
|-damage|p1a: Mewtwo|132\/293
|
|turn|23
|choice|move 1|move 1
|
|move|p1a: Mewtwo|Psychic|p2a: Parasect
|-crit|p2a: Parasect
|-damage|p2a: Parasect|0 fnt
|faint|p2a: Parasect
|choice||switch 4
|
|switch|p2a: Jolteon|Jolteon, L79|265\/265
|turn|24
|choice|move 3|switch 3
|
|switch|p2a: Hypno|Hypno, L85|318\/318
|move|p1a: Mewtwo|Thunder Wave|p2a: Hypno
|-status|p2a: Hypno|par
|
|turn|25
|choice|move 1|move 1
|
|move|p1a: Mewtwo|Psychic|p2a: Hypno
|-resisted|p2a: Hypno
|-damage|p2a: Hypno|282\/318 par
|-unboost|p2a: Hypno|spd|1
|-unboost|p2a: Hypno|spa|1
|move|p2a: Hypno|Psychic|p1a: Mewtwo
|-crit|p1a: Mewtwo
|-resisted|p1a: Mewtwo
|-damage|p1a: Mewtwo|41\/293
|-unboost|p1a: Mewtwo|spd|1
|-unboost|p1a: Mewtwo|spa|1
|
|turn|26
|choice|move 4|move 1
|
|move|p1a: Mewtwo|Rest|p1a: Mewtwo
|-status|p1a: Mewtwo|slp
|-heal|p1a: Mewtwo|293\/293 slp|[silent]
|-status|p1a: Mewtwo|slp|[from] move: Rest
|move|p2a: Hypno|Psychic|p1a: Mewtwo
|-resisted|p1a: Mewtwo
|-damage|p1a: Mewtwo|248\/293 slp
|
|turn|27
|choice|move 4|move 1
|
|cant|p1a: Mewtwo|slp
|move|p2a: Hypno|Psychic|p1a: Mewtwo
|-resisted|p1a: Mewtwo
|-damage|p1a: Mewtwo|208\/293 slp
|-unboost|p1a: Mewtwo|spd|1
|-unboost|p1a: Mewtwo|spa|1
|
|turn|28
|choice|move 1|move 1
|
|-curestatus|p1a: Mewtwo|slp
|move|p2a: Hypno|Psychic|p1a: Mewtwo
|-resisted|p1a: Mewtwo
|-damage|p1a: Mewtwo|151\/293
|
|turn|29
|choice|move 1|move 1
|
|move|p1a: Mewtwo|Psychic|p2a: Hypno
|-crit|p2a: Hypno
|-resisted|p2a: Hypno
|-damage|p2a: Hypno|209\/318 par
|move|p2a: Hypno|Psychic|p1a: Mewtwo
|-resisted|p1a: Mewtwo
|-damage|p1a: Mewtwo|89\/293
|
|turn|30
|choice|move 4|move 1
|
|move|p1a: Mewtwo|Rest|p1a: Mewtwo
|-status|p1a: Mewtwo|slp
|-heal|p1a: Mewtwo|293\/293 slp|[silent]
|-status|p1a: Mewtwo|slp|[from] move: Rest
|move|p2a: Hypno|Psychic|p1a: Mewtwo
|-resisted|p1a: Mewtwo
|-damage|p1a: Mewtwo|235\/293 slp
|
|turn|31
|choice|move 1|move 1
|
|cant|p1a: Mewtwo|slp
|cant|p2a: Hypno|par
|
|turn|32
|choice|move 1|move 1
|
|-curestatus|p1a: Mewtwo|slp
|cant|p2a: Hypno|par
|
|turn|33
|choice|move 1|move 1
|
|move|p1a: Mewtwo|Psychic|p2a: Hypno
|-resisted|p2a: Hypno
|-damage|p2a: Hypno|180\/318 par
|move|p2a: Hypno|Psychic|p1a: Mewtwo
|-resisted|p1a: Mewtwo
|-damage|p1a: Mewtwo|176\/293
|
|turn|34
|choice|move 1|move 1
|
|move|p1a: Mewtwo|Psychic|p2a: Hypno
|-resisted|p2a: Hypno
|-damage|p2a: Hypno|151\/318 par
|cant|p2a: Hypno|par
|
|turn|35
|choice|move 1|move 1
|
|move|p1a: Mewtwo|Psychic|p2a: Hypno
|-resisted|p2a: Hypno
|-damage|p2a: Hypno|122\/318 par
|move|p2a: Hypno|Psychic|p1a: Mewtwo
|-resisted|p1a: Mewtwo
|-damage|p1a: Mewtwo|117\/293
|-unboost|p1a: Mewtwo|spd|1
|-unboost|p1a: Mewtwo|spa|1
|
|turn|36
|choice|move 4|move 1
|
|move|p1a: Mewtwo|Rest|p1a: Mewtwo
|-status|p1a: Mewtwo|slp
|-heal|p1a: Mewtwo|293\/293 slp|[silent]
|-status|p1a: Mewtwo|slp|[from] move: Rest
|move|p2a: Hypno|Psychic|p1a: Mewtwo
|-resisted|p1a: Mewtwo
|-damage|p1a: Mewtwo|219\/293 slp
|
|turn|37
|choice|move 1|move 3
|
|cant|p1a: Mewtwo|slp
|move|p2a: Hypno|Rest|p2a: Hypno
|-status|p2a: Hypno|slp
|-heal|p2a: Hypno|318\/318 slp|[silent]
|-status|p2a: Hypno|slp|[from] move: Rest
|
|turn|38
|choice|switch 3|move 1
|
|switch|p1a: Diglett|Diglett, L96|214\/214
|cant|p2a: Hypno|slp
|
|turn|39
|choice|move 2|move 1
|
|move|p1a: Diglett|Slash|p2a: Hypno
|-crit|p2a: Hypno
|-damage|p2a: Hypno|216\/318 slp
|-curestatus|p2a: Hypno|slp
|
|turn|40
|choice|move 1|move 1
|
|move|p1a: Diglett|Earthquake|p2a: Hypno
|-damage|p2a: Hypno|106\/318
|move|p2a: Hypno|Psychic|p1a: Diglett
|-damage|p1a: Diglett|123\/214
|
|turn|41
|choice|move 1|move 1
|
|move|p1a: Diglett|Earthquake|p2a: Hypno
|-damage|p2a: Hypno|0 fnt
|faint|p2a: Hypno
|choice||switch 6
|
|switch|p2a: Pidgeot|Pidgeot, L90|188\/333
|turn|42
|choice|switch 4|move 4
|
|switch|p1a: Golem|Golem, L79|288\/288
|move|p2a: Pidgeot|Hyper Beam|p1a: Golem
|-resisted|p1a: Golem
|-damage|p1a: Golem|218\/288
|
|turn|43
|-mustrecharge|p2a: Pidgeot
|-message|PickledBeets forfeited.
|
|win|MALESANI
|leave|PickledBeets
|player|p2
|raw|MALESANI's rating: 1437 &rarr; <strong>1452<\/strong><br \/>(+15 for winning)
|raw|PickledBeets's rating: 1340 &rarr; <strong>1326<\/strong><br \/>(-14 for losing)