|j|Hyper Rosso
|j|marcoasd
|player|p1|Hyper Rosso|153
|player|p2|marcoasd|170
|gametype|singles
|gen|1
|tier|[Gen 1] OU
|seed|1564,32780,20182,34606
|rule|Sleep Clause Mod: Limit one foe put to sleep
|rule|Freeze Clause Mod: Limit one foe frozen
|rule|Species Clause: Limit one of each Pokémon
|rule|OHKO Clause: OHKO moves are banned
|rule|Evasion Moves Clause: Evasion moves are banned
|rule|HP Percentage Mod: HP is shown in percentages
|
|start
|switch|p1a: Gengar|Gengar|323\/323
|switch|p2a: Alakazam|Alakazam|313\/313
|turn|1
|choice|switch 6|move 1
|
|switch|p1a: Snorlax|Snorlax|523\/523
|move|p2a: Alakazam|Thunder Wave|p1a: Snorlax
|-status|p1a: Snorlax|par
|
|turn|2
|choice|move 2|move 2
|
|move|p2a: Alakazam|Psychic|p1a: Snorlax
|-damage|p1a: Snorlax|345\/523 par
|-unboost|p1a: Snorlax|spd|1
|-unboost|p1a: Snorlax|spa|1
|move|p1a: Snorlax|Earthquake|p2a: Alakazam
|-damage|p2a: Alakazam|175\/313
|
|turn|3
|j|Sophomore22
|choice|switch 3|switch 6
|
|switch|p2a: Snorlax|Snorlax|523\/523
|switch|p1a: Starmie|Starmie|323\/323
|
|turn|4
|choice|switch 3|switch 6
|
|switch|p1a: Snorlax|Snorlax|345\/523 par
|switch|p2a: Alakazam|Alakazam|175\/313
|
|turn|5
|choice|move 2|switch 6
|
|switch|p2a: Snorlax|Snorlax|523\/523
|move|p1a: Snorlax|Earthquake|p2a: Snorlax
|-damage|p2a: Snorlax|418\/523
|
|turn|6
|choice|move 1|move 1
|
|move|p2a: Snorlax|Body Slam|p1a: Snorlax
|-damage|p1a: Snorlax|200\/523 par
|move|p1a: Snorlax|Body Slam|p2a: Snorlax
|-damage|p2a: Snorlax|278\/523
|
|turn|7
|choice|move 2|move 2
|
|cant|p1a: Snorlax|par
|move|p2a: Snorlax|Counter|p1a: Snorlax
|-damage|p1a: Snorlax|0 fnt
|faint|p1a: Snorlax
|c|★Hyper Rosso|yjyuj
|c|★Hyper Rosso|esplodevo
|c|★Hyper Rosso|u.u
|c|★marcoasd|èh sì
|choice|switch 6|
|
|switch|p1a: Gengar|Gengar|323\/323
|turn|8
|choice|move 2|switch 6
|
|switch|p2a: Alakazam|Alakazam|175\/313
|move|p1a: Gengar|Hypnosis|p2a: Alakazam|[miss]
|-miss|p1a: Gengar
|
|turn|9
|choice|switch 4|move 2
|
|switch|p1a: Rhydon|Rhydon|413\/413
|move|p2a: Alakazam|Psychic|p1a: Rhydon
|-damage|p1a: Rhydon|217\/413
|
|turn|10
|choice|move 2|switch 2
|
|switch|p2a: Exeggutor|Exeggutor|393\/393
|move|p1a: Rhydon|Earthquake|p2a: Exeggutor
|-resisted|p2a: Exeggutor
|-damage|p2a: Exeggutor|310\/393
|
|turn|11
|choice|switch 4|move 1
|
|switch|p1a: Gengar|Gengar|323\/323
|move|p2a: Exeggutor|Sleep Powder|p1a: Gengar|[miss]
|-miss|p2a: Exeggutor
|
|turn|12
|choice|move 2|switch 2
|
|switch|p2a: Alakazam|Alakazam|175\/313
|move|p1a: Gengar|Hypnosis|p2a: Alakazam
|-status|p2a: Alakazam|slp
|
|turn|13
|j|Coffe
|choice|move 4|switch 2
|
|switch|p2a: Exeggutor|Exeggutor|310\/393
|move|p1a: Gengar|Thunder|p2a: Exeggutor
|-crit|p2a: Exeggutor
|-resisted|p2a: Exeggutor
|-damage|p2a: Exeggutor|221\/393
|
|turn|14
|choice|move 1|move 1
|
|move|p1a: Gengar|Explosion|p2a: Exeggutor
|-damage|p2a: Exeggutor|8\/393
|faint|p1a: Gengar
|choice|switch 3|
|
|switch|p1a: Starmie|Starmie|323\/323
|turn|15
|choice|move 2|switch 3
|
|switch|p2a: Chansey|Chansey|703\/703
|move|p1a: Starmie|Surf|p2a: Chansey
|-crit|p2a: Chansey
|-damage|p2a: Chansey|507\/703
|
|turn|16
|l|Coffe
|choice|switch 4|move 2
|
|switch|p1a: Rhydon|Rhydon|217\/413
|move|p2a: Chansey|Ice Beam|p1a: Rhydon
|-supereffective|p1a: Rhydon
|-damage|p1a: Rhydon|0 fnt
|faint|p1a: Rhydon
|choice|switch 5|
|
|switch|p1a: Sandslash|Sandslash|353\/353
|turn|17
|choice|move 2|switch 4
|
|switch|p2a: Slowbro|Slowbro|393\/393
|move|p1a: Sandslash|Rock Slide|p2a: Slowbro
|-damage|p2a: Slowbro|339\/393
|
|turn|18
|choice|switch 4|move 2
|
|switch|p1a: Starmie|Starmie|323\/323
|move|p2a: Slowbro|Amnesia|p2a: Slowbro
|-boost|p2a: Slowbro|spd|2
|-boost|p2a: Slowbro|spa|2
|
|turn|19
|choice|move 3|move 1
|
|move|p1a: Starmie|Thunder Wave|p2a: Slowbro
|-status|p2a: Slowbro|par
|cant|p2a: Slowbro|par
|
|turn|20
|choice|move 4|move 1
|
|move|p1a: Starmie|Thunderbolt|p2a: Slowbro
|-crit|p2a: Slowbro
|-supereffective|p2a: Slowbro
|-damage|p2a: Slowbro|28\/393 par
|move|p2a: Slowbro|Thunder Wave|p1a: Starmie
|-status|p1a: Starmie|par
|
|turn|21
|c|★Hyper Rosso|sks
|choice|move 4|move 4
|
|move|p1a: Starmie|Thunderbolt|p2a: Slowbro
|-supereffective|p2a: Slowbro
|-damage|p2a: Slowbro|0 fnt
|faint|p2a: Slowbro
|choice||switch 3
|
|switch|p2a: Exeggutor|Exeggutor|8\/393
|turn|22
|choice|move 2|move 4
|
|move|p2a: Exeggutor|Explosion|p1a: Starmie
|-crit|p1a: Starmie
|-damage|p1a: Starmie|0 fnt
|faint|p1a: Starmie
|faint|p2a: Exeggutor
|c|★Hyper Rosso|hax0r
|choice|switch 4|switch 4
|
|switch|p1a: Sandslash|Sandslash|353\/353
|switch|p2a: Chansey|Chansey|507\/703
|turn|23
|choice|move 2|move 2
|
|move|p1a: Sandslash|Rock Slide|p2a: Chansey
|-damage|p2a: Chansey|338\/703
|move|p2a: Chansey|Ice Beam|p1a: Sandslash
|-supereffective|p1a: Sandslash
|-damage|p1a: Sandslash|119\/353
|
|turn|24
|choice|move 1|move 2
|
|move|p1a: Sandslash|Earthquake|p2a: Chansey
|-damage|p2a: Chansey|38\/703
|move|p2a: Chansey|Ice Beam|p1a: Sandslash
|-supereffective|p1a: Sandslash
|-damage|p1a: Sandslash|0 fnt
|faint|p1a: Sandslash
|c|★Hyper Rosso|missclick
|c|★Hyper Rosso|su RL
|c|★Hyper Rosso|mi spiegate cme dio si annulla in sto gioco
|c|★Hyper Rosso|clicco e lo fa uguale
|choice|switch 2|
|
|switch|p1a: Tauros|Tauros|353\/353
|turn|25
|choice|move 2|move 1
|
|move|p1a: Tauros|Body Slam|p2a: Chansey
|-damage|p2a: Chansey|0 fnt
|faint|p2a: Chansey
|choice||switch 6
|
|switch|p2a: Snorlax|Snorlax|278\/523
|turn|26
|c| Sophomore22|i veri uomini non hanno dubbi
|c| Sophomore22|e non annullano
|choice|move 2|move 4
|
|move|p1a: Tauros|Body Slam|p2a: Snorlax
|-damage|p2a: Snorlax|157\/523
|move|p2a: Snorlax|Self-Destruct|p1a: Tauros
|-crit|p1a: Tauros
|-damage|p1a: Tauros|0 fnt
|faint|p1a: Tauros
|faint|p2a: Snorlax
|
|win|marcoasd
|player|p1
|player|p2
|c|★marcoasd|gg