|join|Repenting
|join|MALESANI
|player|p1|Repenting|43
|player|p2|MALESANI|238
|gametype|singles
|gen|1
|tier|[Gen 1] Random Battle
|rated
|seed|49522,28706,45012,41969
|rule|Sleep Clause Mod: Limit one foe put to sleep
|rule|Freeze Clause Mod: Limit one foe frozen
|rule|HP Percentage Mod: HP is shown in percentages
|
|start
|switch|p1a: Mew|Mew, L74|300\/300
|switch|p2a: Koffing|Koffing, L96|272\/272
|turn|1
|choice|move 3|switch 2
|
|switch|p2a: Kangaskhan|Kangaskhan, L85|352\/352
|move|p1a: Mew|Thunder Wave|p2a: Kangaskhan
|-status|p2a: Kangaskhan|par
|
|turn|2
|choice|move 2|move 2
|
|move|p1a: Mew|Swords Dance|p1a: Mew
|-boost|p1a: Mew|atk|2
|move|p2a: Kangaskhan|Body Slam|p1a: Mew
|-damage|p1a: Mew|207\/300
|
|turn|3
|choice|move 2|move 2
|
|move|p1a: Mew|Swords Dance|p1a: Mew
|-boost|p1a: Mew|atk|2
|move|p2a: Kangaskhan|Body Slam|p1a: Mew
|-crit|p1a: Mew
|-damage|p1a: Mew|13\/300
|
|turn|4
|choice|move 1|move 1
|
|move|p1a: Mew|Swift|p2a: Kangaskhan
|-crit|p2a: Kangaskhan
|-damage|p2a: Kangaskhan|286\/352 par
|move|p2a: Kangaskhan|Surf|p1a: Mew
|-damage|p1a: Mew|0 fnt
|faint|p1a: Mew
|c|★Repenting|LMAO
|choice|switch 3|
|
|switch|p1a: Hitmonchan|Hitmonchan, L90|273\/273
|turn|5
|choice|move 4|move 2
|
|move|p1a: Hitmonchan|Submission|p2a: Kangaskhan
|-supereffective|p2a: Kangaskhan
|-damage|p2a: Kangaskhan|64\/352 par
|-damage|p1a: Hitmonchan|218\/273|[from] recoil|[of] p2a: Kangaskhan
|move|p2a: Kangaskhan|Body Slam|p1a: Hitmonchan
|-damage|p1a: Hitmonchan|129\/273
|
|turn|6
|choice|move 4|move 4
|
|move|p1a: Hitmonchan|Submission|p2a: Kangaskhan
|-supereffective|p2a: Kangaskhan
|-damage|p2a: Kangaskhan|0 fnt
|-damage|p1a: Hitmonchan|113\/273|[from] recoil|[of] p2a: Kangaskhan
|faint|p2a: Kangaskhan
|choice||switch 4
|
|switch|p2a: Alakazam|Alakazam, L79|249\/249
|turn|7
|choice|move 2|move 1
|
|move|p2a: Alakazam|Psychic|p1a: Hitmonchan
|-crit|p1a: Hitmonchan
|-supereffective|p1a: Hitmonchan
|-damage|p1a: Hitmonchan|0 fnt
|faint|p1a: Hitmonchan
|choice|switch 6|
|
|switch|p1a: Moltres|Moltres, L85|327\/327
|turn|8
|choice|move 4|move 1
|
|move|p2a: Alakazam|Psychic|p1a: Moltres
|-crit|p1a: Moltres
|-damage|p1a: Moltres|158\/327
|move|p1a: Moltres|Sky Attack|p2a: Alakazam|[still]
|-prepare|p1a: Moltres|Sky Attack|p2a: Alakazam
|
|turn|9
|choice|move 1|switch 5
|
|switch|p2a: Jolteon|Jolteon, L79|265\/265
|move|p1a: Moltres|Sky Attack|p2a: Jolteon
|-resisted|p2a: Jolteon
|-damage|p2a: Jolteon|157\/265
|
|turn|10
|choice|move 3|move 4
|
|move|p2a: Jolteon|Thunder Wave|p1a: Moltres
|-status|p1a: Moltres|par
|cant|p1a: Moltres|par
|
|turn|11
|choice|move 1|move 1
|
|move|p2a: Jolteon|Thunderbolt|p1a: Moltres
|-crit|p1a: Moltres
|-supereffective|p1a: Moltres
|-damage|p1a: Moltres|0 fnt
|faint|p1a: Moltres
|choice|switch 2|
|
|switch|p1a: Golem|Golem, L79|288\/288
|turn|12
|choice|move 1|switch 3
|
|switch|p2a: Seaking|Seaking, L90|327\/327
|move|p1a: Golem|Earthquake|p2a: Seaking
|-damage|p2a: Seaking|214\/327
|
|turn|13
|choice|switch 5|move 4
|
|switch|p1a: Victreebel|Victreebel, L85|310\/310
|move|p2a: Seaking|Surf|p1a: Victreebel
|-crit|p1a: Victreebel
|-resisted|p1a: Victreebel
|-damage|p1a: Victreebel|227\/310
|
|turn|14
|choice|move 2|move 2
|
|move|p2a: Seaking|Blizzard|p1a: Victreebel
|-crit|p1a: Victreebel
|-supereffective|p1a: Victreebel
|-damage|p1a: Victreebel|0 fnt
|faint|p1a: Victreebel
|choice|switch 4|
|
|switch|p1a: Slowpoke|Slowpoke, L96|368\/368
|turn|15
|choice|move 1|move 3
|
|move|p2a: Seaking|Double-Edge|p1a: Slowpoke
|-damage|p1a: Slowpoke|288\/368
|-damage|p2a: Seaking|194\/327|[from] recoil|[of] p1a: Slowpoke
|move|p1a: Slowpoke|Thunder Wave|p2a: Seaking
|-status|p2a: Seaking|par
|
|turn|16
|choice|move 4|switch 6
|
|switch|p2a: Lapras|Lapras, L79|367\/367
|move|p1a: Slowpoke|Amnesia|p1a: Slowpoke
|-boost|p1a: Slowpoke|spd|2
|-boost|p1a: Slowpoke|spa|2
|
|turn|17
|c|★Repenting|;
|choice|move 1|move 2
|
|move|p2a: Lapras|Thunderbolt|p1a: Slowpoke
|-crit|p1a: Slowpoke
|-supereffective|p1a: Slowpoke
|-damage|p1a: Slowpoke|0 fnt
|faint|p1a: Slowpoke
|choice|switch 5|
|
|switch|p1a: Golem|Golem, L79|288\/288
|turn|18
|choice|move 1|move 1
|
|move|p2a: Lapras|Body Slam|p1a: Golem
|-resisted|p1a: Golem
|-damage|p1a: Golem|268\/288
|-status|p1a: Golem|par
|move|p1a: Golem|Earthquake|p2a: Lapras
|-crit|p2a: Lapras
|-damage|p2a: Lapras|125\/367
|
|turn|19
|choice|move 3|move 3
|
|move|p2a: Lapras|Blizzard|p1a: Golem
|-supereffective|p1a: Golem
|-damage|p1a: Golem|0 fnt
|faint|p1a: Golem
|
|win|MALESANI
|raw|Repenting's rating: 1172 &rarr; <strong>1160<\/strong><br \/>(-12 for losing)
|raw|MALESANI's rating: 1371 &rarr; <strong>1380<\/strong><br \/>(+9 for winning)