|j|RUSHTOWN
|j|kwono
|player|p1|RUSHTOWN|198
|player|p2|kwono|12
|gametype|singles
|gen|1
|tier|[Gen 1] Random Battle
|rated
|seed|5174,31922,17931,15624
|rule|Sleep Clause Mod: Limit one foe put to sleep
|rule|Freeze Clause Mod: Limit one foe frozen
|rule|HP Percentage Mod: HP is shown in percentages
|
|start
|switch|p1a: Primeape|Primeape, L90|300\/300
|switch|p2a: Abra|Abra, L96|243\/243
|turn|1
|choice|switch 3|move 4
|
|switch|p1a: Dragonair|Dragonair, L85|277\/277
|move|p2a: Abra|Psychic|p1a: Dragonair
|-damage|p1a: Dragonair|130\/277
|-unboost|p1a: Dragonair|spd|1
|-unboost|p1a: Dragonair|spa|1
|
|turn|2
|choice|move 2|move 4
|
|move|p2a: Abra|Psychic|p1a: Dragonair
|-damage|p1a: Dragonair|0 fnt
|faint|p1a: Dragonair
|choice|switch 5|
|
|switch|p1a: Persian|Persian, L79|265\/265
|turn|3
|choice|move 1|move 1
|
|move|p2a: Abra|Thunder Wave|p1a: Persian
|-status|p1a: Persian|par
|move|p1a: Persian|Slash|p2a: Abra
|-crit|p2a: Abra
|-damage|p2a: Abra|45\/243
|
|turn|4
|choice|move 1|move 3
|
|move|p2a: Abra|Seismic Toss|p1a: Persian
|-damage|p1a: Persian|169\/265 par
|cant|p1a: Persian|par
|
|turn|5
|choice|move 1|move 4
|
|move|p2a: Abra|Psychic|p1a: Persian
|-damage|p1a: Persian|0 fnt
|faint|p1a: Persian
|choice|switch 6|
|
|switch|p1a: Ninetales|Ninetales, L85|298\/298
|turn|6
|choice|move 4|switch 2
|
|switch|p2a: Seel|Seel, L96|320\/320
|move|p1a: Ninetales|Body Slam|p2a: Seel
|-damage|p2a: Seel|255\/320
|
|turn|7
|choice|switch 3|move 1
|
|switch|p1a: Primeape|Primeape, L90|300\/300
|move|p2a: Seel|Surf|p1a: Primeape
|-damage|p1a: Primeape|170\/300
|
|turn|8
|choice|move 1|move 3
|
|move|p1a: Primeape|Hyper Beam|p2a: Seel
|-damage|p2a: Seel|94\/320
|move|p2a: Seel|Blizzard|p1a: Primeape|[miss]
|-miss|p2a: Seel
|
|turn|9
|-mustrecharge|p1a: Primeape
|-mustrecharge|p1a: Primeape
|choice|move 1|move 1
|
|cant|p1a: Primeape|recharge
|move|p2a: Seel|Surf|p1a: Primeape
|-damage|p1a: Primeape|35\/300
|
|turn|10
|choice|move 1|move 1
|
|move|p1a: Primeape|Hyper Beam|p2a: Seel
|-crit|p2a: Seel
|-damage|p2a: Seel|0 fnt
|faint|p2a: Seel
|choice||switch 2
|
|switch|p2a: Abra|Abra, L96|45\/243
|turn|11
|choice|move 1|move 4
|
|move|p2a: Abra|Psychic|p1a: Primeape
|-supereffective|p1a: Primeape
|-damage|p1a: Primeape|0 fnt
|faint|p1a: Primeape
|choice|switch 3|
|
|switch|p1a: Ninetales|Ninetales, L85|298\/298
|turn|12
|choice|move 1|switch 3
|
|switch|p2a: Wartortle|Wartortle, L85|274\/274
|move|p1a: Ninetales|Fire Blast|p2a: Wartortle|[miss]
|-miss|p1a: Ninetales
|
|turn|13
|choice|switch 2|move 2
|
|switch|p1a: Nidoqueen|Nidoqueen, L85|327\/327
|move|p2a: Wartortle|Surf|p1a: Nidoqueen
|-supereffective|p1a: Nidoqueen
|-damage|p1a: Nidoqueen|157\/327
|
|turn|14
|c|★RUSHTOWN|gfg
|choice|move 4|move 2
|
|move|p1a: Nidoqueen|Thunder|p2a: Wartortle
|-supereffective|p2a: Wartortle
|-damage|p2a: Wartortle|108\/274
|-status|p2a: Wartortle|par
|cant|p2a: Wartortle|par
|
|turn|15
|c|★RUSHTOWN|im done lol
|choice|move 1|switch 6
|
|switch|p2a: Golem|Golem, L79|288\/288
|move|p1a: Nidoqueen|Earthquake|p2a: Golem
|-supereffective|p2a: Golem
|-damage|p2a: Golem|140\/288
|
|turn|16
|choice|move 2|move 2
|
|move|p1a: Nidoqueen|Blizzard|p2a: Golem
|-supereffective|p2a: Golem
|-damage|p2a: Golem|0 fnt
|faint|p2a: Golem
|choice||switch 3
|
|switch|p2a: Abra|Abra, L96|45\/243
|turn|17
|choice|move 3|move 4
|
|move|p2a: Abra|Psychic|p1a: Nidoqueen
|-crit|p1a: Nidoqueen
|-supereffective|p1a: Nidoqueen
|-damage|p1a: Nidoqueen|0 fnt
|faint|p1a: Nidoqueen
|choice|switch 4|
|
|switch|p1a: Kabutops|Kabutops, L85|276\/276
|turn|18
|choice|move 4|switch 4
|
|switch|p2a: Nidorina|Nidorina, L90|309\/309
|move|p1a: Kabutops|Swords Dance|p1a: Kabutops
|-boost|p1a: Kabutops|atk|2
|
|turn|19
|choice|move 3|move 1
|
|move|p1a: Kabutops|Body Slam|p2a: Nidorina
|-damage|p2a: Nidorina|148\/309
|move|p2a: Nidorina|Bubble Beam|p1a: Kabutops
|-damage|p1a: Kabutops|231\/276
|
|turn|20
|choice|move 2|switch 6
|
|switch|p2a: Wartortle|Wartortle, L85|108\/274 par
|move|p1a: Kabutops|Hyper Beam|p2a: Wartortle
|-damage|p2a: Wartortle|0 fnt
|faint|p2a: Wartortle
|choice||switch 4
|
|switch|p2a: Abra|Abra, L96|45\/243
|turn|21
|choice|move 3|move 1
|
|move|p2a: Abra|Thunder Wave|p1a: Kabutops
|-status|p1a: Kabutops|par
|move|p1a: Kabutops|Body Slam|p2a: Abra
|-damage|p2a: Abra|0 fnt
|faint|p2a: Abra
|choice||switch 5
|
|switch|p2a: Charmeleon|Charmeleon, L85|272\/272
|turn|22
|choice|move 1|move 3
|
|move|p2a: Charmeleon|Body Slam|p1a: Kabutops
|-crit|p1a: Kabutops
|-resisted|p1a: Kabutops
|-damage|p1a: Kabutops|188\/276 par
|cant|p1a: Kabutops|par
|
|turn|23
|choice|move 1|move 2
|
|move|p2a: Charmeleon|Submission|p1a: Kabutops|[miss]
|-miss|p2a: Charmeleon
|move|p1a: Kabutops|Surf|p2a: Charmeleon
|-supereffective|p2a: Charmeleon
|-damage|p2a: Charmeleon|72\/272
|
|turn|24
|choice|move 3|move 2
|
|move|p2a: Charmeleon|Submission|p1a: Kabutops
|-supereffective|p1a: Kabutops
|-damage|p1a: Kabutops|111\/276 par
|-damage|p2a: Charmeleon|53\/272|[from] recoil|[of] p1a: Kabutops
|move|p1a: Kabutops|Body Slam|p2a: Charmeleon
|-damage|p2a: Charmeleon|0 fnt
|faint|p2a: Charmeleon
|choice||switch 6
|
|switch|p2a: Nidorina|Nidorina, L90|148\/309
|turn|25
|choice|move 2|move 4
|
|move|p2a: Nidorina|Body Slam|p1a: Kabutops
|-resisted|p1a: Kabutops
|-damage|p1a: Kabutops|89\/276 par
|move|p1a: Kabutops|Hyper Beam|p2a: Nidorina|[miss]
|-miss|p1a: Kabutops
|
|turn|26
|choice|move 2|move 2
|
|move|p2a: Nidorina|Rest|p2a: Nidorina
|-status|p2a: Nidorina|slp
|-heal|p2a: Nidorina|309\/309 slp|[silent]
|-status|p2a: Nidorina|slp|[from] move: Rest
|move|p1a: Kabutops|Hyper Beam|p2a: Nidorina
|-damage|p2a: Nidorina|62\/309 slp
|
|turn|27
|-mustrecharge|p1a: Kabutops
|-mustrecharge|p1a: Kabutops
|choice|move 1|move 1
|
|cant|p2a: Nidorina|slp
|cant|p1a: Kabutops|recharge
|
|turn|28
|choice|move 3|move 1
|
|-curestatus|p2a: Nidorina|slp
|cant|p1a: Kabutops|par
|
|turn|29
|choice|move 3|move 1
|
|move|p2a: Nidorina|Bubble Beam|p1a: Kabutops
|-damage|p1a: Kabutops|47\/276 par
|move|p1a: Kabutops|Body Slam|p2a: Nidorina
|-damage|p2a: Nidorina|0 fnt
|faint|p2a: Nidorina
|
|win|RUSHTOWN
|raw|RUSHTOWN's rating: 1299 &rarr; <strong>1313<\/strong><br \/>(+14 for winning)
|raw|kwono's rating: 1129 &rarr; <strong>1115<\/strong><br \/>(-14 for losing)
|l|kwono
|player|p2