|j|Pokemon-Sucks OK
|j|Xxmiroxxtr
|player|p1|Pokemon-Sucks OK|115
|player|p2|Xxmiroxxtr|2
|gametype|singles
|gen|1
|tier|[Gen 1] Random Battle
|rated
|seed|53003,39127,55333,55694
|rule|Sleep Clause Mod: Limit one foe put to sleep
|rule|Freeze Clause Mod: Limit one foe frozen
|rule|HP Percentage Mod: HP is shown in percentages
|
|start
|switch|p1a: Diglett|Diglett, L96|214\/214
|switch|p2a: Grimer|Grimer, L96|348\/348
|turn|1
|c|★Xxmiroxxtr|cyka nuggets
|choice|switch 2|move 2
|
|switch|p1a: Nidorina|Nidorina, L90|309\/309
|move|p2a: Grimer|Mega Drain|p1a: Nidorina
|-resisted|p1a: Nidorina
|-damage|p1a: Nidorina|295\/309
|
|turn|2
|c|★Xxmiroxxtr|only spasiba
|choice|move 3|move 1
|
|move|p1a: Nidorina|Blizzard|p2a: Grimer
|-damage|p2a: Grimer|251\/348
|move|p2a: Grimer|Explosion|p1a: Nidorina
|-damage|p1a: Nidorina|0 fnt
|faint|p1a: Nidorina
|faint|p2a: Grimer
|c|★Xxmiroxxtr|ueuheheeu
|choice|switch 4|switch 6
|
|switch|p1a: Electabuzz|Electabuzz, L85|284\/284
|switch|p2a: Poliwrath|Poliwrath, L85|327\/327
|turn|3
|choice|move 2|switch 3
|
|switch|p2a: Dugtrio|Dugtrio, L85|233\/233
|move|p1a: Electabuzz|Thunder Wave|p2a: Dugtrio
|-immune|p2a: Dugtrio|[msg]
|
|turn|4
|choice|switch 6|move 1
|
|switch|p1a: Starmie|Starmie, L79|257\/257
|move|p2a: Dugtrio|Earthquake|p1a: Starmie
|-damage|p1a: Starmie|155\/257
|
|turn|5
|choice|move 3|switch 5
|
|switch|p2a: Raichu|Raichu, L85|276\/276
|move|p1a: Starmie|Blizzard|p2a: Raichu
|-damage|p2a: Raichu|202\/276
|
|turn|6
|c|★Xxmiroxxtr|ben neden kızım lan
|c|★Xxmiroxxtr|wtf
|choice|move 2|move 3
|
|move|p1a: Starmie|Thunder Wave|p2a: Raichu
|-status|p2a: Raichu|par
|move|p2a: Raichu|Thunder|p1a: Starmie
|-supereffective|p1a: Starmie
|-damage|p1a: Starmie|0 fnt
|faint|p1a: Starmie
|c|★Xxmiroxxtr|dawn olmuşum g.o
|choice|switch 6|
|
|switch|p1a: Electabuzz|Electabuzz, L85|284\/284
|turn|7
|choice|move 4|move 4
|
|move|p1a: Electabuzz|Psychic|p2a: Raichu
|-damage|p2a: Raichu|141\/276 par
|move|p2a: Raichu|Agility|p2a: Raichu
|-boost|p2a: Raichu|spe|2
|
|turn|8
|choice|switch 2|move 2
|
|switch|p1a: Diglett|Diglett, L96|214\/214
|cant|p2a: Raichu|par
|
|turn|9
|choice|move 1|move 1
|
|move|p2a: Raichu|Surf|p1a: Diglett
|-supereffective|p1a: Diglett
|-damage|p1a: Diglett|41\/214
|move|p1a: Diglett|Earthquake|p2a: Raichu
|-supereffective|p2a: Raichu
|-damage|p2a: Raichu|0 fnt
|faint|p2a: Raichu
|choice||switch 5
|
|switch|p2a: Dugtrio|Dugtrio, L85|233\/233
|turn|10
|choice|move 1|move 1
|
|move|p2a: Dugtrio|Earthquake|p1a: Diglett
|-crit|p1a: Diglett
|-damage|p1a: Diglett|0 fnt
|faint|p1a: Diglett
|choice|switch 3|
|
|switch|p1a: Poliwrath|Poliwrath, L85|327\/327
|turn|11
|choice|move 2|switch 2
|
|switch|p2a: Kadabra|Kadabra, L85|242\/242
|move|p1a: Poliwrath|Hypnosis|p2a: Kadabra
|-status|p2a: Kadabra|slp
|
|turn|12
|choice|move 1|move 1
|
|cant|p2a: Kadabra|slp
|move|p1a: Poliwrath|Amnesia|p1a: Poliwrath
|-boost|p1a: Poliwrath|spd|2
|-boost|p1a: Poliwrath|spa|2
|
|turn|13
|choice|move 1|move 1
|
|cant|p2a: Kadabra|slp
|move|p1a: Poliwrath|Amnesia|p1a: Poliwrath
|-boost|p1a: Poliwrath|spd|2
|-boost|p1a: Poliwrath|spa|2
|
|turn|14
|choice|move 4|move 1
|
|cant|p2a: Kadabra|slp
|move|p1a: Poliwrath|Surf|p2a: Kadabra
|-crit|p2a: Kadabra
|-damage|p2a: Kadabra|108\/242 slp
|
|turn|15
|choice|move 4|move 1
|
|-curestatus|p2a: Kadabra|slp
|move|p1a: Poliwrath|Surf|p2a: Kadabra
|-damage|p2a: Kadabra|0 fnt
|faint|p2a: Kadabra
|choice||switch 3
|
|switch|p2a: Poliwrath|Poliwrath, L85|327\/327
|turn|16
|choice|switch 2|move 2
|
|switch|p1a: Electabuzz|Electabuzz, L85|284\/284
|move|p2a: Poliwrath|Surf|p1a: Electabuzz
|-damage|p1a: Electabuzz|200\/284
|
|turn|17
|choice|move 4|move 4
|
|move|p1a: Electabuzz|Psychic|p2a: Poliwrath
|-supereffective|p2a: Poliwrath
|-damage|p2a: Poliwrath|181\/327
|move|p2a: Poliwrath|Blizzard|p1a: Electabuzz
|-damage|p1a: Electabuzz|129\/284
|
|turn|18
|choice|move 4|switch 2
|
|switch|p2a: Dugtrio|Dugtrio, L85|233\/233
|move|p1a: Electabuzz|Psychic|p2a: Dugtrio
|-damage|p2a: Dugtrio|170\/233
|
|turn|19
|choice|move 4|move 1
|
|move|p2a: Dugtrio|Earthquake|p1a: Electabuzz
|-crit|p1a: Electabuzz
|-supereffective|p1a: Electabuzz
|-damage|p1a: Electabuzz|0 fnt
|faint|p1a: Electabuzz
|choice|switch 2|
|
|switch|p1a: Poliwrath|Poliwrath, L85|327\/327
|turn|20
|choice|move 2|move 1
|
|move|p2a: Dugtrio|Earthquake|p1a: Poliwrath
|-damage|p1a: Poliwrath|242\/327
|move|p1a: Poliwrath|Hypnosis|p2a: Dugtrio
|-status|p2a: Dugtrio|slp
|
|turn|21
|choice|move 1|switch 4
|
|switch|p2a: Pidgeotto|Pidgeotto, L90|297\/297
|move|p1a: Poliwrath|Amnesia|p1a: Poliwrath
|-boost|p1a: Poliwrath|spd|2
|-boost|p1a: Poliwrath|spa|2
|
|turn|22
|choice|move 4|move 1
|
|move|p2a: Pidgeotto|Double-Edge|p1a: Poliwrath
|-damage|p1a: Poliwrath|156\/327
|-damage|p2a: Pidgeotto|276\/297|[from] recoil|[of] p1a: Poliwrath
|move|p1a: Poliwrath|Surf|p2a: Pidgeotto
|-damage|p2a: Pidgeotto|63\/297
|
|turn|23
|choice|move 4|move 1
|
|move|p2a: Pidgeotto|Double-Edge|p1a: Poliwrath
|-damage|p1a: Poliwrath|74\/327
|-damage|p2a: Pidgeotto|43\/297|[from] recoil|[of] p1a: Poliwrath
|move|p1a: Poliwrath|Surf|p2a: Pidgeotto
|-damage|p2a: Pidgeotto|0 fnt
|faint|p2a: Pidgeotto
|choice||switch 2
|
|switch|p2a: Poliwrath|Poliwrath, L85|181\/327
|turn|24
|choice|move 4|move 2
|
|move|p1a: Poliwrath|Surf|p2a: Poliwrath
|-resisted|p2a: Poliwrath
|-damage|p2a: Poliwrath|86\/327
|move|p2a: Poliwrath|Surf|p1a: Poliwrath
|-crit|p1a: Poliwrath
|-resisted|p1a: Poliwrath
|-damage|p1a: Poliwrath|0 fnt
|faint|p1a: Poliwrath
|choice|switch 5|
|
|switch|p1a: Kadabra|Kadabra, L85|242\/242
|turn|25
|choice|move 1|move 2
|
|move|p1a: Kadabra|Psychic|p2a: Poliwrath
|-supereffective|p2a: Poliwrath
|-damage|p2a: Poliwrath|0 fnt
|faint|p2a: Poliwrath
|choice||switch 4
|
|switch|p2a: Dugtrio|Dugtrio, L85|170\/233 slp
|turn|26
|choice|move 1|move 1
|
|-curestatus|p2a: Dugtrio|slp
|move|p1a: Kadabra|Psychic|p2a: Dugtrio
|-crit|p2a: Dugtrio
|-damage|p2a: Dugtrio|0 fnt
|faint|p2a: Dugtrio
|
|win|Pokemon-Sucks OK
|player|p1
|player|p2
|raw|Pokemon-Sucks OK's rating: 1062 &rarr; <strong>1087<\/strong><br \/>(+25 for winning)
|raw|Xxmiroxxtr's rating: 1000 &rarr; <strong>1000<\/strong><br \/>(+0 for losing)
|c|★Pokemon-Sucks OK|gg
|l|Xxmiroxxtr