|join|SinisterHFigure
|join|ttte
|player|p1|SinisterHFigure|269
|player|p2|ttte|87
|gametype|singles
|gen|1
|tier|[Gen 1] OU
|rated
|rule|Sleep Clause Mod: Limit one foe put to sleep
|rule|Freeze Clause Mod: Limit one foe frozen
|rule|Species Clause: Limit one of each Pokémon
|rule|OHKO Clause: OHKO moves are banned
|rule|Evasion Moves Clause: Evasion moves are banned
|rule|HP Percentage Mod: HP is shown in percentages
|
|start
|switch|p1a: Jynx|Jynx|333\/333
|switch|p2a: Chansey|Chansey|703\/703
|turn|1
|
|move|p1a: Jynx|Lovely Kiss|p2a: Chansey
|-status|p2a: Chansey|slp
|cant|p2a: Chansey|slp
|
|turn|2
|
|switch|p1a: Slowbro|Slowbro|393\/393
|switch|p2a: Starmie|Starmie|323\/323
|
|turn|3
|
|switch|p1a: Hypno|Hypno|373\/373
|move|p2a: Starmie|Thunderbolt|p1a: Hypno
|-damage|p1a: Hypno|310\/373
|
|turn|4
|
|switch|p2a: Chansey|Chansey|703\/703 slp
|move|p1a: Hypno|Thunder Wave|p2a: Chansey
|-fail|p2a: Chansey
|
|turn|5
|
|switch|p1a: Slowbro|Slowbro|393\/393
|cant|p2a: Chansey|slp
|
|turn|6
|
|cant|p2a: Chansey|slp
|move|p1a: Slowbro|Amnesia|p1a: Slowbro
|-boost|p1a: Slowbro|spd|2
|-boost|p1a: Slowbro|spa|2
|
|turn|7
|
|switch|p2a: Persian|Persian|333\/333
|move|p1a: Slowbro|Amnesia|p1a: Slowbro
|-boost|p1a: Slowbro|spd|2
|-boost|p1a: Slowbro|spa|2
|
|turn|8
|
|move|p2a: Persian|Slash|p1a: Slowbro
|-crit|p1a: Slowbro
|-damage|p1a: Slowbro|279\/393
|move|p1a: Slowbro|Surf|p2a: Persian
|-damage|p2a: Persian|88\/333
|
|turn|9
|
|move|p2a: Persian|Screech|p1a: Slowbro
|-unboost|p1a: Slowbro|def|2
|move|p1a: Slowbro|Surf|p2a: Persian
|-damage|p2a: Persian|0 fnt
|faint|p2a: Persian
|
|switch|p2a: Golem|Golem|363\/363
|turn|10
|
|switch|p1a: Exeggutor|Exeggutor|393\/393
|move|p2a: Golem|Earthquake|p1a: Exeggutor
|-resisted|p1a: Exeggutor
|-damage|p1a: Exeggutor|321\/393
|
|turn|11
|
|move|p1a: Exeggutor|Mega Drain|p2a: Golem
|-supereffective|p2a: Golem
|-damage|p2a: Golem|18\/363
|-heal|p1a: Exeggutor|393\/393|[from] drain|[of] p2a: Golem
|move|p2a: Golem|Explosion|p1a: Exeggutor
|-damage|p1a: Exeggutor|60\/393
|faint|p2a: Golem
|
|switch|p2a: Starmie|Starmie|323\/323
|turn|12
|
|switch|p1a: Hypno|Hypno|310\/373
|move|p2a: Starmie|Blizzard|p1a: Hypno
|-damage|p1a: Hypno|229\/373
|
|turn|13
|
|switch|p1a: Slowbro|Slowbro|279\/393
|move|p2a: Starmie|Hydro Pump|p1a: Slowbro
|-resisted|p1a: Slowbro
|-damage|p1a: Slowbro|200\/393
|
|turn|14
|
|switch|p1a: Exeggutor|Exeggutor|60\/393
|move|p2a: Starmie|Thunderbolt|p1a: Exeggutor
|-resisted|p1a: Exeggutor
|-damage|p1a: Exeggutor|27\/393
|
|turn|15
|
|move|p2a: Starmie|Psychic|p1a: Exeggutor
|-crit|p1a: Exeggutor
|-resisted|p1a: Exeggutor
|-damage|p1a: Exeggutor|0 fnt
|faint|p1a: Exeggutor
|
|switch|p1a: Starmie|Starmie|323\/323
|turn|16
|
|switch|p1a: Slowbro|Slowbro|200\/393
|move|p2a: Starmie|Thunderbolt|p1a: Slowbro
|-supereffective|p1a: Slowbro
|-damage|p1a: Slowbro|32\/393
|
|turn|17
|
|switch|p1a: Alakazam|Alakazam|313\/313
|move|p2a: Starmie|Thunderbolt|p1a: Alakazam
|-crit|p1a: Alakazam
|-damage|p1a: Alakazam|205\/313
|
|turn|18
|
|move|p1a: Alakazam|Thunder Wave|p2a: Starmie
|-status|p2a: Starmie|par
|move|p2a: Starmie|Hydro Pump|p1a: Alakazam
|-damage|p1a: Alakazam|95\/313
|
|turn|19
|
|switch|p2a: Dragonite|Dragonite|385\/385
|move|p1a: Alakazam|Recover|p1a: Alakazam
|-heal|p1a: Alakazam|251\/313
|
|turn|20
|
|move|p1a: Alakazam|Thunder Wave|p2a: Dragonite
|-status|p2a: Dragonite|par
|move|p2a: Dragonite|Hyper Beam|p1a: Alakazam
|-damage|p1a: Alakazam|27\/313
|
|turn|21
|-mustrecharge|p2a: Dragonite
|-mustrecharge|p2a: Dragonite
|
|move|p1a: Alakazam|Recover|p1a: Alakazam
|-heal|p1a: Alakazam|183\/313
|cant|p2a: Dragonite|recharge
|
|turn|22
|
|switch|p1a: Hypno|Hypno|229\/373
|move|p2a: Dragonite|Wrap|p1a: Hypno
|-damage|p1a: Hypno|210\/373
|-activate|p1a: Hypno|move: Wrap|[of] p2a: Dragonite
|
|turn|23
|
|switch|p1a: Slowbro|Slowbro|32\/393
|move|p2a: Dragonite|Wrap|p1a: Slowbro
|-damage|p1a: Slowbro|18\/393
|-activate|p1a: Slowbro|move: Wrap|[of] p2a: Dragonite
|
|turn|24
|
|cant|p1a: Slowbro|partiallytrapped
|cant|p2a: Dragonite|par
|
|-end|p1a: Slowbro|Wrap|[partiallytrapped]
|turn|25
|
|switch|p2a: Chansey|Chansey|703\/703 slp
|move|p1a: Slowbro|Rest|p1a: Slowbro
|-status|p1a: Slowbro|slp
|-heal|p1a: Slowbro|393\/393 slp|[silent]
|-status|p1a: Slowbro|slp|[from] move: Rest
|
|turn|26
|
|cant|p2a: Chansey|slp
|cant|p1a: Slowbro|slp
|
|turn|27
|
|cant|p2a: Chansey|slp
|cant|p1a: Slowbro|slp
|-curestatus|p1a: Slowbro|slp
|
|turn|28
|
|cant|p2a: Chansey|slp
|-curestatus|p2a: Chansey|slp
|move|p1a: Slowbro|Amnesia|p1a: Slowbro
|-boost|p1a: Slowbro|spd|2
|-boost|p1a: Slowbro|spa|2
|
|turn|29
|
|move|p2a: Chansey|Thunderbolt|p1a: Slowbro
|-supereffective|p1a: Slowbro
|-damage|p1a: Slowbro|307\/393
|move|p1a: Slowbro|Reflect|p1a: Slowbro
|-start|p1a: Slowbro|Reflect
|
|turn|30
|
|move|p2a: Chansey|Thunderbolt|p1a: Slowbro
|-supereffective|p1a: Slowbro
|-damage|p1a: Slowbro|217\/393
|move|p1a: Slowbro|Amnesia|p1a: Slowbro
|-boost|p1a: Slowbro|spd|2
|-boost|p1a: Slowbro|spa|2
|
|turn|31
|
|move|p2a: Chansey|Thunderbolt|p1a: Slowbro
|-supereffective|p1a: Slowbro
|-damage|p1a: Slowbro|126\/393
|move|p1a: Slowbro|Rest|p1a: Slowbro
|-status|p1a: Slowbro|slp
|-heal|p1a: Slowbro|393\/393 slp|[silent]
|-status|p1a: Slowbro|slp|[from] move: Rest
|
|turn|32
|
|move|p2a: Chansey|Thunderbolt|p1a: Slowbro
|-supereffective|p1a: Slowbro
|-damage|p1a: Slowbro|302\/393 slp
|cant|p1a: Slowbro|slp
|
|turn|33
|
|move|p2a: Chansey|Thunderbolt|p1a: Slowbro
|-supereffective|p1a: Slowbro
|-damage|p1a: Slowbro|218\/393 slp
|cant|p1a: Slowbro|slp
|-curestatus|p1a: Slowbro|slp
|
|turn|34
|
|move|p2a: Chansey|Thunderbolt|p1a: Slowbro
|-supereffective|p1a: Slowbro
|-damage|p1a: Slowbro|126\/393
|-status|p1a: Slowbro|par
|move|p1a: Slowbro|Amnesia|p1a: Slowbro
|-boost|p1a: Slowbro|spd|2
|-boost|p1a: Slowbro|spa|2
|
|turn|35
|
|move|p2a: Chansey|Thunderbolt|p1a: Slowbro
|-supereffective|p1a: Slowbro
|-damage|p1a: Slowbro|28\/393 par
|move|p1a: Slowbro|Rest|p1a: Slowbro
|-status|p1a: Slowbro|slp
|-heal|p1a: Slowbro|393\/393 slp|[silent]
|-status|p1a: Slowbro|slp|[from] move: Rest
|
|turn|36
|
|move|p2a: Chansey|Thunderbolt|p1a: Slowbro
|-supereffective|p1a: Slowbro
|-damage|p1a: Slowbro|304\/393 slp
|cant|p1a: Slowbro|slp
|
|turn|37
|
|move|p2a: Chansey|Thunderbolt|p1a: Slowbro
|-supereffective|p1a: Slowbro
|-damage|p1a: Slowbro|211\/393 slp
|cant|p1a: Slowbro|slp
|-curestatus|p1a: Slowbro|slp
|
|turn|38
|
|move|p2a: Chansey|Thunderbolt|p1a: Slowbro
|-supereffective|p1a: Slowbro
|-damage|p1a: Slowbro|125\/393
|move|p1a: Slowbro|Surf|p2a: Chansey
|-damage|p2a: Chansey|529\/703
|
|turn|39
|
|move|p2a: Chansey|Thunderbolt|p1a: Slowbro
|-supereffective|p1a: Slowbro
|-damage|p1a: Slowbro|36\/393
|move|p1a: Slowbro|Surf|p2a: Chansey
|-damage|p2a: Chansey|345\/703
|
|turn|40
|
|move|p2a: Chansey|Thunderbolt|p1a: Slowbro
|-supereffective|p1a: Slowbro
|-damage|p1a: Slowbro|0 fnt
|faint|p1a: Slowbro
|
|switch|p1a: Jynx|Jynx|333\/333
|turn|41
|
|switch|p2a: Starmie|Starmie|323\/323 par
|move|p1a: Jynx|Lovely Kiss|p2a: Starmie
|-fail|p2a: Starmie
|
|turn|42
|
|move|p1a: Jynx|Seismic Toss|p2a: Starmie
|-damage|p2a: Starmie|223\/323 par
|move|p2a: Starmie|Hydro Pump|p1a: Jynx
|-damage|p1a: Jynx|179\/333
|
|turn|43
|
|switch|p2a: Chansey|Chansey|345\/703
|move|p1a: Jynx|Seismic Toss|p2a: Chansey
|-damage|p2a: Chansey|245\/703
|
|turn|44
|
|move|p1a: Jynx|Lovely Kiss|p2a: Chansey
|-status|p2a: Chansey|slp
|cant|p2a: Chansey|slp
|-curestatus|p2a: Chansey|slp
|
|turn|45
|
|move|p1a: Jynx|Lovely Kiss|p2a: Chansey
|-status|p2a: Chansey|slp
|cant|p2a: Chansey|slp
|
|turn|46
|
|move|p1a: Jynx|Seismic Toss|p2a: Chansey
|-damage|p2a: Chansey|145\/703 slp
|cant|p2a: Chansey|slp
|
|turn|47
|
|move|p1a: Jynx|Seismic Toss|p2a: Chansey
|-damage|p2a: Chansey|45\/703 slp
|cant|p2a: Chansey|slp
|-curestatus|p2a: Chansey|slp
|
|turn|48
|
|move|p1a: Jynx|Seismic Toss|p2a: Chansey
|-damage|p2a: Chansey|0 fnt
|faint|p2a: Chansey
|
|switch|p2a: Dragonite|Dragonite|385\/385 par
|turn|49
|
|move|p1a: Jynx|Blizzard|p2a: Dragonite
|-supereffective|p2a: Dragonite
|-damage|p2a: Dragonite|0 fnt
|faint|p2a: Dragonite
|-message|ttte forfeited.
|leave|ttte
|
|switch|p2a: Starmie|Starmie|223\/323 par
|turn|50
|
|win|SinisterHFigure
|raw|Ladder updating...
|player|p2
|raw|SinisterHFigure's rating: 1107 &rarr; <strong>1129<\/strong><br \/>(+22 for winning)
|raw|ttte's rating: 1070 &rarr; <strong>1052<\/strong><br \/>(-18 for losing)