|j|ssacchet
|j|Dervodel2
|player|p1|ssacchet|169
|player|p2|Dervodel2|238
|gametype|singles
|gen|1
|tier|[Gen 1] Random Battle
|rated
|seed|8453,53777,62051,29268
|rule|Sleep Clause Mod: Limit one foe put to sleep
|rule|Freeze Clause Mod: Limit one foe frozen
|rule|HP Percentage Mod: HP is shown in percentages
|
|start
|switch|p1a: Porygon|Porygon, L85|284\/284
|switch|p2a: Slowbro|Slowbro, L79|312\/312
|turn|1
|choice|move 3|move 4
|
|move|p1a: Porygon|Sharpen|p1a: Porygon
|-boost|p1a: Porygon|atk|1
|move|p2a: Slowbro|Amnesia|p2a: Slowbro
|-boost|p2a: Slowbro|spd|2
|-boost|p2a: Slowbro|spa|2
|
|turn|2
|choice|move 2|move 3
|
|move|p1a: Porygon|Double-Edge|p2a: Slowbro
|-damage|p2a: Slowbro|210\/312
|-damage|p1a: Porygon|259\/284|[from] recoil|[of] p2a: Slowbro
|move|p2a: Slowbro|Thunder Wave|p1a: Porygon
|-status|p1a: Porygon|par
|
|turn|3
|choice|move 2|move 4
|
|move|p2a: Slowbro|Amnesia|p2a: Slowbro
|-boost|p2a: Slowbro|spd|2
|-boost|p2a: Slowbro|spa|2
|move|p1a: Porygon|Double-Edge|p2a: Slowbro
|-damage|p2a: Slowbro|105\/312
|-damage|p1a: Porygon|233\/284 par|[from] recoil|[of] p2a: Slowbro
|
|turn|4
|choice|move 2|move 2
|
|move|p2a: Slowbro|Rest|p2a: Slowbro
|-status|p2a: Slowbro|slp
|-heal|p2a: Slowbro|312\/312 slp|[silent]
|-status|p2a: Slowbro|slp|[from] move: Rest
|move|p1a: Porygon|Double-Edge|p2a: Slowbro
|-damage|p2a: Slowbro|210\/312 slp
|-damage|p1a: Porygon|208\/284 par|[from] recoil|[of] p2a: Slowbro
|
|turn|5
|choice|move 2|move 2
|
|cant|p2a: Slowbro|slp
|move|p1a: Porygon|Double-Edge|p2a: Slowbro
|-damage|p2a: Slowbro|96\/312 slp
|-damage|p1a: Porygon|180\/284 par|[from] recoil|[of] p2a: Slowbro
|
|turn|6
|c|★Dervodel2|rly
|choice|move 2|move 2
|
|-curestatus|p2a: Slowbro|slp
|move|p1a: Porygon|Double-Edge|p2a: Slowbro
|-damage|p2a: Slowbro|0 fnt
|-damage|p1a: Porygon|156\/284 par|[from] recoil|[of] p2a: Slowbro
|faint|p2a: Slowbro
|c|★Dervodel2|the uberluck
|c|★ssacchet|of not getting fully paralyzed?
|choice||switch 2
|
|switch|p2a: Arcanine|Arcanine, L85|327\/327
|turn|7
|c|★Dervodel2|6 times
|choice|move 2|move 1
|
|move|p2a: Arcanine|Reflect|p2a: Arcanine
|-start|p2a: Arcanine|Reflect
|cant|p1a: Porygon|par
|
|turn|8
|c|★ssacchet|well, it was only 4 times
|c|★ssacchet|but still
|c|★Dervodel2|oh
|c|★Dervodel2|thats true
|c|★Dervodel2|thought it was 6
|c|★Dervodel2|sory than
|choice|switch 6|move 3
|
|switch|p1a: Gengar|Gengar, L79|257\/257
|move|p2a: Arcanine|Body Slam|p1a: Gengar
|-immune|p1a: Gengar|[msg]
|
|turn|9
|c|★ssacchet|no worries, it was still kind of lucky
|choice|move 2|switch 4
|
|switch|p2a: Pikachu|Pikachu, L96|262\/262
|move|p1a: Gengar|Psychic|p2a: Pikachu
|-damage|p2a: Pikachu|183\/262
|
|turn|10
|choice|switch 6|move 3
|
|switch|p1a: Porygon|Porygon, L85|156\/284 par
|move|p2a: Pikachu|Thunder Wave|p1a: Porygon
|-fail|p1a: Porygon|par
|
|turn|11
|choice|move 2|move 2
|
|move|p2a: Pikachu|Thunderbolt|p1a: Porygon
|-damage|p1a: Porygon|56\/284 par
|move|p1a: Porygon|Double-Edge|p2a: Pikachu
|-crit|p2a: Pikachu
|-damage|p2a: Pikachu|0 fnt
|-damage|p1a: Porygon|11\/284 par|[from] recoil|[of] p2a: Pikachu
|faint|p2a: Pikachu
|c|★ssacchet|sorry about that one
|choice||switch 3
|
|switch|p2a: Alakazam|Alakazam, L79|249\/249
|turn|12
|c|★Dervodel2|no worries
|c|★Dervodel2|its just for fun :)
|choice|move 2|move 4
|
|move|p2a: Alakazam|Reflect|p2a: Alakazam
|-start|p2a: Alakazam|Reflect
|move|p1a: Porygon|Double-Edge|p2a: Alakazam
|-damage|p2a: Alakazam|184\/249
|-damage|p1a: Porygon|0 fnt|[from] recoil|[of] p2a: Alakazam
|faint|p1a: Porygon
|c|★ssacchet|:)
|choice|switch 3|
|
|switch|p1a: Onix|Onix, L90|246\/246
|turn|13
|choice|move 3|move 1
|
|move|p2a: Alakazam|Psychic|p1a: Onix
|-damage|p1a: Onix|62\/246
|move|p1a: Onix|Explosion|p2a: Alakazam
|-damage|p2a: Alakazam|46\/249
|faint|p1a: Onix
|choice|switch 2|
|
|switch|p1a: Sandslash|Sandslash, L85|301\/301
|turn|14
|choice|move 1|move 3
|
|move|p2a: Alakazam|Recover|p2a: Alakazam
|-heal|p2a: Alakazam|170\/249
|move|p1a: Sandslash|Earthquake|p2a: Alakazam
|-damage|p2a: Alakazam|87\/249
|
|turn|15
|choice|move 4|move 3
|
|move|p2a: Alakazam|Recover|p2a: Alakazam
|-heal|p2a: Alakazam|211\/249
|move|p1a: Sandslash|Swords Dance|p1a: Sandslash
|-boost|p1a: Sandslash|atk|2
|
|turn|16
|choice|move 3|move 1
|
|move|p2a: Alakazam|Psychic|p1a: Sandslash
|-damage|p1a: Sandslash|166\/301
|-unboost|p1a: Sandslash|spd|1
|-unboost|p1a: Sandslash|spa|1
|move|p1a: Sandslash|Body Slam|p2a: Alakazam
|-damage|p2a: Alakazam|112\/249
|
|turn|17
|choice|move 1|move 1
|
|move|p2a: Alakazam|Psychic|p1a: Sandslash
|-damage|p1a: Sandslash|0 fnt
|faint|p1a: Sandslash
|choice|switch 4|
|
|switch|p1a: Cloyster|Cloyster, L83|253\/253
|turn|18
|choice|move 4|move 3
|
|move|p2a: Alakazam|Recover|p2a: Alakazam
|-heal|p2a: Alakazam|236\/249
|move|p1a: Cloyster|Ice Beam|p2a: Alakazam|[miss]
|-miss|p1a: Cloyster
|
|turn|19
|choice|move 4|move 1
|
|move|p2a: Alakazam|Psychic|p1a: Cloyster
|-damage|p1a: Cloyster|138\/253
|-unboost|p1a: Cloyster|spd|1
|-unboost|p1a: Cloyster|spa|1
|move|p1a: Cloyster|Ice Beam|p2a: Alakazam
|-damage|p2a: Alakazam|191\/249
|
|turn|20
|c|★ssacchet|shucks
|c|★ssacchet|i think that's game
|choice|move 3|move 1
|
|move|p2a: Alakazam|Psychic|p1a: Cloyster
|-damage|p1a: Cloyster|0 fnt
|faint|p1a: Cloyster
|choice|switch 6|
|
|switch|p1a: Gengar|Gengar, L79|257\/257
|turn|21
|c|★Dervodel2|gg
|c|★Dervodel2|alakazam should be banned
|choice|move 1|move 1
|
|move|p2a: Alakazam|Psychic|p1a: Gengar
|-supereffective|p1a: Gengar
|-damage|p1a: Gengar|69\/257
|move|p1a: Gengar|Hypnosis|p2a: Alakazam
|-status|p2a: Alakazam|slp
|
|turn|22
|c|★ssacchet|with that move set, he's so good
|c|★Dervodel2|im afraid thats gg xD
|choice|move 3|move 1
|
|cant|p2a: Alakazam|slp
|move|p1a: Gengar|Thunderbolt|p2a: Alakazam
|-damage|p2a: Alakazam|130\/249 slp
|
|turn|23
|choice|move 3|move 1
|
|cant|p2a: Alakazam|slp
|move|p1a: Gengar|Thunderbolt|p2a: Alakazam
|-damage|p2a: Alakazam|77\/249 slp
|
|turn|24
|choice|move 3|move 1
|
|cant|p2a: Alakazam|slp
|move|p1a: Gengar|Thunderbolt|p2a: Alakazam
|-damage|p2a: Alakazam|25\/249 slp
|
|turn|25
|choice|move 3|move 1
|
|cant|p2a: Alakazam|slp
|move|p1a: Gengar|Thunderbolt|p2a: Alakazam
|-damage|p2a: Alakazam|0 fnt
|faint|p2a: Alakazam
|choice||switch 6
|
|switch|p2a: Arbok|Arbok, L90|291\/291
|turn|26
|c|★Dervodel2|one time no crit
|choice|move 1|move 3
|
|move|p1a: Gengar|Hypnosis|p2a: Arbok
|-status|p2a: Arbok|slp
|cant|p2a: Arbok|slp
|
|turn|27
|choice|move 2|switch 4
|
|switch|p2a: Arcanine|Arcanine, L85|327\/327
|move|p1a: Gengar|Psychic|p2a: Arcanine
|-damage|p2a: Arcanine|252\/327
|
|turn|28
|choice|move 2|move 4
|
|move|p1a: Gengar|Psychic|p2a: Arcanine
|-damage|p2a: Arcanine|182\/327
|move|p2a: Arcanine|Mimic|p1a: Gengar
|-start|p2a: Arcanine|Mimic|Psychic
|
|turn|29
|choice|move 4|move 4
|
|move|p1a: Gengar|Explosion|p2a: Arcanine
|-damage|p2a: Arcanine|0 fnt
|faint|p2a: Arcanine
|faint|p1a: Gengar
|choice|switch 5|switch 5
|
|switch|p2a: Persian|Persian, L79|265\/265
|switch|p1a: Beedrill|Beedrill, L90|300\/300
|turn|30
|choice|move 4|move 4
|
|move|p2a: Persian|Body Slam|p1a: Beedrill
|-damage|p1a: Beedrill|200\/300
|-status|p1a: Beedrill|par
|move|p1a: Beedrill|Agility|p1a: Beedrill
|-boost|p1a: Beedrill|spe|2
|
|turn|31
|choice|move 3|move 1
|
|move|p1a: Beedrill|Hyper Beam|p2a: Persian|[miss]
|-miss|p1a: Beedrill
|move|p2a: Persian|Slash|p1a: Beedrill
|-crit|p1a: Beedrill
|-damage|p1a: Beedrill|39\/300 par
|
|turn|32
|choice|move 3|move 4
|
|move|p1a: Beedrill|Hyper Beam|p2a: Persian
|-damage|p2a: Persian|128\/265
|move|p2a: Persian|Body Slam|p1a: Beedrill
|-damage|p1a: Beedrill|0 fnt
|faint|p1a: Beedrill
|
|win|Dervodel2
|player|p1
|player|p2
|raw|ssacchet's rating: 1505 &rarr; <strong>1477<\/strong><br \/>(-28 for losing)
|raw|Dervodel2's rating: 1340 &rarr; <strong>1369<\/strong><br \/>(+29 for winning)
|c|★ssacchet|gg
|c|★Dervodel2|gg man
|l|ssacchet
|c|★Dervodel2|you are good
|c|★Dervodel2|damn
|c|★Dervodel2|raitinglol
|c|★Dervodel2|sory for your points