|j|MALESANI
|j|SrHertron
|player|p1|MALESANI|238
|player|p2|SrHertron|162
|gametype|singles
|gen|1
|tier|[Gen 1] Random Battle
|rated
|seed|16278,28278,52274,34783
|rule|Sleep Clause Mod: Limit one foe put to sleep
|rule|Freeze Clause Mod: Limit one foe frozen
|rule|HP Percentage Mod: HP is shown in percentages
|
|start
|switch|p1a: Machamp|Machamp, L90|345\/345
|switch|p2a: Venomoth|Venomoth, L85|293\/293
|turn|1
|choice|move 2|move 4
|
|move|p2a: Venomoth|Psychic|p1a: Machamp
|-supereffective|p1a: Machamp
|-damage|p1a: Machamp|201\/345
|move|p1a: Machamp|Earthquake|p2a: Venomoth
|-damage|p2a: Venomoth|174\/293
|
|turn|2
|choice|move 1|move 4
|
|move|p2a: Venomoth|Psychic|p1a: Machamp
|-supereffective|p1a: Machamp
|-damage|p1a: Machamp|72\/345
|move|p1a: Machamp|Hyper Beam|p2a: Venomoth
|-damage|p2a: Venomoth|0 fnt
|faint|p2a: Venomoth
|choice||switch 4
|
|switch|p2a: Mr. Mime|Mr. Mime, L85|242\/242
|turn|3
|choice|move 1|move 2
|
|move|p2a: Mr. Mime|Psychic|p1a: Machamp
|-supereffective|p1a: Machamp
|-damage|p1a: Machamp|0 fnt
|faint|p1a: Machamp
|choice|switch 2|
|
|switch|p1a: Vulpix|Vulpix, L96|268\/268
|turn|4
|choice|move 2|move 3
|
|move|p2a: Mr. Mime|Thunder Wave|p1a: Vulpix
|-status|p1a: Vulpix|par
|cant|p1a: Vulpix|par
|
|turn|5
|choice|move 1|move 2
|
|move|p2a: Mr. Mime|Psychic|p1a: Vulpix
|-damage|p1a: Vulpix|163\/268 par
|-unboost|p1a: Vulpix|spd|1
|-unboost|p1a: Vulpix|spa|1
|move|p1a: Vulpix|Fire Blast|p2a: Mr. Mime
|-damage|p2a: Mr. Mime|164\/242
|
|turn|6
|choice|move 2|move 2
|
|move|p2a: Mr. Mime|Psychic|p1a: Vulpix
|-damage|p1a: Vulpix|0 fnt
|faint|p1a: Vulpix
|choice|switch 3|
|
|switch|p1a: Articuno|Articuno, L79|304\/304
|turn|7
|choice|move 3|move 3
|
|move|p2a: Mr. Mime|Thunder Wave|p1a: Articuno
|-status|p1a: Articuno|par
|cant|p1a: Articuno|par
|
|turn|8
|choice|move 3|move 1
|
|move|p2a: Mr. Mime|Thunderbolt|p1a: Articuno
|-crit|p1a: Articuno
|-supereffective|p1a: Articuno
|-damage|p1a: Articuno|71\/304 par
|move|p1a: Articuno|Blizzard|p2a: Mr. Mime
|-damage|p2a: Mr. Mime|50\/242
|
|turn|9
|choice|move 1|move 1
|
|move|p2a: Mr. Mime|Thunderbolt|p1a: Articuno
|-crit|p1a: Articuno
|-supereffective|p1a: Articuno
|-damage|p1a: Articuno|0 fnt
|faint|p1a: Articuno
|choice|switch 5|
|
|switch|p1a: Golem|Golem, L79|288\/288
|turn|10
|choice|move 4|move 4
|
|move|p2a: Mr. Mime|Seismic Toss|p1a: Golem
|-damage|p1a: Golem|203\/288
|move|p1a: Golem|Body Slam|p2a: Mr. Mime
|-damage|p2a: Mr. Mime|0 fnt
|faint|p2a: Mr. Mime
|choice||switch 6
|
|switch|p2a: Victreebel|Victreebel, L85|310\/310
|turn|11
|choice|switch 4|move 1
|
|switch|p1a: Weepinbell|Weepinbell, L85|284\/284
|move|p2a: Victreebel|Razor Leaf|p1a: Weepinbell
|-crit|p1a: Weepinbell
|-resisted|p1a: Weepinbell
|-damage|p1a: Weepinbell|257\/284
|
|turn|12
|choice|move 3|move 3
|
|move|p2a: Victreebel|Swords Dance|p2a: Victreebel
|-boost|p2a: Victreebel|atk|2
|move|p1a: Weepinbell|Stun Spore|p2a: Victreebel
|-status|p2a: Victreebel|par
|
|turn|13
|choice|move 2|move 4
|
|move|p1a: Weepinbell|Swords Dance|p1a: Weepinbell
|-boost|p1a: Weepinbell|atk|2
|cant|p2a: Victreebel|par
|
|turn|14
|choice|move 4|move 4
|
|move|p1a: Weepinbell|Body Slam|p2a: Victreebel
|-damage|p2a: Victreebel|161\/310 par
|move|p2a: Victreebel|Body Slam|p1a: Weepinbell
|-damage|p1a: Weepinbell|76\/284
|
|turn|15
|choice|move 4|move 4
|
|move|p1a: Weepinbell|Body Slam|p2a: Victreebel
|-damage|p2a: Victreebel|21\/310 par
|cant|p2a: Victreebel|par
|
|turn|16
|choice|move 4|move 4
|
|move|p1a: Weepinbell|Body Slam|p2a: Victreebel
|-damage|p2a: Victreebel|0 fnt
|faint|p2a: Victreebel
|choice||switch 5
|
|switch|p2a: Electrode|Electrode, L90|291\/291
|turn|17
|choice|move 3|move 3
|
|move|p2a: Electrode|Thunderbolt|p1a: Weepinbell
|-resisted|p1a: Weepinbell
|-damage|p1a: Weepinbell|28\/284
|move|p1a: Weepinbell|Stun Spore|p2a: Electrode
|-status|p2a: Electrode|par
|
|turn|18
|choice|switch 4|move 3
|
|switch|p1a: Golem|Golem, L79|203\/288
|move|p2a: Electrode|Thunderbolt|p1a: Golem
|-immune|p1a: Golem|[msg]
|
|turn|19
|choice|move 1|move 1
|
|move|p1a: Golem|Earthquake|p2a: Electrode
|-crit|p2a: Electrode
|-supereffective|p2a: Electrode
|-damage|p2a: Electrode|0 fnt
|faint|p2a: Electrode
|choice||switch 2
|
|switch|p2a: Psyduck|Psyduck, L96|291\/291
|turn|20
|choice|switch 4|move 4
|
|switch|p1a: Weepinbell|Weepinbell, L85|28\/284
|move|p2a: Psyduck|Ice Beam|p1a: Weepinbell
|-supereffective|p1a: Weepinbell
|-damage|p1a: Weepinbell|0 fnt
|faint|p1a: Weepinbell
|choice|switch 6|
|
|switch|p1a: Kingler|Kingler, L85|267\/267
|turn|21
|choice|move 3|move 2
|
|move|p1a: Kingler|Body Slam|p2a: Psyduck
|-crit|p2a: Psyduck
|-damage|p2a: Psyduck|102\/291
|-status|p2a: Psyduck|par
|cant|p2a: Psyduck|par
|
|turn|22
|choice|move 2|move 2
|
|move|p1a: Kingler|Hyper Beam|p2a: Psyduck
|-damage|p2a: Psyduck|0 fnt
|faint|p2a: Psyduck
|choice||switch 3
|
|switch|p2a: Snorlax|Snorlax, L79|415\/415
|turn|23
|choice|move 1|move 4
|
|move|p1a: Kingler|Crabhammer|p2a: Snorlax
|-crit|p2a: Snorlax
|-damage|p2a: Snorlax|248\/415
|move|p2a: Snorlax|Hyper Beam|p1a: Kingler
|-damage|p1a: Kingler|141\/267
|
|turn|24
|-mustrecharge|p2a: Snorlax
|-mustrecharge|p2a: Snorlax
|choice|move 1|move 1
|
|move|p1a: Kingler|Crabhammer|p2a: Snorlax
|-crit|p2a: Snorlax
|-damage|p2a: Snorlax|97\/415
|cant|p2a: Snorlax|recharge
|
|turn|25
|choice|move 2|move 4
|
|move|p1a: Kingler|Hyper Beam|p2a: Snorlax
|-damage|p2a: Snorlax|0 fnt
|faint|p2a: Snorlax
|
|win|MALESANI
|player|p1
|player|p2
|raw|MALESANI's rating: 1366 &rarr; <strong>1377<\/strong><br \/>(+11 for winning)
|raw|SrHertron's rating: 1202 &rarr; <strong>1188<\/strong><br \/>(-14 for losing)
|l|SrHertron