|j|dirkaka
|j|Parnas
|player|p1|dirkaka|257
|player|p2|Parnas|163
|gametype|singles
|gen|1
|tier|[Gen 1] Random Battle
|rated
|seed|
|rule|Sleep Clause Mod: Limit one foe put to sleep
|rule|Freeze Clause Mod: Limit one foe frozen
|rule|HP Percentage Mod: HP is shown in percentages
|
|start
|switch|p1a: Abra|Abra, L96|100\/100
|switch|p2a: Arbok|Arbok, L90|100\/100
|turn|1
|choice||
|
|move|p1a: Abra|Thunder Wave|p2a: Arbok
|-status|p2a: Arbok|par
|cant|p2a: Arbok|par
|
|turn|2
|choice||
|
|switch|p2a: Magneton|Magneton, L90|100\/100
|move|p1a: Abra|Reflect|p1a: Abra
|-start|p1a: Abra|Reflect
|
|turn|3
|choice||
|
|switch|p1a: Rhydon|Rhydon, L79|100\/100
|move|p2a: Magneton|Thunder Wave|p1a: Rhydon
|-immune|p1a: Rhydon|[msg]
|
|turn|4
|choice||
|
|switch|p2a: Dragonite|Dragonite, L85|100\/100
|switch|p1a: Gloom|Gloom, L90|100\/100
|
|turn|5
|choice||
|
|move|p2a: Dragonite|Ice Beam|p1a: Gloom
|-supereffective|p1a: Gloom
|-damage|p1a: Gloom|51\/100
|move|p1a: Gloom|Sleep Powder|p2a: Dragonite
|-status|p2a: Dragonite|slp
|
|turn|6
|choice||
|
|switch|p1a: Abra|Abra, L96|100\/100
|cant|p2a: Dragonite|slp
|
|turn|7
|choice||
|
|switch|p2a: Aerodactyl|Aerodactyl, L90|100\/100
|move|p1a: Abra|Thunder Wave|p2a: Aerodactyl
|-status|p2a: Aerodactyl|par
|
|turn|8
|c|★Parnas|holy jesus I have bad options
|c|★dirkaka|dragonite and aerodactyl and very good
|c|★dirkaka|i just got lucky with reading your moves
|c|★Parnas|no I have the worst pokemon against yours
|c|★Parnas|I can't win
|c|★Parnas|but I'll try
|c|★dirkaka|lol dont give up
|choice||
|
|move|p1a: Abra|Psychic|p2a: Aerodactyl
|-damage|p2a: Aerodactyl|51\/100 par
|-unboost|p2a: Aerodactyl|spd|1
|-unboost|p2a: Aerodactyl|spa|1
|move|p2a: Aerodactyl|Double-Edge|p1a: Abra
|-damage|p1a: Abra|38\/100
|-damage|p2a: Aerodactyl|40\/100 par|[from] recoil|[of] p1a: Abra
|
|turn|9
|c|★dirkaka|this is rby anything happens
|choice||
|
|move|p1a: Abra|Psychic|p2a: Aerodactyl
|-damage|p2a: Aerodactyl|0 fnt
|faint|p2a: Aerodactyl
|choice||
|
|switch|p2a: Magneton|Magneton, L90|100\/100
|turn|10
|choice||
|
|switch|p1a: Rhydon|Rhydon, L79|100\/100
|switch|p2a: Ekans|Ekans, L96|100\/100
|
|turn|11
|choice||
|
|move|p2a: Ekans|Earthquake|p1a: Rhydon
|-supereffective|p1a: Rhydon
|-damage|p1a: Rhydon|66\/100
|move|p1a: Rhydon|Earthquake|p2a: Ekans
|-supereffective|p2a: Ekans
|-damage|p2a: Ekans|0 fnt
|faint|p2a: Ekans
|c|★Parnas|lol
|choice||
|
|switch|p2a: Arbok|Arbok, L90|100\/100 par
|turn|12
|choice||
|
|move|p1a: Rhydon|Earthquake|p2a: Arbok
|-crit|p2a: Arbok
|-supereffective|p2a: Arbok
|-damage|p2a: Arbok|0 fnt
|faint|p2a: Arbok
|c|★Parnas|lol
|choice||
|
|switch|p2a: Dragonite|Dragonite, L85|100\/100 slp
|turn|13
|choice||
|
|cant|p2a: Dragonite|slp
|move|p1a: Rhydon|Rock Slide|p2a: Dragonite
|-supereffective|p2a: Dragonite
|-damage|p2a: Dragonite|52\/100 slp
|
|turn|14
|c|★Parnas|maybe I should have changed to ekans when you used sleep powder
|choice||
|
|cant|p2a: Dragonite|slp
|move|p1a: Rhydon|Rock Slide|p2a: Dragonite
|-supereffective|p2a: Dragonite
|-damage|p2a: Dragonite|0 fnt
|faint|p2a: Dragonite
|c|★dirkaka|yeah
|choice||
|
|switch|p2a: Magneton|Magneton, L90|100\/100
|turn|15
|c|★dirkaka|did you predict i might go for it ?
|c|★Parnas|yeah
|c|★dirkaka|you were hoping to crit huh
|c|★dirkaka|crit would kill gloom
|c|★Parnas|yeah...
|c|★dirkaka|sometimes its not worth it
|c|★dirkaka|like stayign in with chansey against golem
|c|★dirkaka|hoping to counter
|c|★dirkaka|then he explodes lol
|choice||
|
|move|p2a: Magneton|Hyper Beam|p1a: Rhydon
|-resisted|p1a: Rhydon
|-damage|p1a: Rhydon|54\/100
|move|p1a: Rhydon|Earthquake|p2a: Magneton
|-supereffective|p2a: Magneton
|-damage|p2a: Magneton|24\/100
|
|turn|16
|-mustrecharge|p2a: Magneton
|-mustrecharge|p2a: Magneton
|choice||
|
|cant|p2a: Magneton|recharge
|move|p1a: Rhydon|Body Slam|p2a: Magneton
|-damage|p2a: Magneton|2\/100
|
|turn|17
|choice||
|
|move|p2a: Magneton|Hyper Beam|p1a: Rhydon
|-resisted|p1a: Rhydon
|-damage|p1a: Rhydon|42\/100
|move|p1a: Rhydon|Earthquake|p2a: Magneton
|-supereffective|p2a: Magneton
|-damage|p2a: Magneton|0 fnt
|faint|p2a: Magneton
|choice||
|
|switch|p2a: Electrode|Electrode, L90|100\/100
|turn|18
|choice||
|
|move|p2a: Electrode|Explosion|p1a: Rhydon
|-resisted|p1a: Rhydon
|-damage|p1a: Rhydon|17\/100
|faint|p2a: Electrode
|
|win|dirkaka
|player|p1
|player|p2
|raw|dirkaka's rating: 1326 &rarr; <strong>1346<\/strong><br \/>(+20 for winning)
|raw|Parnas's rating: 1339 &rarr; <strong>1318<\/strong><br \/>(-21 for losing)
|c|★Parnas|lol
|c|★dirkaka|gg
|c|★Parnas|:D
|c|★Parnas|I guess
|l|Parnas
|j|Ch01W0n5h1n
|l|Ch01W0n5h1n