|join|XianJu
|join|Clypherus
|player|p1|XianJu|130
|player|p2|Clypherus|170
|gametype|singles
|gen|1
|tier|[Gen 1] OU
|rated
|seed|43766,52856,46744,15901
|rule|Sleep Clause Mod: Limit one foe put to sleep
|rule|Freeze Clause Mod: Limit one foe frozen
|rule|Species Clause: Limit one of each Pokémon
|rule|OHKO Clause: OHKO moves are banned
|rule|Evasion Moves Clause: Evasion moves are banned
|rule|HP Percentage Mod: HP is shown in percentages
|
|start
|switch|p1a: Alakazam|Alakazam|313\/313
|switch|p2a: Gengar|Gengar|323\/323
|turn|1
|choice|move 1|switch 2
|
|switch|p2a: Snorlax|Snorlax|523\/523
|move|p1a: Alakazam|Psychic|p2a: Snorlax
|-damage|p2a: Snorlax|346\/523
|-unboost|p2a: Snorlax|spd|1
|-unboost|p2a: Snorlax|spa|1
|
|turn|2
|choice|move 1|move 1
|
|move|p1a: Alakazam|Psychic|p2a: Snorlax
|-damage|p2a: Snorlax|70\/523
|move|p2a: Snorlax|Rest|p2a: Snorlax
|-status|p2a: Snorlax|slp
|-heal|p2a: Snorlax|523\/523 slp|[silent]
|-status|p2a: Snorlax|slp|[from] move: Rest
|
|turn|3
|choice|move 4|switch 3
|
|switch|p2a: Chansey|Chansey|703\/703
|move|p1a: Alakazam|Reflect|p1a: Alakazam
|-start|p1a: Alakazam|Reflect
|
|turn|4
|choice|move 1|move 2
|
|move|p1a: Alakazam|Psychic|p2a: Chansey
|-crit|p2a: Chansey
|-damage|p2a: Chansey|471\/703
|move|p2a: Chansey|Toxic|p1a: Alakazam
|-status|p1a: Alakazam|tox
|
|turn|5
|choice|move 1|move 1
|
|move|p1a: Alakazam|Psychic|p2a: Chansey
|-damage|p2a: Chansey|337\/703
|-unboost|p2a: Chansey|spd|1
|-unboost|p2a: Chansey|spa|1
|-damage|p1a: Alakazam|294\/313 tox|[from] tox|[of] p2a: Chansey
|move|p2a: Chansey|Soft-Boiled|p2a: Chansey
|-heal|p2a: Chansey|688\/703
|
|turn|6
|choice|switch 6|switch 3
|
|switch|p1a: Gengar|Gengar|323\/323
|switch|p2a: Snorlax|Snorlax|523\/523 slp
|
|turn|7
|choice|switch 2|switch 5
|
|switch|p1a: Rhydon|Rhydon|413\/413
|switch|p2a: Alakazam|Alakazam|313\/313
|
|turn|8
|choice|move 4|move 2
|
|move|p2a: Alakazam|Psychic|p1a: Rhydon
|-crit|p1a: Rhydon
|-damage|p1a: Rhydon|11\/413
|-unboost|p1a: Rhydon|spd|1
|-unboost|p1a: Rhydon|spa|1
|move|p1a: Rhydon|Body Slam|p2a: Alakazam
|-damage|p2a: Alakazam|178\/313
|-status|p2a: Alakazam|par
|
|turn|9
|choice|move 1|move 2
|
|move|p1a: Rhydon|Earthquake|p2a: Alakazam
|-damage|p2a: Alakazam|0 fnt
|faint|p2a: Alakazam
|choice||switch 2
|
|switch|p2a: Gengar|Gengar|323\/323
|turn|10
|choice|switch 6|move 1
|
|switch|p1a: Alakazam|Alakazam|294\/313 tox
|-status|p1a: Alakazam|psn
|-damage|p1a: Alakazam|275\/313 psn|[from] psn
|move|p2a: Gengar|Psychic|p1a: Alakazam
|-resisted|p1a: Alakazam
|-damage|p1a: Alakazam|241\/313 psn
|-unboost|p1a: Alakazam|spd|1
|-unboost|p1a: Alakazam|spa|1
|
|turn|11
|choice|switch 6|switch 5
|
|switch|p1a: Rhydon|Rhydon|11\/413
|switch|p2a: Snorlax|Snorlax|523\/523 slp
|
|turn|12
|choice|move 1|switch 4
|
|switch|p2a: Dragonite|Dragonite|385\/385
|move|p1a: Rhydon|Earthquake|p2a: Dragonite
|-immune|p2a: Dragonite|[msg]
|
|turn|13
|choice|switch 6|move 2
|
|switch|p1a: Alakazam|Alakazam|241\/313 psn
|-damage|p1a: Alakazam|222\/313 psn|[from] psn
|move|p2a: Dragonite|Body Slam|p1a: Alakazam
|-damage|p1a: Alakazam|102\/313 psn
|
|turn|14
|choice|move 2|move 4
|
|move|p1a: Alakazam|Recover|p1a: Alakazam
|-heal|p1a: Alakazam|258\/313 psn
|-damage|p1a: Alakazam|239\/313 psn|[from] psn
|move|p2a: Dragonite|Hyper Beam|p1a: Alakazam
|-damage|p1a: Alakazam|0 fnt
|faint|p1a: Alakazam
|choice|switch 2|
|
|switch|p1a: Gengar|Gengar|323\/323
|turn|15
|choice|move 2|move 3
|
|move|p1a: Gengar|Thunderbolt|p2a: Dragonite
|-crit|p2a: Dragonite
|-damage|p2a: Dragonite|202\/385
|move|p2a: Dragonite|Thunderbolt|p1a: Gengar
|-damage|p1a: Gengar|262\/323
|
|turn|16
|choice|move 2|switch 6
|
|switch|p2a: Electrode|Electrode|323\/323
|move|p1a: Gengar|Thunderbolt|p2a: Electrode
|-crit|p2a: Electrode
|-resisted|p2a: Electrode
|-damage|p2a: Electrode|215\/323
|
|turn|17
|choice|switch 6|move 3
|
|switch|p1a: Rhydon|Rhydon|11\/413
|move|p2a: Electrode|Thunder Wave|p1a: Rhydon
|-immune|p1a: Rhydon|[msg]
|
|turn|18
|choice|move 2|move 4
|
|move|p2a: Electrode|Hyper Beam|p1a: Rhydon
|-crit|p1a: Rhydon
|-resisted|p1a: Rhydon
|-damage|p1a: Rhydon|0 fnt
|faint|p1a: Rhydon
|choice|switch 4|
|
|switch|p1a: Exeggutor|Exeggutor|393\/393
|turn|19
|choice|move 1|switch 3
|
|switch|p2a: Chansey|Chansey|688\/703
|move|p1a: Exeggutor|Sleep Powder|p2a: Chansey|[miss]
|-miss|p1a: Exeggutor
|
|turn|20
|choice|move 2|move 2
|
|move|p1a: Exeggutor|Psychic|p2a: Chansey
|-damage|p2a: Chansey|561\/703
|-unboost|p2a: Chansey|spd|1
|-unboost|p2a: Chansey|spa|1
|move|p2a: Chansey|Toxic|p1a: Exeggutor|[miss]
|-miss|p2a: Chansey
|
|turn|21
|choice|move 1|move 2
|
|move|p1a: Exeggutor|Sleep Powder|p2a: Chansey
|-status|p2a: Chansey|slp
|-curestatus|p2a: Chansey|slp
|
|turn|22
|choice|move 1|move 2
|
|move|p1a: Exeggutor|Sleep Powder|p2a: Chansey
|-status|p2a: Chansey|slp
|cant|p2a: Chansey|slp
|
|turn|23
|choice|move 2|move 1
|
|move|p1a: Exeggutor|Psychic|p2a: Chansey
|-damage|p2a: Chansey|373\/703 slp
|cant|p2a: Chansey|slp
|
|turn|24
|choice|move 2|switch 4
|
|switch|p2a: Snorlax|Snorlax|523\/523 slp
|move|p1a: Exeggutor|Psychic|p2a: Snorlax
|-damage|p2a: Snorlax|366\/523 slp
|
|turn|25
|choice|move 2|move 1
|
|move|p1a: Exeggutor|Psychic|p2a: Snorlax
|-damage|p2a: Snorlax|213\/523 slp
|cant|p2a: Snorlax|slp
|
|turn|26
|choice|move 2|switch 3
|
|switch|p2a: Electrode|Electrode|215\/323
|move|p1a: Exeggutor|Psychic|p2a: Electrode
|-crit|p2a: Electrode
|-damage|p2a: Electrode|0 fnt
|faint|p2a: Electrode
|-message|Clypherus forfeited.
|
|win|XianJu
|leave|Clypherus
|player|p2
|raw|XianJu's rating: 1311 &rarr; <strong>1319<\/strong><br \/>(+8 for winning)
|raw|Clypherus's rating: 1087 &rarr; <strong>1077<\/strong><br \/>(-10 for losing)
|c|★XianJu|wow you actually played 26 rounds
|c|★XianJu|before running away this time