|j|Jukil22
|j|victwo
|player|p1|Jukil22|92
|player|p2|victwo|130
|gametype|singles
|gen|1
|tier|[Gen 1] Random Battle
|rated
|seed|12866,49769,19697,11018
|rule|Sleep Clause Mod: Limit one foe put to sleep
|rule|Freeze Clause Mod: Limit one foe frozen
|rule|HP Percentage Mod: HP is shown in percentages
|
|start
|switch|p1a: Charmander|Charmander, L96|270\/270
|switch|p2a: Gyarados|Gyarados, L85|335\/335
|turn|1
|choice|switch 5|move 4
|
|switch|p1a: Alakazam|Alakazam, L79|249\/249
|move|p2a: Gyarados|Body Slam|p1a: Alakazam
|-damage|p1a: Alakazam|131\/249
|
|turn|2
|choice|move 2|move 1
|
|move|p1a: Alakazam|Reflect|p1a: Alakazam
|-start|p1a: Alakazam|Reflect
|move|p2a: Gyarados|Hyper Beam|p1a: Alakazam
|-damage|p1a: Alakazam|22\/249
|
|turn|3
|-mustrecharge|p2a: Gyarados
|-mustrecharge|p2a: Gyarados
|choice|move 1|move 1
|
|move|p1a: Alakazam|Psychic|p2a: Gyarados
|-damage|p2a: Gyarados|238\/335
|cant|p2a: Gyarados|recharge
|
|turn|4
|choice|move 4|move 4
|
|move|p1a: Alakazam|Recover|p1a: Alakazam
|-heal|p1a: Alakazam|146\/249
|move|p2a: Gyarados|Body Slam|p1a: Alakazam
|-damage|p1a: Alakazam|85\/249
|
|turn|5
|choice|move 4|move 4
|
|move|p1a: Alakazam|Recover|p1a: Alakazam
|-heal|p1a: Alakazam|209\/249
|move|p2a: Gyarados|Body Slam|p1a: Alakazam
|-damage|p1a: Alakazam|152\/249
|
|turn|6
|choice|move 1|move 4
|
|move|p1a: Alakazam|Psychic|p2a: Gyarados
|-damage|p2a: Gyarados|148\/335
|move|p2a: Gyarados|Body Slam|p1a: Alakazam
|-damage|p1a: Alakazam|92\/249
|
|turn|7
|choice|move 4|move 4
|
|move|p1a: Alakazam|Recover|p1a: Alakazam
|-heal|p1a: Alakazam|216\/249
|move|p2a: Gyarados|Body Slam|p1a: Alakazam
|-damage|p1a: Alakazam|156\/249
|
|turn|8
|choice|move 1|move 4
|
|move|p1a: Alakazam|Psychic|p2a: Gyarados
|-damage|p2a: Gyarados|60\/335
|move|p2a: Gyarados|Body Slam|p1a: Alakazam
|-damage|p1a: Alakazam|98\/249
|
|turn|9
|choice|move 1|switch 2
|
|switch|p2a: Mew|Mew, L74|300\/300
|move|p1a: Alakazam|Psychic|p2a: Mew
|-crit|p2a: Mew
|-resisted|p2a: Mew
|-damage|p2a: Mew|195\/300
|
|turn|10
|choice|move 3|move 3
|
|move|p1a: Alakazam|Seismic Toss|p2a: Mew
|-damage|p2a: Mew|116\/300
|move|p2a: Mew|Psychic|p1a: Alakazam
|-crit|p1a: Alakazam
|-resisted|p1a: Alakazam
|-damage|p1a: Alakazam|39\/249
|
|turn|11
|choice|move 4|move 4
|
|move|p1a: Alakazam|Recover|p1a: Alakazam
|-heal|p1a: Alakazam|163\/249
|move|p2a: Mew|Explosion|p1a: Alakazam
|-crit|p1a: Alakazam
|-damage|p1a: Alakazam|0 fnt
|faint|p1a: Alakazam
|faint|p2a: Mew
|choice|switch 2|switch 3
|
|switch|p1a: Persian|Persian, L79|265\/265
|switch|p2a: Paras|Paras, L96|262\/262
|turn|12
|choice|move 1|move 1
|
|move|p1a: Persian|Slash|p2a: Paras
|-crit|p2a: Paras
|-damage|p2a: Paras|135\/262
|move|p2a: Paras|Body Slam|p1a: Persian
|-damage|p1a: Persian|182\/265
|
|turn|13
|choice|move 1|move 3
|
|move|p1a: Persian|Slash|p2a: Paras
|-crit|p2a: Paras
|-damage|p2a: Paras|7\/262
|move|p2a: Paras|Slash|p1a: Persian
|-crit|p1a: Persian
|-damage|p1a: Persian|49\/265
|
|turn|14
|choice|move 1|move 3
|
|move|p1a: Persian|Slash|p2a: Paras
|-crit|p2a: Paras
|-damage|p2a: Paras|0 fnt
|faint|p2a: Paras
|choice||switch 5
|
|switch|p2a: Fearow|Fearow, L90|300\/300
|turn|15
|choice|switch 4|move 3
|
|switch|p1a: Kingler|Kingler, L85|267\/267
|move|p2a: Fearow|Drill Peck|p1a: Kingler
|-damage|p1a: Kingler|185\/267
|
|turn|16
|choice|move 3|move 4
|
|move|p2a: Fearow|Double-Edge|p1a: Kingler
|-crit|p1a: Kingler
|-damage|p1a: Kingler|0 fnt
|-damage|p2a: Fearow|254\/300|[from] recoil|[of] p1a: Kingler
|faint|p1a: Kingler
|choice|switch 5|
|
|switch|p1a: Charmander|Charmander, L96|270\/270
|turn|17
|choice|move 1|move 4
|
|move|p2a: Fearow|Double-Edge|p1a: Charmander
|-damage|p1a: Charmander|125\/270
|-damage|p2a: Fearow|218\/300|[from] recoil|[of] p1a: Charmander
|move|p1a: Charmander|Fire Blast|p2a: Fearow
|-crit|p2a: Fearow
|-damage|p2a: Fearow|0 fnt
|faint|p2a: Fearow
|choice||switch 2
|
|switch|p2a: Gyarados|Gyarados, L85|60\/335
|turn|18
|choice|move 2|move 4
|
|move|p2a: Gyarados|Body Slam|p1a: Charmander
|-damage|p1a: Charmander|26\/270
|move|p1a: Charmander|Slash|p2a: Gyarados
|-crit|p2a: Gyarados
|-damage|p2a: Gyarados|0 fnt
|faint|p2a: Gyarados
|choice||switch 4
|
|switch|p2a: Electabuzz|Electabuzz, L85|284\/284
|turn|19
|choice|move 1|move 1
|
|move|p2a: Electabuzz|Seismic Toss|p1a: Charmander
|-damage|p1a: Charmander|0 fnt
|faint|p1a: Charmander
|choice|switch 6|
|
|switch|p1a: Parasect|Parasect, L90|291\/291
|turn|20
|choice|move 3|move 2
|
|move|p2a: Electabuzz|Thunder Wave|p1a: Parasect
|-status|p1a: Parasect|par
|move|p1a: Parasect|Spore|p2a: Electabuzz
|-status|p2a: Electabuzz|slp
|
|turn|21
|choice|move 4|switch 6
|
|switch|p2a: Flareon|Flareon, L90|300\/300
|move|p1a: Parasect|Slash|p2a: Flareon
|-crit|p2a: Flareon
|-damage|p2a: Flareon|167\/300
|
|turn|22
|choice|move 4|move 2
|
|move|p2a: Flareon|Fire Blast|p1a: Parasect
|-supereffective|p1a: Parasect
|-damage|p1a: Parasect|0 fnt
|faint|p1a: Parasect
|choice|switch 4|
|
|switch|p1a: Persian|Persian, L79|49\/265
|turn|23
|choice|move 1|move 1
|
|move|p2a: Flareon|Quick Attack|p1a: Persian
|-damage|p1a: Persian|0 fnt
|faint|p1a: Persian
|choice|switch 3|
|
|switch|p1a: Golduck|Golduck, L85|310\/310
|turn|24
|choice|move 2|move 4
|
|move|p1a: Golduck|Surf|p2a: Flareon
|-supereffective|p2a: Flareon
|-damage|p2a: Flareon|11\/300
|move|p2a: Flareon|Body Slam|p1a: Golduck
|-damage|p1a: Golduck|223\/310
|
|turn|25
|choice|move 2|move 1
|
|move|p2a: Flareon|Quick Attack|p1a: Golduck
|-damage|p1a: Golduck|181\/310
|move|p1a: Golduck|Surf|p2a: Flareon
|-supereffective|p2a: Flareon
|-damage|p2a: Flareon|0 fnt
|faint|p2a: Flareon
|choice||switch 6
|
|switch|p2a: Electabuzz|Electabuzz, L85|284\/284 slp
|turn|26
|choice|move 1|move 3
|
|cant|p2a: Electabuzz|slp
|move|p1a: Golduck|Amnesia|p1a: Golduck
|-boost|p1a: Golduck|spd|2
|-boost|p1a: Golduck|spa|2
|
|turn|27
|choice|move 1|move 3
|
|cant|p2a: Electabuzz|slp
|move|p1a: Golduck|Amnesia|p1a: Golduck
|-boost|p1a: Golduck|spd|2
|-boost|p1a: Golduck|spa|2
|
|turn|28
|choice|move 2|move 3
|
|cant|p2a: Electabuzz|slp
|move|p1a: Golduck|Surf|p2a: Electabuzz
|-crit|p2a: Electabuzz
|-damage|p2a: Electabuzz|112\/284 slp
|
|turn|29
|choice|move 2|move 3
|
|cant|p2a: Electabuzz|slp
|move|p1a: Golduck|Surf|p2a: Electabuzz
|-damage|p2a: Electabuzz|0 fnt
|faint|p2a: Electabuzz
|
|win|Jukil22
|l|victwo
|player|p2
|raw|Jukil22's rating: 1179 &rarr; <strong>1201<\/strong><br \/>(+22 for winning)
|raw|victwo's rating: 1143 &rarr; <strong>1121<\/strong><br \/>(-22 for losing)