|j|RUSHTOWN
|j|Yujo
|player|p1|RUSHTOWN|198
|player|p2|Yujo|286
|gametype|singles
|gen|1
|tier|[Gen 1] Random Battle
|rated
|seed|54997,44447,20332,55340
|rule|Sleep Clause Mod: Limit one foe put to sleep
|rule|Freeze Clause Mod: Limit one foe frozen
|rule|HP Percentage Mod: HP is shown in percentages
|
|start
|switch|p1a: Starmie|Starmie, L79|257\/257
|switch|p2a: Porygon|Porygon, L85|284\/284
|turn|1
|choice|move 3|move 4
|
|move|p1a: Starmie|Thunder Wave|p2a: Porygon
|-status|p2a: Porygon|par
|cant|p2a: Porygon|par
|
|turn|2
|choice|move 2|move 4
|
|move|p1a: Starmie|Blizzard|p2a: Porygon
|-damage|p2a: Porygon|200\/284 par
|cant|p2a: Porygon|par
|
|turn|3
|choice|move 2|move 1
|
|move|p1a: Starmie|Blizzard|p2a: Porygon
|-crit|p2a: Porygon
|-damage|p2a: Porygon|28\/284 par
|cant|p2a: Porygon|par
|
|turn|4
|choice|move 4|move 1
|
|move|p1a: Starmie|Thunderbolt|p2a: Porygon
|-damage|p2a: Porygon|0 fnt
|faint|p2a: Porygon
|choice||switch 2
|
|switch|p2a: Grimer|Grimer, L96|348\/348
|turn|5
|choice|move 3|move 2
|
|move|p1a: Starmie|Thunder Wave|p2a: Grimer
|-status|p2a: Grimer|par
|move|p2a: Grimer|Screech|p1a: Starmie
|-unboost|p1a: Starmie|def|2
|
|turn|6
|choice|move 2|move 3
|
|move|p1a: Starmie|Blizzard|p2a: Grimer
|-damage|p2a: Grimer|243\/348 par
|move|p2a: Grimer|Mega Drain|p1a: Starmie
|-supereffective|p1a: Starmie
|-damage|p1a: Starmie|214\/257
|-heal|p2a: Grimer|264\/348 par|[from] drain|[of] p1a: Starmie
|
|turn|7
|choice|move 4|move 2
|
|move|p1a: Starmie|Thunderbolt|p2a: Grimer
|-damage|p2a: Grimer|187\/348 par
|move|p2a: Grimer|Screech|p1a: Starmie
|-unboost|p1a: Starmie|def|2
|
|turn|8
|choice|move 2|move 4
|
|move|p1a: Starmie|Blizzard|p2a: Grimer
|-damage|p2a: Grimer|79\/348 par
|move|p2a: Grimer|Body Slam|p1a: Starmie
|-damage|p1a: Starmie|0 fnt
|faint|p1a: Starmie
|choice|switch 6|
|
|switch|p1a: Exeggutor|Exeggutor, L79|312\/312
|turn|9
|choice|move 3|move 2
|
|move|p1a: Exeggutor|Psychic|p2a: Grimer
|-supereffective|p2a: Grimer
|-damage|p2a: Grimer|0 fnt
|faint|p2a: Grimer
|choice||switch 6
|
|switch|p2a: Zapdos|Zapdos, L79|304\/304
|turn|10
|choice|move 1|move 1
|
|move|p2a: Zapdos|Thunder Wave|p1a: Exeggutor
|-status|p1a: Exeggutor|par
|move|p1a: Exeggutor|Sleep Powder|p2a: Zapdos|[miss]
|-miss|p1a: Exeggutor
|
|turn|11
|choice|move 1|move 2
|
|move|p2a: Zapdos|Agility|p2a: Zapdos
|-boost|p2a: Zapdos|spe|2
|cant|p1a: Exeggutor|par
|
|turn|12
|choice|move 1|move 2
|
|move|p2a: Zapdos|Agility|p2a: Zapdos
|-boost|p2a: Zapdos|spe|2
|move|p1a: Exeggutor|Sleep Powder|p2a: Zapdos|[miss]
|-miss|p1a: Exeggutor
|
|turn|13
|choice|move 1|move 3
|
|move|p2a: Zapdos|Drill Peck|p1a: Exeggutor
|-supereffective|p1a: Exeggutor
|-damage|p1a: Exeggutor|162\/312 par
|move|p1a: Exeggutor|Sleep Powder|p2a: Zapdos
|-status|p2a: Zapdos|slp
|
|turn|14
|choice|move 3|move 3
|
|-curestatus|p2a: Zapdos|slp
|move|p1a: Exeggutor|Psychic|p2a: Zapdos
|-crit|p2a: Zapdos
|-damage|p2a: Zapdos|145\/304
|
|turn|15
|choice|move 2|move 3
|
|move|p2a: Zapdos|Drill Peck|p1a: Exeggutor
|-supereffective|p1a: Exeggutor
|-damage|p1a: Exeggutor|4\/312 par
|cant|p1a: Exeggutor|par
|
|turn|16
|choice|switch 4|move 3
|
|switch|p1a: Lapras|Lapras, L79|367\/367
|move|p2a: Zapdos|Drill Peck|p1a: Lapras
|-damage|p1a: Lapras|291\/367
|
|turn|17
|choice|switch 5|move 4
|
|switch|p1a: Tauros|Tauros, L79|280\/280
|move|p2a: Zapdos|Thunderbolt|p1a: Tauros
|-damage|p1a: Tauros|152\/280
|
|turn|18
|choice|move 3|move 1
|
|move|p2a: Zapdos|Thunder Wave|p1a: Tauros
|-status|p1a: Tauros|par
|move|p1a: Tauros|Blizzard|p2a: Zapdos
|-supereffective|p2a: Zapdos
|-damage|p2a: Zapdos|42\/304
|
|turn|19
|choice|move 2|move 4
|
|move|p2a: Zapdos|Thunderbolt|p1a: Tauros
|-damage|p1a: Tauros|23\/280 par
|cant|p1a: Tauros|par
|
|turn|20
|choice|move 4|move 4
|
|move|p2a: Zapdos|Thunderbolt|p1a: Tauros
|-damage|p1a: Tauros|0 fnt
|faint|p1a: Tauros
|choice|switch 2|
|
|switch|p1a: Weedle|Weedle, L99|280\/280
|turn|21
|choice|move 1|move 4
|
|move|p2a: Zapdos|Thunderbolt|p1a: Weedle
|-damage|p1a: Weedle|93\/280
|move|p1a: Weedle|Poison Sting|p2a: Zapdos
|-crit|p2a: Zapdos
|-damage|p2a: Zapdos|12\/304
|
|turn|22
|choice|move 1|move 4
|
|move|p2a: Zapdos|Thunderbolt|p1a: Weedle
|-damage|p1a: Weedle|0 fnt
|faint|p1a: Weedle
|choice|switch 3|
|
|switch|p1a: Snorlax|Snorlax, L79|415\/415
|turn|23
|choice|move 4|move 1
|
|move|p2a: Zapdos|Thunder Wave|p1a: Snorlax
|-status|p1a: Snorlax|par
|cant|p1a: Snorlax|par
|
|turn|24
|choice|move 4|move 4
|
|move|p2a: Zapdos|Thunderbolt|p1a: Snorlax
|-damage|p1a: Snorlax|291\/415 par
|move|p1a: Snorlax|Body Slam|p2a: Zapdos
|-damage|p2a: Zapdos|0 fnt
|faint|p2a: Zapdos
|choice||switch 5
|
|switch|p2a: Seadra|Seadra, L90|282\/282
|turn|25
|choice|move 1|move 2
|
|move|p2a: Seadra|Smokescreen|p1a: Snorlax
|-unboost|p1a: Snorlax|accuracy|1
|move|p1a: Snorlax|Amnesia|p1a: Snorlax
|-boost|p1a: Snorlax|spd|2
|-boost|p1a: Snorlax|spa|2
|
|turn|26
|choice|move 1|move 2
|
|move|p2a: Seadra|Smokescreen|p1a: Snorlax
|-unboost|p1a: Snorlax|accuracy|1
|move|p1a: Snorlax|Amnesia|p1a: Snorlax
|-boost|p1a: Snorlax|spd|2
|-boost|p1a: Snorlax|spa|2
|
|turn|27
|choice|move 4|move 2
|
|move|p2a: Seadra|Smokescreen|p1a: Snorlax
|-unboost|p1a: Snorlax|accuracy|1
|move|p1a: Snorlax|Body Slam|p2a: Seadra|[miss]
|-miss|p1a: Snorlax
|
|turn|28
|choice|move 4|move 2
|
|move|p2a: Seadra|Smokescreen|p1a: Snorlax
|-unboost|p1a: Snorlax|accuracy|1
|cant|p1a: Snorlax|par
|
|turn|29
|choice|move 4|move 3
|
|move|p2a: Seadra|Mimic|p1a: Snorlax
|-start|p2a: Seadra|Mimic|Surf
|move|p1a: Snorlax|Body Slam|p2a: Seadra
|-damage|p2a: Seadra|209\/282
|
|turn|30
|choice|move 4|move 3
|
|move|p2a: Seadra|Surf|p1a: Snorlax
|-damage|p1a: Snorlax|239\/415 par
|move|p1a: Snorlax|Body Slam|p2a: Seadra
|-damage|p2a: Seadra|129\/282
|
|turn|31
|choice|move 4|move 2
|
|move|p2a: Seadra|Smokescreen|p1a: Snorlax
|-unboost|p1a: Snorlax|accuracy|1
|move|p1a: Snorlax|Body Slam|p2a: Seadra
|-damage|p2a: Seadra|54\/282
|
|turn|32
|choice|move 4|move 2
|
|move|p2a: Seadra|Smokescreen|p1a: Snorlax
|-unboost|p1a: Snorlax|accuracy|1
|move|p1a: Snorlax|Body Slam|p2a: Seadra
|-damage|p2a: Seadra|0 fnt
|faint|p2a: Seadra
|choice||switch 3
|
|switch|p2a: Sandslash|Sandslash, L85|301\/301
|turn|33
|choice|move 2|move 2
|
|move|p2a: Sandslash|Swords Dance|p2a: Sandslash
|-boost|p2a: Sandslash|atk|2
|move|p1a: Snorlax|Surf|p2a: Sandslash|[miss]
|-miss|p1a: Snorlax
|
|turn|34
|choice|move 2|move 4
|
|move|p2a: Sandslash|Substitute|p2a: Sandslash
|-start|p2a: Sandslash|Substitute
|-damage|p2a: Sandslash|226\/301
|move|p1a: Snorlax|Surf|p2a: Sandslash
|-supereffective|p2a: Sandslash
|-end|p2a: Sandslash|Substitute
|
|turn|35
|choice|move 2|move 4
|
|move|p2a: Sandslash|Substitute|p2a: Sandslash
|-start|p2a: Sandslash|Substitute
|-damage|p2a: Sandslash|151\/301
|move|p1a: Snorlax|Surf|p2a: Sandslash
|-supereffective|p2a: Sandslash
|-end|p2a: Sandslash|Substitute
|
|turn|36
|choice|move 2|move 1
|
|move|p2a: Sandslash|Earthquake|p1a: Snorlax
|-damage|p1a: Snorlax|0 fnt
|faint|p1a: Snorlax
|choice|switch 5|
|
|switch|p1a: Lapras|Lapras, L79|291\/367
|turn|37
|choice|move 2|move 1
|
|move|p2a: Sandslash|Earthquake|p1a: Lapras
|-damage|p1a: Lapras|43\/367
|move|p1a: Lapras|Blizzard|p2a: Sandslash
|-crit|p2a: Sandslash
|-supereffective|p2a: Sandslash
|-damage|p2a: Sandslash|0 fnt
|faint|p2a: Sandslash
|choice||switch 4
|
|switch|p2a: Mew|Mew, L74|300\/300
|turn|38
|choice|move 1|move 4
|
|move|p2a: Mew|Thunder Wave|p1a: Lapras
|-status|p1a: Lapras|par
|cant|p1a: Lapras|par
|
|turn|39
|choice|move 1|move 3
|
|move|p2a: Mew|Fissure|p1a: Lapras|[miss]
|-miss|p2a: Mew
|move|p1a: Lapras|Confuse Ray|p2a: Mew
|-start|p2a: Mew|confusion
|
|turn|40
|choice|move 3|move 1
|
|-activate|p2a: Mew|confusion
|-damage|p2a: Mew|274\/300|[from] confusion
|move|p1a: Lapras|Body Slam|p2a: Mew
|-damage|p2a: Mew|221\/300
|
|turn|41
|choice|move 2|move 1
|
|-activate|p2a: Mew|confusion
|-damage|p2a: Mew|195\/300|[from] confusion
|move|p1a: Lapras|Blizzard|p2a: Mew|[miss]
|-miss|p1a: Lapras
|
|turn|42
|choice|move 2|move 1
|
|-activate|p2a: Mew|confusion
|-damage|p2a: Mew|169\/300|[from] confusion
|move|p1a: Lapras|Blizzard|p2a: Mew
|-damage|p2a: Mew|60\/300
|
|turn|43
|choice|move 2|move 1
|
|-activate|p2a: Mew|confusion
|-damage|p2a: Mew|34\/300|[from] confusion
|move|p1a: Lapras|Blizzard|p2a: Mew
|-damage|p2a: Mew|0 fnt
|faint|p2a: Mew
|
|win|RUSHTOWN
|raw|RUSHTOWN's rating: 1237 &rarr; <strong>1249<\/strong><br \/>(+12 for winning)
|raw|Yujo's rating: 1040 &rarr; <strong>1032<\/strong><br \/>(-8 for losing)
|l|Yujo
|player|p2