|j|Feena
|j|katsuge5
|player|p1|Feena|170
|player|p2|katsuge5|93
|gametype|singles
|gen|1
|tier|[Gen 1] OU
|rated
|seed|
|rule|Sleep Clause Mod: Limit one foe put to sleep
|rule|Freeze Clause Mod: Limit one foe frozen
|rule|Species Clause: Limit one of each Pokémon
|rule|OHKO Clause: OHKO moves are banned
|rule|Evasion Moves Clause: Evasion moves are banned
|rule|HP Percentage Mod: HP is shown in percentages
|
|start
|switch|p1a: Medium|Alakazam|100\/100
|switch|p2a: Alakazam|Alakazam|100\/100
|turn|1
|choice||
|
|switch|p1a: THC|Exeggutor|100\/100
|switch|p2a: Exeggutor|Exeggutor|100\/100
|
|turn|2
|choice||
|
|switch|p1a: Medium|Alakazam|100\/100
|move|p2a: Exeggutor|Sleep Powder|p1a: Medium|[miss]
|-miss|p2a: Exeggutor
|
|turn|3
|choice||
|
|switch|p2a: Chansey|Chansey|100\/100
|move|p1a: Medium|Thunder Wave|p2a: Chansey
|-status|p2a: Chansey|par
|
|turn|4
|choice||
|
|switch|p2a: Exeggutor|Exeggutor|100\/100
|move|p1a: Medium|Psychic|p2a: Exeggutor
|-crit|p2a: Exeggutor
|-resisted|p2a: Exeggutor
|-damage|p2a: Exeggutor|73\/100
|
|turn|5
|choice||
|
|move|p1a: Medium|Thunder Wave|p2a: Exeggutor
|-status|p2a: Exeggutor|par
|move|p2a: Exeggutor|Sleep Powder|p1a: Medium
|-status|p1a: Medium|slp
|
|turn|6
|choice||
|
|switch|p2a: Snorlax|Snorlax|100\/100
|-curestatus|p1a: Medium|slp
|
|turn|7
|choice||
|
|move|p1a: Medium|Psychic|p2a: Snorlax
|-damage|p2a: Snorlax|65\/100
|move|p2a: Snorlax|Body Slam|p1a: Medium
|-damage|p1a: Medium|51\/100
|
|turn|8
|choice||
|
|move|p1a: Medium|Psychic|p2a: Snorlax
|-damage|p2a: Snorlax|34\/100
|move|p2a: Snorlax|Body Slam|p1a: Medium
|-damage|p1a: Medium|0 fnt
|faint|p1a: Medium
|choice||
|
|switch|p1a: Nessy|Lapras|100\/100
|turn|9
|choice||
|
|move|p1a: Nessy|Blizzard|p2a: Snorlax
|-damage|p2a: Snorlax|1\/100
|move|p2a: Snorlax|Self-Destruct|p1a: Nessy
|-damage|p1a: Nessy|21\/100
|faint|p2a: Snorlax
|choice||
|
|switch|p2a: Tauros|Tauros|100\/100
|turn|10
|choice||
|
|switch|p1a: Chaos|Snorlax|100\/100
|move|p2a: Tauros|Body Slam|p1a: Chaos
|-damage|p1a: Chaos|74\/100
|
|turn|11
|choice||
|
|switch|p2a: Golem|Golem|100\/100
|move|p1a: Chaos|Body Slam|p2a: Golem
|-resisted|p2a: Golem
|-damage|p2a: Golem|89\/100
|
|turn|12
|choice||
|
|switch|p1a: THC|Exeggutor|100\/100
|move|p2a: Golem|Earthquake|p1a: THC
|-resisted|p1a: THC
|-damage|p1a: THC|82\/100
|
|turn|13
|choice||
|
|switch|p2a: Chansey|Chansey|100\/100 par
|move|p1a: THC|Mega Drain|p2a: Chansey
|-damage|p2a: Chansey|93\/100 par
|-heal|p1a: THC|89\/100|[from] drain|[of] p2a: Chansey
|
|turn|14
|choice||
|
|switch|p2a: Exeggutor|Exeggutor|73\/100 par
|move|p1a: THC|Psychic|p2a: Exeggutor
|-crit|p2a: Exeggutor
|-resisted|p2a: Exeggutor
|-damage|p2a: Exeggutor|49\/100 par
|
|turn|15
|choice||
|
|switch|p1a: Nessy|Lapras|21\/100
|move|p2a: Exeggutor|Sleep Powder|p1a: Nessy
|-status|p1a: Nessy|slp
|
|turn|16
|choice||
|
|switch|p1a: Rydia|Chansey|100\/100
|move|p2a: Exeggutor|Psychic|p1a: Rydia
|-damage|p1a: Rydia|83\/100
|-unboost|p1a: Rydia|spd|1
|-unboost|p1a: Rydia|spa|1
|
|turn|17
|choice||
|
|switch|p1a: Sparky|Tauros|100\/100
|switch|p2a: Chansey|Chansey|93\/100 par
|
|turn|18
|choice||
|
|move|p1a: Sparky|Body Slam|p2a: Chansey
|-damage|p2a: Chansey|53\/100 par
|move|p2a: Chansey|Thunder Wave|p1a: Sparky
|-status|p1a: Sparky|par
|
|turn|19
|choice||
|
|switch|p2a: Exeggutor|Exeggutor|49\/100 par
|cant|p1a: Sparky|par
|
|turn|20
|choice||
|
|cant|p1a: Sparky|par
|move|p2a: Exeggutor|Explosion|p1a: Sparky
|-damage|p1a: Sparky|38\/100 par
|faint|p2a: Exeggutor
|choice||
|
|switch|p2a: Tauros|Tauros|100\/100
|turn|21
|choice||
|
|move|p2a: Tauros|Body Slam|p1a: Sparky
|-damage|p1a: Sparky|7\/100 par
|move|p1a: Sparky|Hyper Beam|p2a: Tauros
|-damage|p2a: Tauros|53\/100
|
|turn|22
|-mustrecharge|p1a: Sparky
|-mustrecharge|p1a: Sparky
|choice||
|
|move|p2a: Tauros|Body Slam|p1a: Sparky
|-damage|p1a: Sparky|0 fnt
|faint|p1a: Sparky
|choice||
|
|switch|p1a: Rydia|Chansey|83\/100
|turn|23
|choice||
|
|switch|p2a: Chansey|Chansey|53\/100 par
|move|p1a: Rydia|Thunder Wave|p2a: Chansey
|-fail|p2a: Chansey|par
|
|turn|24
|choice||
|
|switch|p1a: Chaos|Snorlax|74\/100
|move|p2a: Chansey|Soft-Boiled|p2a: Chansey
|-heal|p2a: Chansey|100\/100 par
|
|turn|25
|choice||
|
|switch|p2a: Golem|Golem|89\/100
|move|p1a: Chaos|Amnesia|p1a: Chaos
|-boost|p1a: Chaos|spd|2
|-boost|p1a: Chaos|spa|2
|
|turn|26
|choice||
|
|switch|p1a: Nessy|Lapras|21\/100 slp
|move|p2a: Golem|Explosion|p1a: Nessy
|-damage|p1a: Nessy|0 fnt
|faint|p1a: Nessy
|faint|p2a: Golem
|choice||
|
|switch|p1a: THC|Exeggutor|89\/100
|switch|p2a: Chansey|Chansey|100\/100 par
|turn|27
|choice||
|
|move|p1a: THC|Psychic|p2a: Chansey
|-damage|p2a: Chansey|84\/100 par
|move|p2a: Chansey|Ice Beam|p1a: THC
|-supereffective|p1a: THC
|-damage|p1a: THC|53\/100
|
|turn|28
|choice||
|
|move|p1a: THC|Explosion|p2a: Chansey
|-damage|p2a: Chansey|0 fnt
|faint|p2a: Chansey
|faint|p1a: THC
|choice||
|
|switch|p2a: Tauros|Tauros|53\/100
|switch|p1a: Rydia|Chansey|83\/100
|turn|29
|c|★katsuge5|experiencing a lot of lag rn
|choice||
|
|move|p2a: Tauros|Body Slam|p1a: Rydia
|-damage|p1a: Rydia|44\/100
|move|p1a: Rydia|Thunder Wave|p2a: Tauros
|-status|p2a: Tauros|par
|
|turn|30
|choice||
|
|move|p1a: Rydia|Soft-Boiled|p1a: Rydia
|-heal|p1a: Rydia|94\/100
|cant|p2a: Tauros|par
|
|turn|31
|choice||
|
|move|p1a: Rydia|Ice Beam|p2a: Tauros
|-damage|p2a: Tauros|25\/100 par
|move|p2a: Tauros|Body Slam|p1a: Rydia
|-damage|p1a: Rydia|57\/100
|
|turn|32
|choice||
|
|move|p1a: Rydia|Ice Beam|p2a: Tauros
|-damage|p2a: Tauros|0 fnt
|faint|p2a: Tauros
|choice||
|
|switch|p2a: Alakazam|Alakazam|100\/100
|turn|33
|choice||
|
|move|p2a: Alakazam|Thunder Wave|p1a: Rydia
|-status|p1a: Rydia|par
|cant|p1a: Rydia|par
|
|turn|34
|choice||
|
|move|p2a: Alakazam|Psychic|p1a: Rydia
|-damage|p1a: Rydia|38\/100 par
|move|p1a: Rydia|Thunder Wave|p2a: Alakazam
|-status|p2a: Alakazam|par
|
|turn|35
|choice||
|
|move|p2a: Alakazam|Psychic|p1a: Rydia
|-damage|p1a: Rydia|20\/100 par
|cant|p1a: Rydia|par
|
|turn|36
|choice||
|
|cant|p2a: Alakazam|par
|move|p1a: Rydia|Soft-Boiled|p1a: Rydia
|-heal|p1a: Rydia|70\/100 par
|
|turn|37
|choice||
|
|cant|p2a: Alakazam|par
|move|p1a: Rydia|Soft-Boiled|p1a: Rydia
|-heal|p1a: Rydia|100\/100 par
|
|turn|38
|choice||
|
|cant|p2a: Alakazam|par
|move|p1a: Rydia|Thunderbolt|p2a: Alakazam
|-damage|p2a: Alakazam|80\/100 par
|
|turn|39
|choice||
|
|move|p2a: Alakazam|Recover|p2a: Alakazam
|-heal|p2a: Alakazam|100\/100 par
|move|p1a: Rydia|Thunderbolt|p2a: Alakazam
|-damage|p2a: Alakazam|79\/100 par
|
|turn|40
|choice||
|
|move|p2a: Alakazam|Psychic|p1a: Rydia
|-damage|p1a: Rydia|83\/100 par
|move|p1a: Rydia|Thunderbolt|p2a: Alakazam
|-crit|p2a: Alakazam
|-damage|p2a: Alakazam|42\/100 par
|
|turn|41
|choice||
|
|move|p2a: Alakazam|Recover|p2a: Alakazam
|-heal|p2a: Alakazam|92\/100 par
|move|p1a: Rydia|Thunderbolt|p2a: Alakazam
|-damage|p2a: Alakazam|72\/100 par
|
|turn|42
|choice||
|
|move|p2a: Alakazam|Psychic|p1a: Rydia
|-damage|p1a: Rydia|65\/100 par
|move|p1a: Rydia|Thunderbolt|p2a: Alakazam
|-damage|p2a: Alakazam|53\/100 par
|
|turn|43
|choice||
|
|move|p2a: Alakazam|Recover|p2a: Alakazam
|-heal|p2a: Alakazam|100\/100 par
|move|p1a: Rydia|Thunderbolt|p2a: Alakazam
|-damage|p2a: Alakazam|80\/100 par
|
|turn|44
|choice||
|
|cant|p2a: Alakazam|par
|cant|p1a: Rydia|par
|
|turn|45
|choice||
|
|move|p2a: Alakazam|Psychic|p1a: Rydia
|-damage|p1a: Rydia|47\/100 par
|move|p1a: Rydia|Soft-Boiled|p1a: Rydia
|-heal|p1a: Rydia|97\/100 par
|
|turn|46
|choice||
|
|cant|p2a: Alakazam|par
|move|p1a: Rydia|Thunderbolt|p2a: Alakazam
|-damage|p2a: Alakazam|62\/100 par
|
|turn|47
|choice||
|
|cant|p2a: Alakazam|par
|cant|p1a: Rydia|par
|
|turn|48
|choice||
|
|move|p2a: Alakazam|Psychic|p1a: Rydia
|-crit|p1a: Rydia
|-damage|p1a: Rydia|64\/100 par
|move|p1a: Rydia|Thunderbolt|p2a: Alakazam
|-damage|p2a: Alakazam|40\/100 par
|
|turn|49
|choice||
|
|move|p2a: Alakazam|Recover|p2a: Alakazam
|-heal|p2a: Alakazam|90\/100 par
|move|p1a: Rydia|Thunderbolt|p2a: Alakazam
|-damage|p2a: Alakazam|72\/100 par
|
|turn|50
|choice||
|
|cant|p2a: Alakazam|par
|move|p1a: Rydia|Soft-Boiled|p1a: Rydia
|-heal|p1a: Rydia|100\/100 par
|
|turn|51
|choice||
|
|move|p2a: Alakazam|Seismic Toss|p1a: Rydia
|-damage|p1a: Rydia|86\/100 par
|move|p1a: Rydia|Ice Beam|p2a: Alakazam
|-damage|p2a: Alakazam|53\/100 par
|
|turn|52
|choice||
|
|move|p2a: Alakazam|Recover|p2a: Alakazam
|-heal|p2a: Alakazam|100\/100 par
|cant|p1a: Rydia|par
|
|turn|53
|choice||
|
|move|p2a: Alakazam|Seismic Toss|p1a: Rydia
|-damage|p1a: Rydia|72\/100 par
|move|p1a: Rydia|Ice Beam|p2a: Alakazam
|-damage|p2a: Alakazam|81\/100 par
|
|turn|54
|choice||
|
|cant|p2a: Alakazam|par
|move|p1a: Rydia|Thunderbolt|p2a: Alakazam
|-crit|p2a: Alakazam
|-damage|p2a: Alakazam|41\/100 par
|
|turn|55
|choice||
|
|move|p2a: Alakazam|Recover|p2a: Alakazam
|-heal|p2a: Alakazam|91\/100 par
|move|p1a: Rydia|Thunderbolt|p2a: Alakazam
|-damage|p2a: Alakazam|71\/100 par
|
|turn|56
|choice||
|
|cant|p2a: Alakazam|par
|move|p1a: Rydia|Thunderbolt|p2a: Alakazam
|-damage|p2a: Alakazam|52\/100 par
|
|turn|57
|choice||
|
|cant|p2a: Alakazam|par
|move|p1a: Rydia|Thunderbolt|p2a: Alakazam
|-damage|p2a: Alakazam|31\/100 par
|
|turn|58
|choice||
|
|move|p2a: Alakazam|Recover|p2a: Alakazam
|-heal|p2a: Alakazam|81\/100 par
|move|p1a: Rydia|Thunderbolt|p2a: Alakazam
|-damage|p2a: Alakazam|60\/100 par
|
|turn|59
|choice||
|
|move|p2a: Alakazam|Seismic Toss|p1a: Rydia
|-damage|p1a: Rydia|58\/100 par
|move|p1a: Rydia|Thunderbolt|p2a: Alakazam
|-damage|p2a: Alakazam|39\/100 par
|
|turn|60
|choice||
|
|move|p2a: Alakazam|Recover|p2a: Alakazam
|-heal|p2a: Alakazam|89\/100 par
|move|p1a: Rydia|Thunderbolt|p2a: Alakazam
|-crit|p2a: Alakazam
|-damage|p2a: Alakazam|48\/100 par
|
|turn|61
|choice||
|
|move|p2a: Alakazam|Recover|p2a: Alakazam
|-heal|p2a: Alakazam|98\/100 par
|move|p1a: Rydia|Soft-Boiled|p1a: Rydia
|-heal|p1a: Rydia|100\/100 par
|
|turn|62
|choice||
|
|move|p2a: Alakazam|Seismic Toss|p1a: Rydia
|-damage|p1a: Rydia|86\/100 par
|move|p1a: Rydia|Thunderbolt|p2a: Alakazam
|-damage|p2a: Alakazam|77\/100 par
|
|turn|63
|choice||
|
|move|p2a: Alakazam|Seismic Toss|p1a: Rydia
|-damage|p1a: Rydia|72\/100 par
|move|p1a: Rydia|Ice Beam|p2a: Alakazam
|-crit|p2a: Alakazam
|-damage|p2a: Alakazam|39\/100 par
|
|turn|64
|choice||
|
|move|p2a: Alakazam|Recover|p2a: Alakazam
|-heal|p2a: Alakazam|88\/100 par
|move|p1a: Rydia|Ice Beam|p2a: Alakazam
|-damage|p2a: Alakazam|70\/100 par
|
|turn|65
|choice||
|
|move|p2a: Alakazam|Seismic Toss|p1a: Rydia
|-damage|p1a: Rydia|58\/100 par
|move|p1a: Rydia|Ice Beam|p2a: Alakazam
|-damage|p2a: Alakazam|49\/100 par
|
|turn|66
|choice||
|
|cant|p2a: Alakazam|par
|move|p1a: Rydia|Thunderbolt|p2a: Alakazam
|-damage|p2a: Alakazam|30\/100 par
|
|turn|67
|choice||
|
|move|p2a: Alakazam|Recover|p2a: Alakazam
|-heal|p2a: Alakazam|80\/100 par
|move|p1a: Rydia|Ice Beam|p2a: Alakazam
|-damage|p2a: Alakazam|60\/100 par
|
|turn|68
|choice||
|
|move|p2a: Alakazam|Seismic Toss|p1a: Rydia
|-damage|p1a: Rydia|44\/100 par
|cant|p1a: Rydia|par
|
|turn|69
|choice||
|
|move|p2a: Alakazam|Psychic|p1a: Rydia
|-crit|p1a: Rydia
|-damage|p1a: Rydia|10\/100 par
|-unboost|p1a: Rydia|spd|1
|-unboost|p1a: Rydia|spa|1
|move|p1a: Rydia|Soft-Boiled|p1a: Rydia
|-heal|p1a: Rydia|60\/100 par
|
|turn|70
|choice||
|
|move|p2a: Alakazam|Seismic Toss|p1a: Rydia
|-damage|p1a: Rydia|46\/100 par
|move|p1a: Rydia|Soft-Boiled|p1a: Rydia
|-heal|p1a: Rydia|96\/100 par
|
|turn|71
|choice||
|
|move|p2a: Alakazam|Seismic Toss|p1a: Rydia
|-damage|p1a: Rydia|82\/100 par
|move|p1a: Rydia|Ice Beam|p2a: Alakazam
|-damage|p2a: Alakazam|48\/100 par
|
|turn|72
|choice||
|
|move|p2a: Alakazam|Recover|p2a: Alakazam
|-heal|p2a: Alakazam|98\/100 par
|move|p1a: Rydia|Ice Beam|p2a: Alakazam
|-damage|p2a: Alakazam|84\/100 par
|
|turn|73
|choice||
|
|move|p2a: Alakazam|Seismic Toss|p1a: Rydia
|-damage|p1a: Rydia|67\/100 par
|move|p1a: Rydia|Thunderbolt|p2a: Alakazam
|-damage|p2a: Alakazam|71\/100 par
|
|turn|74
|choice||
|
|move|p2a: Alakazam|Seismic Toss|p1a: Rydia
|-damage|p1a: Rydia|53\/100 par
|cant|p1a: Rydia|par
|
|turn|75
|choice||
|
|cant|p2a: Alakazam|par
|move|p1a: Rydia|Soft-Boiled|p1a: Rydia
|-heal|p1a: Rydia|100\/100 par
|
|turn|76
|choice||
|
|move|p2a: Alakazam|Seismic Toss|p1a: Rydia
|-damage|p1a: Rydia|86\/100 par
|move|p1a: Rydia|Thunderbolt|p2a: Alakazam
|-damage|p2a: Alakazam|58\/100 par
|
|turn|77
|choice||
|
|move|p2a: Alakazam|Seismic Toss|p1a: Rydia
|-damage|p1a: Rydia|72\/100 par
|cant|p1a: Rydia|par
|
|turn|78
|choice||
|
|move|p2a: Alakazam|Seismic Toss|p1a: Rydia
|-damage|p1a: Rydia|58\/100 par
|move|p1a: Rydia|Soft-Boiled|p1a: Rydia
|-heal|p1a: Rydia|100\/100 par
|
|turn|79
|choice||
|
|move|p2a: Alakazam|Seismic Toss|p1a: Rydia
|-damage|p1a: Rydia|86\/100 par
|move|p1a: Rydia|Ice Beam|p2a: Alakazam
|-damage|p2a: Alakazam|44\/100 par
|
|turn|80
|choice||
|
|move|p2a: Alakazam|Recover|p2a: Alakazam
|-heal|p2a: Alakazam|94\/100 par
|move|p1a: Rydia|Thunderbolt|p2a: Alakazam
|-damage|p2a: Alakazam|80\/100 par
|
|turn|81
|choice||
|
|move|p2a: Alakazam|Seismic Toss|p1a: Rydia
|-damage|p1a: Rydia|72\/100 par
|cant|p1a: Rydia|par
|
|turn|82
|choice||
|
|move|p2a: Alakazam|Seismic Toss|p1a: Rydia
|-damage|p1a: Rydia|58\/100 par
|move|p1a: Rydia|Ice Beam|p2a: Alakazam
|-damage|p2a: Alakazam|66\/100 par
|
|turn|83
|choice||
|
|cant|p2a: Alakazam|par
|move|p1a: Rydia|Soft-Boiled|p1a: Rydia
|-heal|p1a: Rydia|100\/100 par
|
|turn|84
|choice||
|
|move|p2a: Alakazam|Seismic Toss|p1a: Rydia
|-damage|p1a: Rydia|86\/100 par
|cant|p1a: Rydia|par
|
|turn|85
|choice||
|
|cant|p2a: Alakazam|par
|move|p1a: Rydia|Ice Beam|p2a: Alakazam
|-damage|p2a: Alakazam|52\/100 par
|
|turn|86
|choice||
|
|cant|p2a: Alakazam|par
|move|p1a: Rydia|Thunder Wave|p2a: Alakazam
|-fail|p2a: Alakazam|par
|
|turn|87
|choice||
|
|cant|p2a: Alakazam|par
|cant|p1a: Rydia|par
|
|turn|88
|choice||
|
|move|p2a: Alakazam|Recover|p2a: Alakazam
|-heal|p2a: Alakazam|100\/100 par
|move|p1a: Rydia|Thunderbolt|p2a: Alakazam
|-damage|p2a: Alakazam|88\/100 par
|
|turn|89
|choice||
|
|move|p2a: Alakazam|Seismic Toss|p1a: Rydia
|-damage|p1a: Rydia|72\/100 par
|cant|p1a: Rydia|par
|
|turn|90
|choice||
|
|cant|p2a: Alakazam|par
|move|p1a: Rydia|Thunderbolt|p2a: Alakazam
|-damage|p2a: Alakazam|74\/100 par
|
|turn|91
|choice||
|
|move|p2a: Alakazam|Thunder Wave|p1a: Rydia
|-fail|p1a: Rydia|par
|cant|p1a: Rydia|par
|
|turn|92
|choice||
|
|move|p2a: Alakazam|Seismic Toss|p1a: Rydia
|-damage|p1a: Rydia|58\/100 par
|move|p1a: Rydia|Thunder Wave|p2a: Alakazam
|-fail|p2a: Alakazam|par
|
|turn|93
|choice||
|
|cant|p2a: Alakazam|par
|move|p1a: Rydia|Soft-Boiled|p1a: Rydia
|-heal|p1a: Rydia|100\/100 par
|
|turn|94
|choice||
|
|move|p2a: Alakazam|Thunder Wave|p1a: Rydia
|-fail|p1a: Rydia|par
|move|p1a: Rydia|Ice Beam|p2a: Alakazam
|-damage|p2a: Alakazam|60\/100 par
|
|turn|95
|choice||
|
|move|p2a: Alakazam|Recover|p2a: Alakazam
|-heal|p2a: Alakazam|100\/100 par
|move|p1a: Rydia|Thunder Wave|p2a: Alakazam
|-fail|p2a: Alakazam|par
|
|turn|96
|choice||
|
|move|p2a: Alakazam|Thunder Wave|p1a: Rydia
|-fail|p1a: Rydia|par
|move|p1a: Rydia|Thunderbolt|p2a: Alakazam
|-damage|p2a: Alakazam|87\/100 par
|
|turn|97
|choice||
|
|move|p2a: Alakazam|Thunder Wave|p1a: Rydia
|-fail|p1a: Rydia|par
|move|p1a: Rydia|Thunder Wave|p2a: Alakazam
|-fail|p2a: Alakazam|par
|
|turn|98
|choice||
|
|cant|p2a: Alakazam|par
|move|p1a: Rydia|Thunder Wave|p2a: Alakazam
|-fail|p2a: Alakazam|par
|
|turn|99
|choice||
|
|cant|p2a: Alakazam|par
|move|p1a: Rydia|Thunder Wave|p2a: Alakazam
|-fail|p2a: Alakazam|par
|
|turn|100
|choice||
|
|cant|p2a: Alakazam|par
|move|p1a: Rydia|Thunder Wave|p2a: Alakazam
|-fail|p2a: Alakazam|par
|
|turn|101
|choice||
|
|cant|p2a: Alakazam|par
|cant|p1a: Rydia|par
|
|turn|102
|choice||
|
|move|p2a: Alakazam|Seismic Toss|p1a: Rydia
|-damage|p1a: Rydia|86\/100 par
|move|p1a: Rydia|Thunder Wave|p2a: Alakazam
|-fail|p2a: Alakazam|par
|
|turn|103
|choice||
|
|move|p2a: Alakazam|Thunder Wave|p1a: Rydia
|-fail|p1a: Rydia|par
|move|p1a: Rydia|Thunder Wave|p2a: Alakazam
|-fail|p2a: Alakazam|par
|
|turn|104
|choice||
|
|move|p2a: Alakazam|Thunder Wave|p1a: Rydia
|-fail|p1a: Rydia|par
|move|p1a: Rydia|Thunder Wave|p2a: Alakazam
|-fail|p2a: Alakazam|par
|
|turn|105
|choice||
|
|move|p2a: Alakazam|Thunder Wave|p1a: Rydia
|-fail|p1a: Rydia|par
|cant|p1a: Rydia|par
|
|turn|106
|choice||
|
|move|p2a: Alakazam|Seismic Toss|p1a: Rydia
|-damage|p1a: Rydia|72\/100 par
|move|p1a: Rydia|Thunder Wave|p2a: Alakazam
|-fail|p2a: Alakazam|par
|
|turn|107
|choice||
|
|move|p2a: Alakazam|Seismic Toss|p1a: Rydia
|-damage|p1a: Rydia|58\/100 par
|move|p1a: Rydia|Thunder Wave|p2a: Alakazam
|-fail|p2a: Alakazam|par
|
|turn|108
|choice||
|
|move|p2a: Alakazam|Seismic Toss|p1a: Rydia
|-damage|p1a: Rydia|44\/100 par
|move|p1a: Rydia|Thunder Wave|p2a: Alakazam
|-fail|p2a: Alakazam|par
|
|turn|109
|j|DemonTheKid
|choice||
|
|cant|p2a: Alakazam|par
|cant|p1a: Rydia|par
|
|turn|110
|l|DemonTheKid
|choice||
|
|move|p2a: Alakazam|Seismic Toss|p1a: Rydia
|-damage|p1a: Rydia|29\/100 par
|cant|p1a: Rydia|par
|
|turn|111
|choice||
|
|move|p2a: Alakazam|Seismic Toss|p1a: Rydia
|-damage|p1a: Rydia|15\/100 par
|move|p1a: Rydia|Soft-Boiled|p1a: Rydia
|-heal|p1a: Rydia|65\/100 par
|
|turn|112
|choice||
|
|move|p2a: Alakazam|Thunder Wave|p1a: Rydia
|-fail|p1a: Rydia|par
|cant|p1a: Rydia|par
|
|turn|113
|choice||
|
|move|p2a: Alakazam|Thunder Wave|p1a: Rydia
|-fail|p1a: Rydia|par
|cant|p1a: Rydia|par
|
|turn|114
|choice||
|
|move|p2a: Alakazam|Seismic Toss|p1a: Rydia
|-damage|p1a: Rydia|51\/100 par
|move|p1a: Rydia|Thunder Wave|p2a: Alakazam
|-fail|p2a: Alakazam|par
|
|turn|115
|choice||
|
|move|p2a: Alakazam|Thunder Wave|p1a: Rydia
|-fail|p1a: Rydia|par
|move|p1a: Rydia|Soft-Boiled|p1a: Rydia
|-heal|p1a: Rydia|100\/100 par
|
|turn|116
|choice||
|
|move|p2a: Alakazam|Thunder Wave|p1a: Rydia
|-fail|p1a: Rydia|par
|cant|p1a: Rydia|par
|
|turn|117
|choice||
|
|cant|p2a: Alakazam|par
|cant|p1a: Rydia|par
|
|turn|118
|choice||
|
|move|p2a: Alakazam|Thunder Wave|p1a: Rydia
|-fail|p1a: Rydia|par
|move|p1a: Rydia|Thunder Wave|p2a: Alakazam
|-fail|p2a: Alakazam|par
|
|turn|119
|choice||
|
|move|p2a: Alakazam|Thunder Wave|p1a: Rydia
|-fail|p1a: Rydia|par
|move|p1a: Rydia|Thunder Wave|p2a: Alakazam
|-fail|p2a: Alakazam|par
|
|turn|120
|choice||
|
|cant|p2a: Alakazam|par
|move|p1a: Rydia|Thunder Wave|p2a: Alakazam
|-fail|p2a: Alakazam|par
|
|turn|121
|choice||
|
|cant|p2a: Alakazam|par
|move|p1a: Rydia|Thunder Wave|p2a: Alakazam
|-fail|p2a: Alakazam|par
|
|turn|122
|choice||
|
|cant|p2a: Alakazam|par
|move|p1a: Rydia|Thunder Wave|p2a: Alakazam
|-fail|p2a: Alakazam|par
|
|turn|123
|choice||
|
|move|p2a: Alakazam|Thunder Wave|p1a: Rydia
|-fail|p1a: Rydia|par
|move|p1a: Rydia|Thunder Wave|p2a: Alakazam
|-fail|p2a: Alakazam|par
|
|turn|124
|choice||
|
|move|p2a: Alakazam|Thunder Wave|p1a: Rydia
|-fail|p1a: Rydia|par
|move|p1a: Rydia|Thunder Wave|p2a: Alakazam
|-fail|p2a: Alakazam|par
|
|turn|125
|choice||
|
|cant|p2a: Alakazam|par
|move|p1a: Rydia|Thunder Wave|p2a: Alakazam
|-fail|p2a: Alakazam|par
|
|turn|126
|choice||
|
|move|p2a: Alakazam|Thunder Wave|p1a: Rydia
|-fail|p1a: Rydia|par
|move|p1a: Rydia|Thunder Wave|p2a: Alakazam
|-fail|p2a: Alakazam|par
|
|turn|127
|choice||
|
|move|p2a: Alakazam|Thunder Wave|p1a: Rydia
|-fail|p1a: Rydia|par
|move|p1a: Rydia|Thunder Wave|p2a: Alakazam
|-fail|p2a: Alakazam|par
|
|turn|128
|choice||
|
|cant|p2a: Alakazam|par
|move|p1a: Rydia|Thunder Wave|p2a: Alakazam
|-fail|p2a: Alakazam|par
|
|turn|129
|choice||
|
|move|p2a: Alakazam|Thunder Wave|p1a: Rydia
|-fail|p1a: Rydia|par
|move|p1a: Rydia|Thunder Wave|p2a: Alakazam
|-fail|p2a: Alakazam|par
|
|turn|130
|choice||
|
|move|p2a: Alakazam|Thunder Wave|p1a: Rydia
|-fail|p1a: Rydia|par
|move|p1a: Rydia|Thunder Wave|p2a: Alakazam
|-fail|p2a: Alakazam|par
|
|turn|131
|choice||
|
|move|p2a: Alakazam|Thunder Wave|p1a: Rydia
|-fail|p1a: Rydia|par
|move|p1a: Rydia|Thunder Wave|p2a: Alakazam
|-fail|p2a: Alakazam|par
|
|turn|132
|choice||
|
|move|p2a: Alakazam|Thunder Wave|p1a: Rydia
|-fail|p1a: Rydia|par
|move|p1a: Rydia|Thunder Wave|p2a: Alakazam
|-fail|p2a: Alakazam|par
|
|turn|133
|choice||
|
|move|p2a: Alakazam|Thunder Wave|p1a: Rydia
|-fail|p1a: Rydia|par
|move|p1a: Rydia|Ice Beam|p2a: Alakazam
|-damage|p2a: Alakazam|73\/100 par
|
|turn|134
|choice||
|
|move|p2a: Alakazam|Recover|p2a: Alakazam
|-heal|p2a: Alakazam|100\/100 par
|move|p1a: Rydia|Ice Beam|p2a: Alakazam
|-damage|p2a: Alakazam|88\/100 par
|
|turn|135
|choice||
|
|move|p2a: Alakazam|Recover|p2a: Alakazam
|-heal|p2a: Alakazam|100\/100 par
|move|p1a: Rydia|Soft-Boiled|p1a: Rydia
|-fail|p1a: Rydia
|
|turn|136
|choice||
|
|move|p2a: Alakazam|Thunder Wave|p1a: Rydia
|-fail|p1a: Rydia|par
|move|p1a: Rydia|Soft-Boiled|p1a: Rydia
|-fail|p1a: Rydia
|
|turn|137
|choice||
|
|cant|p2a: Alakazam|par
|move|p1a: Rydia|Struggle|p2a: Alakazam
|-damage|p2a: Alakazam|92\/100 par
|-damage|p1a: Rydia|99\/100 par|[from] recoil|[of] p2a: Alakazam
|
|turn|138
|choice||
|
|move|p2a: Alakazam|Seismic Toss|p1a: Rydia
|-damage|p1a: Rydia|84\/100 par
|move|p1a: Rydia|Struggle|p2a: Alakazam
|-damage|p2a: Alakazam|84\/100 par
|-damage|p1a: Rydia|83\/100 par|[from] recoil|[of] p2a: Alakazam
|
|turn|139
|choice||
|
|move|p2a: Alakazam|Seismic Toss|p1a: Rydia
|-damage|p1a: Rydia|68\/100 par
|move|p1a: Rydia|Struggle|p2a: Alakazam
|-damage|p2a: Alakazam|76\/100 par
|-damage|p1a: Rydia|67\/100 par|[from] recoil|[of] p2a: Alakazam
|
|turn|140
|choice||
|
|move|p2a: Alakazam|Psychic|p1a: Rydia
|-damage|p1a: Rydia|39\/100 par
|move|p1a: Rydia|Struggle|p2a: Alakazam
|-damage|p2a: Alakazam|69\/100 par
|-damage|p1a: Rydia|37\/100 par|[from] recoil|[of] p2a: Alakazam
|
|turn|141
|choice||
|
|cant|p2a: Alakazam|par
|move|p1a: Rydia|Struggle|p2a: Alakazam
|-damage|p2a: Alakazam|60\/100 par
|-damage|p1a: Rydia|35\/100 par|[from] recoil|[of] p2a: Alakazam
|
|turn|142
|choice||
|
|move|p2a: Alakazam|Recover|p2a: Alakazam
|-heal|p2a: Alakazam|100\/100 par
|move|p1a: Rydia|Struggle|p2a: Alakazam
|-damage|p2a: Alakazam|92\/100 par
|-damage|p1a: Rydia|34\/100 par|[from] recoil|[of] p2a: Alakazam
|
|turn|143
|choice||
|
|move|p2a: Alakazam|Seismic Toss|p1a: Rydia
|-damage|p1a: Rydia|19\/100 par
|move|p1a: Rydia|Struggle|p2a: Alakazam
|-damage|p2a: Alakazam|84\/100 par
|-damage|p1a: Rydia|17\/100 par|[from] recoil|[of] p2a: Alakazam
|
|turn|144
|j|syaimi
|choice||
|
|move|p2a: Alakazam|Recover|p2a: Alakazam
|-heal|p2a: Alakazam|100\/100 par
|move|p1a: Rydia|Struggle|p2a: Alakazam
|-damage|p2a: Alakazam|93\/100 par
|-damage|p1a: Rydia|16\/100 par|[from] recoil|[of] p2a: Alakazam
|
|turn|145
|choice||
|
|move|p2a: Alakazam|Recover|p2a: Alakazam
|-heal|p2a: Alakazam|100\/100 par
|cant|p1a: Rydia|par
|
|turn|146
|choice||
|
|move|p2a: Alakazam|Seismic Toss|p1a: Rydia
|-damage|p1a: Rydia|2\/100 par
|move|p1a: Rydia|Struggle|p2a: Alakazam
|-crit|p2a: Alakazam
|-damage|p2a: Alakazam|84\/100 par
|-damage|p1a: Rydia|0 fnt|[from] recoil|[of] p2a: Alakazam
|faint|p1a: Rydia
|choice||
|
|switch|p1a: Chaos|Snorlax|74\/100
|turn|147
|choice||
|
|move|p1a: Chaos|Amnesia|p1a: Chaos
|-boost|p1a: Chaos|spd|2
|-boost|p1a: Chaos|spa|2
|move|p2a: Alakazam|Thunder Wave|p1a: Chaos
|-status|p1a: Chaos|par
|
|turn|148
|choice||
|
|move|p1a: Chaos|Amnesia|p1a: Chaos
|-boost|p1a: Chaos|spd|2
|-boost|p1a: Chaos|spa|2
|move|p2a: Alakazam|Psychic|p1a: Chaos
|-damage|p1a: Chaos|63\/100 par
|
|turn|149
|choice||
|
|move|p1a: Chaos|Body Slam|p2a: Alakazam
|-damage|p2a: Alakazam|32\/100 par
|move|p2a: Alakazam|Psychic|p1a: Chaos
|-crit|p1a: Chaos
|-damage|p1a: Chaos|2\/100 par
|
|turn|150
|l|syaimi
|choice||
|
|move|p1a: Chaos|Body Slam|p2a: Alakazam
|-damage|p2a: Alakazam|0 fnt
|faint|p2a: Alakazam
|
|win|Feena
|player|p1
|player|p2
|raw|Feena's rating: 1423 &rarr; <strong>1442<\/strong><br \/>(+19 for winning)
|raw|katsuge5's rating: 1416 &rarr; <strong>1396<\/strong><br \/>(-20 for losing)
|c|★katsuge5|how did you go first?