|join|Agarest
|join|lekumkwat
|player|p1|Agarest|161
|player|p2|lekumkwat|209
|gametype|singles
|gen|1
|tier|[Gen 1] OU
|rated
|seed|12635,18563,2014,10583
|rule|Sleep Clause Mod: Limit one foe put to sleep
|rule|Freeze Clause Mod: Limit one foe frozen
|rule|Species Clause: Limit one of each Pokémon
|rule|OHKO Clause: OHKO moves are banned
|rule|Evasion Moves Clause: Evasion moves are banned
|rule|HP Percentage Mod: HP is shown in percentages
|
|start
|switch|p1a: Gengar|Gengar|323\/323
|switch|p2a: Magmar|Magmar|333\/333
|turn|1
|choice|move 4|move 1
|
|move|p1a: Gengar|Hypnosis|p2a: Magmar
|-status|p2a: Magmar|slp
|cant|p2a: Magmar|slp
|
|turn|2
|choice|move 2|switch 6
|
|switch|p2a: Gengar|Gengar|323\/323
|move|p1a: Gengar|Thunderbolt|p2a: Gengar
|-crit|p2a: Gengar
|-damage|p2a: Gengar|166\/323
|-status|p2a: Gengar|par
|
|turn|3
|choice|move 1|move 1
|
|move|p1a: Gengar|Night Shade|p2a: Gengar
|-damage|p2a: Gengar|66\/323 par
|move|p2a: Gengar|Hypnosis|p1a: Gengar
|-status|p1a: Gengar|slp
|
|turn|4
|choice|move 1|move 2
|
|cant|p1a: Gengar|slp
|move|p2a: Gengar|Dream Eater|p1a: Gengar
|-supereffective|p1a: Gengar
|-damage|p1a: Gengar|176\/323 slp
|-heal|p2a: Gengar|139\/323 par|[from] drain|[of] p1a: Gengar
|
|turn|5
|choice|switch 2|move 2
|
|switch|p1a: Exeggutor|Exeggutor|393\/393
|move|p2a: Gengar|Dream Eater|p1a: Exeggutor
|-immune|p1a: Exeggutor|[msg]
|
|turn|6
|choice|move 1|switch 5
|
|switch|p2a: Alakazam|Alakazam|313\/313
|move|p1a: Exeggutor|Psychic|p2a: Alakazam
|-resisted|p2a: Alakazam
|-damage|p2a: Alakazam|260\/313
|
|turn|7
|choice|switch 3|move 1
|
|switch|p1a: Chansey|Chansey|703\/703
|move|p2a: Alakazam|Psybeam|p1a: Chansey
|-damage|p1a: Chansey|618\/703
|
|turn|8
|choice|move 4|move 4
|
|move|p2a: Alakazam|Thunder Wave|p1a: Chansey
|-status|p1a: Chansey|par
|cant|p1a: Chansey|par
|
|turn|9
|choice|move 4|move 3
|
|move|p2a: Alakazam|Double-Edge|p1a: Chansey
|-crit|p1a: Chansey
|-damage|p1a: Chansey|341\/703 par
|-damage|p2a: Alakazam|191\/313|[from] recoil|[of] p1a: Chansey
|move|p1a: Chansey|Thunder Wave|p2a: Alakazam
|-status|p2a: Alakazam|par
|
|turn|10
|choice|move 3|move 2
|
|move|p2a: Alakazam|Recover|p2a: Alakazam
|-heal|p2a: Alakazam|313\/313 par
|move|p1a: Chansey|Soft-Boiled|p1a: Chansey
|-heal|p1a: Chansey|692\/703 par
|
|turn|11
|choice|move 1|move 3
|
|cant|p2a: Alakazam|par
|move|p1a: Chansey|Ice Beam|p2a: Alakazam
|-damage|p2a: Alakazam|245\/313 par
|
|turn|12
|choice|move 1|move 3
|
|move|p2a: Alakazam|Double-Edge|p1a: Chansey
|-damage|p1a: Chansey|548\/703 par
|-damage|p2a: Alakazam|209\/313 par|[from] recoil|[of] p1a: Chansey
|move|p1a: Chansey|Ice Beam|p2a: Alakazam
|-damage|p2a: Alakazam|152\/313 par
|
|turn|13
|choice|switch 6|move 2
|
|switch|p1a: Snorlax|Snorlax|523\/523
|move|p2a: Alakazam|Recover|p2a: Alakazam
|-heal|p2a: Alakazam|308\/313 par
|
|turn|14
|choice|move 1|move 3
|
|move|p1a: Snorlax|Body Slam|p2a: Alakazam
|-damage|p2a: Alakazam|143\/313 par
|cant|p2a: Alakazam|par
|
|turn|15
|choice|move 1|switch 2
|
|switch|p2a: Electabuzz|Electabuzz|333\/333
|move|p1a: Snorlax|Body Slam|p2a: Electabuzz
|-damage|p2a: Electabuzz|175\/333
|
|turn|16
|choice|move 1|move 3
|
|move|p2a: Electabuzz|Thunder Wave|p1a: Snorlax
|-status|p1a: Snorlax|par
|move|p1a: Snorlax|Body Slam|p2a: Electabuzz
|-damage|p2a: Electabuzz|36\/333
|
|turn|17
|choice|move 1|move 2
|
|move|p2a: Electabuzz|Double-Edge|p1a: Snorlax
|-damage|p1a: Snorlax|439\/523 par
|-damage|p2a: Electabuzz|15\/333|[from] recoil|[of] p1a: Snorlax
|move|p1a: Snorlax|Body Slam|p2a: Electabuzz
|-damage|p2a: Electabuzz|0 fnt
|faint|p2a: Electabuzz
|choice||switch 3
|
|switch|p2a: Blastoise|Blastoise|361\/361
|turn|18
|choice|move 3|move 2
|
|move|p2a: Blastoise|Ice Beam|p1a: Snorlax
|-damage|p1a: Snorlax|358\/523 par
|move|p1a: Snorlax|Amnesia|p1a: Snorlax
|-boost|p1a: Snorlax|spd|2
|-boost|p1a: Snorlax|spa|2
|
|turn|19
|choice|move 1|move 1
|
|move|p2a: Blastoise|Hydro Pump|p1a: Snorlax
|-damage|p1a: Snorlax|270\/523 par
|move|p1a: Snorlax|Body Slam|p2a: Blastoise
|-damage|p2a: Blastoise|256\/361
|
|turn|20
|choice|move 4|move 3
|
|move|p2a: Blastoise|Strength|p1a: Snorlax
|-damage|p1a: Snorlax|202\/523 par
|move|p1a: Snorlax|Rest|p1a: Snorlax
|-status|p1a: Snorlax|slp
|-heal|p1a: Snorlax|523\/523 slp|[silent]
|-status|p1a: Snorlax|slp|[from] move: Rest
|
|turn|21
|choice|move 1|move 2
|
|move|p2a: Blastoise|Ice Beam|p1a: Snorlax
|-damage|p1a: Snorlax|480\/523 slp
|cant|p1a: Snorlax|slp
|
|turn|22
|choice|move 1|move 1
|
|move|p2a: Blastoise|Hydro Pump|p1a: Snorlax
|-damage|p1a: Snorlax|398\/523 slp
|-curestatus|p1a: Snorlax|slp
|
|turn|23
|choice|move 1|move 4
|
|move|p2a: Blastoise|Rest|p2a: Blastoise
|-status|p2a: Blastoise|slp
|-heal|p2a: Blastoise|361\/361 slp|[silent]
|-status|p2a: Blastoise|slp|[from] move: Rest
|move|p1a: Snorlax|Body Slam|p2a: Blastoise
|-damage|p2a: Blastoise|253\/361 slp
|
|turn|24
|choice|move 1|switch 5
|
|switch|p2a: Gengar|Gengar|139\/323 par
|move|p1a: Snorlax|Body Slam|p2a: Gengar
|-immune|p2a: Gengar|[msg]
|
|turn|25
|choice|switch 3|move 3
|
|switch|p1a: Exeggutor|Exeggutor|393\/393
|cant|p2a: Gengar|par
|
|turn|26
|choice|move 1|move 1
|
|move|p1a: Exeggutor|Psychic|p2a: Gengar
|-supereffective|p2a: Gengar
|-damage|p2a: Gengar|0 fnt
|faint|p2a: Gengar
|choice||switch 6
|
|switch|p2a: Magmar|Magmar|333\/333 slp
|turn|27
|choice|move 1|move 1
|
|-curestatus|p2a: Magmar|slp
|move|p1a: Exeggutor|Psychic|p2a: Magmar
|-damage|p2a: Magmar|199\/333
|
|turn|28
|choice|switch 5|move 1
|
|switch|p1a: Alakazam|Alakazam|313\/313
|move|p2a: Magmar|Flamethrower|p1a: Alakazam
|-damage|p1a: Alakazam|230\/313
|
|turn|29
|choice|move 3|move 3
|
|move|p1a: Alakazam|Reflect|p1a: Alakazam
|-start|p1a: Alakazam|Reflect
|move|p2a: Magmar|Rest|p2a: Magmar
|-status|p2a: Magmar|slp
|-heal|p2a: Magmar|333\/333 slp|[silent]
|-status|p2a: Magmar|slp|[from] move: Rest
|
|turn|30
|choice|move 1|switch 2
|
|switch|p2a: Alakazam|Alakazam|143\/313 par
|move|p1a: Alakazam|Psychic|p2a: Alakazam
|-resisted|p2a: Alakazam
|-damage|p2a: Alakazam|90\/313 par
|
|turn|31
|choice|switch 3|move 2
|
|switch|p1a: Snorlax|Snorlax|398\/523
|move|p2a: Alakazam|Recover|p2a: Alakazam
|-heal|p2a: Alakazam|246\/313 par
|
|turn|32
|choice|move 1|switch 2
|
|switch|p2a: Magmar|Magmar|333\/333 slp
|move|p1a: Snorlax|Body Slam|p2a: Magmar
|-damage|p2a: Magmar|181\/333 slp
|
|turn|33
|choice|move 3|move 1
|
|cant|p2a: Magmar|slp
|move|p1a: Snorlax|Amnesia|p1a: Snorlax
|-boost|p1a: Snorlax|spd|2
|-boost|p1a: Snorlax|spa|2
|
|turn|34
|choice|move 1|switch 5
|
|switch|p2a: Blastoise|Blastoise|253\/361 slp
|move|p1a: Snorlax|Body Slam|p2a: Blastoise
|-damage|p2a: Blastoise|153\/361 slp
|
|turn|35
|choice|move 1|move 3
|
|cant|p2a: Blastoise|slp
|move|p1a: Snorlax|Body Slam|p2a: Blastoise
|-damage|p2a: Blastoise|39\/361 slp
|
|turn|36
|choice|move 1|switch 4
|
|switch|p2a: Victreebel|Victreebel|363\/363
|move|p1a: Snorlax|Body Slam|p2a: Victreebel
|-damage|p2a: Victreebel|227\/363
|
|turn|37
|choice|move 1|move 2
|
|move|p2a: Victreebel|Sleep Powder|p1a: Snorlax
|-message|Sleep Clause Mod activated.
|move|p1a: Snorlax|Body Slam|p2a: Victreebel
|-damage|p2a: Victreebel|95\/363
|
|turn|38
|choice|move 1|move 2
|
|move|p2a: Victreebel|Sleep Powder|p1a: Snorlax
|-message|Sleep Clause Mod activated.
|move|p1a: Snorlax|Body Slam|p2a: Victreebel
|-damage|p2a: Victreebel|0 fnt
|faint|p2a: Victreebel
|choice||switch 2
|
|switch|p2a: Alakazam|Alakazam|246\/313 par
|turn|39
|choice|move 1|move 1
|
|move|p1a: Snorlax|Body Slam|p2a: Alakazam
|-damage|p2a: Alakazam|74\/313 par
|move|p2a: Alakazam|Psybeam|p1a: Snorlax
|-damage|p1a: Snorlax|337\/523
|
|turn|40
|choice|move 1|move 4
|
|move|p1a: Snorlax|Body Slam|p2a: Alakazam
|-damage|p2a: Alakazam|0 fnt
|faint|p2a: Alakazam
|choice||switch 5
|
|switch|p2a: Magmar|Magmar|181\/333 slp
|turn|41
|choice|move 1|move 1
|
|-curestatus|p2a: Magmar|slp
|move|p1a: Snorlax|Body Slam|p2a: Magmar
|-damage|p2a: Magmar|25\/333
|
|turn|42
|choice|move 1|move 1
|
|move|p2a: Magmar|Flamethrower|p1a: Snorlax
|-crit|p1a: Snorlax
|-damage|p1a: Snorlax|84\/523
|move|p1a: Snorlax|Body Slam|p2a: Magmar
|-damage|p2a: Magmar|0 fnt
|faint|p2a: Magmar
|choice||switch 4
|
|switch|p2a: Blastoise|Blastoise|39\/361 slp
|turn|43
|choice|move 1|move 2
|
|-curestatus|p2a: Blastoise|slp
|move|p1a: Snorlax|Body Slam|p2a: Blastoise
|-damage|p2a: Blastoise|0 fnt
|faint|p2a: Blastoise
|
|win|Agarest
|raw|Agarest's rating: 1084 &rarr; <strong>1105<\/strong><br \/>(+21 for winning)
|raw|lekumkwat's rating: 1000 &rarr; <strong>1000<\/strong><br \/>(+0 for losing)
|c|★Agarest|gg
|c|★lekumkwat|good game