|join|Danny Noonan
|join|NAM2F
|player|p1|Danny Noonan|43
|player|p2|NAM2F|266
|gametype|singles
|gen|1
|tier|[Gen 1] Random Battle
|rated
|rule|Sleep Clause Mod: Limit one foe put to sleep
|rule|Freeze Clause Mod: Limit one foe frozen
|rule|HP Percentage Mod: HP is shown in percentages
|
|start
|switch|p1a: Gengar|Gengar, L79|257\/257
|switch|p2a: Gengar|Gengar, L79|257\/257
|turn|1
|c|★Danny Noonan|OH HEY GENGAR
|join|baaast
|c|★Danny Noonan|oh hey baast
|c| baaast|sup danny
|c|★Danny Noonan|had a good night i see
|c|★Danny Noonan|im also buts
|c| baaast|lol i know
|c|★Danny Noonan|oh okay
|c|★Danny Noonan|this guy dont move
|c| baaast|yeah this accounts been going well
|c| baaast|32-2
|c|★Danny Noonan|danny had some bad luck
|c|★NAM2F|son
|c|★Danny Noonan|yes, dad?
|c|★NAM2F|dame un segundo por favor
|c|★NAM2F|also it's lagging
|c|★Danny Noonan|danny hit a few fights in a row with a magikarp\/metapod, didnt help
|
|move|p2a: Gengar|Hypnosis|p1a: Gengar
|-status|p1a: Gengar|slp
|cant|p1a: Gengar|slp
|
|turn|2
|c|★Danny Noonan|fuck
|c| baaast|lol
|
|switch|p1a: Chansey|Chansey, L79|557\/557
|move|p2a: Gengar|Thunderbolt|p1a: Chansey
|-crit|p1a: Chansey
|-damage|p1a: Chansey|435\/557
|
|turn|3
|c|★NAM2F|ncfffffff
|
|move|p2a: Gengar|Explosion|p1a: Chansey
|-damage|p1a: Chansey|1\/557
|faint|p2a: Gengar
|c| baaast|lol dannys team looking super solid so far
|c|★Danny Noonan|NOOOOO
|c|★NAM2F|lel
|c| baaast|wow its like dat huh
|c|★Danny Noonan|its okay, i'll find someway
|
|switch|p2a: Ekans|Ekans, L96|262\/262
|turn|4
|c| baaast|its okay, danny also has an am2...f
|c| baaast|ekans sucks so much
|c|★NAM2F|^
|
|switch|p1a: Arbok|Arbok, L85|276\/276
|move|p2a: Ekans|Earthquake|p1a: Arbok
|-supereffective|p1a: Arbok
|-damage|p1a: Arbok|108\/276
|
|turn|5
|c|★Danny Noonan|i have ekans daddy
|c|★Danny Noonan|fuck his has quake
|c|★Danny Noonan|mine doesnt
|
|move|p1a: Arbok|Glare|p2a: Ekans
|-status|p2a: Ekans|par
|cant|p2a: Ekans|par
|
|turn|6
|c|★NAM2F|nghf
|c| baaast|mmm yes
|c| baaast|ghfp
|c|★Danny Noonan|what the hell do all those mean
|
|move|p1a: Arbok|Body Slam|p2a: Ekans
|-damage|p2a: Ekans|190\/262 par
|move|p2a: Ekans|Glare|p1a: Arbok
|-status|p1a: Arbok|par
|
|turn|7
|c| baaast|lol
|
|cant|p1a: Arbok|par
|cant|p2a: Ekans|par
|
|turn|8
|
|move|p1a: Arbok|Hyper Beam|p2a: Ekans
|-damage|p2a: Ekans|68\/262 par
|move|p2a: Ekans|Body Slam|p1a: Arbok
|-damage|p1a: Arbok|43\/276 par
|
|turn|9
|-mustrecharge|p1a: Arbok
|c| baaast|you can figure them out, the format is
|c|★Danny Noonan|reallly no wuake
|c|★Danny Noonan|quake
|c| baaast|n stands for nice
|c| baaast|f at the end stands for fgt
|-mustrecharge|p1a: Arbok
|c| baaast|and the middle you get from context
|
|switch|p2a: Machamp|Machamp, L85|327\/327
|cant|p1a: Arbok|recharge
|
|turn|10
|c|★NAM2F|^
|c|★NAM2F|switch in chansey imo
|c|★Danny Noonan|yeah solid strat
|c| baaast|^
|c| baaast|you wont
|
|switch|p1a: Pidgeotto|Pidgeotto, L85|281\/281
|move|p2a: Machamp|Earthquake|p1a: Pidgeotto
|-immune|p1a: Pidgeotto|[msg]
|
|turn|11
|
|move|p1a: Pidgeotto|Double-Edge|p2a: Machamp
|-damage|p2a: Machamp|237\/327
|-damage|p1a: Pidgeotto|259\/281|[from] recoil|[of] p2a: Machamp
|move|p2a: Machamp|Rock Slide|p1a: Pidgeotto
|-supereffective|p1a: Pidgeotto
|-damage|p1a: Pidgeotto|77\/281
|
|turn|12
|c|★Danny Noonan|oh good he has rocks
|c|★NAM2F|machamp dear god
|c|★Danny Noonan|im pretty f'ed this match
|
|move|p1a: Pidgeotto|Double-Edge|p2a: Machamp
|-damage|p2a: Machamp|157\/327
|-damage|p1a: Pidgeotto|57\/281|[from] recoil|[of] p2a: Machamp
|move|p2a: Machamp|Body Slam|p1a: Pidgeotto
|-damage|p1a: Pidgeotto|0 fnt
|faint|p1a: Pidgeotto
|c| baaast|letting chansey eat an exbrosion prob didnt help you out much
|c|★NAM2F|^
|c|★Danny Noonan|having my gengar get put to sleep hurt more
|c|★Danny Noonan|my team lacks speed
|
|switch|p1a: Wartortle|Wartortle, L85|274\/274
|turn|13
|
|switch|p2a: Lapras|Lapras, L79|367\/367
|move|p1a: Wartortle|Surf|p2a: Lapras
|-crit|p2a: Lapras
|-resisted|p2a: Lapras
|-damage|p2a: Lapras|287\/367
|
|turn|14
|c|★NAM2F|no speed sucks
|
|switch|p1a: Parasect|Parasect, L85|276\/276
|move|p2a: Lapras|Thunderbolt|p1a: Parasect
|-resisted|p1a: Parasect
|-damage|p1a: Parasect|245\/276
|
|turn|15
|c|★Danny Noonan|speeds great
|c|★Danny Noonan|then you feel like the bugs are crawling on you and you scratch your own skin off
|c|★Danny Noonan|god i hope you lag out
|c|★Danny Noonan|DO IT
|c|★Danny Noonan|this might be another well-deserved danny noonon victory
|
|switch|p2a: Ekans|Ekans, L96|68\/262 par
|move|p1a: Parasect|Spore|p2a: Ekans
|-fail|p2a: Ekans
|
|turn|16
|c|★Danny Noonan|SHIT
|
|move|p1a: Parasect|Hyper Beam|p2a: Ekans
|-damage|p2a: Ekans|0 fnt
|faint|p2a: Ekans
|c| baaast|mmmmm
|
|switch|p2a: Machamp|Machamp, L85|157\/327
|turn|17
|
|move|p2a: Machamp|Rock Slide|p1a: Parasect
|-supereffective|p1a: Parasect
|-damage|p1a: Parasect|101\/276
|move|p1a: Parasect|Stun Spore|p2a: Machamp
|-status|p2a: Machamp|par
|
|turn|18
|
|move|p1a: Parasect|Hyper Beam|p2a: Machamp
|-damage|p2a: Machamp|45\/327 par
|cant|p2a: Machamp|par
|
|turn|19
|-mustrecharge|p1a: Parasect
|-mustrecharge|p1a: Parasect
|c|★Danny Noonan|d'oh
|
|switch|p2a: Lapras|Lapras, L79|287\/367
|cant|p1a: Parasect|recharge
|
|turn|20
|
|move|p2a: Lapras|Ice Beam|p1a: Parasect
|-supereffective|p1a: Parasect
|-damage|p1a: Parasect|0 fnt
|faint|p1a: Parasect
|
|switch|p1a: Wartortle|Wartortle, L85|274\/274
|turn|21
|c|★Danny Noonan|shits getting real bad now
|
|move|p1a: Wartortle|Body Slam|p2a: Lapras
|-damage|p2a: Lapras|235\/367
|-status|p2a: Lapras|par
|move|p2a: Lapras|Thunderbolt|p1a: Wartortle
|-supereffective|p1a: Wartortle
|-damage|p1a: Wartortle|129\/274
|
|turn|22
|
|switch|p1a: Arbok|Arbok, L85|43\/276 par
|switch|p2a: Machamp|Machamp, L85|45\/327 par
|
|turn|23
|c| baaast|lol
|
|switch|p2a: Machop|Machop, L96|329\/329
|cant|p1a: Arbok|par
|
|turn|24
|c|★Danny Noonan|oh whaaaat
|
|move|p2a: Machop|Body Slam|p1a: Arbok
|-damage|p1a: Arbok|0 fnt
|faint|p1a: Arbok
|
|switch|p1a: Wartortle|Wartortle, L85|129\/274
|turn|25
|
|move|p1a: Wartortle|Surf|p2a: Machop
|-damage|p2a: Machop|212\/329
|move|p2a: Machop|Submission|p1a: Wartortle
|-damage|p1a: Wartortle|20\/274
|-damage|p2a: Machop|185\/329|[from] recoil|[of] p1a: Wartortle
|
|turn|26
|c|★Danny Noonan|cmon para
|
|move|p1a: Wartortle|Body Slam|p2a: Machop
|-crit|p2a: Machop
|-damage|p2a: Machop|70\/329
|move|p2a: Machop|Body Slam|p1a: Wartortle
|-damage|p1a: Wartortle|0 fnt
|faint|p1a: Wartortle
|c|★Danny Noonan|aw
|
|switch|p1a: Gengar|Gengar, L79|257\/257 slp
|turn|27
|c|★Danny Noonan|here comes the quake...
|
|switch|p2a: Mewtwo|Mewtwo, L68|285\/285
|cant|p1a: Gengar|slp
|
|turn|28
|c|★Danny Noonan|OH COOL
|c| baaast|loool
|c|★Danny Noonan|fucking fetus
|
|cant|p1a: Gengar|slp
|move|p2a: Mewtwo|Psychic|p1a: Gengar
|-supereffective|p1a: Gengar
|-damage|p1a: Gengar|120\/257 slp
|
|turn|29
|
|cant|p1a: Gengar|slp
|move|p2a: Mewtwo|Psychic|p1a: Gengar
|-supereffective|p1a: Gengar
|-damage|p1a: Gengar|0 fnt
|faint|p1a: Gengar
|c|★Danny Noonan|gg jk
|-message|Danny Noonan forfeited.
|c|★NAM2F|gg
|
|win|NAM2F
|raw|Ladder updating...
|raw|Danny Noonan's rating: 1347 &rarr; <strong>1326<\/strong><br \/>(-21 for losing)
|raw|NAM2F's rating: 1321 &rarr; <strong>1343<\/strong><br \/>(+22 for winning)
|leave|Danny Noonan
|player|p1