|join|Dervodel
|join|Jose-rg2000
|player|p1|Dervodel|1
|player|p2|Jose-rg2000|162
|gametype|singles
|gen|1
|tier|[Gen 1] Random Battle
|rated
|rule|Sleep Clause Mod: Limit one foe put to sleep
|rule|Freeze Clause Mod: Limit one foe frozen
|rule|HP Percentage Mod: HP is shown in percentages
|
|start
|switch|p1a: Seaking|Seaking, L90|327\/327
|switch|p2a: Nidoqueen|Nidoqueen, L85|327\/327
|turn|1
|
|move|p2a: Nidoqueen|Thunderbolt|p1a: Seaking
|-supereffective|p1a: Seaking
|-damage|p1a: Seaking|219\/327
|-status|p1a: Seaking|par
|move|p1a: Seaking|Surf|p2a: Nidoqueen
|-supereffective|p2a: Nidoqueen
|-damage|p2a: Nidoqueen|99\/327
|
|turn|2
|
|move|p2a: Nidoqueen|Thunder|p1a: Seaking
|-supereffective|p1a: Seaking
|-damage|p1a: Seaking|63\/327 par
|cant|p1a: Seaking|par
|
|turn|3
|
|move|p2a: Nidoqueen|Thunderbolt|p1a: Seaking
|-supereffective|p1a: Seaking
|-damage|p1a: Seaking|0 fnt
|faint|p1a: Seaking
|c|★Dervodel|1:0 :)
|
|switch|p1a: Dragonite|Dragonite, L85|328\/328
|turn|4
|
|move|p1a: Dragonite|Hyper Beam|p2a: Nidoqueen
|-damage|p2a: Nidoqueen|0 fnt
|faint|p2a: Nidoqueen
|c|★Dervodel|1:1
|c|★Jose-rg2000|yep
|
|switch|p2a: Seaking|Seaking, L90|327\/327
|turn|5
|
|switch|p1a: Hypno|Hypno, L85|318\/318
|move|p2a: Seaking|Blizzard|p1a: Hypno
|-damage|p1a: Hypno|248\/318
|
|turn|6
|
|move|p2a: Seaking|Double-Edge|p1a: Hypno
|-damage|p1a: Hypno|157\/318
|-damage|p2a: Seaking|305\/327|[from] recoil|[of] p1a: Hypno
|move|p1a: Hypno|Hypnosis|p2a: Seaking|[miss]
|-miss|p1a: Hypno
|
|turn|7
|
|move|p2a: Seaking|Hyper Beam|p1a: Hypno
|-crit|p1a: Hypno
|-damage|p1a: Hypno|0 fnt
|faint|p1a: Hypno
|
|switch|p1a: Alakazam|Alakazam, L79|249\/249
|turn|8
|c|★Dervodel|2.1 :)
|
|move|p1a: Alakazam|Reflect|p1a: Alakazam
|-start|p1a: Alakazam|Reflect
|move|p2a: Seaking|Hyper Beam|p1a: Alakazam
|-damage|p1a: Alakazam|151\/249
|
|turn|9
|-mustrecharge|p2a: Seaking
|-mustrecharge|p2a: Seaking
|
|move|p1a: Alakazam|Psychic|p2a: Seaking
|-damage|p2a: Seaking|205\/327
|-unboost|p2a: Seaking|spd|1
|-unboost|p2a: Seaking|spa|1
|cant|p2a: Seaking|recharge
|
|turn|10
|
|move|p1a: Alakazam|Psychic|p2a: Seaking
|-crit|p2a: Seaking
|-damage|p2a: Seaking|8\/327
|-unboost|p2a: Seaking|spd|1
|-unboost|p2a: Seaking|spa|1
|move|p2a: Seaking|Hyper Beam|p1a: Alakazam
|-damage|p1a: Alakazam|67\/249
|
|turn|11
|-mustrecharge|p2a: Seaking
|-mustrecharge|p2a: Seaking
|
|move|p1a: Alakazam|Recover|p1a: Alakazam
|-heal|p1a: Alakazam|191\/249
|cant|p2a: Seaking|recharge
|
|turn|12
|
|move|p1a: Alakazam|Psychic|p2a: Seaking
|-damage|p2a: Seaking|0 fnt
|faint|p2a: Seaking
|c|★Dervodel|2:2
|
|switch|p2a: Venonat|Venonat, L96|310\/310
|turn|13
|
|move|p1a: Alakazam|Psychic|p2a: Venonat
|-supereffective|p2a: Venonat
|-damage|p2a: Venonat|47\/310
|move|p2a: Venonat|Sleep Powder|p1a: Alakazam
|-status|p1a: Alakazam|slp
|
|turn|14
|
|switch|p2a: Mew|Mew, L74|300\/300
|cant|p1a: Alakazam|slp
|
|turn|15
|
|cant|p1a: Alakazam|slp
|move|p2a: Mew|Earthquake|p1a: Alakazam
|-damage|p1a: Alakazam|148\/249 slp
|
|turn|16
|
|-curestatus|p1a: Alakazam|slp
|move|p2a: Mew|Horn Drill|p1a: Alakazam
|-immune|p1a: Alakazam|[ohko]
|
|turn|17
|
|move|p1a: Alakazam|Recover|p1a: Alakazam
|-heal|p1a: Alakazam|249\/249
|move|p2a: Mew|Earthquake|p1a: Alakazam
|-damage|p1a: Alakazam|207\/249
|
|turn|18
|
|move|p1a: Alakazam|Seismic Toss|p2a: Mew
|-damage|p2a: Mew|221\/300
|move|p2a: Mew|Thunder Wave|p1a: Alakazam
|-status|p1a: Alakazam|par
|
|turn|19
|
|move|p2a: Mew|Earthquake|p1a: Alakazam
|-crit|p1a: Alakazam
|-damage|p1a: Alakazam|43\/249 par
|cant|p1a: Alakazam|par
|
|turn|20
|
|move|p2a: Mew|Earthquake|p1a: Alakazam
|-damage|p1a: Alakazam|2\/249 par
|move|p1a: Alakazam|Recover|p1a: Alakazam
|-heal|p1a: Alakazam|126\/249 par
|
|turn|21
|
|move|p2a: Mew|Earthquake|p1a: Alakazam
|-damage|p1a: Alakazam|82\/249 par
|cant|p1a: Alakazam|par
|
|turn|22
|
|move|p2a: Mew|Earthquake|p1a: Alakazam
|-crit|p1a: Alakazam
|-damage|p1a: Alakazam|0 fnt
|faint|p1a: Alakazam
|
|switch|p1a: Dragonite|Dragonite, L85|328\/328
|turn|23
|
|move|p2a: Mew|Thunder Wave|p1a: Dragonite
|-status|p1a: Dragonite|par
|move|p1a: Dragonite|Substitute|p1a: Dragonite
|-start|p1a: Dragonite|Substitute
|-damage|p1a: Dragonite|246\/328 par
|
|turn|24
|
|move|p2a: Mew|Thunderbolt|p1a: Dragonite
|-activate|p1a: Dragonite|Substitute|[damage]
|move|p1a: Dragonite|Blizzard|p2a: Mew
|-damage|p2a: Mew|126\/300
|
|turn|25
|
|switch|p2a: Seadra|Seadra, L90|282\/282
|move|p1a: Dragonite|Hyper Beam|p2a: Seadra
|-damage|p2a: Seadra|155\/282
|
|turn|26
|-mustrecharge|p1a: Dragonite
|-mustrecharge|p1a: Dragonite
|
|move|p2a: Seadra|Blizzard|p1a: Dragonite
|-supereffective|p1a: Dragonite
|-end|p1a: Dragonite|Substitute
|cant|p1a: Dragonite|recharge
|
|turn|27
|
|switch|p1a: Vaporeon|Vaporeon, L85|395\/395
|move|p2a: Seadra|Blizzard|p1a: Vaporeon
|-resisted|p1a: Vaporeon
|-damage|p1a: Vaporeon|352\/395
|
|turn|28
|
|switch|p2a: Alakazam|Alakazam, L79|249\/249
|move|p1a: Vaporeon|Blizzard|p2a: Alakazam
|-damage|p2a: Alakazam|169\/249
|
|turn|29
|
|move|p2a: Alakazam|Reflect|p2a: Alakazam
|-start|p2a: Alakazam|Reflect
|move|p1a: Vaporeon|Blizzard|p2a: Alakazam
|-damage|p2a: Alakazam|93\/249
|
|turn|30
|
|move|p2a: Alakazam|Psychic|p1a: Vaporeon
|-crit|p1a: Vaporeon
|-damage|p1a: Vaporeon|187\/395
|move|p1a: Vaporeon|Blizzard|p2a: Alakazam
|-damage|p2a: Alakazam|14\/249
|
|turn|31
|
|move|p2a: Alakazam|Seismic Toss|p1a: Vaporeon
|-damage|p1a: Vaporeon|108\/395
|move|p1a: Vaporeon|Blizzard|p2a: Alakazam
|-damage|p2a: Alakazam|0 fnt
|faint|p2a: Alakazam
|
|switch|p2a: Mew|Mew, L74|126\/300
|turn|32
|
|switch|p1a: Dragonite|Dragonite, L85|246\/328 par
|move|p2a: Mew|Thunderbolt|p1a: Dragonite
|-crit|p1a: Dragonite
|-damage|p1a: Dragonite|150\/328 par
|
|turn|33
|
|move|p2a: Mew|Thunderbolt|p1a: Dragonite
|-damage|p1a: Dragonite|100\/328 par
|move|p1a: Dragonite|Hyper Beam|p2a: Mew|[miss]
|-miss|p1a: Dragonite
|
|turn|34
|
|move|p2a: Mew|Thunderbolt|p1a: Dragonite
|-crit|p1a: Dragonite
|-damage|p1a: Dragonite|6\/328 par
|cant|p1a: Dragonite|par
|
|turn|35
|
|move|p2a: Mew|Thunderbolt|p1a: Dragonite
|-damage|p1a: Dragonite|0 fnt
|faint|p1a: Dragonite
|
|switch|p1a: Flareon|Flareon, L90|300\/300
|turn|36
|
|move|p2a: Mew|Earthquake|p1a: Flareon
|-supereffective|p1a: Flareon
|-damage|p1a: Flareon|158\/300
|move|p1a: Flareon|Fire Blast|p2a: Mew
|-damage|p2a: Mew|0 fnt
|faint|p2a: Mew
|
|switch|p2a: Seadra|Seadra, L90|155\/282
|turn|37
|
|switch|p1a: Vaporeon|Vaporeon, L85|108\/395
|move|p2a: Seadra|Surf|p1a: Vaporeon
|-resisted|p1a: Vaporeon
|-damage|p1a: Vaporeon|61\/395
|
|turn|38
|
|move|p2a: Seadra|Hydro Pump|p1a: Vaporeon|[miss]
|-miss|p2a: Seadra
|move|p1a: Vaporeon|Blizzard|p2a: Seadra
|-resisted|p2a: Seadra
|-damage|p2a: Seadra|115\/282
|
|turn|39
|
|move|p2a: Seadra|Hydro Pump|p1a: Vaporeon|[miss]
|-miss|p2a: Seadra
|move|p1a: Vaporeon|Hydro Pump|p2a: Seadra
|-resisted|p2a: Seadra
|-damage|p2a: Seadra|48\/282
|
|turn|40
|
|move|p2a: Seadra|Hydro Pump|p1a: Vaporeon|[miss]
|-miss|p2a: Seadra
|move|p1a: Vaporeon|Surf|p2a: Seadra
|-resisted|p2a: Seadra
|-damage|p2a: Seadra|2\/282
|
|turn|41
|
|move|p2a: Seadra|Hydro Pump|p1a: Vaporeon
|-crit|p1a: Vaporeon
|-resisted|p1a: Vaporeon
|-damage|p1a: Vaporeon|0 fnt
|faint|p1a: Vaporeon
|
|switch|p1a: Flareon|Flareon, L90|158\/300
|turn|42
|
|move|p1a: Flareon|Quick Attack|p2a: Seadra
|-damage|p2a: Seadra|0 fnt
|faint|p2a: Seadra
|
|switch|p2a: Venonat|Venonat, L96|47\/310
|turn|43
|c|★Dervodel|:) gg?
|
|move|p1a: Flareon|Body Slam|p2a: Venonat
|-crit|p2a: Venonat
|-damage|p2a: Venonat|0 fnt
|faint|p2a: Venonat
|
|win|Dervodel
|raw|Dervodel's rating: 1344 &rarr; <strong>1352<\/strong><br \/>(+8 for winning)
|raw|Jose-rg2000's rating: 1111 &rarr; <strong>1100<\/strong><br \/>(-11 for losing)
|leave|Jose-rg2000
|player|p2