|join|greenranger2002
|join|iwinuluz
|player|p1|greenranger2002|169
|player|p2|iwinuluz|22
|gametype|singles
|gen|1
|tier|[Gen 1] Random Battle
|rated
|rule|Sleep Clause Mod: Limit one foe put to sleep
|rule|Freeze Clause Mod: Limit one foe frozen
|rule|HP Percentage Mod: HP is shown in percentages
|
|start
|switch|p1a: Hitmonchan|Hitmonchan, L90|273\/273
|switch|p2a: Oddish|Oddish, L96|281\/281
|turn|1
|
|move|p1a: Hitmonchan|Body Slam|p2a: Oddish
|-damage|p2a: Oddish|197\/281
|move|p2a: Oddish|Mega Drain|p1a: Hitmonchan
|-damage|p1a: Hitmonchan|206\/273
|-heal|p2a: Oddish|230\/281|[from] drain|[of] p1a: Hitmonchan
|
|turn|2
|
|move|p1a: Hitmonchan|Body Slam|p2a: Oddish
|-damage|p2a: Oddish|143\/281
|move|p2a: Oddish|Sleep Powder|p1a: Hitmonchan|[miss]
|-miss|p2a: Oddish
|
|turn|3
|
|move|p1a: Hitmonchan|Body Slam|p2a: Oddish
|-damage|p2a: Oddish|63\/281
|move|p2a: Oddish|Sleep Powder|p1a: Hitmonchan
|-status|p1a: Hitmonchan|slp
|
|turn|4
|
|switch|p1a: Arcanine|Arcanine, L85|327\/327
|move|p2a: Oddish|Mega Drain|p1a: Arcanine
|-resisted|p1a: Arcanine
|-damage|p1a: Arcanine|304\/327
|-heal|p2a: Oddish|74\/281|[from] drain|[of] p1a: Arcanine
|
|turn|5
|
|move|p1a: Arcanine|Hyper Beam|p2a: Oddish
|-damage|p2a: Oddish|0 fnt
|faint|p2a: Oddish
|
|switch|p2a: Dragonite|Dragonite, L85|328\/328
|turn|6
|
|switch|p1a: Hitmonchan|Hitmonchan, L90|206\/273 slp
|move|p2a: Dragonite|Thunder Wave|p1a: Hitmonchan
|-fail|p1a: Hitmonchan
|
|turn|7
|c|★iwinuluz|!weak hitmonchan
|raw|<div class="infobox">Hitmonchan (ignoring abilities):<br><span class="message-effect-weak">Weaknesses<\/span>: Fairy, Flying, Psychic<br><span class="message-effect-resist">Resistances<\/span>: Bug, Dark, Rock<br><span class="message-effect-immune">Immunities<\/span>: <font color=#999999>None<\/font><\/div>
|
|switch|p2a: Ponyta|Ponyta, L96|291\/291
|cant|p1a: Hitmonchan|slp
|
|turn|8
|
|switch|p1a: Arcanine|Arcanine, L85|304\/327
|move|p2a: Ponyta|Fire Blast|p1a: Arcanine
|-crit|p1a: Arcanine
|-resisted|p1a: Arcanine
|-damage|p1a: Arcanine|175\/327
|
|turn|9
|
|switch|p2a: Dragonite|Dragonite, L85|328\/328
|move|p1a: Arcanine|Fire Blast|p2a: Dragonite
|-resisted|p2a: Dragonite
|-damage|p2a: Dragonite|279\/328
|-status|p2a: Dragonite|brn
|
|turn|10
|
|switch|p1a: Hitmonchan|Hitmonchan, L90|206\/273 slp
|move|p2a: Dragonite|Surf|p1a: Hitmonchan
|-damage|p1a: Hitmonchan|96\/273 slp
|-damage|p2a: Dragonite|259\/328 brn|[from] brn|[of] p1a: Hitmonchan
|
|turn|11
|
|cant|p1a: Hitmonchan|slp
|move|p2a: Dragonite|Surf|p1a: Hitmonchan
|-damage|p1a: Hitmonchan|0 fnt
|faint|p1a: Hitmonchan
|
|switch|p1a: Jolteon|Jolteon, L79|265\/265
|turn|12
|
|move|p1a: Jolteon|Thunderbolt|p2a: Dragonite
|-damage|p2a: Dragonite|171\/328 brn
|move|p2a: Dragonite|Thunder Wave|p1a: Jolteon
|-status|p1a: Jolteon|par
|-damage|p2a: Dragonite|151\/328 brn|[from] brn|[of] p1a: Jolteon
|
|turn|13
|
|move|p2a: Dragonite|Blizzard|p1a: Jolteon
|-crit|p1a: Jolteon
|-damage|p1a: Jolteon|105\/265 par
|-damage|p2a: Dragonite|131\/328 brn|[from] brn|[of] p1a: Jolteon
|move|p1a: Jolteon|Thunderbolt|p2a: Dragonite
|-damage|p2a: Dragonite|43\/328 brn
|
|turn|14
|
|move|p2a: Dragonite|Ice Beam|p1a: Jolteon
|-damage|p1a: Jolteon|39\/265 par
|-damage|p2a: Dragonite|23\/328 brn|[from] brn|[of] p1a: Jolteon
|move|p1a: Jolteon|Body Slam|p2a: Dragonite
|-damage|p2a: Dragonite|0 fnt
|faint|p2a: Dragonite
|
|switch|p2a: Cloyster|Cloyster, L83|253\/253
|turn|15
|
|move|p2a: Cloyster|Surf|p1a: Jolteon
|-damage|p1a: Jolteon|0 fnt
|faint|p1a: Jolteon
|
|switch|p1a: Drowzee|Drowzee, L96|310\/310
|turn|16
|
|move|p2a: Cloyster|Surf|p1a: Drowzee
|-crit|p1a: Drowzee
|-damage|p1a: Drowzee|153\/310
|move|p1a: Drowzee|Hypnosis|p2a: Cloyster
|-status|p2a: Cloyster|slp
|
|turn|17
|
|cant|p2a: Cloyster|slp
|move|p1a: Drowzee|Psychic|p2a: Cloyster
|-damage|p2a: Cloyster|138\/253 slp
|
|turn|18
|
|cant|p2a: Cloyster|slp
|move|p1a: Drowzee|Psychic|p2a: Cloyster
|-damage|p2a: Cloyster|11\/253 slp
|
|turn|19
|
|-curestatus|p2a: Cloyster|slp
|move|p1a: Drowzee|Psychic|p2a: Cloyster
|-damage|p2a: Cloyster|0 fnt
|faint|p2a: Cloyster
|
|switch|p2a: Ponyta|Ponyta, L96|291\/291
|turn|20
|
|move|p2a: Ponyta|Fire Blast|p1a: Drowzee
|-damage|p1a: Drowzee|46\/310
|move|p1a: Drowzee|Hypnosis|p2a: Ponyta|[miss]
|-miss|p1a: Drowzee
|
|turn|21
|
|move|p2a: Ponyta|Fire Blast|p1a: Drowzee
|-damage|p1a: Drowzee|0 fnt
|faint|p1a: Drowzee
|
|switch|p1a: Arcanine|Arcanine, L85|175\/327
|turn|22
|
|move|p2a: Ponyta|Reflect|p2a: Ponyta
|-start|p2a: Ponyta|Reflect
|move|p1a: Arcanine|Fire Blast|p2a: Ponyta
|-resisted|p2a: Ponyta
|-damage|p2a: Ponyta|227\/291
|
|turn|23
|
|move|p2a: Ponyta|Toxic|p1a: Arcanine
|-status|p1a: Arcanine|tox
|move|p1a: Arcanine|Fire Blast|p2a: Ponyta
|-resisted|p2a: Ponyta
|-damage|p2a: Ponyta|170\/291
|-damage|p1a: Arcanine|155\/327 tox|[from] tox|[of] p2a: Ponyta
|
|turn|24
|
|move|p2a: Ponyta|Fire Blast|p1a: Arcanine
|-resisted|p1a: Arcanine
|-damage|p1a: Arcanine|84\/327 tox
|move|p1a: Arcanine|Fire Blast|p2a: Ponyta
|-resisted|p2a: Ponyta
|-damage|p2a: Ponyta|106\/291
|-damage|p1a: Arcanine|44\/327 tox|[from] tox|[of] p2a: Ponyta
|
|turn|25
|
|move|p2a: Ponyta|Fire Blast|p1a: Arcanine
|-crit|p1a: Arcanine
|-resisted|p1a: Arcanine
|-damage|p1a: Arcanine|0 fnt
|faint|p1a: Arcanine
|
|switch|p1a: Dodrio|Dodrio, L85|276\/276
|turn|26
|
|move|p2a: Ponyta|Fire Blast|p1a: Dodrio
|-damage|p1a: Dodrio|129\/276
|-status|p1a: Dodrio|brn
|move|p1a: Dodrio|Drill Peck|p2a: Ponyta
|-damage|p2a: Ponyta|80\/291
|-damage|p1a: Dodrio|112\/276 brn|[from] brn|[of] p2a: Ponyta
|
|turn|27
|
|move|p2a: Ponyta|Fire Blast|p1a: Dodrio
|-damage|p1a: Dodrio|0 fnt
|faint|p1a: Dodrio
|
|switch|p1a: Scyther|Scyther, L90|309\/309
|turn|28
|
|move|p1a: Scyther|Hyper Beam|p2a: Ponyta|[miss]
|-miss|p1a: Scyther
|move|p2a: Ponyta|Fire Blast|p1a: Scyther|[miss]
|-miss|p2a: Ponyta
|
|turn|29
|
|move|p1a: Scyther|Hyper Beam|p2a: Ponyta
|-damage|p2a: Ponyta|5\/291
|move|p2a: Ponyta|Toxic|p1a: Scyther
|-status|p1a: Scyther|tox
|
|turn|30
|-mustrecharge|p1a: Scyther
|-mustrecharge|p1a: Scyther
|
|switch|p2a: Machamp|Machamp, L90|345\/345
|cant|p1a: Scyther|recharge
|-damage|p1a: Scyther|290\/309 tox|[from] tox|[of] p2a: Machamp
|
|turn|31
|
|move|p1a: Scyther|Slash|p2a: Machamp
|-crit|p2a: Machamp
|-damage|p2a: Machamp|235\/345
|-damage|p1a: Scyther|252\/309 tox|[from] tox|[of] p2a: Machamp
|move|p2a: Machamp|Body Slam|p1a: Scyther
|-damage|p1a: Scyther|165\/309 tox
|
|turn|32
|
|move|p1a: Scyther|Slash|p2a: Machamp
|-crit|p2a: Machamp
|-damage|p2a: Machamp|124\/345
|-damage|p1a: Scyther|108\/309 tox|[from] tox|[of] p2a: Machamp
|move|p2a: Machamp|Body Slam|p1a: Scyther
|-damage|p1a: Scyther|22\/309 tox
|
|turn|33
|
|move|p1a: Scyther|Hyper Beam|p2a: Machamp
|-damage|p2a: Machamp|0 fnt
|faint|p2a: Machamp
|
|switch|p2a: Snorlax|Snorlax, L79|415\/415
|turn|34
|
|move|p1a: Scyther|Hyper Beam|p2a: Snorlax
|-crit|p2a: Snorlax
|-damage|p2a: Snorlax|81\/415
|-damage|p1a: Scyther|0 fnt|[from] tox|[of] p2a: Snorlax
|faint|p1a: Scyther
|
|win|iwinuluz
|raw|greenranger2002's rating: 1235 &rarr; <strong>1205<\/strong><br \/>(-30 for losing)
|raw|iwinuluz's rating: 1172 &rarr; <strong>1201<\/strong><br \/>(+29 for winning)
|leave|greenranger2002
|player|p1