|j|It was all a dream
|j|Toonami5
|player|p1|It was all a dream|229
|player|p2|Toonami5|220
|gametype|singles
|gen|1
|tier|[Gen 1] OU
|rated
|seed|39356,33853,43649,44495
|rule|Sleep Clause Mod: Limit one foe put to sleep
|rule|Freeze Clause Mod: Limit one foe frozen
|rule|Species Clause: Limit one of each Pokémon
|rule|OHKO Clause: OHKO moves are banned
|rule|Evasion Moves Clause: Evasion moves are banned
|rule|HP Percentage Mod: HP is shown in percentages
|
|start
|switch|p1a: Gamer|Starmie|323\/323
|switch|p2a: Alakazam|Alakazam|313\/313
|turn|1
|choice|switch 3|move 3
|
|switch|p1a: Atta|Golem|363\/363
|move|p2a: Alakazam|Thunder Wave|p1a: Atta
|-immune|p1a: Atta|[msg]
|
|turn|2
|choice|move 3|move 2
|
|move|p2a: Alakazam|Reflect|p2a: Alakazam
|-start|p2a: Alakazam|Reflect
|move|p1a: Atta|Explosion|p2a: Alakazam
|-damage|p2a: Alakazam|88\/313
|faint|p1a: Atta
|choice|switch 6|
|
|switch|p1a: Arse|Snorlax|523\/523
|turn|3
|choice|move 1|move 4
|
|move|p2a: Alakazam|Recover|p2a: Alakazam
|-heal|p2a: Alakazam|244\/313
|move|p1a: Arse|Body Slam|p2a: Alakazam
|-damage|p2a: Alakazam|153\/313
|-status|p2a: Alakazam|par
|
|turn|4
|choice|move 3|move 4
|
|move|p1a: Arse|Hyper Beam|p2a: Alakazam
|-damage|p2a: Alakazam|7\/313 par
|cant|p2a: Alakazam|par
|
|turn|5
|-mustrecharge|p1a: Arse
|-mustrecharge|p1a: Arse
|choice|move 1|move 3
|
|cant|p1a: Arse|recharge
|move|p2a: Alakazam|Thunder Wave|p1a: Arse
|-status|p1a: Arse|par
|
|turn|6
|choice|move 1|move 4
|
|move|p2a: Alakazam|Recover|p2a: Alakazam
|-heal|p2a: Alakazam|163\/313 par
|cant|p1a: Arse|par
|
|turn|7
|choice|switch 2|move 4
|
|switch|p1a: Nincompoop Bulls|Tauros|353\/353
|move|p2a: Alakazam|Recover|p2a: Alakazam
|-heal|p2a: Alakazam|313\/313 par
|
|turn|8
|choice|switch 2|move 3
|
|switch|p1a: Arse|Snorlax|523\/523 par
|move|p2a: Alakazam|Thunder Wave|p1a: Arse
|-fail|p1a: Arse|par
|
|turn|9
|choice|move 1|move 1
|
|move|p2a: Alakazam|Psychic|p1a: Arse
|-damage|p1a: Arse|358\/523 par
|cant|p1a: Arse|par
|
|turn|10
|choice|move 1|move 1
|
|move|p2a: Alakazam|Psychic|p1a: Arse
|-crit|p1a: Arse
|-damage|p1a: Arse|38\/523 par
|cant|p1a: Arse|par
|
|turn|11
|choice|move 4|move 1
|
|cant|p2a: Alakazam|par
|move|p1a: Arse|Rest|p1a: Arse
|-status|p1a: Arse|slp
|-heal|p1a: Arse|523\/523 slp|[silent]
|-status|p1a: Arse|slp|[from] move: Rest
|
|turn|12
|choice|move 1|move 1
|
|cant|p2a: Alakazam|par
|cant|p1a: Arse|slp
|
|turn|13
|choice|move 1|switch 2
|
|switch|p2a: Hypno|Hypno|373\/373
|-curestatus|p1a: Arse|slp
|
|turn|14
|choice|move 1|move 4
|
|move|p2a: Hypno|Hypnosis|p1a: Arse
|-status|p1a: Arse|slp
|-curestatus|p1a: Arse|slp
|
|turn|15
|choice|move 1|move 4
|
|move|p2a: Hypno|Hypnosis|p1a: Arse
|-status|p1a: Arse|slp
|cant|p1a: Arse|slp
|
|turn|16
|choice|move 1|move 2
|
|move|p2a: Hypno|Thunder Wave|p1a: Arse
|-fail|p1a: Arse
|-curestatus|p1a: Arse|slp
|
|turn|17
|choice|move 1|move 4
|
|move|p2a: Hypno|Hypnosis|p1a: Arse
|-status|p1a: Arse|slp
|cant|p1a: Arse|slp
|
|turn|18
|choice|move 1|move 1
|
|move|p2a: Hypno|Psychic|p1a: Arse
|-damage|p1a: Arse|373\/523 slp
|-curestatus|p1a: Arse|slp
|
|turn|19
|choice|move 1|move 4
|
|move|p2a: Hypno|Hypnosis|p1a: Arse|[miss]
|-miss|p2a: Hypno
|move|p1a: Arse|Body Slam|p2a: Hypno
|-damage|p2a: Hypno|239\/373
|
|turn|20
|choice|move 1|move 3
|
|move|p1a: Arse|Body Slam|p2a: Hypno
|-damage|p2a: Hypno|101\/373
|-status|p2a: Hypno|par
|move|p2a: Hypno|Counter|p1a: Arse
|-damage|p1a: Arse|97\/523
|
|turn|21
|choice|move 4|switch 4
|
|switch|p2a: Snorlax|Snorlax|523\/523
|move|p1a: Arse|Rest|p1a: Arse
|-status|p1a: Arse|slp
|-heal|p1a: Arse|523\/523 slp|[silent]
|-status|p1a: Arse|slp|[from] move: Rest
|
|turn|22
|choice|move 1|move 2
|
|move|p2a: Snorlax|Amnesia|p2a: Snorlax
|-boost|p2a: Snorlax|spd|2
|-boost|p2a: Snorlax|spa|2
|cant|p1a: Arse|slp
|
|turn|23
|choice|move 1|move 2
|
|move|p2a: Snorlax|Amnesia|p2a: Snorlax
|-boost|p2a: Snorlax|spd|2
|-boost|p2a: Snorlax|spa|2
|-curestatus|p1a: Arse|slp
|
|turn|24
|choice|move 1|move 3
|
|move|p2a: Snorlax|Blizzard|p1a: Arse
|-damage|p1a: Arse|264\/523
|move|p1a: Arse|Body Slam|p2a: Snorlax
|-damage|p2a: Snorlax|395\/523
|
|turn|25
|choice|move 1|move 3
|
|move|p2a: Snorlax|Blizzard|p1a: Arse
|-damage|p1a: Arse|3\/523
|move|p1a: Arse|Body Slam|p2a: Snorlax
|-damage|p2a: Snorlax|260\/523
|
|turn|26
|choice|move 1|move 1
|
|move|p2a: Snorlax|Body Slam|p1a: Arse
|-damage|p1a: Arse|0 fnt
|faint|p1a: Arse
|choice|switch 2|
|
|switch|p1a: Nincompoop Bulls|Tauros|353\/353
|turn|27
|choice|move 4|switch 6
|
|switch|p2a: Golem|Golem|363\/363
|move|p1a: Nincompoop Bulls|Hyper Beam|p2a: Golem
|-resisted|p2a: Golem
|-damage|p2a: Golem|290\/363
|
|turn|28
|-mustrecharge|p1a: Nincompoop Bulls
|-mustrecharge|p1a: Nincompoop Bulls
|choice|move 1|move 3
|
|cant|p1a: Nincompoop Bulls|recharge
|move|p2a: Golem|Explosion|p1a: Nincompoop Bulls
|-damage|p1a: Nincompoop Bulls|85\/353
|faint|p2a: Golem
|choice||switch 3
|
|switch|p2a: Tauros|Tauros|353\/353
|turn|29
|choice|move 1|move 1
|
|move|p1a: Nincompoop Bulls|Blizzard|p2a: Tauros
|-damage|p2a: Tauros|256\/353
|move|p2a: Tauros|Body Slam|p1a: Nincompoop Bulls
|-crit|p1a: Nincompoop Bulls
|-damage|p1a: Nincompoop Bulls|0 fnt
|faint|p1a: Nincompoop Bulls
|choice|switch 4|
|
|switch|p1a: ROYAL RUMBLE|Chansey|703\/703
|turn|30
|choice|move 1|switch 6
|
|switch|p2a: Snorlax|Snorlax|260\/523
|move|p1a: ROYAL RUMBLE|Counter|p2a: Snorlax
|-damage|p2a: Snorlax|90\/523
|
|turn|31
|choice|move 3|move 4
|
|move|p1a: ROYAL RUMBLE|Ice Beam|p2a: Snorlax
|-crit|p2a: Snorlax
|-damage|p2a: Snorlax|0 fnt
|faint|p2a: Snorlax
|choice||switch 5
|
|switch|p2a: Gengar|Gengar|323\/323
|turn|32
|choice|move 4|move 1
|
|move|p2a: Gengar|Hypnosis|p1a: ROYAL RUMBLE
|-status|p1a: ROYAL RUMBLE|slp
|cant|p1a: ROYAL RUMBLE|slp
|
|turn|33
|choice|move 4|move 4
|
|move|p2a: Gengar|Confuse Ray|p1a: ROYAL RUMBLE
|-start|p1a: ROYAL RUMBLE|confusion
|cant|p1a: ROYAL RUMBLE|slp
|
|turn|34
|choice|move 4|move 3
|
|move|p2a: Gengar|Night Shade|p1a: ROYAL RUMBLE
|-damage|p1a: ROYAL RUMBLE|603\/703 slp
|-curestatus|p1a: ROYAL RUMBLE|slp
|
|turn|35
|choice|move 4|move 1
|
|move|p2a: Gengar|Hypnosis|p1a: ROYAL RUMBLE
|-status|p1a: ROYAL RUMBLE|slp
|cant|p1a: ROYAL RUMBLE|slp
|
|turn|36
|choice|move 4|move 3
|
|move|p2a: Gengar|Night Shade|p1a: ROYAL RUMBLE
|-damage|p1a: ROYAL RUMBLE|503\/703 slp
|cant|p1a: ROYAL RUMBLE|slp
|
|turn|37
|choice|move 4|move 3
|
|move|p2a: Gengar|Night Shade|p1a: ROYAL RUMBLE
|-damage|p1a: ROYAL RUMBLE|403\/703 slp
|cant|p1a: ROYAL RUMBLE|slp
|
|turn|38
|choice|move 4|move 3
|
|move|p2a: Gengar|Night Shade|p1a: ROYAL RUMBLE
|-damage|p1a: ROYAL RUMBLE|303\/703 slp
|cant|p1a: ROYAL RUMBLE|slp
|
|turn|39
|choice|move 2|move 3
|
|move|p2a: Gengar|Night Shade|p1a: ROYAL RUMBLE
|-damage|p1a: ROYAL RUMBLE|203\/703 slp
|-curestatus|p1a: ROYAL RUMBLE|slp
|
|turn|40
|choice|move 2|move 3
|
|move|p2a: Gengar|Night Shade|p1a: ROYAL RUMBLE
|-damage|p1a: ROYAL RUMBLE|103\/703
|-activate|p1a: ROYAL RUMBLE|confusion
|-damage|p1a: ROYAL RUMBLE|68\/703|[from] confusion
|
|turn|41
|choice|move 2|move 3
|
|move|p2a: Gengar|Night Shade|p1a: ROYAL RUMBLE
|-damage|p1a: ROYAL RUMBLE|0 fnt
|faint|p1a: ROYAL RUMBLE
|choice|switch 3|
|
|switch|p1a: Gamer|Starmie|323\/323
|turn|42
|choice|move 2|switch 4
|
|switch|p2a: Hypno|Hypno|101\/373 par
|move|p1a: Gamer|Psychic|p2a: Hypno
|-resisted|p2a: Hypno
|-damage|p2a: Hypno|56\/373 par
|-unboost|p2a: Hypno|spd|1
|-unboost|p2a: Hypno|spa|1
|
|turn|43
|choice|move 4|move 2
|
|move|p1a: Gamer|Thunderbolt|p2a: Hypno
|-damage|p2a: Hypno|0 fnt
|faint|p2a: Hypno
|choice||switch 2
|
|switch|p2a: Alakazam|Alakazam|313\/313 par
|turn|44
|choice|move 1|move 3
|
|move|p1a: Gamer|Blizzard|p2a: Alakazam
|-damage|p2a: Alakazam|231\/313 par
|move|p2a: Alakazam|Thunder Wave|p1a: Gamer
|-status|p1a: Gamer|par
|
|turn|45
|choice|switch 5|move 2
|
|switch|p1a: 'Ronald'|Exeggutor|393\/393
|cant|p2a: Alakazam|par
|
|turn|46
|choice|move 1|switch 4
|
|switch|p2a: Gengar|Gengar|323\/323
|move|p1a: 'Ronald'|Egg Bomb|p2a: Gengar
|-immune|p2a: Gengar|[msg]
|
|turn|47
|choice|move 3|move 4
|
|move|p2a: Gengar|Confuse Ray|p1a: 'Ronald'
|-start|p1a: 'Ronald'|confusion
|-activate|p1a: 'Ronald'|confusion
|-damage|p1a: 'Ronald'|355\/393|[from] confusion
|
|turn|48
|choice|switch 5|move 1
|
|switch|p1a: Gamer|Starmie|323\/323 par
|move|p2a: Gengar|Hypnosis|p1a: Gamer|[miss]
|-miss|p2a: Gengar
|
|turn|49
|choice|move 2|move 3
|
|move|p2a: Gengar|Night Shade|p1a: Gamer
|-damage|p1a: Gamer|223\/323 par
|move|p1a: Gamer|Psychic|p2a: Gengar
|-supereffective|p2a: Gengar
|-damage|p2a: Gengar|144\/323
|
|turn|50
|choice|move 2|move 2
|
|move|p2a: Gengar|Explosion|p1a: Gamer
|-damage|p1a: Gamer|0 fnt
|faint|p1a: Gamer
|faint|p2a: Gengar
|choice|switch 5|switch 4
|
|switch|p1a: 'Ronald'|Exeggutor|355\/393
|switch|p2a: Alakazam|Alakazam|231\/313 par
|turn|51
|choice|move 1|move 3
|
|move|p1a: 'Ronald'|Egg Bomb|p2a: Alakazam
|-crit|p2a: Alakazam
|-damage|p2a: Alakazam|0 fnt
|faint|p2a: Alakazam
|choice||switch 6
|
|switch|p2a: Tauros|Tauros|256\/353
|turn|52
|choice|move 4|move 2
|
|move|p2a: Tauros|Blizzard|p1a: 'Ronald'
|-supereffective|p1a: 'Ronald'
|-damage|p1a: 'Ronald'|220\/393
|-status|p1a: 'Ronald'|frz
|cant|p1a: 'Ronald'|frz
|
|turn|53
|choice|move 4|move 4
|
|move|p2a: Tauros|Hyper Beam|p1a: 'Ronald'
|-damage|p1a: 'Ronald'|20\/393 frz
|cant|p1a: 'Ronald'|frz
|
|turn|54
|-mustrecharge|p2a: Tauros
|-mustrecharge|p2a: Tauros
|choice|move 4|move 1
|
|cant|p2a: Tauros|recharge
|cant|p1a: 'Ronald'|frz
|
|turn|55
|choice|move 4|move 3
|
|move|p2a: Tauros|Earthquake|p1a: 'Ronald'
|-crit|p1a: 'Ronald'
|-resisted|p1a: 'Ronald'
|-damage|p1a: 'Ronald'|0 fnt
|faint|p1a: 'Ronald'
|
|win|Toonami5
|player|p1
|player|p2
|raw|It was all a dream's rating: 1163 &rarr; <strong>1144<\/strong><br \/>(-19 for losing)
|raw|Toonami5's rating: 1251 &rarr; <strong>1270<\/strong><br \/>(+19 for winning)
|l|Toonami5