|join|stonewall77
|join|ruycn
|player|p1|stonewall77|162
|player|p2|ruycn|102
|gametype|singles
|gen|1
|tier|[Gen 1] Random Battle
|rated
|seed|57160,58173,36771,34958
|rule|Sleep Clause Mod: Limit one foe put to sleep
|rule|Freeze Clause Mod: Limit one foe frozen
|rule|HP Percentage Mod: HP is shown in percentages
|
|start
|switch|p1a: Golbat|Golbat, L90|318\/318
|switch|p2a: Aerodactyl|Aerodactyl, L90|327\/327
|turn|1
|choice|move 1|move 2
|
|move|p2a: Aerodactyl|Double-Edge|p1a: Golbat
|-damage|p1a: Golbat|229\/318
|-damage|p2a: Aerodactyl|305\/327|[from] recoil|[of] p1a: Golbat
|move|p1a: Golbat|Confuse Ray|p2a: Aerodactyl
|-start|p2a: Aerodactyl|confusion
|
|turn|2
|choice|move 4|switch 5
|
|switch|p2a: Golduck|Golduck, L85|310\/310
|move|p1a: Golbat|Mega Drain|p2a: Golduck
|-crit|p2a: Golduck
|-supereffective|p2a: Golduck
|-damage|p2a: Golduck|201\/310
|-heal|p1a: Golbat|283\/318|[from] drain|[of] p2a: Golduck
|
|turn|3
|choice|move 4|move 2
|
|move|p1a: Golbat|Mega Drain|p2a: Golduck
|-supereffective|p2a: Golduck
|-damage|p2a: Golduck|143\/310
|-heal|p1a: Golbat|312\/318|[from] drain|[of] p2a: Golduck
|move|p2a: Golduck|Ice Beam|p1a: Golbat
|-supereffective|p1a: Golbat
|-damage|p1a: Golbat|189\/318
|
|turn|4
|choice|move 4|switch 2
|
|switch|p2a: Pinsir|Pinsir, L85|284\/284
|move|p1a: Golbat|Mega Drain|p2a: Pinsir
|-crit|p2a: Pinsir
|-resisted|p2a: Pinsir
|-damage|p2a: Pinsir|249\/284
|-heal|p1a: Golbat|206\/318|[from] drain|[of] p2a: Pinsir
|
|turn|5
|choice|move 3|move 1
|
|move|p1a: Golbat|Screech|p2a: Pinsir
|-unboost|p2a: Pinsir|def|2
|move|p2a: Pinsir|Body Slam|p1a: Golbat
|-damage|p1a: Golbat|129\/318
|
|turn|6
|choice|move 2|move 1
|
|move|p1a: Golbat|Double-Edge|p2a: Pinsir
|-damage|p2a: Pinsir|120\/284
|-damage|p1a: Golbat|97\/318|[from] recoil|[of] p2a: Pinsir
|move|p2a: Pinsir|Body Slam|p1a: Golbat
|-crit|p1a: Golbat
|-damage|p1a: Golbat|0 fnt
|faint|p1a: Golbat
|choice|switch 3|
|
|switch|p1a: Wigglytuff|Wigglytuff, L90|435\/435
|turn|7
|choice|move 3|switch 3
|
|switch|p2a: Clefable|Clefable, L85|335\/335
|move|p1a: Wigglytuff|Thunder Wave|p2a: Clefable
|-status|p2a: Clefable|par
|
|turn|8
|choice|move 4|move 1
|
|move|p1a: Wigglytuff|Hyper Beam|p2a: Clefable
|-crit|p2a: Clefable
|-damage|p2a: Clefable|31\/335 par
|cant|p2a: Clefable|par
|
|turn|9
|-mustrecharge|p1a: Wigglytuff
|-mustrecharge|p1a: Wigglytuff
|choice|move 1|move 1
|
|cant|p1a: Wigglytuff|recharge
|move|p2a: Clefable|Sing|p1a: Wigglytuff
|-status|p1a: Wigglytuff|slp
|
|turn|10
|choice|move 4|move 3
|
|cant|p1a: Wigglytuff|slp
|move|p2a: Clefable|Body Slam|p1a: Wigglytuff
|-damage|p1a: Wigglytuff|328\/435 slp
|
|turn|11
|choice|move 4|move 2
|
|cant|p1a: Wigglytuff|slp
|move|p2a: Clefable|Hyper Beam|p1a: Wigglytuff
|-crit|p1a: Wigglytuff
|-damage|p1a: Wigglytuff|0 fnt
|faint|p1a: Wigglytuff
|choice|switch 4|
|
|switch|p1a: Jolteon|Jolteon, L79|265\/265
|turn|12
|choice|move 1|move 2
|
|move|p1a: Jolteon|Thunderbolt|p2a: Clefable
|-damage|p2a: Clefable|0 fnt
|faint|p2a: Clefable
|choice||switch 4
|
|switch|p2a: Nidoqueen|Nidoqueen, L85|327\/327
|turn|13
|choice|switch 2|move 1
|
|switch|p1a: Diglett|Diglett, L96|214\/214
|move|p2a: Nidoqueen|Earthquake|p1a: Diglett
|-damage|p1a: Diglett|62\/214
|
|turn|14
|choice|move 1|switch 5
|
|switch|p2a: Aerodactyl|Aerodactyl, L90|305\/327
|move|p1a: Diglett|Earthquake|p2a: Aerodactyl
|-immune|p2a: Aerodactyl|[msg]
|
|turn|15
|choice|move 2|move 2
|
|move|p2a: Aerodactyl|Double-Edge|p1a: Diglett
|-crit|p1a: Diglett
|-damage|p1a: Diglett|0 fnt
|-damage|p2a: Aerodactyl|290\/327|[from] recoil|[of] p1a: Diglett
|faint|p1a: Diglett
|choice|switch 5|
|
|switch|p1a: Hitmonlee|Hitmonlee, L90|273\/273
|turn|16
|choice|move 1|move 3
|
|move|p2a: Aerodactyl|Sky Attack|p1a: Hitmonlee|[still]
|-prepare|p2a: Aerodactyl|Sky Attack|p1a: Hitmonlee
|move|p1a: Hitmonlee|Substitute|p1a: Hitmonlee
|-start|p1a: Hitmonlee|Substitute
|-damage|p1a: Hitmonlee|205\/273
|
|turn|17
|choice|move 2|move 1
|
|move|p2a: Aerodactyl|Sky Attack|p1a: Hitmonlee
|-crit|p1a: Hitmonlee
|-supereffective|p1a: Hitmonlee
|-end|p1a: Hitmonlee|Substitute
|move|p1a: Hitmonlee|Counter|p2a: Aerodactyl
|-fail|p1a: Hitmonlee
|
|turn|18
|choice|move 1|move 3
|
|move|p2a: Aerodactyl|Sky Attack|p1a: Hitmonlee|[still]
|-prepare|p2a: Aerodactyl|Sky Attack|p1a: Hitmonlee
|move|p1a: Hitmonlee|Substitute|p1a: Hitmonlee
|-start|p1a: Hitmonlee|Substitute
|-damage|p1a: Hitmonlee|137\/273
|
|turn|19
|choice|move 4|move 1
|
|move|p2a: Aerodactyl|Sky Attack|p1a: Hitmonlee
|-supereffective|p1a: Hitmonlee
|-end|p1a: Hitmonlee|Substitute
|move|p1a: Hitmonlee|High Jump Kick|p2a: Aerodactyl
|-damage|p2a: Aerodactyl|144\/327
|
|turn|20
|choice|move 1|move 3
|
|move|p2a: Aerodactyl|Sky Attack|p1a: Hitmonlee|[still]
|-prepare|p2a: Aerodactyl|Sky Attack|p1a: Hitmonlee
|move|p1a: Hitmonlee|Substitute|p1a: Hitmonlee
|-start|p1a: Hitmonlee|Substitute
|-damage|p1a: Hitmonlee|69\/273
|
|turn|21
|choice|move 3|move 1
|
|move|p2a: Aerodactyl|Sky Attack|p1a: Hitmonlee
|-crit|p1a: Hitmonlee
|-supereffective|p1a: Hitmonlee
|-end|p1a: Hitmonlee|Substitute
|move|p1a: Hitmonlee|Mimic|p2a: Aerodactyl
|-start|p1a: Hitmonlee|Mimic|Sky Attack
|
|turn|22
|choice|move 3|move 1
|
|move|p2a: Aerodactyl|Hyper Beam|p1a: Hitmonlee
|-damage|p1a: Hitmonlee|0 fnt
|faint|p1a: Hitmonlee
|choice|switch 6|
|
|switch|p1a: Hypno|Hypno, L85|318\/318
|turn|23
|choice|move 1|move 2
|
|move|p2a: Aerodactyl|Double-Edge|p1a: Hypno
|-damage|p1a: Hypno|216\/318
|-damage|p2a: Aerodactyl|119\/327|[from] recoil|[of] p1a: Hypno
|move|p1a: Hypno|Psychic|p2a: Aerodactyl
|-damage|p2a: Aerodactyl|0 fnt
|faint|p2a: Aerodactyl
|choice||switch 5
|
|switch|p2a: Nidoqueen|Nidoqueen, L85|327\/327
|turn|24
|choice|move 1|move 1
|
|move|p2a: Nidoqueen|Earthquake|p1a: Hypno
|-crit|p1a: Hypno
|-damage|p1a: Hypno|9\/318
|move|p1a: Hypno|Psychic|p2a: Nidoqueen
|-supereffective|p2a: Nidoqueen
|-damage|p2a: Nidoqueen|77\/327
|
|turn|25
|choice|move 1|move 1
|
|move|p2a: Nidoqueen|Earthquake|p1a: Hypno
|-damage|p1a: Hypno|0 fnt
|faint|p1a: Hypno
|choice|switch 2|
|
|switch|p1a: Jolteon|Jolteon, L79|265\/265
|turn|26
|choice|move 3|move 1
|
|move|p1a: Jolteon|Pin Missile|p2a: Nidoqueen
|-crit|p2a: Nidoqueen
|-supereffective|p2a: Nidoqueen
|-damage|p2a: Nidoqueen|46\/327
|-damage|p2a: Nidoqueen|15\/327
|-damage|p2a: Nidoqueen|0 fnt
|-hitcount|p2a: Nidoqueen|3
|faint|p2a: Nidoqueen
|choice||switch 3
|
|switch|p2a: Pinsir|Pinsir, L85|120\/284
|turn|27
|choice|move 1|move 4
|
|move|p1a: Jolteon|Thunderbolt|p2a: Pinsir
|-crit|p2a: Pinsir
|-damage|p2a: Pinsir|0 fnt
|faint|p2a: Pinsir
|c|★ruycn|jolteon will sweep my team
|choice||switch 6
|
|switch|p2a: Porygon|Porygon, L85|284\/284
|turn|28
|choice|move 2|move 3
|
|move|p1a: Jolteon|Thunder Wave|p2a: Porygon
|-status|p2a: Porygon|par
|cant|p2a: Porygon|par
|
|turn|29
|choice|move 1|move 3
|
|move|p1a: Jolteon|Thunderbolt|p2a: Porygon
|-crit|p2a: Porygon
|-damage|p2a: Porygon|86\/284 par
|move|p2a: Porygon|Hyper Beam|p1a: Jolteon
|-damage|p1a: Jolteon|107\/265
|
|turn|30
|-mustrecharge|p2a: Porygon
|-mustrecharge|p2a: Porygon
|choice|move 1|move 1
|
|move|p1a: Jolteon|Thunderbolt|p2a: Porygon
|-crit|p2a: Porygon
|-damage|p2a: Porygon|0 fnt
|faint|p2a: Porygon
|choice||switch 2
|
|switch|p2a: Golduck|Golduck, L85|143\/310
|turn|31
|choice|move 1|move 3
|
|move|p1a: Jolteon|Thunderbolt|p2a: Golduck
|-supereffective|p2a: Golduck
|-damage|p2a: Golduck|0 fnt
|faint|p2a: Golduck
|
|win|stonewall77
|c|★stonewall77|Jolteon sweep
|c|★stonewall77|Gg
|c|★ruycn|:)
|c|★ruycn|gg
|leave|ruycn
|player|p2
||Ladder (probably) updated, but score could not be retrieved (Response not received).