|join|jb champ
|join|jdoisajx
|player|p1|jb champ|150
|player|p2|jdoisajx|101
|gametype|singles
|gen|1
|tier|[Gen 1] Random Battle
|rated
|rule|Sleep Clause Mod: Limit one foe put to sleep
|rule|Freeze Clause Mod: Limit one foe frozen
|rule|HP Percentage Mod: HP is shown in percentages
|
|start
|switch|p1a: Meowth|Meowth, L96|272\/272
|switch|p2a: Mr. Mime|Mr. Mime, L85|242\/242
|turn|1
|
|switch|p1a: Marowak|Marowak, L85|276\/276
|move|p2a: Mr. Mime|Psychic|p1a: Marowak
|-damage|p1a: Marowak|137\/276
|
|turn|2
|
|switch|p1a: Hypno|Hypno, L85|318\/318
|move|p2a: Mr. Mime|Psychic|p1a: Hypno
|-resisted|p1a: Hypno
|-damage|p1a: Hypno|275\/318
|
|turn|3
|
|move|p2a: Mr. Mime|Thunderbolt|p1a: Hypno
|-crit|p1a: Hypno
|-damage|p1a: Hypno|160\/318
|move|p1a: Hypno|Thunder Wave|p2a: Mr. Mime
|-status|p2a: Mr. Mime|par
|
|turn|4
|
|switch|p1a: Marowak|Marowak, L85|137\/276
|move|p2a: Mr. Mime|Thunderbolt|p1a: Marowak
|-immune|p1a: Marowak|[msg]
|
|turn|5
|
|move|p1a: Marowak|Earthquake|p2a: Mr. Mime
|-damage|p2a: Mr. Mime|122\/242 par
|move|p2a: Mr. Mime|Psychic|p1a: Marowak
|-damage|p1a: Marowak|10\/276
|
|turn|6
|
|move|p1a: Marowak|Earthquake|p2a: Mr. Mime
|-damage|p2a: Mr. Mime|0 fnt
|faint|p2a: Mr. Mime
|
|switch|p2a: Scyther|Scyther, L85|293\/293
|turn|7
|
|move|p2a: Scyther|Slash|p1a: Marowak
|-crit|p1a: Marowak
|-damage|p1a: Marowak|0 fnt
|faint|p1a: Marowak
|
|switch|p1a: Hypno|Hypno, L85|160\/318
|turn|8
|
|move|p2a: Scyther|Swords Dance|p2a: Scyther
|-boost|p2a: Scyther|atk|2
|move|p1a: Hypno|Counter|p2a: Scyther
|-fail|p1a: Hypno
|
|turn|9
|
|move|p2a: Scyther|Hyper Beam|p1a: Hypno
|-damage|p1a: Hypno|0 fnt
|faint|p1a: Hypno
|
|switch|p1a: Dragonite|Dragonite, L85|328\/328
|turn|10
|
|move|p2a: Scyther|Slash|p1a: Dragonite
|-crit|p1a: Dragonite
|-damage|p1a: Dragonite|228\/328
|move|p1a: Dragonite|Thunder Wave|p2a: Scyther
|-status|p2a: Scyther|par
|
|turn|11
|
|move|p1a: Dragonite|Thunderbolt|p2a: Scyther
|-supereffective|p2a: Scyther
|-damage|p2a: Scyther|115\/293 par
|move|p2a: Scyther|Swords Dance|p2a: Scyther
|-boost|p2a: Scyther|atk|2
|
|turn|12
|
|move|p1a: Dragonite|Thunderbolt|p2a: Scyther
|-supereffective|p2a: Scyther
|-damage|p2a: Scyther|0 fnt
|faint|p2a: Scyther
|
|switch|p2a: Ninetales|Ninetales, L85|298\/298
|turn|13
|
|move|p2a: Ninetales|Toxic|p1a: Dragonite
|-status|p1a: Dragonite|tox
|move|p1a: Dragonite|Thunder Wave|p2a: Ninetales
|-status|p2a: Ninetales|par
|-damage|p1a: Dragonite|208\/328 tox|[from] tox|[of] p2a: Ninetales
|
|turn|14
|
|switch|p1a: Blastoise|Blastoise, L85|308\/308
|move|p2a: Ninetales|Hyper Beam|p1a: Blastoise
|-damage|p1a: Blastoise|225\/308
|
|turn|15
|-mustrecharge|p2a: Ninetales
|-mustrecharge|p2a: Ninetales
|
|move|p1a: Blastoise|Surf|p2a: Ninetales
|-supereffective|p2a: Ninetales
|-damage|p2a: Ninetales|138\/298 par
|cant|p2a: Ninetales|recharge
|
|turn|16
|
|move|p1a: Blastoise|Surf|p2a: Ninetales
|-supereffective|p2a: Ninetales
|-damage|p2a: Ninetales|0 fnt
|faint|p2a: Ninetales
|
|switch|p2a: Venusaur|Venusaur, L85|310\/310
|turn|17
|
|switch|p1a: Dragonite|Dragonite, L85|208\/328 tox
|-status|p1a: Dragonite|psn
|-damage|p1a: Dragonite|188\/328 psn|[from] psn
|move|p2a: Venusaur|Razor Leaf|p1a: Dragonite
|-crit|p1a: Dragonite
|-resisted|p1a: Dragonite
|-damage|p1a: Dragonite|160\/328 psn
|
|turn|18
|
|move|p2a: Venusaur|Leech Seed|p1a: Dragonite
|-start|p1a: Dragonite|move: Leech Seed
|move|p1a: Dragonite|Thunder Wave|p2a: Venusaur
|-status|p2a: Venusaur|par
|-damage|p1a: Dragonite|120\/328 psn|[from] psn|[of] p2a: Venusaur
|-damage|p1a: Dragonite|80\/328 psn|[from] Leech Seed|[of] p2a: Venusaur
|
|turn|19
|
|switch|p1a: Meowth|Meowth, L96|272\/272
|move|p2a: Venusaur|Swords Dance|p2a: Venusaur
|-boost|p2a: Venusaur|atk|2
|
|turn|20
|
|move|p1a: Meowth|Slash|p2a: Venusaur
|-crit|p2a: Venusaur
|-damage|p2a: Venusaur|190\/310 par
|move|p2a: Venusaur|Razor Leaf|p1a: Meowth
|-crit|p1a: Meowth
|-damage|p1a: Meowth|117\/272
|
|turn|21
|
|move|p1a: Meowth|Slash|p2a: Venusaur
|-crit|p2a: Venusaur
|-damage|p2a: Venusaur|60\/310 par
|move|p2a: Venusaur|Leech Seed|p1a: Meowth|[miss]
|-miss|p2a: Venusaur
|
|turn|22
|
|move|p1a: Meowth|Slash|p2a: Venusaur
|-crit|p2a: Venusaur
|-damage|p2a: Venusaur|0 fnt
|faint|p2a: Venusaur
|
|switch|p2a: Kabutops|Kabutops, L85|276\/276
|turn|23
|
|move|p1a: Meowth|Thunderbolt|p2a: Kabutops
|-supereffective|p2a: Kabutops
|-damage|p2a: Kabutops|156\/276
|move|p2a: Kabutops|Body Slam|p1a: Meowth
|-damage|p1a: Meowth|11\/272
|
|turn|24
|
|move|p1a: Meowth|Thunderbolt|p2a: Kabutops
|-supereffective|p2a: Kabutops
|-damage|p2a: Kabutops|39\/276
|-status|p2a: Kabutops|par
|move|p2a: Kabutops|Body Slam|p1a: Meowth
|-damage|p1a: Meowth|0 fnt
|faint|p1a: Meowth
|
|switch|p1a: Blastoise|Blastoise, L85|225\/308
|turn|25
|
|move|p1a: Blastoise|Earthquake|p2a: Kabutops
|-supereffective|p2a: Kabutops
|-damage|p2a: Kabutops|0 fnt
|faint|p2a: Kabutops
|
|switch|p2a: Beedrill|Beedrill, L85|284\/284
|turn|26
|
|move|p1a: Blastoise|Surf|p2a: Beedrill
|-damage|p2a: Beedrill|153\/284
|move|p2a: Beedrill|Hyper Beam|p1a: Blastoise|[miss]
|-miss|p2a: Beedrill
|
|turn|27
|
|move|p1a: Blastoise|Surf|p2a: Beedrill
|-crit|p2a: Beedrill
|-damage|p2a: Beedrill|0 fnt
|faint|p2a: Beedrill
|
|win|jb champ
|raw|Ladder updating...
|raw|jb champ's rating: 1248 &rarr; <strong>1261<\/strong><br \/>(+13 for winning)
|raw|jdoisajx's rating: 1053 &rarr; <strong>1044<\/strong><br \/>(-9 for losing)
|leave|jdoisajx
|player|p2