|j|Rimr
|j|andrew_andres
|player|p1|Rimr|15
|player|p2|andrew_andres|13
|gametype|singles
|gen|1
|tier|[Gen 1] Random Battle
|rated
|seed|4566,24194,11460,60984
|rule|Sleep Clause Mod: Limit one foe put to sleep
|rule|Freeze Clause Mod: Limit one foe frozen
|rule|HP Percentage Mod: HP is shown in percentages
|
|start
|switch|p1a: Weedle|Weedle, L99|280\/280
|switch|p2a: Machoke|Machoke, L85|310\/310
|turn|1
|choice|move 2|move 4
|
|move|p1a: Weedle|String Shot|p2a: Machoke
|-unboost|p2a: Machoke|spe|1
|move|p2a: Machoke|Rock Slide|p1a: Weedle
|-crit|p1a: Weedle
|-supereffective|p1a: Weedle
|-damage|p1a: Weedle|0 fnt
|faint|p1a: Weedle
|choice|switch 3|
|
|switch|p1a: Zapdos|Zapdos, L79|304\/304
|turn|2
|choice|move 1|switch 4
|
|switch|p2a: Golem|Golem, L79|288\/288
|move|p1a: Zapdos|Thunder Wave|p2a: Golem
|-immune|p2a: Golem|[msg]
|
|turn|3
|choice|switch 4|move 3
|
|switch|p1a: Slowbro|Slowbro, L79|312\/312
|move|p2a: Golem|Rock Slide|p1a: Slowbro
|-damage|p1a: Slowbro|242\/312
|
|turn|4
|choice|move 1|move 4
|
|move|p2a: Golem|Explosion|p1a: Slowbro
|-damage|p1a: Slowbro|48\/312
|faint|p2a: Golem
|choice||switch 4
|
|switch|p2a: Machoke|Machoke, L85|310\/310
|turn|5
|choice|switch 4|move 2
|
|switch|p1a: Zapdos|Zapdos, L79|304\/304
|move|p2a: Machoke|Earthquake|p1a: Zapdos
|-immune|p1a: Zapdos|[msg]
|
|turn|6
|choice|move 2|move 4
|
|move|p1a: Zapdos|Drill Peck|p2a: Machoke
|-supereffective|p2a: Machoke
|-damage|p2a: Machoke|145\/310
|move|p2a: Machoke|Rock Slide|p1a: Zapdos
|-supereffective|p1a: Zapdos
|-damage|p1a: Zapdos|182\/304
|
|turn|7
|choice|move 2|move 1
|
|move|p1a: Zapdos|Drill Peck|p2a: Machoke
|-supereffective|p2a: Machoke
|-damage|p2a: Machoke|0 fnt
|faint|p2a: Machoke
|choice||switch 5
|
|switch|p2a: Snorlax|Snorlax, L79|415\/415
|turn|8
|choice|move 1|move 3
|
|move|p1a: Zapdos|Thunder Wave|p2a: Snorlax
|-status|p2a: Snorlax|par
|move|p2a: Snorlax|Body Slam|p1a: Zapdos
|-damage|p1a: Zapdos|93\/304
|
|turn|9
|choice|move 4|move 4
|
|move|p1a: Zapdos|Thunderbolt|p2a: Snorlax
|-damage|p2a: Snorlax|283\/415 par
|move|p2a: Snorlax|Hyper Beam|p1a: Zapdos
|-damage|p1a: Zapdos|0 fnt
|faint|p1a: Zapdos
|choice|switch 2|
|
|switch|p1a: Golem|Golem, L79|288\/288
|turn|10
|choice|move 4|move 2
|
|move|p1a: Golem|Earthquake|p2a: Snorlax
|-damage|p2a: Snorlax|150\/415 par
|move|p2a: Snorlax|Surf|p1a: Golem
|-supereffective|p1a: Golem
|-damage|p1a: Golem|47\/288
|
|turn|11
|choice|switch 4|move 4
|
|switch|p1a: Slowbro|Slowbro, L79|48\/312
|move|p2a: Snorlax|Hyper Beam|p1a: Slowbro
|-damage|p1a: Slowbro|0 fnt
|faint|p1a: Slowbro
|c|★andrew_andres|:D
|choice|switch 5|
|
|switch|p1a: Persian|Persian, L79|265\/265
|turn|12
|choice|move 1|move 4
|
|move|p1a: Persian|Slash|p2a: Snorlax
|-crit|p2a: Snorlax
|-damage|p2a: Snorlax|17\/415 par
|move|p2a: Snorlax|Hyper Beam|p1a: Persian
|-crit|p1a: Persian
|-damage|p1a: Persian|0 fnt
|faint|p1a: Persian
|c|★andrew_andres|:D:D
|choice|switch 4|
|
|switch|p1a: Golem|Golem, L79|47\/288
|turn|13
|choice|move 1|move 2
|
|move|p1a: Golem|Body Slam|p2a: Snorlax
|-damage|p2a: Snorlax|0 fnt
|faint|p2a: Snorlax
|choice||switch 3
|
|switch|p2a: Gyarados|Gyarados, L85|335\/335
|turn|14
|choice|switch 6|move 3
|
|switch|p1a: Chansey|Chansey, L79|557\/557
|move|p2a: Gyarados|Surf|p1a: Chansey
|-damage|p1a: Chansey|464\/557
|
|turn|15
|choice|move 4|move 1
|
|move|p2a: Gyarados|Body Slam|p1a: Chansey
|-damage|p1a: Chansey|268\/557
|move|p1a: Chansey|Thunder Wave|p2a: Gyarados
|-status|p2a: Gyarados|par
|
|turn|16
|choice|move 1|move 1
|
|move|p1a: Chansey|Soft-Boiled|p1a: Chansey
|-heal|p1a: Chansey|546\/557
|move|p2a: Gyarados|Body Slam|p1a: Chansey
|-crit|p1a: Chansey
|-damage|p1a: Chansey|147\/557
|
|turn|17
|choice|move 1|move 1
|
|move|p1a: Chansey|Soft-Boiled|p1a: Chansey
|-heal|p1a: Chansey|425\/557
|move|p2a: Gyarados|Body Slam|p1a: Chansey
|-damage|p1a: Chansey|226\/557
|
|turn|18
|choice|move 1|move 1
|
|move|p1a: Chansey|Soft-Boiled|p1a: Chansey
|-heal|p1a: Chansey|504\/557
|move|p2a: Gyarados|Body Slam|p1a: Chansey
|-damage|p1a: Chansey|316\/557
|
|turn|19
|choice|move 1|move 2
|
|move|p1a: Chansey|Soft-Boiled|p1a: Chansey
|-heal|p1a: Chansey|557\/557
|cant|p2a: Gyarados|par
|
|turn|20
|choice|move 3|move 2
|
|move|p1a: Chansey|Thunderbolt|p2a: Gyarados
|-supereffective|p2a: Gyarados
|-damage|p2a: Gyarados|123\/335 par
|move|p2a: Gyarados|Blizzard|p1a: Chansey
|-damage|p1a: Chansey|473\/557
|
|turn|21
|choice|move 2|move 1
|
|move|p1a: Chansey|Reflect|p1a: Chansey
|-start|p1a: Chansey|Reflect
|move|p2a: Gyarados|Body Slam|p1a: Chansey
|-damage|p1a: Chansey|378\/557
|
|turn|22
|choice|move 1|move 4
|
|move|p1a: Chansey|Soft-Boiled|p1a: Chansey
|-heal|p1a: Chansey|557\/557
|move|p2a: Gyarados|Hyper Beam|p1a: Chansey
|-damage|p1a: Chansey|385\/557
|
|turn|23
|-mustrecharge|p2a: Gyarados
|-mustrecharge|p2a: Gyarados
|choice|move 1|move 1
|
|move|p1a: Chansey|Soft-Boiled|p1a: Chansey
|-heal|p1a: Chansey|557\/557
|cant|p2a: Gyarados|recharge
|
|turn|24
|choice|move 3|move 2
|
|move|p1a: Chansey|Thunderbolt|p2a: Gyarados
|-supereffective|p2a: Gyarados
|-damage|p2a: Gyarados|0 fnt
|faint|p2a: Gyarados
|choice||switch 2
|
|switch|p2a: Doduo|Doduo, L96|262\/262
|turn|25
|choice|move 4|move 3
|
|move|p2a: Doduo|Drill Peck|p1a: Chansey
|-crit|p1a: Chansey
|-damage|p1a: Chansey|0 fnt
|faint|p1a: Chansey
|c|★andrew_andres|:D:D:D
|choice|switch 6|
|
|switch|p1a: Golem|Golem, L79|47\/288
|turn|26
|choice|move 3|move 3
|
|move|p2a: Doduo|Drill Peck|p1a: Golem
|-resisted|p1a: Golem
|-damage|p1a: Golem|5\/288
|move|p1a: Golem|Rock Slide|p2a: Doduo
|-supereffective|p2a: Doduo
|-damage|p2a: Doduo|55\/262
|
|turn|27
|c|★Rimr|So much luck
|c|★Rimr|shameful victory
|choice|move 3|move 3
|
|move|p2a: Doduo|Drill Peck|p1a: Golem
|-resisted|p1a: Golem
|-damage|p1a: Golem|0 fnt
|faint|p1a: Golem
|
|win|andrew_andres