|join|the jews
|join|CyMoahk
|player|p1|the jews|170
|player|p2|CyMoahk|262
|gametype|singles
|gen|1
|tier|[Gen 1] Random Battle
|rated
|rule|Sleep Clause Mod: Limit one foe put to sleep
|rule|Freeze Clause Mod: Limit one foe frozen
|rule|HP Percentage Mod: HP is shown in percentages
|
|start
|switch|p1a: Poliwag|Poliwag, L96|272\/272
|switch|p2a: Victreebel|Victreebel, L85|310\/310
|turn|1
|
|move|p1a: Poliwag|Hypnosis|p2a: Victreebel
|-status|p2a: Victreebel|slp
|cant|p2a: Victreebel|slp
|
|turn|2
|
|move|p1a: Poliwag|Amnesia|p1a: Poliwag
|-boost|p1a: Poliwag|spd|2
|-boost|p1a: Poliwag|spa|2
|cant|p2a: Victreebel|slp
|
|turn|3
|
|move|p1a: Poliwag|Amnesia|p1a: Poliwag
|-boost|p1a: Poliwag|spd|2
|-boost|p1a: Poliwag|spa|2
|-curestatus|p2a: Victreebel|slp
|
|turn|4
|
|move|p1a: Poliwag|Hypnosis|p2a: Victreebel
|-status|p2a: Victreebel|slp
|cant|p2a: Victreebel|slp
|
|turn|5
|
|move|p1a: Poliwag|Amnesia|p1a: Poliwag
|-boost|p1a: Poliwag|spd|2
|-boost|p1a: Poliwag|spa|2
|-curestatus|p2a: Victreebel|slp
|
|turn|6
|
|move|p1a: Poliwag|Hypnosis|p2a: Victreebel
|-status|p2a: Victreebel|slp
|cant|p2a: Victreebel|slp
|
|turn|7
|c|★CyMoahk|60% acc my ass
|
|move|p1a: Poliwag|Blizzard|p2a: Victreebel
|-supereffective|p2a: Victreebel
|-damage|p2a: Victreebel|0 fnt
|faint|p2a: Victreebel
|
|switch|p2a: Arbok|Arbok, L90|291\/291
|turn|8
|
|move|p1a: Poliwag|Psychic|p2a: Arbok
|-crit|p2a: Arbok
|-supereffective|p2a: Arbok
|-damage|p2a: Arbok|88\/291
|-unboost|p2a: Arbok|spd|1
|-unboost|p2a: Arbok|spa|1
|move|p2a: Arbok|Glare|p1a: Poliwag
|-status|p1a: Poliwag|par
|
|turn|9
|c|★the jews|Lol it's not 60 gen 1 u ass
|
|move|p2a: Arbok|Rock Slide|p1a: Poliwag
|-damage|p1a: Poliwag|199\/272 par
|move|p1a: Poliwag|Psychic|p2a: Arbok
|-supereffective|p2a: Arbok
|-damage|p2a: Arbok|0 fnt
|faint|p2a: Arbok
|
|switch|p2a: Scyther|Scyther, L90|309\/309
|turn|10
|
|move|p2a: Scyther|Slash|p1a: Poliwag
|-crit|p1a: Poliwag
|-damage|p1a: Poliwag|47\/272 par
|cant|p1a: Poliwag|par
|
|turn|11
|c|★CyMoahk|http:\/\/bulbapedia.bulbagarden.net\/wiki\/Hypnosis_%28move%29
|
|move|p2a: Scyther|Slash|p1a: Poliwag
|-crit|p1a: Poliwag
|-damage|p1a: Poliwag|0 fnt
|faint|p1a: Poliwag
|c|★the jews|It changed gen 4
|c|★the jews|to 60
|c|★CyMoahk|yeah, up to 70%, and then back to 60% right after
|
|switch|p1a: Muk|Muk, L90|372\/372
|turn|12
|
|move|p2a: Scyther|Slash|p1a: Muk
|-crit|p1a: Muk
|-damage|p1a: Muk|240\/372
|move|p1a: Muk|Sludge|p2a: Scyther
|-supereffective|p2a: Scyther
|-damage|p2a: Scyther|141\/309
|
|turn|13
|c|★the jews|Prove it
|
|move|p2a: Scyther|Hyper Beam|p1a: Muk
|-damage|p1a: Muk|107\/372
|move|p1a: Muk|Sludge|p2a: Scyther
|-supereffective|p2a: Scyther
|-damage|p2a: Scyther|0 fnt
|faint|p2a: Scyther
|c|★CyMoahk|UNDER THE BULAPEDIA LINK I JUST POSTED
|
|switch|p2a: Abra|Abra, L96|243\/243
|turn|14
|c|★the jews|Make me
|
|switch|p1a: Kadabra|Kadabra, L85|242\/242
|move|p2a: Abra|Psychic|p1a: Kadabra
|-resisted|p1a: Kadabra
|-damage|p1a: Kadabra|188\/242
|
|turn|15
|c|★CyMoahk|congrats on willful ignorance then
|
|move|p2a: Abra|Thunder Wave|p1a: Kadabra
|-status|p1a: Kadabra|par
|move|p1a: Kadabra|Thunder Wave|p2a: Abra
|-status|p2a: Abra|par
|
|turn|16
|
|cant|p2a: Abra|par
|move|p1a: Kadabra|Psychic|p2a: Abra
|-resisted|p2a: Abra
|-damage|p2a: Abra|196\/243 par
|-unboost|p2a: Abra|spd|1
|-unboost|p2a: Abra|spa|1
|
|turn|17
|
|cant|p1a: Kadabra|par
|move|p2a: Abra|Seismic Toss|p1a: Kadabra
|-damage|p1a: Kadabra|92\/242 par
|
|turn|18
|
|cant|p1a: Kadabra|par
|move|p2a: Abra|Seismic Toss|p1a: Kadabra
|-damage|p1a: Kadabra|0 fnt
|faint|p1a: Kadabra
|
|switch|p1a: Persian|Persian, L79|265\/265
|turn|19
|
|move|p1a: Persian|Slash|p2a: Abra
|-crit|p2a: Abra
|-damage|p2a: Abra|0 fnt
|faint|p2a: Abra
|
|switch|p2a: Ninetales|Ninetales, L85|298\/298
|turn|20
|c|★the jews|Nice crit fag
|
|switch|p1a: Flareon|Flareon, L90|300\/300
|move|p2a: Ninetales|Confuse Ray|p1a: Flareon
|-start|p1a: Flareon|confusion
|
|turn|21
|c|★CyMoahk|you know that was your crit
|
|move|p2a: Ninetales|Toxic|p1a: Flareon
|-status|p1a: Flareon|tox
|-activate|p1a: Flareon|confusion
|-damage|p1a: Flareon|249\/300 tox|[from] confusion
|-damage|p1a: Flareon|231\/300 tox|[from] tox|[of] p2a: Ninetales
|
|turn|22
|c|★the jews|Make me
|
|move|p2a: Ninetales|Reflect|p2a: Ninetales
|-start|p2a: Ninetales|Reflect
|-activate|p1a: Flareon|confusion
|move|p1a: Flareon|Body Slam|p2a: Ninetales
|-crit|p2a: Ninetales
|-damage|p2a: Ninetales|107\/298
|-status|p2a: Ninetales|par
|-damage|p1a: Flareon|195\/300 tox|[from] tox|[of] p2a: Ninetales
|
|turn|23
|c|★CyMoahk|....that's not even the right retort to "you know..."
|
|switch|p1a: Oddish|Oddish, L96|281\/281
|cant|p2a: Ninetales|par
|
|turn|24
|
|move|p1a: Oddish|Double-Edge|p2a: Ninetales
|-damage|p2a: Ninetales|72\/298 par
|-damage|p1a: Oddish|273\/281|[from] recoil|[of] p2a: Ninetales
|move|p2a: Ninetales|Fire Blast|p1a: Oddish
|-supereffective|p1a: Oddish
|-damage|p1a: Oddish|24\/281
|-status|p1a: Oddish|brn
|
|turn|25
|c|★the jews|Good one
|c|★the jews|jk
|
|move|p1a: Oddish|Double-Edge|p2a: Ninetales
|-damage|p2a: Ninetales|55\/298 par
|-damage|p1a: Oddish|20\/281 brn|[from] recoil|[of] p2a: Ninetales
|-damage|p1a: Oddish|3\/281 brn|[from] brn|[of] p2a: Ninetales
|move|p2a: Ninetales|Confuse Ray|p1a: Oddish
|-start|p1a: Oddish|confusion
|
|turn|26
|
|-activate|p1a: Oddish|confusion
|-damage|p1a: Oddish|0 fnt|[from] confusion
|faint|p1a: Oddish
|
|switch|p1a: Persian|Persian, L79|265\/265
|turn|27
|
|move|p1a: Persian|Slash|p2a: Ninetales
|-crit|p2a: Ninetales
|-damage|p2a: Ninetales|0 fnt
|faint|p2a: Ninetales
|
|switch|p2a: Moltres|Moltres, L85|327\/327
|turn|28
|
|move|p1a: Persian|Body Slam|p2a: Moltres
|-damage|p2a: Moltres|261\/327
|move|p2a: Moltres|Fire Blast|p1a: Persian
|-damage|p1a: Persian|69\/265
|
|turn|29
|
|move|p1a: Persian|Hyper Beam|p2a: Moltres|[miss]
|-miss|p1a: Persian
|move|p2a: Moltres|Hyper Beam|p1a: Persian
|-crit|p1a: Persian
|-damage|p1a: Persian|0 fnt
|faint|p1a: Persian
|
|switch|p1a: Flareon|Flareon, L90|195\/300 tox
|-status|p1a: Flareon|psn
|turn|30
|
|move|p2a: Moltres|Substitute|p2a: Moltres
|-start|p2a: Moltres|Substitute
|-damage|p2a: Moltres|180\/327
|move|p1a: Flareon|Body Slam|p2a: Moltres
|-activate|p2a: Moltres|Substitute|[damage]
|-damage|p1a: Flareon|177\/300 psn|[from] psn|[of] p2a: Moltres
|
|turn|31
|
|move|p2a: Moltres|Sky Attack|p1a: Flareon|[still]
|-prepare|p2a: Moltres|Sky Attack|p1a: Flareon
|move|p1a: Flareon|Body Slam|p2a: Moltres
|-end|p2a: Moltres|Substitute
|-damage|p1a: Flareon|159\/300 psn|[from] psn|[of] p2a: Moltres
|
|turn|32
|
|move|p2a: Moltres|Sky Attack|p1a: Flareon
|-crit|p1a: Flareon
|-damage|p1a: Flareon|0 fnt
|faint|p1a: Flareon
|
|switch|p1a: Muk|Muk, L90|107\/372
|turn|33
|
|move|p2a: Moltres|Hyper Beam|p1a: Muk
|-damage|p1a: Muk|0 fnt
|faint|p1a: Muk
|
|win|CyMoahk
|raw|Ladder updating...
|raw|the jews's rating: 1237 &rarr; <strong>1208<\/strong><br \/>(-29 for losing)
|raw|CyMoahk's rating: 1181 &rarr; <strong>1210<\/strong><br \/>(+29 for winning)
|leave|the jews
|player|p1