|j|heoking123
|j|RayGraham1
|player|p1|heoking123|68
|player|p2|RayGraham1|1
|gametype|singles
|gen|1
|tier|[Gen 1] Random Battle
|rated
|seed|17793,9853,51925,28700
|rule|Sleep Clause Mod: Limit one foe put to sleep
|rule|Freeze Clause Mod: Limit one foe frozen
|rule|HP Percentage Mod: HP is shown in percentages
|
|start
|switch|p1a: Oddish|Oddish, L96|281\/281
|switch|p2a: Jolteon|Jolteon, L79|265\/265
|turn|1
|choice|switch 5|move 1
|
|switch|p1a: Onix|Onix, L90|246\/246
|move|p2a: Jolteon|Thunderbolt|p1a: Onix
|-immune|p1a: Onix|[msg]
|
|turn|2
|choice|move 1|switch 5
|
|switch|p2a: Kabutops|Kabutops, L85|276\/276
|move|p1a: Onix|Earthquake|p2a: Kabutops
|-supereffective|p2a: Kabutops
|-damage|p2a: Kabutops|135\/276
|
|turn|3
|choice|move 1|move 4
|
|move|p2a: Kabutops|Surf|p1a: Onix
|-crit|p1a: Onix
|-supereffective|p1a: Onix
|-damage|p1a: Onix|0 fnt
|faint|p1a: Onix
|choice|switch 5|
|
|switch|p1a: Oddish|Oddish, L96|281\/281
|turn|4
|choice|move 3|switch 3
|
|switch|p2a: Mewtwo|Mewtwo, L68|285\/285
|move|p1a: Oddish|Mega Drain|p2a: Mewtwo
|-damage|p2a: Mewtwo|244\/285
|
|turn|5
|choice|switch 2|move 4
|
|switch|p1a: Jynx|Jynx, L79|265\/265
|move|p2a: Mewtwo|Amnesia|p2a: Mewtwo
|-boost|p2a: Mewtwo|spd|2
|-boost|p2a: Mewtwo|spa|2
|
|turn|6
|choice|move 4|move 4
|
|move|p2a: Mewtwo|Amnesia|p2a: Mewtwo
|-boost|p2a: Mewtwo|spd|2
|-boost|p2a: Mewtwo|spa|2
|move|p1a: Jynx|Lovely Kiss|p2a: Mewtwo
|-status|p2a: Mewtwo|slp
|
|turn|7
|choice|move 3|move 1
|
|cant|p2a: Mewtwo|slp
|move|p1a: Jynx|Psychic|p2a: Mewtwo
|-resisted|p2a: Mewtwo
|-damage|p2a: Mewtwo|233\/285 slp
|-unboost|p2a: Mewtwo|spd|1
|-unboost|p2a: Mewtwo|spa|1
|
|turn|8
|choice|move 2|move 4
|
|cant|p2a: Mewtwo|slp
|move|p1a: Jynx|Blizzard|p2a: Mewtwo
|-damage|p2a: Mewtwo|193\/285 slp
|
|turn|9
|choice|move 4|move 4
|
|cant|p2a: Mewtwo|slp
|move|p1a: Jynx|Lovely Kiss|p2a: Mewtwo|[miss]
|-miss|p1a: Jynx
|
|turn|10
|choice|switch 6|move 4
|
|switch|p1a: Magneton|Magneton, L90|273\/273
|cant|p2a: Mewtwo|slp
|
|turn|11
|choice|move 1|move 4
|
|-curestatus|p2a: Mewtwo|slp
|move|p1a: Magneton|Thunderbolt|p2a: Mewtwo
|-damage|p2a: Mewtwo|146\/285
|
|turn|12
|choice|move 4|move 4
|
|move|p2a: Mewtwo|Amnesia|p2a: Mewtwo
|-boost|p2a: Mewtwo|spd|2
|-boost|p2a: Mewtwo|spa|2
|move|p1a: Magneton|Hyper Beam|p2a: Mewtwo
|-damage|p2a: Mewtwo|38\/285
|
|turn|13
|-mustrecharge|p1a: Magneton
|-mustrecharge|p1a: Magneton
|choice|move 1|move 3
|
|move|p2a: Mewtwo|Recover|p2a: Mewtwo
|-heal|p2a: Mewtwo|180\/285
|cant|p1a: Magneton|recharge
|
|turn|14
|-message|heoking123 forfeited.
|
|win|RayGraham1
|player|p1
|player|p2
|l|heoking123
|raw|heoking123's rating: 1000 &rarr; <strong>1000<\/strong><br \/>(+0 for losing)
|raw|RayGraham1's rating: 1152 &rarr; <strong>1167<\/strong><br \/>(+15 for winning)