|join|riwu
|join|Noratraika
|player|p1|riwu|2
|player|p2|Noratraika|285
|gametype|singles
|gen|1
|tier|[Gen 1] Random Battle
|rated
|seed|33029,3533,8085,21458
|rule|Sleep Clause Mod: Limit one foe put to sleep
|rule|Freeze Clause Mod: Limit one foe frozen
|rule|HP Percentage Mod: HP is shown in percentages
|
|start
|switch|p1a: Pikachu|Pikachu, L96|262\/262
|switch|p2a: Jolteon|Jolteon, L79|265\/265
|turn|1
|choice|move 2|switch 6
|
|switch|p2a: Dragonair|Dragonair, L85|277\/277
|move|p1a: Pikachu|Thunder Wave|p2a: Dragonair
|-status|p2a: Dragonair|par
|
|turn|2
|choice|switch 4|move 3
|
|switch|p1a: Machoke|Machoke, L85|310\/310
|move|p2a: Dragonair|Thunder Wave|p1a: Machoke
|-status|p1a: Machoke|par
|
|turn|3
|choice|move 3|move 2
|
|cant|p2a: Dragonair|par
|move|p1a: Machoke|Earthquake|p2a: Dragonair
|-damage|p2a: Dragonair|188\/277 par
|
|turn|4
|choice|move 3|switch 5
|
|switch|p2a: Fearow|Fearow, L90|300\/300
|move|p1a: Machoke|Earthquake|p2a: Fearow
|-immune|p2a: Fearow|[msg]
|
|turn|5
|choice|switch 4|move 2
|
|switch|p1a: Pikachu|Pikachu, L96|262\/262
|move|p2a: Fearow|Mirror Move|p2a: Fearow
|-fail|p2a: Fearow
|
|turn|6
|c|★Noratraika|Too bad it fails...
|choice|move 3|switch 5
|
|switch|p2a: Dragonair|Dragonair, L85|188\/277 par
|move|p1a: Pikachu|Thunder|p2a: Dragonair
|-resisted|p2a: Dragonair
|-damage|p2a: Dragonair|124\/277 par
|
|turn|7
|choice|switch 4|move 2
|
|switch|p1a: Machoke|Machoke, L85|310\/310 par
|cant|p2a: Dragonair|par
|
|turn|8
|choice|move 4|move 2
|
|move|p2a: Dragonair|Blizzard|p1a: Machoke
|-damage|p1a: Machoke|214\/310 par
|cant|p1a: Machoke|par
|
|turn|9
|choice|move 4|switch 5
|
|switch|p2a: Fearow|Fearow, L90|300\/300
|move|p1a: Machoke|Body Slam|p2a: Fearow
|-damage|p2a: Fearow|227\/300
|
|turn|10
|choice|switch 4|move 1
|
|switch|p1a: Pikachu|Pikachu, L96|262\/262
|move|p2a: Fearow|Double-Edge|p1a: Pikachu
|-crit|p1a: Pikachu
|-damage|p1a: Pikachu|0 fnt
|-damage|p2a: Fearow|162\/300|[from] recoil|[of] p1a: Pikachu
|faint|p1a: Pikachu
|choice|switch 5|
|
|switch|p1a: Charizard|Charizard, L85|306\/306
|turn|11
|choice|move 1|move 3
|
|move|p2a: Fearow|Drill Peck|p1a: Charizard
|-damage|p1a: Charizard|209\/306
|move|p1a: Charizard|Fire Blast|p2a: Fearow
|-damage|p2a: Fearow|17\/300
|
|turn|12
|choice|move 3|move 4
|
|move|p2a: Fearow|Hyper Beam|p1a: Charizard
|-damage|p1a: Charizard|17\/306
|move|p1a: Charizard|Body Slam|p2a: Fearow
|-crit|p2a: Fearow
|-damage|p2a: Fearow|0 fnt
|faint|p2a: Fearow
|choice||switch 3
|
|switch|p2a: Rapidash|Rapidash, L90|300\/300
|turn|13
|choice|move 2|move 1
|
|move|p2a: Rapidash|Fire Blast|p1a: Charizard|[miss]
|-miss|p2a: Rapidash
|move|p1a: Charizard|Hyper Beam|p2a: Rapidash
|-damage|p2a: Rapidash|201\/300
|
|turn|14
|-mustrecharge|p1a: Charizard
|-mustrecharge|p1a: Charizard
|choice|move 1|move 4
|
|move|p2a: Rapidash|Agility|p2a: Rapidash
|-boost|p2a: Rapidash|spe|2
|cant|p1a: Charizard|recharge
|
|turn|15
|choice|move 2|move 1
|
|move|p2a: Rapidash|Fire Blast|p1a: Charizard
|-resisted|p1a: Charizard
|-damage|p1a: Charizard|0 fnt
|faint|p1a: Charizard
|choice|switch 4|
|
|switch|p1a: Machoke|Machoke, L85|214\/310 par
|turn|16
|choice|move 3|move 1
|
|move|p2a: Rapidash|Fire Blast|p1a: Machoke
|-damage|p1a: Machoke|36\/310 par
|cant|p1a: Machoke|par
|
|turn|17
|choice|move 3|move 1
|
|move|p2a: Rapidash|Fire Blast|p1a: Machoke
|-damage|p1a: Machoke|0 fnt
|faint|p1a: Machoke
|choice|switch 6|
|
|switch|p1a: Exeggutor|Exeggutor, L79|312\/312
|turn|18
|choice|move 1|move 1
|
|move|p2a: Rapidash|Fire Blast|p1a: Exeggutor|[miss]
|-miss|p2a: Rapidash
|move|p1a: Exeggutor|Sleep Powder|p2a: Rapidash
|-status|p2a: Rapidash|slp
|
|turn|19
|choice|switch 3|move 1
|
|switch|p1a: Mew|Mew, L74|300\/300
|cant|p2a: Rapidash|slp
|
|turn|20
|choice|move 3|move 1
|
|cant|p2a: Rapidash|slp
|move|p1a: Mew|Swords Dance|p1a: Mew
|-boost|p1a: Mew|atk|2
|
|turn|21
|choice|move 3|move 1
|
|-curestatus|p2a: Rapidash|slp
|move|p1a: Mew|Swords Dance|p1a: Mew
|-boost|p1a: Mew|atk|2
|
|turn|22
|choice|move 2|move 1
|
|move|p2a: Rapidash|Fire Blast|p1a: Mew
|-damage|p1a: Mew|165\/300
|-status|p1a: Mew|brn
|move|p1a: Mew|Hyper Beam|p2a: Rapidash
|-damage|p2a: Rapidash|69\/300
|-damage|p1a: Mew|147\/300 brn|[from] brn|[of] p2a: Rapidash
|
|turn|23
|-mustrecharge|p1a: Mew
|-mustrecharge|p1a: Mew
|choice|move 1|move 4
|
|move|p2a: Rapidash|Agility|p2a: Rapidash
|-boost|p2a: Rapidash|spe|2
|cant|p1a: Mew|recharge
|-damage|p1a: Mew|129\/300 brn|[from] brn|[of] p2a: Rapidash
|
|turn|24
|choice|move 2|move 4
|
|move|p2a: Rapidash|Agility|p2a: Rapidash
|-boost|p2a: Rapidash|spe|2
|move|p1a: Mew|Hyper Beam|p2a: Rapidash
|-crit|p2a: Rapidash
|-damage|p2a: Rapidash|0 fnt
|faint|p2a: Rapidash
|c|★Noratraika|Couldn't apply stat drop glitch
|c|★riwu|?
|choice||switch 6
|
|switch|p2a: Jolteon|Jolteon, L79|265\/265
|turn|25
|c|★riwu|what u want to use?
|c|★Noratraika|I raised my speed twice
|c|★Noratraika|Since you are burned it quatered your Atk
|c|★riwu|so did it work?
|c|★Noratraika|Yes because you are burned
|c|★Noratraika|but you did a crit
|c|★Noratraika|It won't do much damage
|c|★Noratraika|unless you crit again
|choice|switch 3|move 1
|
|switch|p1a: Exeggutor|Exeggutor, L79|312\/312
|move|p2a: Jolteon|Thunderbolt|p1a: Exeggutor
|-crit|p1a: Exeggutor
|-resisted|p1a: Exeggutor
|-damage|p1a: Exeggutor|228\/312
|
|turn|26
|choice|move 4|switch 5
|
|switch|p2a: Dragonair|Dragonair, L85|124\/277 par
|move|p1a: Exeggutor|Psychic|p2a: Dragonair
|-damage|p2a: Dragonair|3\/277 par
|
|turn|27
|choice|move 3|move 2
|
|move|p1a: Exeggutor|Mega Drain|p2a: Dragonair
|-resisted|p2a: Dragonair
|-damage|p2a: Dragonair|0 fnt
|-heal|p1a: Exeggutor|229\/312|[from] drain|[of] p2a: Dragonair
|faint|p2a: Dragonair
|choice||switch 4
|
|switch|p2a: Jynx|Jynx, L79|265\/265
|turn|28
|choice|move 1|move 1
|
|move|p2a: Jynx|Blizzard|p1a: Exeggutor
|-supereffective|p1a: Exeggutor
|-damage|p1a: Exeggutor|27\/312
|move|p1a: Exeggutor|Sleep Powder|p2a: Jynx
|-status|p2a: Jynx|slp
|
|turn|29
|choice|switch 2|move 2
|
|switch|p1a: Bulbasaur|Bulbasaur, L96|281\/281
|cant|p2a: Jynx|slp
|
|turn|30
|choice|move 3|move 1
|
|-curestatus|p2a: Jynx|slp
|move|p1a: Bulbasaur|Razor Leaf|p2a: Jynx
|-crit|p2a: Jynx
|-damage|p2a: Jynx|154\/265
|
|turn|31
|choice|move 2|move 2
|
|move|p2a: Jynx|Psychic|p1a: Bulbasaur
|-crit|p1a: Bulbasaur
|-supereffective|p1a: Bulbasaur
|-damage|p1a: Bulbasaur|0 fnt
|faint|p1a: Bulbasaur
|choice|switch 3|
|
|switch|p1a: Mew|Mew, L74|129\/300 brn
|turn|32
|choice|move 2|move 2
|
|move|p2a: Jynx|Psychic|p1a: Mew
|-resisted|p1a: Mew
|-damage|p1a: Mew|87\/300 brn
|move|p1a: Mew|Hyper Beam|p2a: Jynx
|-damage|p2a: Jynx|82\/265
|-damage|p1a: Mew|69\/300 brn|[from] brn|[of] p2a: Jynx
|
|turn|33
|-mustrecharge|p1a: Mew
|-mustrecharge|p1a: Mew
|c|★Noratraika|Test
|c|★Noratraika|Unmissable lovely kiss
|choice|move 1|move 3
|
|move|p2a: Jynx|Lovely Kiss|p1a: Mew
|-status|p1a: Mew|slp
|cant|p1a: Mew|recharge
|
|turn|34
|c|★Noratraika|YES !!
|choice|move 2|move 2
|
|move|p2a: Jynx|Psychic|p1a: Mew
|-resisted|p1a: Mew
|-damage|p1a: Mew|26\/300 slp
|cant|p1a: Mew|slp
|
|turn|35
|choice|move 2|move 2
|
|move|p2a: Jynx|Psychic|p1a: Mew
|-resisted|p1a: Mew
|-damage|p1a: Mew|0 fnt
|faint|p1a: Mew
|c|★riwu|u could just read the source code to find out u know
|choice|switch 2|
|
|switch|p1a: Exeggutor|Exeggutor, L79|27\/312
|turn|36
|c|★Noratraika|They implemented it
|c|★riwu|yeah like 1 year ago
|choice|move 1|move 1
|
|move|p2a: Jynx|Blizzard|p1a: Exeggutor|[miss]
|-miss|p2a: Jynx
|move|p1a: Exeggutor|Sleep Powder|p2a: Jynx|[miss]
|-miss|p1a: Exeggutor
|
|turn|37
|choice|move 2|move 1
|
|move|p2a: Jynx|Blizzard|p1a: Exeggutor
|-supereffective|p1a: Exeggutor
|-damage|p1a: Exeggutor|0 fnt
|faint|p1a: Exeggutor
|
|win|Noratraika
|raw|riwu's rating: 1576 &rarr; <strong>1542<\/strong><br \/>(-34 for losing)
|raw|Noratraika's rating: 1283 &rarr; <strong>1325<\/strong><br \/>(+42 for winning)
|leave|riwu
|player|p1
|c|★Noratraika|cool they implemented all the glitches