|join|Koolboyman
|join|Agarest
|player|p1|Koolboyman|101
|player|p2|Agarest|161
|gametype|singles
|gen|1
|tier|[Gen 1] Random Battle
|rated
|seed|44552,15023,16659,14415
|rule|Sleep Clause Mod: Limit one foe put to sleep
|rule|Freeze Clause Mod: Limit one foe frozen
|rule|HP Percentage Mod: HP is shown in percentages
|
|start
|switch|p1a: Seadra|Seadra, L90|282\/282
|switch|p2a: Jynx|Jynx, L79|265\/265
|turn|1
|choice|move 4|move 3
|
|move|p1a: Seadra|Smokescreen|p2a: Jynx
|-unboost|p2a: Jynx|accuracy|1
|move|p2a: Jynx|Lovely Kiss|p1a: Seadra|[miss]
|-miss|p2a: Jynx
|
|turn|2
|choice|move 4|move 3
|
|move|p1a: Seadra|Smokescreen|p2a: Jynx
|-unboost|p2a: Jynx|accuracy|1
|move|p2a: Jynx|Lovely Kiss|p1a: Seadra
|-status|p1a: Seadra|slp
|
|turn|3
|choice|move 4|switch 2
|
|switch|p2a: Raticate|Raticate, L85|267\/267
|cant|p1a: Seadra|slp
|
|turn|4
|choice|switch 4|move 1
|
|switch|p1a: Ditto|Ditto, L99|296\/296
|move|p2a: Raticate|Super Fang|p1a: Ditto
|-damage|p1a: Ditto|148\/296
|
|turn|5
|choice|move 1|move 2
|
|move|p2a: Raticate|Hyper Beam|p1a: Ditto
|-damage|p1a: Ditto|0 fnt
|faint|p1a: Ditto
|choice|switch 5|
|
|switch|p1a: Machamp|Machamp, L90|345\/345
|turn|6
|choice|move 1|move 1
|
|move|p2a: Raticate|Super Fang|p1a: Machamp
|-damage|p1a: Machamp|173\/345
|move|p1a: Machamp|Body Slam|p2a: Raticate
|-damage|p2a: Raticate|163\/267
|
|turn|7
|choice|move 2|move 4
|
|move|p2a: Raticate|Body Slam|p1a: Machamp
|-damage|p1a: Machamp|90\/345
|-status|p1a: Machamp|par
|cant|p1a: Machamp|par
|
|turn|8
|choice|move 2|move 2
|
|move|p2a: Raticate|Hyper Beam|p1a: Machamp
|-damage|p1a: Machamp|0 fnt
|faint|p1a: Machamp
|choice|switch 2|
|
|switch|p1a: Venonat|Venonat, L96|310\/310
|turn|9
|choice|move 1|move 1
|
|move|p2a: Raticate|Super Fang|p1a: Venonat
|-damage|p1a: Venonat|155\/310
|move|p1a: Venonat|Stun Spore|p2a: Raticate|[miss]
|-miss|p1a: Venonat
|
|turn|10
|choice|move 1|move 2
|
|move|p2a: Raticate|Hyper Beam|p1a: Venonat
|-crit|p1a: Venonat
|-damage|p1a: Venonat|0 fnt
|faint|p1a: Venonat
|choice|switch 3|
|
|switch|p1a: Charmander|Charmander, L96|270\/270
|turn|11
|choice|move 3|move 1
|
|move|p2a: Raticate|Super Fang|p1a: Charmander
|-damage|p1a: Charmander|135\/270
|move|p1a: Charmander|Submission|p2a: Raticate|[miss]
|-miss|p1a: Charmander
|
|turn|12
|c|★Koolboyman|I'm done
|c|★Koolboyman|gg
|-message|Koolboyman forfeited.
|
|win|Agarest
|leave|Koolboyman
|player|p1
|raw|Koolboyman's rating: 1386 &rarr; <strong>1365<\/strong><br \/>(-21 for losing)
|raw|Agarest's rating: 1366 &rarr; <strong>1387<\/strong><br \/>(+21 for winning)
|c|★Agarest|Ahn... gg, I guess