|j|maximv8
|j|MALESANI
|player|p1|maximv8|101
|player|p2|MALESANI|238
|gametype|singles
|gen|1
|tier|[Gen 1] Random Battle
|rated
|seed|24660,35715,57034,7469
|rule|Sleep Clause Mod: Limit one foe put to sleep
|rule|Freeze Clause Mod: Limit one foe frozen
|rule|HP Percentage Mod: HP is shown in percentages
|
|start
|switch|p1a: Lickitung|Lickitung, L90|345\/345
|switch|p2a: Gloom|Gloom, L90|291\/291
|turn|1
|choice|move 1|move 1
|
|move|p2a: Gloom|Sleep Powder|p1a: Lickitung
|-status|p1a: Lickitung|slp
|cant|p1a: Lickitung|slp
|
|turn|2
|choice|switch 2|move 2
|
|switch|p1a: Jynx|Jynx, L79|265\/265
|move|p2a: Gloom|Mega Drain|p1a: Jynx
|-damage|p1a: Jynx|215\/265
|
|turn|3
|choice|move 4|move 4
|
|move|p1a: Jynx|Blizzard|p2a: Gloom
|-supereffective|p2a: Gloom
|-damage|p2a: Gloom|64\/291
|move|p2a: Gloom|Double-Edge|p1a: Jynx
|-damage|p1a: Jynx|107\/265
|-damage|p2a: Gloom|37\/291|[from] recoil|[of] p1a: Jynx
|
|turn|4
|choice|move 4|move 4
|
|move|p1a: Jynx|Blizzard|p2a: Gloom
|-supereffective|p2a: Gloom
|-damage|p2a: Gloom|0 fnt
|faint|p2a: Gloom
|choice||switch 4
|
|switch|p2a: Ninetales|Ninetales, L85|298\/298
|turn|5
|choice|switch 3|move 1
|
|switch|p1a: Seel|Seel, L96|320\/320
|move|p2a: Ninetales|Fire Blast|p1a: Seel
|-resisted|p1a: Seel
|-damage|p1a: Seel|258\/320
|
|turn|6
|choice|move 4|switch 6
|
|switch|p2a: Chansey|Chansey, L79|557\/557
|move|p1a: Seel|Surf|p2a: Chansey
|-damage|p2a: Chansey|451\/557
|
|turn|7
|choice|move 3|move 2
|
|move|p1a: Seel|Body Slam|p2a: Chansey
|-damage|p2a: Chansey|315\/557
|move|p2a: Chansey|Thunder Wave|p1a: Seel
|-status|p1a: Seel|par
|
|turn|8
|choice|move 2|move 4
|
|move|p2a: Chansey|Reflect|p2a: Chansey
|-start|p2a: Chansey|Reflect
|move|p1a: Seel|Blizzard|p2a: Chansey
|-damage|p2a: Chansey|231\/557
|
|turn|9
|choice|move 3|move 3
|
|move|p2a: Chansey|Thunderbolt|p1a: Seel
|-supereffective|p1a: Seel
|-damage|p1a: Seel|124\/320 par
|move|p1a: Seel|Body Slam|p2a: Chansey
|-damage|p2a: Chansey|164\/557
|
|turn|10
|choice|move 4|move 1
|
|move|p2a: Chansey|Soft-Boiled|p2a: Chansey
|-heal|p2a: Chansey|442\/557
|move|p1a: Seel|Surf|p2a: Chansey
|-damage|p2a: Chansey|345\/557
|
|turn|11
|choice|move 3|move 3
|
|move|p2a: Chansey|Thunderbolt|p1a: Seel
|-crit|p1a: Seel
|-supereffective|p1a: Seel
|-damage|p1a: Seel|0 fnt
|faint|p1a: Seel
|choice|switch 6|
|
|switch|p1a: Electabuzz|Electabuzz, L85|284\/284
|turn|12
|choice|move 3|move 2
|
|move|p1a: Electabuzz|Seismic Toss|p2a: Chansey
|-damage|p2a: Chansey|260\/557
|move|p2a: Chansey|Thunder Wave|p1a: Electabuzz
|-status|p1a: Electabuzz|par
|
|turn|13
|choice|move 1|move 1
|
|move|p2a: Chansey|Soft-Boiled|p2a: Chansey
|-heal|p2a: Chansey|538\/557
|move|p1a: Electabuzz|Thunder Wave|p2a: Chansey
|-status|p2a: Chansey|par
|
|turn|14
|choice|move 2|switch 2
|
|switch|p2a: Drowzee|Drowzee, L96|310\/310
|move|p1a: Electabuzz|Psychic|p2a: Drowzee
|-resisted|p2a: Drowzee
|-damage|p2a: Drowzee|283\/310
|
|turn|15
|choice|switch 3|move 4
|
|switch|p1a: Jynx|Jynx, L79|107\/265
|move|p2a: Drowzee|Counter|p1a: Jynx
|-fail|p2a: Drowzee
|
|turn|16
|choice|move 4|move 3
|
|move|p1a: Jynx|Blizzard|p2a: Drowzee
|-damage|p2a: Drowzee|191\/310
|move|p2a: Drowzee|Thunder Wave|p1a: Jynx
|-status|p1a: Jynx|par
|
|turn|17
|choice|move 3|switch 2
|
|switch|p2a: Chansey|Chansey, L79|538\/557 par
|move|p1a: Jynx|Lovely Kiss|p2a: Chansey
|-fail|p2a: Chansey
|
|turn|18
|choice|move 4|move 3
|
|move|p1a: Jynx|Blizzard|p2a: Chansey
|-damage|p2a: Chansey|425\/557 par
|cant|p2a: Chansey|par
|
|turn|19
|choice|move 1|move 3
|
|move|p1a: Jynx|Psychic|p2a: Chansey
|-damage|p2a: Chansey|346\/557 par
|-unboost|p2a: Chansey|spd|1
|-unboost|p2a: Chansey|spa|1
|move|p2a: Chansey|Thunderbolt|p1a: Jynx
|-crit|p1a: Jynx
|-damage|p1a: Jynx|0 fnt
|faint|p1a: Jynx
|choice|switch 3|
|
|switch|p1a: Electabuzz|Electabuzz, L85|284\/284 par
|turn|20
|choice|move 3|switch 2
|
|switch|p2a: Drowzee|Drowzee, L96|191\/310
|move|p1a: Electabuzz|Seismic Toss|p2a: Drowzee
|-damage|p2a: Drowzee|106\/310
|
|turn|21
|choice|move 4|move 4
|
|cant|p1a: Electabuzz|par
|move|p2a: Drowzee|Counter|p1a: Electabuzz
|-damage|p1a: Electabuzz|114\/284 par
|
|turn|22
|choice|move 4|move 1
|
|move|p2a: Drowzee|Rest|p2a: Drowzee
|-status|p2a: Drowzee|slp
|-heal|p2a: Drowzee|310\/310 slp|[silent]
|-status|p2a: Drowzee|slp|[from] move: Rest
|move|p1a: Electabuzz|Thunderbolt|p2a: Drowzee
|-damage|p2a: Drowzee|222\/310 slp
|
|turn|23
|choice|move 3|move 2
|
|cant|p2a: Drowzee|slp
|move|p1a: Electabuzz|Seismic Toss|p2a: Drowzee
|-damage|p2a: Drowzee|137\/310 slp
|
|turn|24
|choice|move 3|move 4
|
|move|p1a: Electabuzz|Seismic Toss|p2a: Drowzee
|-damage|p2a: Drowzee|52\/310 slp
|-curestatus|p2a: Drowzee|slp
|
|turn|25
|choice|move 3|move 4
|
|cant|p1a: Electabuzz|par
|move|p2a: Drowzee|Counter|p1a: Electabuzz
|-damage|p1a: Electabuzz|0 fnt
|faint|p1a: Electabuzz
|-message|maximv8 forfeited.
|
|win|MALESANI
|player|p1
|player|p2
|l|maximv8
|raw|maximv8's rating: 1160 &rarr; <strong>1144<\/strong><br \/>(-16 for losing)
|raw|MALESANI's rating: 1291 &rarr; <strong>1307<\/strong><br \/>(+16 for winning)