|j|Peasounay
|j|Groudon80
|player|p1|Peasounay|80
|player|p2|Groudon80|168
|gametype|singles
|gen|1
|tier|[Gen 1] OU
|rated
|seed|1740,48167,8768,48351
|rule|Sleep Clause Mod: Limit one foe put to sleep
|rule|Freeze Clause Mod: Limit one foe frozen
|rule|Species Clause: Limit one of each Pokémon
|rule|OHKO Clause: OHKO moves are banned
|rule|Evasion Moves Clause: Evasion moves are banned
|rule|HP Percentage Mod: HP is shown in percentages
|
|start
|switch|p1a: Alakazam|Alakazam|313\/313
|switch|p2a: Jynx|Jynx|333\/333
|turn|1
|choice|move 1|move 3
|
|move|p1a: Alakazam|Thunder Wave|p2a: Jynx
|-status|p2a: Jynx|par
|move|p2a: Jynx|Lovely Kiss|p1a: Alakazam
|-status|p1a: Alakazam|slp
|
|turn|2
|choice|switch 5|move 4
|
|switch|p1a: Chansey|Chansey|703\/703
|move|p2a: Jynx|Blizzard|p1a: Chansey
|-damage|p1a: Chansey|573\/703
|
|turn|3
|choice|move 2|switch 5
|
|switch|p2a: Chansey|Chansey|703\/703
|move|p1a: Chansey|Seismic Toss|p2a: Chansey
|-damage|p2a: Chansey|603\/703
|
|turn|4
|choice|switch 5|move 1
|
|switch|p1a: Alakazam|Alakazam|313\/313 slp
|move|p2a: Chansey|Ice Beam|p1a: Alakazam
|-damage|p1a: Alakazam|251\/313 slp
|
|turn|5
|choice|move 2|move 2
|
|cant|p1a: Alakazam|slp
|move|p2a: Chansey|Thunderbolt|p1a: Alakazam
|-damage|p1a: Alakazam|187\/313 slp
|
|turn|6
|choice|switch 2|move 2
|
|switch|p1a: Exeggutor|Exeggutor|393\/393
|move|p2a: Chansey|Thunderbolt|p1a: Exeggutor
|-resisted|p1a: Exeggutor
|-damage|p1a: Exeggutor|359\/393
|
|turn|7
|choice|move 1|switch 5
|
|switch|p2a: Jynx|Jynx|333\/333 par
|move|p1a: Exeggutor|Sleep Powder|p2a: Jynx
|-fail|p2a: Jynx
|
|turn|8
|choice|switch 5|switch 2
|
|switch|p1a: Chansey|Chansey|573\/703
|switch|p2a: Snorlax|Snorlax|523\/523
|
|turn|9
|choice|move 3|move 1
|
|move|p1a: Chansey|Thunder Wave|p2a: Snorlax
|-status|p2a: Snorlax|par
|cant|p2a: Snorlax|par
|
|turn|10
|choice|move 4|move 1
|
|move|p1a: Chansey|Reflect|p1a: Chansey
|-start|p1a: Chansey|Reflect
|move|p2a: Snorlax|Body Slam|p1a: Chansey
|-damage|p1a: Chansey|431\/703
|
|turn|11
|choice|move 2|move 1
|
|move|p1a: Chansey|Seismic Toss|p2a: Snorlax
|-damage|p2a: Snorlax|423\/523 par
|move|p2a: Snorlax|Body Slam|p1a: Chansey
|-damage|p1a: Chansey|289\/703
|
|turn|12
|choice|move 1|switch 5
|
|switch|p2a: Chansey|Chansey|603\/703
|move|p1a: Chansey|Soft-Boiled|p1a: Chansey
|-heal|p1a: Chansey|640\/703
|
|turn|13
|choice|move 3|move 1
|
|move|p1a: Chansey|Thunder Wave|p2a: Chansey
|-status|p2a: Chansey|par
|move|p2a: Chansey|Ice Beam|p1a: Chansey
|-damage|p1a: Chansey|563\/703
|
|turn|14
|choice|switch 2|move 1
|
|switch|p1a: Alakazam|Alakazam|187\/313 slp
|move|p2a: Chansey|Ice Beam|p1a: Alakazam
|-damage|p1a: Alakazam|126\/313 slp
|
|turn|15
|choice|switch 3|switch 3
|
|switch|p1a: Snorlax|Snorlax|523\/523
|switch|p2a: Tauros|Tauros|353\/353
|
|turn|16
|choice|move 1|switch 5
|
|switch|p2a: Snorlax|Snorlax|423\/523 par
|move|p1a: Snorlax|Body Slam|p2a: Snorlax
|-damage|p2a: Snorlax|289\/523 par
|
|turn|17
|choice|move 1|move 3
|
|move|p1a: Snorlax|Body Slam|p2a: Snorlax
|-crit|p2a: Snorlax
|-damage|p2a: Snorlax|18\/523 par
|move|p2a: Snorlax|Self-Destruct|p1a: Snorlax
|-damage|p1a: Snorlax|64\/523
|faint|p2a: Snorlax
|choice||switch 5
|
|switch|p2a: Tauros|Tauros|353\/353
|turn|18
|choice|switch 5|move 1
|
|switch|p1a: Exeggutor|Exeggutor|359\/393
|move|p2a: Tauros|Body Slam|p1a: Exeggutor
|-crit|p1a: Exeggutor
|-damage|p1a: Exeggutor|148\/393
|
|turn|19
|choice|switch 5|switch 2
|
|switch|p2a: Jynx|Jynx|333\/333 par
|switch|p1a: Snorlax|Snorlax|64\/523
|
|turn|20
|choice|move 4|switch 4
|
|switch|p2a: Golem|Golem|363\/363
|move|p1a: Snorlax|Self-Destruct|p2a: Golem
|-resisted|p2a: Golem
|-damage|p2a: Golem|220\/363
|faint|p1a: Snorlax
|choice|switch 5|
|
|switch|p1a: Exeggutor|Exeggutor|148\/393
|turn|21
|choice|move 2|switch 4
|
|switch|p2a: Jynx|Jynx|333\/333 par
|move|p1a: Exeggutor|Psychic|p2a: Jynx
|-resisted|p2a: Jynx
|-damage|p2a: Jynx|266\/333 par
|
|turn|22
|choice|switch 2|move 4
|
|switch|p1a: Chansey|Chansey|563\/703
|cant|p2a: Jynx|par
|
|turn|23
|choice|move 2|move 4
|
|move|p1a: Chansey|Seismic Toss|p2a: Jynx
|-damage|p2a: Jynx|166\/333 par
|move|p2a: Jynx|Blizzard|p1a: Chansey
|-damage|p1a: Chansey|431\/703
|
|turn|24
|choice|move 2|switch 3
|
|switch|p2a: Chansey|Chansey|603\/703 par
|move|p1a: Chansey|Seismic Toss|p2a: Chansey|[miss]
|-miss|p1a: Chansey
|
|turn|25
|choice|switch 3|move 1
|
|switch|p1a: Alakazam|Alakazam|126\/313 slp
|move|p2a: Chansey|Ice Beam|p1a: Alakazam
|-damage|p1a: Alakazam|60\/313 slp
|
|turn|26
|choice|switch 2|move 1
|
|switch|p1a: Exeggutor|Exeggutor|148\/393
|cant|p2a: Chansey|par
|
|turn|27
|choice|move 2|switch 3
|
|switch|p2a: Jynx|Jynx|166\/333 par
|move|p1a: Exeggutor|Psychic|p2a: Jynx
|-resisted|p2a: Jynx
|-damage|p2a: Jynx|98\/333 par
|-unboost|p2a: Jynx|spd|1
|-unboost|p2a: Jynx|spa|1
|
|turn|28
|choice|move 2|move 4
|
|move|p1a: Exeggutor|Psychic|p2a: Jynx
|-crit|p2a: Jynx
|-resisted|p2a: Jynx
|-damage|p2a: Jynx|0 fnt
|faint|p2a: Jynx
|choice||switch 2
|
|switch|p2a: Tauros|Tauros|353\/353
|turn|29
|choice|switch 2|move 4
|
|switch|p1a: Alakazam|Alakazam|60\/313 slp
|move|p2a: Tauros|Hyper Beam|p1a: Alakazam
|-damage|p1a: Alakazam|0 fnt
|faint|p1a: Alakazam
|choice|switch 6|
|
|switch|p1a: Zapdos|Zapdos|383\/383
|turn|30
|choice|switch 2|switch 4
|
|switch|p2a: Golem|Golem|220\/363
|switch|p1a: Exeggutor|Exeggutor|148\/393
|
|turn|31
|choice|move 2|switch 6
|
|switch|p2a: Slowbro|Slowbro|393\/393
|move|p1a: Exeggutor|Psychic|p2a: Slowbro
|-resisted|p2a: Slowbro
|-damage|p2a: Slowbro|320\/393
|-unboost|p2a: Slowbro|spd|1
|-unboost|p2a: Slowbro|spa|1
|
|turn|32
|choice|move 1|move 2
|
|move|p1a: Exeggutor|Sleep Powder|p2a: Slowbro
|-status|p2a: Slowbro|slp
|cant|p2a: Slowbro|slp
|
|turn|33
|choice|move 2|switch 3
|
|switch|p2a: Chansey|Chansey|603\/703 par
|move|p1a: Exeggutor|Psychic|p2a: Chansey
|-damage|p2a: Chansey|489\/703 par
|
|turn|34
|choice|move 2|move 1
|
|move|p1a: Exeggutor|Psychic|p2a: Chansey
|-damage|p2a: Chansey|370\/703 par
|cant|p2a: Chansey|par
|
|turn|35
|choice|move 2|move 4
|
|move|p1a: Exeggutor|Psychic|p2a: Chansey
|-damage|p2a: Chansey|257\/703 par
|-unboost|p2a: Chansey|spd|1
|-unboost|p2a: Chansey|spa|1
|move|p2a: Chansey|Soft-Boiled|p2a: Chansey
|-heal|p2a: Chansey|608\/703 par
|
|turn|36
|choice|move 2|move 1
|
|move|p1a: Exeggutor|Psychic|p2a: Chansey
|-damage|p2a: Chansey|411\/703 par
|cant|p2a: Chansey|par
|
|turn|37
|choice|move 4|move 4
|
|move|p1a: Exeggutor|Explosion|p2a: Chansey
|-damage|p2a: Chansey|0 fnt
|faint|p2a: Chansey
|faint|p1a: Exeggutor
|choice|switch 4|switch 4
|
|switch|p2a: Tauros|Tauros|353\/353
|switch|p1a: Tauros|Tauros|353\/353
|turn|38
|choice|move 2|move 1
|
|move|p2a: Tauros|Body Slam|p1a: Tauros
|-damage|p1a: Tauros|248\/353
|move|p1a: Tauros|Body Slam|p2a: Tauros
|-damage|p2a: Tauros|250\/353
|
|turn|39
|choice|move 2|move 1
|
|move|p1a: Tauros|Body Slam|p2a: Tauros
|-damage|p2a: Tauros|142\/353
|move|p2a: Tauros|Body Slam|p1a: Tauros
|-crit|p1a: Tauros
|-damage|p1a: Tauros|50\/353
|
|turn|40
|choice|switch 3|move 1
|
|switch|p1a: Chansey|Chansey|431\/703
|move|p2a: Tauros|Body Slam|p1a: Chansey
|-crit|p1a: Chansey
|-damage|p1a: Chansey|0 fnt
|faint|p1a: Chansey
|choice|switch 3|
|
|switch|p1a: Tauros|Tauros|50\/353
|turn|41
|choice|move 3|switch 6
|
|switch|p2a: Golem|Golem|220\/363
|move|p1a: Tauros|Hyper Beam|p2a: Golem
|-crit|p2a: Golem
|-resisted|p2a: Golem
|-damage|p2a: Golem|80\/363
|
|turn|42
|-mustrecharge|p1a: Tauros
|-mustrecharge|p1a: Tauros
|choice|move 1|move 1
|
|cant|p1a: Tauros|recharge
|move|p2a: Golem|Earthquake|p1a: Tauros
|-damage|p1a: Tauros|0 fnt
|faint|p1a: Tauros
|choice|switch 2|
|
|switch|p1a: Zapdos|Zapdos|383\/383
|turn|43
|choice|move 1|move 3
|
|move|p1a: Zapdos|Drill Peck|p2a: Golem
|-resisted|p2a: Golem
|-damage|p2a: Golem|45\/363
|move|p2a: Golem|Explosion|p1a: Zapdos
|-damage|p1a: Zapdos|88\/383
|faint|p2a: Golem
|choice||switch 6
|
|switch|p2a: Tauros|Tauros|142\/353
|turn|44
|c|★Peasounay|gg
|c|★Groudon80|gg
|choice|move 2|move 4
|
|move|p2a: Tauros|Hyper Beam|p1a: Zapdos
|-damage|p1a: Zapdos|0 fnt
|faint|p1a: Zapdos
|
|win|Groudon80
|player|p1
|player|p2
|c|★Peasounay|lol
|raw|Peasounay's rating: 1567 &rarr; <strong>1539<\/strong><br \/>(-28 for losing)
|raw|Groudon80's rating: 1421 &rarr; <strong>1449<\/strong><br \/>(+28 for winning)
|c|★Peasounay|u crazy
|l|Peasounay