|join|Psychedelic Trip
|join|Mimsycott
|player|p1|Psychedelic Trip|168
|player|p2|Mimsycott|249
|gametype|singles
|gen|1
|tier|[Gen 1] Random Battle
|rated
|rule|Sleep Clause Mod: Limit one foe put to sleep
|rule|Freeze Clause Mod: Limit one foe frozen
|rule|HP Percentage Mod: HP is shown in percentages
|
|start
|switch|p1a: Zapdos|Zapdos, L79|304\/304
|switch|p2a: Alakazam|Alakazam, L79|249\/249
|turn|1
|
|move|p2a: Alakazam|Psychic|p1a: Zapdos
|-crit|p1a: Zapdos
|-damage|p1a: Zapdos|140\/304
|-unboost|p1a: Zapdos|spd|1
|-unboost|p1a: Zapdos|spa|1
|move|p1a: Zapdos|Drill Peck|p2a: Alakazam
|-damage|p2a: Alakazam|135\/249
|
|turn|2
|
|switch|p1a: Dratini|Dratini, L96|274\/274
|move|p2a: Alakazam|Psychic|p1a: Dratini
|-crit|p1a: Dratini
|-damage|p1a: Dratini|16\/274
|
|turn|3
|
|move|p2a: Alakazam|Psychic|p1a: Dratini
|-crit|p1a: Dratini
|-damage|p1a: Dratini|0 fnt
|faint|p1a: Dratini
|
|switch|p1a: Doduo|Doduo, L96|262\/262
|turn|4
|
|move|p2a: Alakazam|Psychic|p1a: Doduo
|-damage|p1a: Doduo|120\/262
|move|p1a: Doduo|Body Slam|p2a: Alakazam
|-damage|p2a: Alakazam|0 fnt
|faint|p2a: Alakazam
|
|switch|p2a: Persian|Persian, L79|265\/265
|turn|5
|
|switch|p1a: Zapdos|Zapdos, L79|140\/304
|move|p2a: Persian|Slash|p1a: Zapdos
|-crit|p1a: Zapdos
|-damage|p1a: Zapdos|23\/304
|
|turn|6
|
|move|p2a: Persian|Slash|p1a: Zapdos
|-crit|p1a: Zapdos
|-damage|p1a: Zapdos|0 fnt
|faint|p1a: Zapdos
|
|switch|p1a: Dewgong|Dewgong, L85|327\/327
|turn|7
|
|move|p2a: Persian|Slash|p1a: Dewgong
|-crit|p1a: Dewgong
|-damage|p1a: Dewgong|225\/327
|move|p1a: Dewgong|Surf|p2a: Persian
|-crit|p2a: Persian
|-damage|p2a: Persian|10\/265
|
|turn|8
|
|move|p2a: Persian|Hyper Beam|p1a: Dewgong
|-damage|p1a: Dewgong|95\/327
|move|p1a: Dewgong|Surf|p2a: Persian
|-damage|p2a: Persian|0 fnt
|faint|p2a: Persian
|
|switch|p2a: Gengar|Gengar, L79|257\/257
|turn|9
|
|switch|p1a: Sandslash|Sandslash, L85|301\/301
|move|p2a: Gengar|Psychic|p1a: Sandslash
|-damage|p1a: Sandslash|212\/301
|-unboost|p1a: Sandslash|spd|1
|-unboost|p1a: Sandslash|spa|1
|
|turn|10
|
|switch|p2a: Starmie|Starmie, L79|257\/257
|move|p1a: Sandslash|Earthquake|p2a: Starmie
|-damage|p2a: Starmie|143\/257
|
|turn|11
|
|switch|p1a: Cloyster|Cloyster, L83|253\/253
|move|p2a: Starmie|Surf|p1a: Cloyster
|-crit|p1a: Cloyster
|-resisted|p1a: Cloyster
|-damage|p1a: Cloyster|161\/253
|
|turn|12
|
|move|p2a: Starmie|Recover|p2a: Starmie
|-heal|p2a: Starmie|257\/257
|move|p1a: Cloyster|Toxic|p2a: Starmie
|-status|p2a: Starmie|tox
|
|turn|13
|
|switch|p1a: Dewgong|Dewgong, L85|95\/327
|move|p2a: Starmie|Surf|p1a: Dewgong
|-resisted|p1a: Dewgong
|-damage|p1a: Dewgong|50\/327
|-damage|p2a: Starmie|241\/257 tox|[from] tox|[of] p1a: Dewgong
|
|turn|14
|
|move|p2a: Starmie|Thunder Wave|p1a: Dewgong
|-status|p1a: Dewgong|par
|-damage|p2a: Starmie|209\/257 tox|[from] tox|[of] p1a: Dewgong
|cant|p1a: Dewgong|par
|
|turn|15
|
|switch|p2a: Fearow|Fearow, L85|284\/284
|switch|p1a: Cloyster|Cloyster, L83|161\/253
|
|turn|16
|
|move|p2a: Fearow|Hyper Beam|p1a: Cloyster
|-damage|p1a: Cloyster|65\/253
|move|p1a: Cloyster|Ice Beam|p2a: Fearow
|-supereffective|p2a: Fearow
|-damage|p2a: Fearow|77\/284
|
|turn|17
|-mustrecharge|p2a: Fearow
|-mustrecharge|p2a: Fearow
|
|cant|p2a: Fearow|recharge
|move|p1a: Cloyster|Ice Beam|p2a: Fearow
|-supereffective|p2a: Fearow
|-damage|p2a: Fearow|0 fnt
|faint|p2a: Fearow
|
|switch|p2a: Gengar|Gengar, L79|257\/257
|turn|18
|
|switch|p1a: Sandslash|Sandslash, L85|212\/301
|move|p2a: Gengar|Psychic|p1a: Sandslash
|-damage|p1a: Sandslash|122\/301
|
|turn|19
|
|switch|p2a: Starmie|Starmie, L79|209\/257 tox
|-status|p2a: Starmie|psn
|-damage|p2a: Starmie|193\/257 psn|[from] psn
|move|p1a: Sandslash|Earthquake|p2a: Starmie
|-damage|p2a: Starmie|79\/257 psn
|
|turn|20
|
|switch|p1a: Doduo|Doduo, L96|120\/262
|move|p2a: Starmie|Blizzard|p1a: Doduo|[miss]
|-miss|p2a: Starmie
|-damage|p2a: Starmie|63\/257 psn|[from] psn|[of] p1a: Doduo
|
|turn|21
|
|move|p2a: Starmie|Surf|p1a: Doduo
|-damage|p1a: Doduo|0 fnt
|faint|p1a: Doduo
|
|switch|p1a: Cloyster|Cloyster, L83|65\/253
|turn|22
|
|move|p2a: Starmie|Thunder Wave|p1a: Cloyster
|-status|p1a: Cloyster|par
|-damage|p2a: Starmie|47\/257 psn|[from] psn|[of] p1a: Cloyster
|move|p1a: Cloyster|Ice Beam|p2a: Starmie
|-resisted|p2a: Starmie
|-damage|p2a: Starmie|2\/257 psn
|
|turn|23
|
|switch|p1a: Dewgong|Dewgong, L85|50\/327 par
|move|p2a: Starmie|Recover|p2a: Starmie
|-fail|p2a: Starmie
|-damage|p2a: Starmie|0 fnt|[from] psn
|faint|p2a: Starmie
|c|★Mimsycott|whatr
|c|★Mimsycott|lol
|c|★Psychedelic Trip|tf haha?
|c|★Mimsycott|since when does recover fail?
|
|switch|p2a: Nidoqueen|Nidoqueen, L85|327\/327
|turn|24
|c|★Psychedelic Trip|for real aha
|
|move|p2a: Nidoqueen|Body Slam|p1a: Dewgong
|-damage|p1a: Dewgong|0 fnt
|faint|p1a: Dewgong
|
|switch|p1a: Cloyster|Cloyster, L83|65\/253 par
|turn|25
|
|move|p2a: Nidoqueen|Thunderbolt|p1a: Cloyster
|-supereffective|p1a: Cloyster
|-damage|p1a: Cloyster|0 fnt
|faint|p1a: Cloyster
|
|switch|p1a: Sandslash|Sandslash, L85|122\/301
|turn|26
|c|★Mimsycott|so apparently if it is a multiple of a certain number (one less than 256) it fails
|
|move|p2a: Nidoqueen|Blizzard|p1a: Sandslash
|-supereffective|p1a: Sandslash
|-damage|p1a: Sandslash|0 fnt
|faint|p1a: Sandslash
|
|win|Mimsycott
|raw|Ladder updating...
|raw|Psychedelic Trip's rating: 1288 &rarr; <strong>1257<\/strong><br \/>(-31 for losing)
|raw|Mimsycott's rating: 1205 &rarr; <strong>1236<\/strong><br \/>(+31 for winning)
|c|★Mimsycott|only in gen 1
|c|★Psychedelic Trip|gotta love it
|c|★Mimsycott|jank math all day