|join|Fake Laughter
|join|Gymleaderfabe
|player|p1|Fake Laughter|113
|player|p2|Gymleaderfabe|9
|gametype|singles
|gen|1
|tier|[Gen 1] Random Battle
|rated
|seed|36320,28157,38846,17894
|rule|Sleep Clause Mod: Limit one foe put to sleep
|rule|Freeze Clause Mod: Limit one foe frozen
|rule|HP Percentage Mod: HP is shown in percentages
|
|start
|switch|p1a: Magmar|Magmar, L90|300\/300
|switch|p2a: Venonat|Venonat, L96|310\/310
|turn|1
|choice|move 1|switch 5
|
|switch|p2a: Golem|Golem, L79|288\/288
|move|p1a: Magmar|Fire Blast|p2a: Golem
|-resisted|p2a: Golem
|-damage|p2a: Golem|188\/288
|
|turn|2
|choice|switch 4|move 4
|
|switch|p1a: Articuno|Articuno, L79|304\/304
|move|p2a: Golem|Earthquake|p1a: Articuno
|-immune|p1a: Articuno|[msg]
|
|turn|3
|choice|move 2|switch 4
|
|switch|p2a: Chansey|Chansey, L79|557\/557
|move|p1a: Articuno|Blizzard|p2a: Chansey
|-damage|p2a: Chansey|441\/557
|
|turn|4
|choice|switch 4|move 4
|
|switch|p1a: Magmar|Magmar, L90|300\/300
|move|p2a: Chansey|Thunder Wave|p1a: Magmar
|-status|p1a: Magmar|par
|
|turn|5
|choice|move 4|move 3
|
|move|p2a: Chansey|Thunderbolt|p1a: Magmar
|-damage|p1a: Magmar|238\/300 par
|move|p1a: Magmar|Confuse Ray|p2a: Chansey
|-start|p2a: Chansey|confusion
|
|turn|6
|c|★Gymleaderfabe|thanks
|c|★Gymleaderfabe|now im confused about life
|choice|move 1|switch 4
|
|switch|p2a: Golem|Golem, L79|188\/288
|move|p1a: Magmar|Fire Blast|p2a: Golem
|-resisted|p2a: Golem
|-damage|p2a: Golem|88\/288
|
|turn|7
|choice|move 1|move 2
|
|move|p2a: Golem|Explosion|p1a: Magmar
|-damage|p1a: Magmar|0 fnt
|faint|p1a: Magmar
|faint|p2a: Golem
|choice|switch 5|switch 4
|
|switch|p1a: Beedrill|Beedrill, L90|300\/300
|switch|p2a: Chansey|Chansey, L79|441\/557
|turn|8
|choice|move 1|move 4
|
|move|p1a: Beedrill|Swords Dance|p1a: Beedrill
|-boost|p1a: Beedrill|atk|2
|move|p2a: Chansey|Thunder Wave|p1a: Beedrill
|-status|p1a: Beedrill|par
|
|turn|9
|choice|move 2|switch 3
|
|switch|p2a: Exeggutor|Exeggutor, L79|312\/312
|cant|p1a: Beedrill|par
|
|turn|10
|choice|move 4|move 3
|
|move|p2a: Exeggutor|Psychic|p1a: Beedrill
|-supereffective|p1a: Beedrill
|-damage|p1a: Beedrill|49\/300 par
|move|p1a: Beedrill|Twineedle|p2a: Exeggutor
|-supereffective|p2a: Exeggutor
|-damage|p2a: Exeggutor|83\/312
|-damage|p2a: Exeggutor|0 fnt
|-hitcount|p2a: Exeggutor|2
|faint|p2a: Exeggutor
|choice||switch 2
|
|switch|p2a: Caterpie|Caterpie, L99|290\/290
|turn|11
|choice|move 2|move 1
|
|move|p2a: Caterpie|Tackle|p1a: Beedrill
|-damage|p1a: Beedrill|25\/300 par
|move|p1a: Beedrill|Agility|p1a: Beedrill
|-boost|p1a: Beedrill|spe|2
|
|turn|12
|c|★Gymleaderfabe|go caterpie!!!
|choice|move 3|move 1
|
|move|p1a: Beedrill|Hyper Beam|p2a: Caterpie
|-damage|p2a: Caterpie|3\/290
|move|p2a: Caterpie|Tackle|p1a: Beedrill|[miss]
|-miss|p2a: Caterpie
|
|turn|13
|-mustrecharge|p1a: Beedrill
|-mustrecharge|p1a: Beedrill
|choice|move 1|move 1
|
|cant|p1a: Beedrill|recharge
|move|p2a: Caterpie|Tackle|p1a: Beedrill
|-damage|p1a: Beedrill|1\/300 par
|
|turn|14
|c|★Gymleaderfabe|how the fuck do you mis a tackle
|c|★Gymleaderfabe|a FUCKING tackle
|c|★Gymleaderfabe|wtf
|choice|move 4|move 1
|
|move|p1a: Beedrill|Twineedle|p2a: Caterpie
|-crit|p2a: Caterpie
|-damage|p2a: Caterpie|0 fnt
|-hitcount|p2a: Caterpie|1
|faint|p2a: Caterpie
|choice||switch 3
|
|switch|p2a: Chansey|Chansey, L79|441\/557
|turn|15
|-message|Gymleaderfabe forfeited.
|
|win|Fake Laughter
|leave|Gymleaderfabe
|player|p2
|raw|Fake Laughter's rating: 1040 &rarr; <strong>1079<\/strong><br \/>(+39 for winning)
|raw|Gymleaderfabe's rating: 1091 &rarr; <strong>1064<\/strong><br \/>(-27 for losing)