|j|Merlin Engine
|j|Mega-Noctali
|player|p1|Merlin Engine|165
|player|p2|Mega-Noctali|65
|gametype|singles
|gen|1
|tier|[Gen 1] Random Battle
|rated
|seed|2164,39645,64329,6648
|rule|Sleep Clause Mod: Limit one foe put to sleep
|rule|Freeze Clause Mod: Limit one foe frozen
|rule|HP Percentage Mod: HP is shown in percentages
|
|start
|switch|p1a: Tentacool|Tentacool, L96|272\/272
|switch|p2a: Rhydon|Rhydon, L79|328\/328
|turn|1
|choice|move 4|switch 3
|
|switch|p2a: Vileplume|Vileplume, L90|318\/318
|move|p1a: Tentacool|Hydro Pump|p2a: Vileplume
|-resisted|p2a: Vileplume
|-damage|p2a: Vileplume|248\/318
|
|turn|2
|choice|move 2|move 2
|
|move|p1a: Tentacool|Blizzard|p2a: Vileplume
|-supereffective|p2a: Vileplume
|-damage|p2a: Vileplume|71\/318
|move|p2a: Vileplume|Mega Drain|p1a: Tentacool
|-crit|p1a: Tentacool
|-damage|p1a: Tentacool|190\/272
|-heal|p2a: Vileplume|112\/318|[from] drain|[of] p1a: Tentacool
|
|turn|3
|choice|move 2|move 1
|
|move|p1a: Tentacool|Blizzard|p2a: Vileplume|[miss]
|-miss|p1a: Tentacool
|move|p2a: Vileplume|Sleep Powder|p1a: Tentacool
|-status|p1a: Tentacool|slp
|
|turn|4
|choice|switch 4|move 3
|
|switch|p1a: Ninetales|Ninetales, L85|298\/298
|move|p2a: Vileplume|Swords Dance|p2a: Vileplume
|-boost|p2a: Vileplume|atk|2
|
|turn|5
|choice|move 1|move 4
|
|move|p1a: Ninetales|Fire Blast|p2a: Vileplume
|-crit|p2a: Vileplume
|-supereffective|p2a: Vileplume
|-damage|p2a: Vileplume|0 fnt
|faint|p2a: Vileplume
|choice||switch 6
|
|switch|p2a: Seaking|Seaking, L90|327\/327
|turn|6
|choice|switch 5|move 3
|
|switch|p1a: Slowbro|Slowbro, L79|312\/312
|move|p2a: Seaking|Surf|p1a: Slowbro
|-resisted|p1a: Slowbro
|-damage|p1a: Slowbro|254\/312
|
|turn|7
|choice|move 4|move 3
|
|move|p2a: Seaking|Surf|p1a: Slowbro
|-resisted|p1a: Slowbro
|-damage|p1a: Slowbro|192\/312
|move|p1a: Slowbro|Thunder Wave|p2a: Seaking
|-status|p2a: Seaking|par
|
|turn|8
|choice|move 2|move 3
|
|move|p1a: Slowbro|Amnesia|p1a: Slowbro
|-boost|p1a: Slowbro|spd|2
|-boost|p1a: Slowbro|spa|2
|move|p2a: Seaking|Surf|p1a: Slowbro
|-resisted|p1a: Slowbro
|-damage|p1a: Slowbro|165\/312
|
|turn|9
|choice|move 2|move 2
|
|move|p1a: Slowbro|Amnesia|p1a: Slowbro
|-boost|p1a: Slowbro|spd|2
|-boost|p1a: Slowbro|spa|2
|move|p2a: Seaking|Blizzard|p1a: Slowbro
|-resisted|p1a: Slowbro
|-damage|p1a: Slowbro|149\/312
|
|turn|10
|choice|move 2|move 4
|
|move|p1a: Slowbro|Amnesia|p1a: Slowbro
|-boost|p1a: Slowbro|spd|2
|-boost|p1a: Slowbro|spa|2
|move|p2a: Seaking|Hyper Beam|p1a: Slowbro
|-crit|p1a: Slowbro
|-damage|p1a: Slowbro|0 fnt
|faint|p1a: Slowbro
|choice|switch 2|
|
|switch|p1a: Persian|Persian, L79|265\/265
|turn|11
|choice|move 1|move 2
|
|move|p1a: Persian|Slash|p2a: Seaking
|-crit|p2a: Seaking
|-damage|p2a: Seaking|208\/327 par
|move|p2a: Seaking|Blizzard|p1a: Persian
|-crit|p1a: Persian
|-damage|p1a: Persian|63\/265
|
|turn|12
|choice|move 1|move 4
|
|move|p1a: Persian|Slash|p2a: Seaking
|-crit|p2a: Seaking
|-damage|p2a: Seaking|87\/327 par
|move|p2a: Seaking|Hyper Beam|p1a: Persian
|-damage|p1a: Persian|0 fnt
|faint|p1a: Persian
|choice|switch 6|
|
|switch|p1a: Primeape|Primeape, L90|300\/300
|turn|13
|choice|move 2|move 2
|
|move|p1a: Primeape|Hyper Beam|p2a: Seaking|[miss]
|-miss|p1a: Primeape
|cant|p2a: Seaking|par
|
|turn|14
|choice|move 4|move 2
|
|move|p1a: Primeape|Submission|p2a: Seaking|[miss]
|-miss|p1a: Primeape
|move|p2a: Seaking|Blizzard|p1a: Primeape
|-damage|p1a: Primeape|200\/300
|
|turn|15
|choice|move 2|move 3
|
|move|p1a: Primeape|Hyper Beam|p2a: Seaking
|-damage|p2a: Seaking|0 fnt
|faint|p2a: Seaking
|choice||switch 2
|
|switch|p2a: Jynx|Jynx, L79|265\/265
|turn|16
|choice|switch 5|move 4
|
|switch|p1a: Ninetales|Ninetales, L85|298\/298
|move|p2a: Jynx|Psychic|p1a: Ninetales
|-crit|p1a: Ninetales
|-damage|p1a: Ninetales|144\/298
|-unboost|p1a: Ninetales|spd|1
|-unboost|p1a: Ninetales|spa|1
|
|turn|17
|choice|switch 4|move 4
|
|switch|p1a: Tentacool|Tentacool, L96|190\/272 slp
|move|p2a: Jynx|Psychic|p1a: Tentacool
|-supereffective|p1a: Tentacool
|-damage|p1a: Tentacool|46\/272 slp
|-unboost|p1a: Tentacool|spd|1
|-unboost|p1a: Tentacool|spa|1
|
|turn|18
|choice|move 4|move 4
|
|move|p2a: Jynx|Psychic|p1a: Tentacool
|-supereffective|p1a: Tentacool
|-damage|p1a: Tentacool|0 fnt
|faint|p1a: Tentacool
|choice|switch 4|
|
|switch|p1a: Ninetales|Ninetales, L85|144\/298
|turn|19
|choice|move 1|switch 3
|
|switch|p2a: Rhydon|Rhydon, L79|328\/328
|move|p1a: Ninetales|Fire Blast|p2a: Rhydon
|-resisted|p2a: Rhydon
|-damage|p2a: Rhydon|222\/328
|
|turn|20
|choice|switch 5|move 3
|
|switch|p1a: Primeape|Primeape, L90|200\/300
|move|p2a: Rhydon|Earthquake|p1a: Primeape
|-damage|p1a: Primeape|73\/300
|
|turn|21
|choice|move 4|move 3
|
|move|p1a: Primeape|Submission|p2a: Rhydon
|-supereffective|p2a: Rhydon
|-damage|p2a: Rhydon|55\/328
|-damage|p1a: Primeape|32\/300|[from] recoil|[of] p2a: Rhydon
|move|p2a: Rhydon|Earthquake|p1a: Primeape
|-crit|p1a: Primeape
|-damage|p1a: Primeape|0 fnt
|faint|p1a: Primeape
|choice|switch 5|
|
|switch|p1a: Ninetales|Ninetales, L85|144\/298
|turn|22
|choice|move 1|switch 4
|
|switch|p2a: Moltres|Moltres, L85|327\/327
|move|p1a: Ninetales|Fire Blast|p2a: Moltres
|-resisted|p2a: Moltres
|-damage|p2a: Moltres|275\/327
|
|turn|23
|choice|switch 3|move 1
|
|switch|p1a: Geodude|Geodude, L96|272\/272
|move|p2a: Moltres|Fire Blast|p1a: Geodude|[miss]
|-miss|p2a: Moltres
|
|turn|24
|choice|move 3|switch 5
|
|switch|p2a: Lickitung|Lickitung, L90|345\/345
|move|p1a: Geodude|Rock Slide|p2a: Lickitung
|-damage|p2a: Lickitung|259\/345
|
|turn|25
|choice|move 1|move 2
|
|move|p2a: Lickitung|Swords Dance|p2a: Lickitung
|-boost|p2a: Lickitung|atk|2
|move|p1a: Geodude|Earthquake|p2a: Lickitung
|-damage|p2a: Lickitung|129\/345
|
|turn|26
|choice|move 1|move 3
|
|move|p2a: Lickitung|Earthquake|p1a: Geodude
|-supereffective|p1a: Geodude
|-damage|p1a: Geodude|83\/272
|move|p1a: Geodude|Earthquake|p2a: Lickitung
|-damage|p2a: Lickitung|14\/345
|
|turn|27
|choice|move 4|move 3
|
|move|p2a: Lickitung|Earthquake|p1a: Geodude
|-supereffective|p1a: Geodude
|-damage|p1a: Geodude|0 fnt
|faint|p1a: Geodude
|choice|switch 3|
|
|switch|p1a: Ninetales|Ninetales, L85|144\/298
|turn|28
|choice|move 2|move 1
|
|move|p1a: Ninetales|Hyper Beam|p2a: Lickitung
|-damage|p2a: Lickitung|0 fnt
|faint|p2a: Lickitung
|c|★Mega-Noctali|gg
|choice||switch 5
|
|switch|p2a: Moltres|Moltres, L85|275\/327
|turn|29
|choice|move 4|move 1
|
|move|p1a: Ninetales|Confuse Ray|p2a: Moltres
|-start|p2a: Moltres|confusion
|-activate|p2a: Moltres|confusion
|-damage|p2a: Moltres|243\/327|[from] confusion
|
|turn|30
|choice|move 3|move 1
|
|move|p1a: Ninetales|Reflect|p1a: Ninetales
|-start|p1a: Ninetales|Reflect
|-activate|p2a: Moltres|confusion
|move|p2a: Moltres|Fire Blast|p1a: Ninetales
|-resisted|p1a: Ninetales
|-damage|p1a: Ninetales|78\/298
|
|turn|31
|choice|move 2|move 4
|
|move|p1a: Ninetales|Hyper Beam|p2a: Moltres
|-damage|p2a: Moltres|150\/327
|-activate|p2a: Moltres|confusion
|move|p2a: Moltres|Hyper Beam|p1a: Ninetales
|-damage|p1a: Ninetales|16\/298
|
|turn|32
|-mustrecharge|p1a: Ninetales
|-mustrecharge|p2a: Moltres
|-mustrecharge|p2a: Moltres
|-mustrecharge|p1a: Ninetales
|choice|move 1|move 1
|
|cant|p1a: Ninetales|recharge
|cant|p2a: Moltres|recharge
|
|turn|33
|choice|move 1|move 4
|
|move|p1a: Ninetales|Fire Blast|p2a: Moltres
|-crit|p2a: Moltres
|-resisted|p2a: Moltres
|-damage|p2a: Moltres|49\/327
|-end|p2a: Moltres|confusion
|move|p2a: Moltres|Hyper Beam|p1a: Ninetales
|-damage|p1a: Ninetales|0 fnt
|faint|p1a: Ninetales
|
|win|Mega-Noctali
|raw|Merlin Engine's rating: 1259 &rarr; <strong>1227<\/strong><br \/>(-32 for losing)
|raw|Mega-Noctali's rating: 1152 &rarr; <strong>1184<\/strong><br \/>(+32 for winning)