|j|BulletTooth Tony
|j|WereTeenWolf
|player|p1|BulletTooth Tony|252
|player|p2|WereTeenWolf|290
|gametype|singles
|gen|1
|tier|[Gen 1] Random Battle
|rated
|seed|32851,62678,50191,2610
|rule|Sleep Clause Mod: Limit one foe put to sleep
|rule|Freeze Clause Mod: Limit one foe frozen
|rule|HP Percentage Mod: HP is shown in percentages
|
|start
|switch|p1a: Squirtle|Squirtle, L96|279\/279
|switch|p2a: Pinsir|Pinsir, L85|284\/284
|turn|1
|choice|move 3|move 4
|
|move|p2a: Pinsir|Swords Dance|p2a: Pinsir
|-boost|p2a: Pinsir|atk|2
|move|p1a: Squirtle|Blizzard|p2a: Pinsir
|-damage|p2a: Pinsir|193\/284
|-status|p2a: Pinsir|frz
|
|turn|2
|choice|move 4|move 2
|
|cant|p2a: Pinsir|frz
|move|p1a: Squirtle|Mimic|p2a: Pinsir
|-start|p1a: Squirtle|Mimic|Submission
|
|turn|3
|choice|move 2|move 2
|
|cant|p2a: Pinsir|frz
|move|p1a: Squirtle|Body Slam|p2a: Pinsir
|-damage|p2a: Pinsir|145\/284 frz
|
|turn|4
|choice|move 2|move 2
|
|cant|p2a: Pinsir|frz
|move|p1a: Squirtle|Body Slam|p2a: Pinsir
|-damage|p2a: Pinsir|98\/284 frz
|
|turn|5
|choice|move 2|move 2
|
|cant|p2a: Pinsir|frz
|move|p1a: Squirtle|Body Slam|p2a: Pinsir
|-damage|p2a: Pinsir|52\/284 frz
|
|turn|6
|choice|move 2|move 2
|
|cant|p2a: Pinsir|frz
|move|p1a: Squirtle|Body Slam|p2a: Pinsir
|-damage|p2a: Pinsir|5\/284 frz
|
|turn|7
|choice|move 2|move 2
|
|cant|p2a: Pinsir|frz
|move|p1a: Squirtle|Body Slam|p2a: Pinsir
|-crit|p2a: Pinsir
|-damage|p2a: Pinsir|0 fnt
|faint|p2a: Pinsir
|choice||switch 5
|
|switch|p2a: Electrode|Electrode, L90|291\/291
|turn|8
|choice|switch 3|move 4
|
|switch|p1a: Victreebel|Victreebel, L85|310\/310
|move|p2a: Electrode|Reflect|p2a: Electrode
|-start|p2a: Electrode|Reflect
|
|turn|9
|choice|move 3|move 2
|
|move|p2a: Electrode|Thunder Wave|p1a: Victreebel
|-status|p1a: Victreebel|par
|cant|p1a: Victreebel|par
|
|turn|10
|choice|move 3|move 3
|
|move|p2a: Electrode|Flash|p1a: Victreebel
|-unboost|p1a: Victreebel|accuracy|1
|move|p1a: Victreebel|Stun Spore|p2a: Electrode
|-status|p2a: Electrode|par
|
|turn|11
|choice|move 1|move 3
|
|move|p2a: Electrode|Flash|p1a: Victreebel|[miss]
|-miss|p2a: Electrode
|cant|p1a: Victreebel|par
|
|turn|12
|choice|switch 2|move 3
|
|switch|p1a: Machoke|Machoke, L85|310\/310
|move|p2a: Electrode|Flash|p1a: Machoke|[miss]
|-miss|p2a: Electrode
|
|turn|13
|choice|move 3|move 2
|
|move|p1a: Machoke|Earthquake|p2a: Electrode
|-supereffective|p2a: Electrode
|-damage|p2a: Electrode|216\/291 par
|cant|p2a: Electrode|par
|
|turn|14
|choice|move 3|move 2
|
|move|p1a: Machoke|Earthquake|p2a: Electrode
|-supereffective|p2a: Electrode
|-damage|p2a: Electrode|131\/291 par
|move|p2a: Electrode|Thunder Wave|p1a: Machoke
|-status|p1a: Machoke|par
|
|turn|15
|choice|move 3|move 3
|
|cant|p2a: Electrode|par
|move|p1a: Machoke|Earthquake|p2a: Electrode
|-supereffective|p2a: Electrode
|-damage|p2a: Electrode|50\/291 par
|
|turn|16
|choice|move 3|move 1
|
|move|p2a: Electrode|Explosion|p1a: Machoke
|-damage|p1a: Machoke|88\/310 par
|faint|p2a: Electrode
|choice||switch 2
|
|switch|p2a: Scyther|Scyther, L90|309\/309
|turn|17
|choice|move 4|move 1
|
|move|p2a: Scyther|Swords Dance|p2a: Scyther
|-boost|p2a: Scyther|atk|2
|move|p1a: Machoke|Rock Slide|p2a: Scyther|[miss]
|-miss|p1a: Machoke
|
|turn|18
|choice|move 4|move 2
|
|move|p2a: Scyther|Hyper Beam|p1a: Machoke
|-crit|p1a: Machoke
|-damage|p1a: Machoke|0 fnt
|faint|p1a: Machoke
|choice|switch 2|
|
|switch|p1a: Victreebel|Victreebel, L85|310\/310 par
|turn|19
|choice|move 3|move 1
|
|move|p2a: Scyther|Swords Dance|p2a: Scyther
|-boost|p2a: Scyther|atk|2
|cant|p1a: Victreebel|par
|
|turn|20
|choice|move 3|move 2
|
|move|p2a: Scyther|Hyper Beam|p1a: Victreebel
|-damage|p1a: Victreebel|0 fnt
|faint|p1a: Victreebel
|choice|switch 5|
|
|switch|p1a: Articuno|Articuno, L79|304\/304
|turn|21
|choice|move 3|move 2
|
|move|p2a: Scyther|Hyper Beam|p1a: Articuno
|-damage|p1a: Articuno|0 fnt
|faint|p1a: Articuno
|choice|switch 4|
|
|switch|p1a: Mew|Mew, L74|300\/300
|turn|22
|choice|move 3|move 2
|
|move|p2a: Scyther|Hyper Beam|p1a: Mew
|-damage|p1a: Mew|0 fnt
|faint|p1a: Mew
|choice|switch 3|
|
|switch|p1a: Squirtle|Squirtle, L96|279\/279
|turn|23
|choice|move 3|move 1
|
|move|p2a: Scyther|Swords Dance|p2a: Scyther
|-boost|p2a: Scyther|atk|2
|move|p1a: Squirtle|Blizzard|p2a: Scyther
|-supereffective|p2a: Scyther
|-damage|p2a: Scyther|139\/309
|
|turn|24
|choice|move 2|move 2
|
|move|p2a: Scyther|Hyper Beam|p1a: Squirtle
|-damage|p1a: Squirtle|0 fnt
|faint|p1a: Squirtle
|choice|switch 6|
|
|switch|p1a: Kangaskhan|Kangaskhan, L85|352\/352
|turn|25
|choice|move 3|move 2
|
|move|p2a: Scyther|Hyper Beam|p1a: Kangaskhan
|-damage|p1a: Kangaskhan|0 fnt
|faint|p1a: Kangaskhan
|
|win|WereTeenWolf
|player|p1
|player|p2
|raw|BulletTooth Tony's rating: 1225 &rarr; <strong>1192<\/strong><br \/>(-33 for losing)
|raw|WereTeenWolf's rating: 1113 &rarr; <strong>1145<\/strong><br \/>(+32 for winning)