|j|ToolazytoEVtrain
|j|Ray Strong
|player|p1|ToolazytoEVtrain|56
|player|p2|Ray Strong|102
|gametype|singles
|gen|1
|tier|[Gen 1] OU
|rated
|seed|13343,8227,28513,27269
|rule|Sleep Clause Mod: Limit one foe put to sleep
|rule|Freeze Clause Mod: Limit one foe frozen
|rule|Species Clause: Limit one of each Pokémon
|rule|OHKO Clause: OHKO moves are banned
|rule|Evasion Moves Clause: Evasion moves are banned
|rule|HP Percentage Mod: HP is shown in percentages
|
|start
|switch|p1a: Melatonin|Gengar|323\/323
|switch|p2a: Exeggutor|Exeggutor|393\/393
|turn|1
|choice|move 2|move 3
|
|move|p1a: Melatonin|Hypnosis|p2a: Exeggutor|[miss]
|-miss|p1a: Melatonin
|move|p2a: Exeggutor|Psychic|p1a: Melatonin
|-supereffective|p1a: Melatonin
|-damage|p1a: Melatonin|133\/323
|
|turn|2
|choice|switch 4|move 3
|
|switch|p1a: Really|Articuno|383\/383
|move|p2a: Exeggutor|Psychic|p1a: Really
|-damage|p1a: Really|272\/383
|
|turn|3
|choice|move 1|switch 3
|
|switch|p2a: Chansey|Chansey|703\/703
|move|p1a: Really|Blizzard|p2a: Chansey
|-crit|p2a: Chansey
|-damage|p2a: Chansey|375\/703
|
|turn|4
|choice|move 2|move 4
|
|move|p1a: Really|Double-Edge|p2a: Chansey
|-damage|p2a: Chansey|177\/703
|-damage|p1a: Really|223\/383|[from] recoil|[of] p2a: Chansey
|move|p2a: Chansey|Thunder Wave|p1a: Really
|-status|p1a: Really|par
|
|turn|5
|choice|move 4|move 3
|
|move|p2a: Chansey|Soft-Boiled|p2a: Chansey
|-heal|p2a: Chansey|528\/703
|cant|p1a: Really|par
|
|turn|6
|choice|move 2|move 2
|
|move|p2a: Chansey|Thunderbolt|p1a: Really
|-supereffective|p1a: Really
|-damage|p1a: Really|81\/383 par
|move|p1a: Really|Double-Edge|p2a: Chansey
|-damage|p2a: Chansey|337\/703
|-damage|p1a: Really|34\/383 par|[from] recoil|[of] p2a: Chansey
|
|turn|7
|choice|switch 2|move 3
|
|switch|p1a: Kick Rocks|Golem|363\/363
|move|p2a: Chansey|Soft-Boiled|p2a: Chansey
|-heal|p2a: Chansey|688\/703
|
|turn|8
|choice|move 4|switch 6
|
|switch|p2a: Starmie|Starmie|323\/323
|move|p1a: Kick Rocks|Body Slam|p2a: Starmie
|-damage|p2a: Starmie|246\/323
|
|turn|9
|choice|switch 5|move 1
|
|switch|p1a: Bud|Exeggutor|393\/393
|move|p2a: Starmie|Blizzard|p1a: Bud|[miss]
|-miss|p2a: Starmie
|
|turn|10
|choice|switch 3|switch 3
|
|switch|p2a: Exeggutor|Exeggutor|393\/393
|switch|p1a: Lsd|Starmie|323\/323
|
|turn|11
|choice|move 1|switch 6
|
|switch|p2a: Chansey|Chansey|688\/703
|move|p1a: Lsd|Blizzard|p2a: Chansey
|-crit|p2a: Chansey
|-damage|p2a: Chansey|502\/703
|
|turn|12
|choice|move 4|move 4
|
|move|p1a: Lsd|Thunder Wave|p2a: Chansey
|-status|p2a: Chansey|par
|move|p2a: Chansey|Thunder Wave|p1a: Lsd
|-status|p1a: Lsd|par
|
|turn|13
|choice|switch 5|move 2
|
|switch|p1a: Kick Rocks|Golem|363\/363
|move|p2a: Chansey|Thunderbolt|p1a: Kick Rocks
|-immune|p1a: Kick Rocks|[msg]
|
|turn|14
|choice|move 4|switch 3
|
|switch|p2a: Starmie|Starmie|246\/323
|move|p1a: Kick Rocks|Body Slam|p2a: Starmie
|-damage|p2a: Starmie|173\/323
|
|turn|15
|choice|switch 6|move 1
|
|switch|p1a: Forced to|Chansey|703\/703
|move|p2a: Starmie|Blizzard|p1a: Forced to
|-crit|p1a: Forced to
|-damage|p1a: Forced to|538\/703
|
|turn|16
|choice|move 2|switch 6
|
|switch|p2a: Exeggutor|Exeggutor|393\/393
|move|p1a: Forced to|Thunder Wave|p2a: Exeggutor
|-status|p2a: Exeggutor|par
|
|turn|17
|choice|switch 5|move 1
|
|switch|p1a: Lsd|Starmie|323\/323 par
|move|p2a: Exeggutor|Sleep Powder|p1a: Lsd|[miss]
|-miss|p2a: Exeggutor
|
|turn|18
|choice|move 1|switch 3
|
|switch|p2a: Chansey|Chansey|502\/703 par
|move|p1a: Lsd|Blizzard|p2a: Chansey
|-damage|p2a: Chansey|406\/703 par
|
|turn|19
|choice|switch 6|move 3
|
|switch|p1a: Kick Rocks|Golem|363\/363
|cant|p2a: Chansey|par
|
|turn|20
|choice|move 4|switch 6
|
|switch|p2a: Starmie|Starmie|173\/323
|move|p1a: Kick Rocks|Body Slam|p2a: Starmie
|-damage|p2a: Starmie|87\/323
|-status|p2a: Starmie|par
|
|turn|21
|choice|switch 6|switch 3
|
|switch|p1a: Lsd|Starmie|323\/323 par
|switch|p2a: Exeggutor|Exeggutor|393\/393 par
|
|turn|22
|choice|move 1|switch 6
|
|switch|p2a: Chansey|Chansey|406\/703 par
|cant|p1a: Lsd|par
|
|turn|23
|choice|switch 6|move 3
|
|switch|p1a: Kick Rocks|Golem|363\/363
|cant|p2a: Chansey|par
|
|turn|24
|choice|move 4|switch 6
|
|switch|p2a: Exeggutor|Exeggutor|393\/393 par
|move|p1a: Kick Rocks|Body Slam|p2a: Exeggutor
|-damage|p2a: Exeggutor|313\/393 par
|
|turn|25
|choice|switch 6|move 3
|
|switch|p1a: Lsd|Starmie|323\/323 par
|cant|p2a: Exeggutor|par
|
|turn|26
|choice|move 1|switch 6
|
|switch|p2a: Chansey|Chansey|406\/703 par
|move|p1a: Lsd|Blizzard|p2a: Chansey
|-crit|p2a: Chansey
|-damage|p2a: Chansey|225\/703 par
|
|turn|27
|choice|move 1|move 3
|
|cant|p1a: Lsd|par
|cant|p2a: Chansey|par
|
|turn|28
|choice|move 1|move 3
|
|cant|p1a: Lsd|par
|move|p2a: Chansey|Soft-Boiled|p2a: Chansey
|-heal|p2a: Chansey|576\/703 par
|
|turn|29
|choice|switch 6|move 2
|
|switch|p1a: Kick Rocks|Golem|363\/363
|cant|p2a: Chansey|par
|
|turn|30
|choice|move 4|move 1
|
|move|p1a: Kick Rocks|Body Slam|p2a: Chansey
|-damage|p2a: Chansey|391\/703 par
|move|p2a: Chansey|Blizzard|p1a: Kick Rocks
|-supereffective|p1a: Kick Rocks
|-damage|p1a: Kick Rocks|90\/363
|
|turn|31
|choice|move 2|switch 3
|
|switch|p2a: Starmie|Starmie|87\/323 par
|move|p1a: Kick Rocks|Explosion|p2a: Starmie
|-damage|p2a: Starmie|0 fnt
|faint|p2a: Starmie
|faint|p1a: Kick Rocks
|choice|switch 4|switch 6
|
|switch|p1a: Melatonin|Gengar|133\/323
|switch|p2a: Exeggutor|Exeggutor|313\/393 par
|turn|32
|choice|switch 2|move 3
|
|switch|p1a: Really|Articuno|34\/383 par
|move|p2a: Exeggutor|Psychic|p1a: Really
|-damage|p1a: Really|0 fnt
|faint|p1a: Really
|choice|switch 6|
|
|switch|p1a: Lsd|Starmie|323\/323 par
|turn|33
|choice|move 1|move 4
|
|move|p1a: Lsd|Blizzard|p2a: Exeggutor
|-supereffective|p2a: Exeggutor
|-damage|p2a: Exeggutor|160\/393 par
|move|p2a: Exeggutor|Explosion|p1a: Lsd
|-crit|p1a: Lsd
|-damage|p1a: Lsd|0 fnt
|faint|p1a: Lsd
|faint|p2a: Exeggutor
|choice|switch 2|switch 2
|
|switch|p2a: Alakazam|Alakazam|313\/313
|switch|p1a: Melatonin|Gengar|133\/323
|turn|34
|choice|switch 3|move 1
|
|switch|p1a: Bud|Exeggutor|393\/393
|move|p2a: Alakazam|Psychic|p1a: Bud
|-crit|p1a: Bud
|-resisted|p1a: Bud
|-damage|p1a: Bud|276\/393
|
|turn|35
|choice|move 2|switch 3
|
|switch|p2a: Chansey|Chansey|391\/703 par
|move|p1a: Bud|Sleep Powder|p2a: Chansey|[miss]
|-miss|p1a: Bud
|
|turn|36
|choice|switch 3|move 3
|
|switch|p1a: Melatonin|Gengar|133\/323
|move|p2a: Chansey|Soft-Boiled|p2a: Chansey
|-heal|p2a: Chansey|703\/703 par
|
|turn|37
|choice|move 2|move 2
|
|move|p1a: Melatonin|Hypnosis|p2a: Chansey
|-fail|p2a: Chansey
|move|p2a: Chansey|Thunderbolt|p1a: Melatonin
|-damage|p1a: Melatonin|68\/323
|
|turn|38
|choice|move 3|move 1
|
|move|p1a: Melatonin|Explosion|p2a: Chansey
|-damage|p2a: Chansey|114\/703 par
|faint|p1a: Melatonin
|choice|switch 5|
|
|switch|p1a: Forced to|Chansey|538\/703
|turn|39
|choice|move 1|move 3
|
|move|p1a: Forced to|Ice Beam|p2a: Chansey
|-damage|p2a: Chansey|33\/703 par
|move|p2a: Chansey|Soft-Boiled|p2a: Chansey
|-heal|p2a: Chansey|384\/703 par
|
|turn|40
|choice|switch 3|move 4
|
|switch|p1a: Bud|Exeggutor|276\/393
|move|p2a: Chansey|Thunder Wave|p1a: Bud
|-status|p1a: Bud|par
|
|turn|41
|choice|move 1|move 1
|
|move|p1a: Bud|Psychic|p2a: Chansey
|-damage|p2a: Chansey|263\/703 par
|-unboost|p2a: Chansey|spd|1
|-unboost|p2a: Chansey|spa|1
|move|p2a: Chansey|Blizzard|p1a: Bud
|-supereffective|p1a: Bud
|-damage|p1a: Bud|165\/393 par
|
|turn|42
|choice|move 1|switch 3
|
|switch|p2a: Alakazam|Alakazam|313\/313
|cant|p1a: Bud|par
|
|turn|43
|choice|move 2|move 4
|
|move|p2a: Alakazam|Seismic Toss|p1a: Bud
|-damage|p1a: Bud|65\/393 par
|cant|p1a: Bud|par
|
|turn|44
|choice|move 2|move 4
|
|move|p2a: Alakazam|Seismic Toss|p1a: Bud
|-damage|p1a: Bud|0 fnt
|faint|p1a: Bud
|choice|switch 3|
|
|switch|p1a: Forced to|Chansey|538\/703
|turn|45
|choice|move 2|move 2
|
|move|p2a: Alakazam|Thunder Wave|p1a: Forced to
|-status|p1a: Forced to|par
|cant|p1a: Forced to|par
|
|turn|46
|choice|move 2|switch 4
|
|switch|p2a: Snorlax|Snorlax|523\/523
|move|p1a: Forced to|Thunder Wave|p2a: Snorlax
|-status|p2a: Snorlax|par
|
|turn|47
|choice|move 1|move 1
|
|move|p1a: Forced to|Ice Beam|p2a: Snorlax
|-damage|p2a: Snorlax|418\/523 par
|move|p2a: Snorlax|Body Slam|p1a: Forced to
|-damage|p1a: Forced to|265\/703 par
|
|turn|48
|choice|move 3|move 1
|
|move|p2a: Snorlax|Body Slam|p1a: Forced to
|-damage|p1a: Forced to|0 fnt
|faint|p1a: Forced to
|
|win|Ray Strong
|player|p1
|player|p2
|c|★Ray Strong|gg
|c|★ToolazytoEVtrain|gg
|raw|ToolazytoEVtrain's rating: 1134 &rarr; <strong>1113<\/strong><br \/>(-21 for losing)
|raw|Ray Strong's rating: 1191 &rarr; <strong>1212<\/strong><br \/>(+21 for winning)
|l|ToolazytoEVtrain