|j|TSV3CTOR
|j|S1TheGod
|player|p1|TSV3CTOR|1
|player|p2|S1TheGod|3
|gametype|singles
|gen|1
|tier|[Gen 1] OU
|rated
|seed|
|rule|Sleep Clause Mod: Limit one foe put to sleep
|rule|Freeze Clause Mod: Limit one foe frozen
|rule|Species Clause: Limit one of each Pokémon
|rule|OHKO Clause: OHKO moves are banned
|rule|Evasion Moves Clause: Evasion moves are banned
|rule|HP Percentage Mod: HP is shown in percentages
|
|start
|switch|p1a: LexxApnea☆|Zapdos|100\/100
|switch|p2a: Alakazam|Alakazam|100\/100
|turn|1
|j|278josee
|c|★TSV3CTOR|gl hf
|choice||
|
|move|p2a: Alakazam|Psychic|p1a: LexxApnea☆
|-damage|p1a: LexxApnea☆|74\/100
|move|p1a: LexxApnea☆|Thunder Wave|p2a: Alakazam
|-status|p2a: Alakazam|par
|
|turn|2
|c|★S1TheGod|same to you
|choice||
|
|move|p1a: LexxApnea☆|Drill Peck|p2a: Alakazam
|-damage|p2a: Alakazam|53\/100 par
|move|p2a: Alakazam|Psychic|p1a: LexxApnea☆
|-damage|p1a: LexxApnea☆|44\/100
|-unboost|p1a: LexxApnea☆|spd|1
|-unboost|p1a: LexxApnea☆|spa|1
|
|turn|3
|l|278josee
|choice||
|
|switch|p1a: Amphorce|Alakazam|100\/100
|move|p2a: Alakazam|Recover|p2a: Alakazam
|-heal|p2a: Alakazam|100\/100 par
|
|turn|4
|choice||
|
|move|p1a: Amphorce|Substitute|p1a: Amphorce
|-start|p1a: Amphorce|Substitute
|-damage|p1a: Amphorce|76\/100
|move|p2a: Alakazam|Thunder Wave|p1a: Amphorce
|-status|p1a: Amphorce|par
|
|turn|5
|choice||
|
|cant|p1a: Amphorce|par
|cant|p2a: Alakazam|par
|
|turn|6
|choice||
|
|move|p1a: Amphorce|Seismic Toss|p2a: Alakazam
|-damage|p2a: Alakazam|69\/100 par
|cant|p2a: Alakazam|par
|
|turn|7
|choice||
|
|move|p1a: Amphorce|Seismic Toss|p2a: Alakazam
|-damage|p2a: Alakazam|37\/100 par
|move|p2a: Alakazam|Reflect|p2a: Alakazam
|-start|p2a: Alakazam|Reflect
|
|turn|8
|choice||
|
|move|p1a: Amphorce|Seismic Toss|p2a: Alakazam
|-damage|p2a: Alakazam|5\/100 par
|move|p2a: Alakazam|Recover|p2a: Alakazam
|-heal|p2a: Alakazam|54\/100 par
|
|turn|9
|choice||
|
|cant|p2a: Alakazam|par
|cant|p1a: Amphorce|par
|
|turn|10
|choice||
|
|move|p1a: Amphorce|Seismic Toss|p2a: Alakazam
|-damage|p2a: Alakazam|23\/100 par
|move|p2a: Alakazam|Recover|p2a: Alakazam
|-heal|p2a: Alakazam|72\/100 par
|
|turn|11
|choice||
|
|move|p1a: Amphorce|Seismic Toss|p2a: Alakazam
|-damage|p2a: Alakazam|40\/100 par
|move|p2a: Alakazam|Recover|p2a: Alakazam
|-heal|p2a: Alakazam|90\/100 par
|
|turn|12
|choice||
|
|move|p2a: Alakazam|Recover|p2a: Alakazam
|-heal|p2a: Alakazam|100\/100 par
|move|p1a: Amphorce|Seismic Toss|p2a: Alakazam
|-damage|p2a: Alakazam|69\/100 par
|
|turn|13
|choice||
|
|move|p1a: Amphorce|Seismic Toss|p2a: Alakazam
|-damage|p2a: Alakazam|37\/100 par
|move|p2a: Alakazam|Psychic|p1a: Amphorce
|-resisted|p1a: Amphorce
|-activate|p1a: Amphorce|Substitute|[damage]
|
|turn|14
|choice||
|
|move|p1a: Amphorce|Seismic Toss|p2a: Alakazam
|-damage|p2a: Alakazam|5\/100 par
|move|p2a: Alakazam|Recover|p2a: Alakazam
|-heal|p2a: Alakazam|54\/100 par
|
|turn|15
|choice||
|
|cant|p2a: Alakazam|par
|move|p1a: Amphorce|Seismic Toss|p2a: Alakazam
|-damage|p2a: Alakazam|23\/100 par
|
|turn|16
|choice||
|
|move|p2a: Alakazam|Recover|p2a: Alakazam
|-heal|p2a: Alakazam|72\/100 par
|move|p1a: Amphorce|Seismic Toss|p2a: Alakazam
|-damage|p2a: Alakazam|40\/100 par
|
|turn|17
|choice||
|
|move|p2a: Alakazam|Recover|p2a: Alakazam
|-heal|p2a: Alakazam|90\/100 par
|cant|p1a: Amphorce|par
|
|turn|18
|choice||
|
|move|p1a: Amphorce|Recover|p1a: Amphorce
|-heal|p1a: Amphorce|100\/100 par
|move|p2a: Alakazam|Psychic|p1a: Amphorce
|-resisted|p1a: Amphorce
|-end|p1a: Amphorce|Substitute
|
|turn|19
|choice||
|
|move|p2a: Alakazam|Psychic|p1a: Amphorce
|-resisted|p1a: Amphorce
|-damage|p1a: Amphorce|83\/100 par
|move|p1a: Amphorce|Substitute|p1a: Amphorce
|-start|p1a: Amphorce|Substitute
|-damage|p1a: Amphorce|58\/100 par
|
|turn|20
|choice||
|
|switch|p2a: Persian|Persian|100\/100
|cant|p1a: Amphorce|par
|
|turn|21
|choice||
|
|move|p2a: Persian|Slash|p1a: Amphorce
|-crit|p1a: Amphorce
|-end|p1a: Amphorce|Substitute
|move|p1a: Amphorce|Thunder Wave|p2a: Persian
|-status|p2a: Persian|par
|
|turn|22
|choice||
|
|switch|p1a: XezeMaster|Gengar|100\/100
|move|p2a: Persian|Slash|p1a: XezeMaster
|-immune|p1a: XezeMaster|[msg]
|
|turn|23
|choice||
|
|switch|p2a: Dragonite|Dragonite|100\/100
|move|p1a: XezeMaster|Psychic|p2a: Dragonite
|-damage|p2a: Dragonite|77\/100
|
|turn|24
|choice||
|
|move|p1a: XezeMaster|Hypnosis|p2a: Dragonite
|-status|p2a: Dragonite|slp
|cant|p2a: Dragonite|slp
|
|turn|25
|choice||
|
|switch|p1a: GemKing|Starmie|100\/100
|switch|p2a: Starmie|Starmie|100\/100
|
|turn|26
|choice||
|
|switch|p1a: Amphorce|Alakazam|58\/100 par
|move|p2a: Starmie|Thunderbolt|p1a: Amphorce
|-damage|p1a: Amphorce|38\/100 par
|
|turn|27
|choice||
|
|move|p2a: Starmie|Blizzard|p1a: Amphorce
|-damage|p1a: Amphorce|12\/100 par
|move|p1a: Amphorce|Thunder Wave|p2a: Starmie
|-status|p2a: Starmie|par
|
|turn|28
|choice||
|
|move|p1a: Amphorce|Recover|p1a: Amphorce
|-heal|p1a: Amphorce|62\/100 par
|move|p2a: Starmie|Thunderbolt|p1a: Amphorce
|-damage|p1a: Amphorce|42\/100 par
|
|turn|29
|choice||
|
|move|p1a: Amphorce|Recover|p1a: Amphorce
|-heal|p1a: Amphorce|92\/100 par
|move|p2a: Starmie|Psychic|p1a: Amphorce
|-resisted|p1a: Amphorce
|-damage|p1a: Amphorce|78\/100 par
|
|turn|30
|choice||
|
|cant|p1a: Amphorce|par
|move|p2a: Starmie|Psychic|p1a: Amphorce
|-resisted|p1a: Amphorce
|-damage|p1a: Amphorce|65\/100 par
|-unboost|p1a: Amphorce|spd|1
|-unboost|p1a: Amphorce|spa|1
|
|turn|31
|choice||
|
|switch|p1a: LexxApnea☆|Zapdos|44\/100
|cant|p2a: Starmie|par
|
|turn|32
|choice||
|
|move|p1a: LexxApnea☆|Thunderbolt|p2a: Starmie
|-crit|p2a: Starmie
|-supereffective|p2a: Starmie
|-damage|p2a: Starmie|0 fnt
|faint|p2a: Starmie
|choice||
|
|switch|p2a: Tauros|Tauros|100\/100
|turn|33
|choice||
|
|move|p2a: Tauros|Ice Beam|p1a: LexxApnea☆
|-supereffective|p1a: LexxApnea☆
|-damage|p1a: LexxApnea☆|18\/100
|move|p1a: LexxApnea☆|Thunder Wave|p2a: Tauros
|-status|p2a: Tauros|par
|
|turn|34
|choice||
|
|move|p1a: LexxApnea☆|Rest|p1a: LexxApnea☆
|-status|p1a: LexxApnea☆|slp
|-heal|p1a: LexxApnea☆|100\/100 slp|[silent]
|-status|p1a: LexxApnea☆|slp|[from] move: Rest
|move|p2a: Tauros|Body Slam|p1a: LexxApnea☆
|-crit|p1a: LexxApnea☆
|-damage|p1a: LexxApnea☆|48\/100 slp
|
|turn|35
|choice||
|
|switch|p1a: XezeMaster|Gengar|100\/100
|move|p2a: Tauros|Hyper Beam|p1a: XezeMaster
|-immune|p1a: XezeMaster|[msg]
|
|turn|36
|choice||
|
|move|p1a: XezeMaster|Explosion|p2a: Tauros
|-damage|p2a: Tauros|37\/100 par
|faint|p1a: XezeMaster
|choice||
|
|switch|p1a: Vec|Snorlax|100\/100
|turn|37
|choice||
|
|move|p1a: Vec|Body Slam|p2a: Tauros
|-damage|p2a: Tauros|7\/100 par
|move|p2a: Tauros|Ice Beam|p1a: Vec
|-damage|p1a: Vec|85\/100
|
|turn|38
|choice||
|
|move|p1a: Vec|Body Slam|p2a: Tauros
|-damage|p2a: Tauros|0 fnt
|faint|p2a: Tauros
|choice||
|
|switch|p2a: Exeggutor|Exeggutor|100\/100
|turn|39
|choice||
|
|switch|p1a: Amphorce|Alakazam|65\/100 par
|move|p2a: Exeggutor|Psychic|p1a: Amphorce
|-resisted|p1a: Amphorce
|-damage|p1a: Amphorce|48\/100 par
|
|turn|40
|choice||
|
|move|p2a: Exeggutor|Psychic|p1a: Amphorce
|-resisted|p1a: Amphorce
|-damage|p1a: Amphorce|31\/100 par
|-unboost|p1a: Amphorce|spd|1
|-unboost|p1a: Amphorce|spa|1
|move|p1a: Amphorce|Thunder Wave|p2a: Exeggutor
|-status|p2a: Exeggutor|par
|
|turn|41
|choice||
|
|move|p2a: Exeggutor|Psychic|p1a: Amphorce
|-crit|p1a: Amphorce
|-resisted|p1a: Amphorce
|-damage|p1a: Amphorce|0 fnt
|faint|p1a: Amphorce
|choice||
|
|switch|p1a: LexxApnea☆|Zapdos|48\/100 slp
|turn|42
|choice||
|
|cant|p1a: LexxApnea☆|slp
|move|p2a: Exeggutor|Psychic|p1a: LexxApnea☆
|-damage|p1a: LexxApnea☆|21\/100 slp
|-unboost|p1a: LexxApnea☆|spd|1
|-unboost|p1a: LexxApnea☆|spa|1
|
|turn|43
|choice||
|
|switch|p1a: Vec|Snorlax|85\/100
|move|p2a: Exeggutor|Psychic|p1a: Vec
|-damage|p1a: Vec|55\/100
|
|turn|44
|choice||
|
|move|p1a: Vec|Body Slam|p2a: Exeggutor
|-damage|p2a: Exeggutor|68\/100 par
|move|p2a: Exeggutor|Sleep Powder|p1a: Vec
|-status|p1a: Vec|slp
|
|turn|45
|choice||
|
|cant|p1a: Vec|slp
|move|p2a: Exeggutor|Psychic|p1a: Vec
|-damage|p1a: Vec|27\/100 slp
|
|turn|46
|c|★S1TheGod|wanted to make sure zapdos used rest
|choice||
|
|cant|p1a: Vec|slp
|move|p2a: Exeggutor|Psychic|p1a: Vec
|-damage|p1a: Vec|0 fnt
|faint|p1a: Vec
|choice||
|
|switch|p1a: LexxApnea☆|Zapdos|21\/100 slp
|turn|47
|choice||
|
|switch|p1a: GemKing|Starmie|100\/100
|move|p2a: Exeggutor|Mega Drain|p1a: GemKing
|-supereffective|p1a: GemKing
|-damage|p1a: GemKing|66\/100
|-heal|p2a: Exeggutor|82\/100 par|[from] drain|[of] p1a: GemKing
|
|turn|48
|choice||
|
|move|p1a: GemKing|Blizzard|p2a: Exeggutor
|-supereffective|p2a: Exeggutor
|-damage|p2a: Exeggutor|43\/100 par
|cant|p2a: Exeggutor|par
|
|turn|49
|choice||
|
|move|p1a: GemKing|Blizzard|p2a: Exeggutor
|-supereffective|p2a: Exeggutor
|-damage|p2a: Exeggutor|0 fnt
|faint|p2a: Exeggutor
|choice||
|
|switch|p2a: Persian|Persian|100\/100 par
|turn|50
|choice||
|
|move|p1a: GemKing|Psychic|p2a: Persian
|-crit|p2a: Persian
|-damage|p2a: Persian|18\/100 par
|move|p2a: Persian|Thunderbolt|p1a: GemKing
|-supereffective|p1a: GemKing
|-damage|p1a: GemKing|29\/100
|
|turn|51
|choice||
|
|move|p1a: GemKing|Psychic|p2a: Persian
|-crit|p2a: Persian
|-damage|p2a: Persian|0 fnt
|faint|p2a: Persian
|choice||
|
|switch|p2a: Dragonite|Dragonite|77\/100 slp
|turn|52
|choice||
|
|move|p1a: GemKing|Blizzard|p2a: Dragonite
|-supereffective|p2a: Dragonite
|-damage|p2a: Dragonite|0 fnt
|faint|p2a: Dragonite
|choice||
|
|switch|p2a: Alakazam|Alakazam|90\/100 par
|turn|53
|choice||
|
|switch|p1a: LexxApnea☆|Zapdos|21\/100 slp
|move|p2a: Alakazam|Thunder Wave|p1a: LexxApnea☆
|-fail|p1a: LexxApnea☆
|
|turn|54
|choice||
|
|-curestatus|p1a: LexxApnea☆|slp
|move|p2a: Alakazam|Psychic|p1a: LexxApnea☆
|-damage|p1a: LexxApnea☆|0 fnt
|faint|p1a: LexxApnea☆
|choice||
|
|switch|p1a: GemKing|Starmie|29\/100
|turn|55
|choice||
|
|move|p1a: GemKing|Blizzard|p2a: Alakazam
|-damage|p2a: Alakazam|66\/100 par
|move|p2a: Alakazam|Thunder Wave|p1a: GemKing
|-status|p1a: GemKing|par
|
|turn|56
|choice||
|
|move|p2a: Alakazam|Recover|p2a: Alakazam
|-heal|p2a: Alakazam|100\/100 par
|move|p1a: GemKing|Recover|p1a: GemKing
|-heal|p1a: GemKing|79\/100 par
|
|turn|57
|choice||
|
|cant|p2a: Alakazam|par
|move|p1a: GemKing|Psychic|p2a: Alakazam
|-resisted|p2a: Alakazam
|-damage|p2a: Alakazam|86\/100 par
|-unboost|p2a: Alakazam|spd|1
|-unboost|p2a: Alakazam|spa|1
|
|turn|58
|choice||
|
|move|p1a: GemKing|Blizzard|p2a: Alakazam
|-damage|p2a: Alakazam|51\/100 par
|move|p2a: Alakazam|Psychic|p1a: GemKing
|-resisted|p1a: GemKing
|-damage|p1a: GemKing|65\/100 par
|
|turn|59
|choice||
|
|cant|p1a: GemKing|par
|move|p2a: Alakazam|Psychic|p1a: GemKing
|-resisted|p1a: GemKing
|-damage|p1a: GemKing|51\/100 par
|
|turn|60
|choice||
|
|cant|p1a: GemKing|par
|cant|p2a: Alakazam|par
|
|turn|61
|choice||
|
|move|p1a: GemKing|Psychic|p2a: Alakazam
|-resisted|p2a: Alakazam
|-damage|p2a: Alakazam|30\/100 par
|move|p2a: Alakazam|Recover|p2a: Alakazam
|-heal|p2a: Alakazam|80\/100 par
|
|turn|62
|choice||
|
|move|p1a: GemKing|Psychic|p2a: Alakazam
|-resisted|p2a: Alakazam
|-damage|p2a: Alakazam|58\/100 par
|move|p2a: Alakazam|Psychic|p1a: GemKing
|-resisted|p1a: GemKing
|-damage|p1a: GemKing|37\/100 par
|-unboost|p1a: GemKing|spd|1
|-unboost|p1a: GemKing|spa|1
|
|turn|63
|choice||
|
|move|p2a: Alakazam|Psychic|p1a: GemKing
|-resisted|p1a: GemKing
|-damage|p1a: GemKing|16\/100 par
|move|p1a: GemKing|Psychic|p2a: Alakazam
|-resisted|p2a: Alakazam
|-damage|p2a: Alakazam|44\/100 par
|
|turn|64
|choice||
|
|move|p2a: Alakazam|Psychic|p1a: GemKing
|-crit|p1a: GemKing
|-resisted|p1a: GemKing
|-damage|p1a: GemKing|0 fnt
|faint|p1a: GemKing
|choice||
|
|switch|p1a: AlphaBTB|Tauros|100\/100
|turn|65
|choice||
|
|move|p1a: AlphaBTB|Hyper Beam|p2a: Alakazam
|-damage|p2a: Alakazam|0 fnt
|faint|p2a: Alakazam
|
|win|TSV3CTOR
|player|p1
|player|p2
|raw|TSV3CTOR's rating: 1092 &rarr; <strong>1124<\/strong><br \/>(+32 for winning)
|raw|S1TheGod's rating: 1171 &rarr; <strong>1141<\/strong><br \/>(-30 for losing)