|j|Samu529
|j|ashleylion
|player|p1|Samu529|163
|player|p2|ashleylion|265
|gametype|singles
|gen|1
|tier|[Gen 1] OU
|rated
|seed|56446,12894,38157,42865
|rule|Sleep Clause Mod: Limit one foe put to sleep
|rule|Freeze Clause Mod: Limit one foe frozen
|rule|Species Clause: Limit one of each Pokémon
|rule|OHKO Clause: OHKO moves are banned
|rule|Evasion Moves Clause: Evasion moves are banned
|rule|HP Percentage Mod: HP is shown in percentages
|
|start
|switch|p1a: Jynx|Jynx|333\/333
|switch|p2a: Charmander|Charmander|281\/281
|turn|1
|c|★Samu529|gl ;)
|choice|move 1|move 4
|
|move|p1a: Jynx|Lovely Kiss|p2a: Charmander
|-status|p2a: Charmander|slp
|cant|p2a: Charmander|slp
|
|turn|2
|c|★ashleylion|hi
|choice|move 4|move 4
|
|move|p1a: Jynx|Blizzard|p2a: Charmander
|-damage|p2a: Charmander|88\/281 slp
|cant|p2a: Charmander|slp
|
|turn|3
|choice|move 4|move 4
|
|move|p1a: Jynx|Blizzard|p2a: Charmander|[miss]
|-miss|p1a: Jynx
|-curestatus|p2a: Charmander|slp
|
|turn|4
|choice|move 4|move 4
|
|move|p1a: Jynx|Blizzard|p2a: Charmander
|-damage|p2a: Charmander|0 fnt
|faint|p2a: Charmander
|c|★Samu529|ola ;)
|choice||switch 2
|
|switch|p2a: Charmeleon|Charmeleon|319\/319
|turn|5
|c|★Samu529|can you speak spanish?¿
|choice|move 1|move 3
|
|move|p1a: Jynx|Lovely Kiss|p2a: Charmeleon
|-status|p2a: Charmeleon|slp
|cant|p2a: Charmeleon|slp
|
|turn|6
|choice|move 4|move 3
|
|move|p1a: Jynx|Blizzard|p2a: Charmeleon
|-damage|p2a: Charmeleon|149\/319 slp
|cant|p2a: Charmeleon|slp
|
|turn|7
|choice|move 4|move 3
|
|move|p1a: Jynx|Blizzard|p2a: Charmeleon|[miss]
|-miss|p1a: Jynx
|cant|p2a: Charmeleon|slp
|
|turn|8
|choice|move 4|move 3
|
|move|p1a: Jynx|Blizzard|p2a: Charmeleon
|-damage|p2a: Charmeleon|0 fnt
|faint|p2a: Charmeleon
|choice||switch 3
|
|switch|p2a: Charizard|Charizard|359\/359
|turn|9
|choice|move 1|move 4
|
|move|p2a: Charizard|Fire Blast|p1a: Jynx
|-supereffective|p1a: Jynx
|-damage|p1a: Jynx|92\/333
|-status|p1a: Jynx|brn
|move|p1a: Jynx|Lovely Kiss|p2a: Charizard
|-status|p2a: Charizard|slp
|-damage|p1a: Jynx|72\/333 brn|[from] brn|[of] p2a: Charizard
|
|turn|10
|choice|move 4|move 4
|
|cant|p2a: Charizard|slp
|move|p1a: Jynx|Blizzard|p2a: Charizard|[miss]
|-miss|p1a: Jynx
|-damage|p1a: Jynx|52\/333 brn|[from] brn|[of] p2a: Charizard
|
|turn|11
|choice|move 4|move 4
|
|cant|p2a: Charizard|slp
|move|p1a: Jynx|Blizzard|p2a: Charizard
|-crit|p2a: Charizard
|-supereffective|p2a: Charizard
|-damage|p2a: Charizard|0 fnt
|faint|p2a: Charizard
|
|win|Samu529
|player|p1
|player|p2
|raw|Samu529's rating: 1133 &rarr; <strong>1148<\/strong><br \/>(+15 for winning)
|raw|ashleylion's rating: 1000 &rarr; <strong>1000<\/strong><br \/>(+0 for losing)
|l|Samu529