|join|eldougi
|join|God Dang it Bobby
|player|p1|eldougi|266
|player|p2|God Dang it Bobby|2
|gametype|singles
|gen|1
|tier|[Gen 1] Random Battle
|rated
|rule|Sleep Clause Mod: Limit one foe put to sleep
|rule|Freeze Clause Mod: Limit one foe frozen
|rule|HP Percentage Mod: HP is shown in percentages
|
|start
|switch|p1a: Spearow|Spearow, L96|272\/272
|switch|p2a: Raichu|Raichu, L85|276\/276
|turn|1
|
|switch|p1a: Kakuna|Kakuna, L99|290\/290
|move|p2a: Raichu|Thunderbolt|p1a: Kakuna
|-damage|p1a: Kakuna|142\/290
|-status|p1a: Kakuna|par
|
|turn|2
|
|move|p2a: Raichu|Thunderbolt|p1a: Kakuna
|-damage|p1a: Kakuna|0 fnt
|faint|p1a: Kakuna
|
|switch|p1a: Chansey|Chansey, L79|557\/557
|turn|3
|
|move|p2a: Raichu|Thunder Wave|p1a: Chansey
|-status|p1a: Chansey|par
|move|p1a: Chansey|Thunder Wave|p2a: Raichu
|-status|p2a: Raichu|par
|
|turn|4
|
|move|p2a: Raichu|Thunderbolt|p1a: Chansey
|-damage|p1a: Chansey|465\/557 par
|move|p1a: Chansey|Reflect|p1a: Chansey
|-start|p1a: Chansey|Reflect
|
|turn|5
|
|move|p2a: Raichu|Thunderbolt|p1a: Chansey
|-damage|p1a: Chansey|365\/557 par
|move|p1a: Chansey|Soft-Boiled|p1a: Chansey
|-heal|p1a: Chansey|557\/557 par
|
|turn|6
|
|switch|p1a: Ninetales|Ninetales, L85|298\/298
|move|p2a: Raichu|Thunderbolt|p1a: Ninetales
|-crit|p1a: Ninetales
|-damage|p1a: Ninetales|115\/298
|
|turn|7
|
|move|p1a: Ninetales|Fire Blast|p2a: Raichu
|-crit|p2a: Raichu
|-damage|p2a: Raichu|35\/276 par
|cant|p2a: Raichu|par
|
|turn|8
|
|move|p1a: Ninetales|Body Slam|p2a: Raichu
|-damage|p2a: Raichu|0 fnt
|faint|p2a: Raichu
|
|switch|p2a: Cloyster|Cloyster, L83|253\/253
|turn|9
|
|switch|p1a: Chansey|Chansey, L79|557\/557 par
|move|p2a: Cloyster|Hyper Beam|p1a: Chansey
|-damage|p1a: Chansey|289\/557 par
|
|turn|10
|-mustrecharge|p2a: Cloyster
|-mustrecharge|p2a: Cloyster
|
|cant|p2a: Cloyster|recharge
|move|p1a: Chansey|Reflect|p1a: Chansey
|-start|p1a: Chansey|Reflect
|
|turn|11
|
|move|p2a: Cloyster|Blizzard|p1a: Chansey|[miss]
|-miss|p2a: Cloyster
|cant|p1a: Chansey|par
|
|turn|12
|
|move|p2a: Cloyster|Blizzard|p1a: Chansey
|-damage|p1a: Chansey|178\/557 par
|move|p1a: Chansey|Soft-Boiled|p1a: Chansey
|-heal|p1a: Chansey|456\/557 par
|
|turn|13
|
|move|p2a: Cloyster|Blizzard|p1a: Chansey
|-crit|p1a: Chansey
|-damage|p1a: Chansey|235\/557 par
|move|p1a: Chansey|Thunder Wave|p2a: Cloyster
|-status|p2a: Cloyster|par
|
|turn|14
|
|move|p2a: Cloyster|Hyper Beam|p1a: Chansey|[miss]
|-miss|p2a: Cloyster
|move|p1a: Chansey|Soft-Boiled|p1a: Chansey
|-heal|p1a: Chansey|513\/557 par
|
|turn|15
|
|move|p2a: Cloyster|Blizzard|p1a: Chansey
|-damage|p1a: Chansey|398\/557 par
|move|p1a: Chansey|Counter|p2a: Cloyster
|-fail|p1a: Chansey
|
|turn|16
|
|cant|p2a: Cloyster|par
|move|p1a: Chansey|Soft-Boiled|p1a: Chansey
|-heal|p1a: Chansey|557\/557 par
|
|turn|17
|c|★God Dang it Bobby|my god this is retarded lol
|
|cant|p2a: Cloyster|par
|move|p1a: Chansey|Counter|p2a: Cloyster
|-fail|p1a: Chansey
|
|turn|18
|
|move|p2a: Cloyster|Blizzard|p1a: Chansey
|-crit|p1a: Chansey
|-damage|p1a: Chansey|338\/557 par
|move|p1a: Chansey|Counter|p2a: Cloyster
|-fail|p1a: Chansey
|
|turn|19
|
|move|p2a: Cloyster|Blizzard|p1a: Chansey
|-damage|p1a: Chansey|227\/557 par
|move|p1a: Chansey|Soft-Boiled|p1a: Chansey
|-heal|p1a: Chansey|505\/557 par
|
|turn|20
|
|switch|p1a: Electrode|Electrode, L90|291\/291
|move|p2a: Cloyster|Blizzard|p1a: Electrode
|-crit|p1a: Electrode
|-damage|p1a: Electrode|78\/291
|
|turn|21
|
|move|p1a: Electrode|Thunderbolt|p2a: Cloyster
|-crit|p2a: Cloyster
|-supereffective|p2a: Cloyster
|-damage|p2a: Cloyster|0 fnt
|faint|p2a: Cloyster
|
|switch|p2a: Weezing|Weezing, L90|300\/300
|turn|22
|
|move|p1a: Electrode|Explosion|p2a: Weezing
|-damage|p2a: Weezing|162\/300
|faint|p1a: Electrode
|
|switch|p1a: Articuno|Articuno, L79|304\/304
|turn|23
|
|move|p1a: Articuno|Blizzard|p2a: Weezing
|-damage|p2a: Weezing|32\/300
|move|p2a: Weezing|Thunderbolt|p1a: Articuno
|-crit|p1a: Articuno
|-supereffective|p1a: Articuno
|-damage|p1a: Articuno|62\/304
|
|turn|24
|
|move|p1a: Articuno|Blizzard|p2a: Weezing
|-crit|p2a: Weezing
|-damage|p2a: Weezing|0 fnt
|faint|p2a: Weezing
|
|switch|p2a: Ponyta|Ponyta, L96|291\/291
|turn|25
|
|switch|p1a: Chansey|Chansey, L79|505\/557 par
|move|p2a: Ponyta|Body Slam|p1a: Chansey
|-damage|p1a: Chansey|317\/557 par
|
|turn|26
|
|move|p2a: Ponyta|Body Slam|p1a: Chansey
|-damage|p1a: Chansey|133\/557 par
|move|p1a: Chansey|Reflect|p1a: Chansey
|-start|p1a: Chansey|Reflect
|
|turn|27
|
|move|p2a: Ponyta|Body Slam|p1a: Chansey
|-damage|p1a: Chansey|37\/557 par
|cant|p1a: Chansey|par
|
|turn|28
|
|move|p2a: Ponyta|Body Slam|p1a: Chansey
|-damage|p1a: Chansey|0 fnt
|faint|p1a: Chansey
|c|★God Dang it Bobby|YUSSSSS
|
|switch|p1a: Spearow|Spearow, L96|272\/272
|turn|29
|
|move|p2a: Ponyta|Body Slam|p1a: Spearow
|-damage|p1a: Spearow|171\/272
|move|p1a: Spearow|Drill Peck|p2a: Ponyta
|-damage|p2a: Ponyta|192\/291
|
|turn|30
|
|move|p2a: Ponyta|Body Slam|p1a: Spearow
|-damage|p1a: Spearow|64\/272
|move|p1a: Spearow|Mirror Move|p1a: Spearow
|move|p1a: Spearow|Body Slam|p2a: Ponyta|[from]Mirror Move
|-crit|p2a: Ponyta
|-damage|p2a: Ponyta|1\/291
|
|turn|31
|
|move|p2a: Ponyta|Body Slam|p1a: Spearow
|-damage|p1a: Spearow|0 fnt
|faint|p1a: Spearow
|
|switch|p1a: Ninetales|Ninetales, L85|115\/298
|turn|32
|
|move|p2a: Ponyta|Body Slam|p1a: Ninetales
|-damage|p1a: Ninetales|42\/298
|move|p1a: Ninetales|Body Slam|p2a: Ponyta
|-damage|p2a: Ponyta|0 fnt
|faint|p2a: Ponyta
|
|switch|p2a: Farfetch'd|Farfetch'd, L99|304\/304
|turn|33
|
|move|p1a: Ninetales|Fire Blast|p2a: Farfetch'd
|-damage|p2a: Farfetch'd|154\/304
|-status|p2a: Farfetch'd|brn
|move|p2a: Farfetch'd|Slash|p1a: Ninetales
|-crit|p1a: Ninetales
|-damage|p1a: Ninetales|0 fnt
|faint|p1a: Ninetales
|
|switch|p1a: Articuno|Articuno, L79|62\/304
|turn|34
|
|move|p2a: Farfetch'd|Sand Attack|p1a: Articuno
|-unboost|p1a: Articuno|accuracy|1
|-damage|p2a: Farfetch'd|135\/304 brn|[from] brn|[of] p1a: Articuno
|move|p1a: Articuno|Blizzard|p2a: Farfetch'd
|-supereffective|p2a: Farfetch'd
|-damage|p2a: Farfetch'd|0 fnt
|faint|p2a: Farfetch'd
|
|switch|p2a: Alakazam|Alakazam, L79|249\/249
|turn|35
|
|move|p2a: Alakazam|Psychic|p1a: Articuno
|-damage|p1a: Articuno|0 fnt
|faint|p1a: Articuno
|
|win|God Dang it Bobby
|raw|Ladder updating...
|c|★eldougi|Op