|join|weerple
|join|Dice
|player|p1|weerple|127
|player|p2|Dice|168
|gametype|singles
|gen|1
|tier|[Gen 1] OU
|rated
|seed|46495,47508,26511,52352
|rule|Sleep Clause Mod: Limit one foe put to sleep
|rule|Freeze Clause Mod: Limit one foe frozen
|rule|Species Clause: Limit one of each Pokémon
|rule|OHKO Clause: OHKO moves are banned
|rule|Evasion Moves Clause: Evasion moves are banned
|rule|HP Percentage Mod: HP is shown in percentages
|
|start
|switch|p1a: Gengar|Gengar|323\/323
|switch|p2a: Gengar|Gengar|323\/323
|turn|1
|c|★Dice|hf
|choice|switch 2|move 1
|
|switch|p1a: Exeggutor|Exeggutor|393\/393
|move|p2a: Gengar|Hypnosis|p1a: Exeggutor
|-status|p1a: Exeggutor|slp
|
|turn|2
|choice|move 4|move 4
|
|move|p2a: Gengar|Night Shade|p1a: Exeggutor
|-damage|p1a: Exeggutor|293\/393 slp
|cant|p1a: Exeggutor|slp
|
|turn|3
|choice|switch 2|move 4
|
|switch|p1a: Gengar|Gengar|323\/323
|move|p2a: Gengar|Night Shade|p1a: Gengar
|-damage|p1a: Gengar|223\/323
|
|turn|4
|choice|move 2|move 2
|
|move|p1a: Gengar|Psychic|p2a: Gengar
|-supereffective|p2a: Gengar
|-damage|p2a: Gengar|172\/323
|-unboost|p2a: Gengar|spd|1
|-unboost|p2a: Gengar|spa|1
|move|p2a: Gengar|Thunderbolt|p1a: Gengar
|-damage|p1a: Gengar|172\/323
|-status|p1a: Gengar|par
|
|turn|5
|choice|move 2|switch 5
|
|switch|p2a: Rhydon|Rhydon|413\/413
|move|p1a: Gengar|Psychic|p2a: Rhydon
|-damage|p2a: Rhydon|289\/413
|-unboost|p2a: Rhydon|spd|1
|-unboost|p2a: Rhydon|spa|1
|
|turn|6
|choice|move 1|move 3
|
|move|p2a: Rhydon|Earthquake|p1a: Gengar
|-supereffective|p1a: Gengar
|-damage|p1a: Gengar|0 fnt
|faint|p1a: Gengar
|choice|switch 6|
|
|switch|p1a: Snorlax|Snorlax|523\/523
|turn|7
|choice|move 4|switch 2
|
|switch|p2a: Dragonite|Dragonite|385\/385
|move|p1a: Snorlax|Ice Beam|p2a: Dragonite
|-supereffective|p2a: Dragonite
|-damage|p2a: Dragonite|157\/385
|
|turn|8
|choice|move 4|switch 3
|
|switch|p2a: Slowbro|Slowbro|393\/393
|move|p1a: Snorlax|Ice Beam|p2a: Slowbro
|-resisted|p2a: Slowbro
|-damage|p2a: Slowbro|361\/393
|
|turn|9
|choice|switch 4|move 2
|
|switch|p1a: Zapdos|Zapdos|383\/383
|move|p2a: Slowbro|Thunder Wave|p1a: Zapdos
|-status|p1a: Zapdos|par
|
|turn|10
|choice|move 1|switch 2
|
|switch|p2a: Rhydon|Rhydon|289\/413
|move|p1a: Zapdos|Thunder Wave|p2a: Rhydon
|-immune|p2a: Rhydon|[msg]
|
|turn|11
|choice|switch 2|move 3
|
|switch|p1a: Exeggutor|Exeggutor|293\/393 slp
|move|p2a: Rhydon|Earthquake|p1a: Exeggutor
|-resisted|p1a: Exeggutor
|-damage|p1a: Exeggutor|218\/393 slp
|
|turn|12
|choice|move 3|move 4
|
|cant|p1a: Exeggutor|slp
|move|p2a: Rhydon|Rock Slide|p1a: Exeggutor
|-damage|p1a: Exeggutor|91\/393 slp
|
|turn|13
|choice|switch 4|move 4
|
|switch|p1a: Snorlax|Snorlax|523\/523
|move|p2a: Rhydon|Rock Slide|p1a: Snorlax
|-damage|p1a: Snorlax|379\/523
|
|turn|14
|choice|move 4|switch 6
|
|switch|p2a: Snorlax|Snorlax|523\/523
|move|p1a: Snorlax|Ice Beam|p2a: Snorlax
|-damage|p2a: Snorlax|447\/523
|
|turn|15
|choice|move 1|move 2
|
|move|p1a: Snorlax|Reflect|p1a: Snorlax
|-start|p1a: Snorlax|Reflect
|move|p2a: Snorlax|Body Slam|p1a: Snorlax
|-damage|p1a: Snorlax|307\/523
|
|turn|16
|choice|move 3|move 2
|
|move|p2a: Snorlax|Body Slam|p1a: Snorlax
|-damage|p1a: Snorlax|239\/523
|move|p1a: Snorlax|Body Slam|p2a: Snorlax
|-damage|p2a: Snorlax|303\/523
|
|turn|17
|choice|move 3|move 2
|
|move|p2a: Snorlax|Body Slam|p1a: Snorlax
|-damage|p1a: Snorlax|167\/523
|move|p1a: Snorlax|Body Slam|p2a: Snorlax
|-damage|p2a: Snorlax|168\/523
|
|turn|18
|choice|move 3|move 4
|
|move|p1a: Snorlax|Body Slam|p2a: Snorlax
|-damage|p2a: Snorlax|18\/523
|move|p2a: Snorlax|Self-Destruct|p1a: Snorlax
|-damage|p1a: Snorlax|0 fnt
|faint|p1a: Snorlax
|faint|p2a: Snorlax
|choice|switch 5|switch 5
|
|switch|p2a: Gengar|Gengar|172\/323
|switch|p1a: Tauros|Tauros|353\/353
|turn|19
|choice|move 2|move 3
|
|move|p1a: Tauros|Earthquake|p2a: Gengar
|-supereffective|p2a: Gengar
|-damage|p2a: Gengar|0 fnt
|faint|p2a: Gengar
|choice||switch 4
|
|switch|p2a: Chansey|Chansey|703\/703
|turn|20
|choice|move 1|move 4
|
|move|p1a: Tauros|Body Slam|p2a: Chansey
|-damage|p2a: Chansey|433\/703
|move|p2a: Chansey|Thunder Wave|p1a: Tauros
|-status|p1a: Tauros|par
|
|turn|21
|join|WishingJirachi7
|choice|move 3|move 3
|
|move|p2a: Chansey|Soft-Boiled|p2a: Chansey
|-heal|p2a: Chansey|703\/703
|move|p1a: Tauros|Hyper Beam|p2a: Chansey
|-crit|p2a: Chansey
|-damage|p2a: Chansey|0 fnt
|faint|p2a: Chansey
|choice||switch 6
|
|switch|p2a: Rhydon|Rhydon|289\/413
|turn|22
|choice|move 2|move 3
|
|move|p2a: Rhydon|Earthquake|p1a: Tauros
|-damage|p1a: Tauros|197\/353 par
|cant|p1a: Tauros|par
|
|turn|23
|choice|move 2|move 3
|
|move|p2a: Rhydon|Earthquake|p1a: Tauros
|-damage|p1a: Tauros|43\/353 par
|cant|p1a: Tauros|par
|
|turn|24
|c| WishingJirachi7|rip
|choice|switch 3|move 1
|
|switch|p1a: Chansey|Chansey|703\/703
|move|p2a: Rhydon|Body Slam|p1a: Chansey
|-damage|p1a: Chansey|485\/703
|
|turn|25
|choice|move 2|move 3
|
|move|p1a: Chansey|Ice Beam|p2a: Rhydon
|-supereffective|p2a: Rhydon
|-damage|p2a: Rhydon|53\/413
|move|p2a: Rhydon|Earthquake|p1a: Chansey
|-damage|p1a: Chansey|77\/703
|
|turn|26
|choice|move 2|move 3
|
|move|p1a: Chansey|Ice Beam|p2a: Rhydon
|-crit|p2a: Rhydon
|-supereffective|p2a: Rhydon
|-damage|p2a: Rhydon|0 fnt
|faint|p2a: Rhydon
|choice||switch 3
|
|switch|p2a: Dragonite|Dragonite|157\/385
|turn|27
|choice|move 2|move 1
|
|move|p2a: Dragonite|Hyper Beam|p1a: Chansey|[miss]
|-miss|p2a: Dragonite
|move|p1a: Chansey|Ice Beam|p2a: Dragonite
|-supereffective|p2a: Dragonite
|-damage|p2a: Dragonite|0 fnt
|faint|p2a: Dragonite
|join|Agarest
|choice||switch 2
|
|switch|p2a: Slowbro|Slowbro|361\/393
|turn|28
|choice|move 1|move 2
|
|move|p1a: Chansey|Thunder Wave|p2a: Slowbro
|-status|p2a: Slowbro|par
|move|p2a: Slowbro|Thunder Wave|p1a: Chansey
|-status|p1a: Chansey|par
|
|turn|29
|choice|move 4|move 3
|
|move|p1a: Chansey|Thunderbolt|p2a: Slowbro
|-supereffective|p2a: Slowbro
|-damage|p2a: Slowbro|190\/393 par
|move|p2a: Slowbro|Amnesia|p2a: Slowbro
|-boost|p2a: Slowbro|spd|2
|-boost|p2a: Slowbro|spa|2
|
|turn|30
|choice|move 4|move 4
|
|move|p2a: Slowbro|Rest|p2a: Slowbro
|-status|p2a: Slowbro|slp
|-heal|p2a: Slowbro|393\/393 slp|[silent]
|-status|p2a: Slowbro|slp|[from] move: Rest
|cant|p1a: Chansey|par
|
|turn|31
|choice|move 4|move 3
|
|cant|p2a: Slowbro|slp
|move|p1a: Chansey|Thunderbolt|p2a: Slowbro
|-supereffective|p2a: Slowbro
|-damage|p2a: Slowbro|298\/393 slp
|
|turn|32
|choice|move 4|move 3
|
|-curestatus|p2a: Slowbro|slp
|move|p1a: Chansey|Thunderbolt|p2a: Slowbro
|-supereffective|p2a: Slowbro
|-damage|p2a: Slowbro|208\/393
|
|turn|33
|choice|move 1|move 3
|
|move|p2a: Slowbro|Amnesia|p2a: Slowbro
|-boost|p2a: Slowbro|spd|2
|-boost|p2a: Slowbro|spa|2
|move|p1a: Chansey|Thunder Wave|p2a: Slowbro
|-status|p2a: Slowbro|par
|
|turn|34
|choice|switch 2|move 3
|
|switch|p1a: Zapdos|Zapdos|383\/383 par
|cant|p2a: Slowbro|par
|
|turn|35
|choice|move 2|move 4
|
|cant|p1a: Zapdos|par
|move|p2a: Slowbro|Rest|p2a: Slowbro
|-status|p2a: Slowbro|slp
|-heal|p2a: Slowbro|393\/393 slp|[silent]
|-status|p2a: Slowbro|slp|[from] move: Rest
|
|turn|36
|choice|move 3|move 3
|
|move|p1a: Zapdos|Thunderbolt|p2a: Slowbro
|-supereffective|p2a: Slowbro
|-damage|p2a: Slowbro|284\/393 slp
|cant|p2a: Slowbro|slp
|
|turn|37
|choice|move 3|move 3
|
|cant|p1a: Zapdos|par
|-curestatus|p2a: Slowbro|slp
|
|turn|38
|choice|move 2|move 3
|
|move|p1a: Zapdos|Thunder|p2a: Slowbro|[miss]
|-miss|p1a: Zapdos
|move|p2a: Slowbro|Amnesia|p2a: Slowbro
|-boost|p2a: Slowbro|spd|2
|-boost|p2a: Slowbro|spa|2
|
|turn|39
|choice|move 1|move 1
|
|move|p1a: Zapdos|Thunder Wave|p2a: Slowbro
|-status|p2a: Slowbro|par
|move|p2a: Slowbro|Psychic|p1a: Zapdos
|-damage|p1a: Zapdos|73\/383 par
|
|turn|40
|choice|move 2|move 1
|
|move|p1a: Zapdos|Thunder|p2a: Slowbro
|-supereffective|p2a: Slowbro
|-damage|p2a: Slowbro|179\/393 par
|move|p2a: Slowbro|Psychic|p1a: Zapdos
|-damage|p1a: Zapdos|0 fnt
|faint|p1a: Zapdos
|choice|switch 2|
|
|switch|p1a: Chansey|Chansey|77\/703 par
|turn|41
|choice|move 3|move 4
|
|cant|p1a: Chansey|par
|cant|p2a: Slowbro|par
|
|turn|42
|choice|move 3|move 4
|
|move|p1a: Chansey|Soft-Boiled|p1a: Chansey
|-heal|p1a: Chansey|428\/703 par
|cant|p2a: Slowbro|par
|
|turn|43
|choice|move 3|move 4
|
|move|p1a: Chansey|Soft-Boiled|p1a: Chansey
|-heal|p1a: Chansey|703\/703 par
|move|p2a: Slowbro|Rest|p2a: Slowbro
|-status|p2a: Slowbro|slp
|-heal|p2a: Slowbro|393\/393 slp|[silent]
|-status|p2a: Slowbro|slp|[from] move: Rest
|
|turn|44
|choice|switch 4|move 1
|
|switch|p1a: Exeggutor|Exeggutor|91\/393 slp
|cant|p2a: Slowbro|slp
|
|turn|45
|choice|move 3|move 1
|
|cant|p1a: Exeggutor|slp
|-curestatus|p2a: Slowbro|slp
|
|turn|46
|choice|switch 3|move 1
|
|switch|p1a: Tauros|Tauros|43\/353 par
|move|p2a: Slowbro|Psychic|p1a: Tauros
|-damage|p1a: Tauros|0 fnt
|faint|p1a: Tauros
|choice|switch 4|
|
|switch|p1a: Chansey|Chansey|703\/703 par
|turn|47
|choice|move 1|move 1
|
|move|p1a: Chansey|Thunder Wave|p2a: Slowbro
|-status|p2a: Slowbro|par
|move|p2a: Slowbro|Psychic|p1a: Chansey
|-damage|p1a: Chansey|356\/703 par
|-unboost|p1a: Chansey|spd|1
|-unboost|p1a: Chansey|spa|1
|
|turn|48
|choice|move 3|move 1
|
|cant|p1a: Chansey|par
|move|p2a: Slowbro|Psychic|p1a: Chansey
|-damage|p1a: Chansey|0 fnt
|faint|p1a: Chansey
|choice|switch 3|
|
|switch|p1a: Exeggutor|Exeggutor|91\/393 slp
|turn|49
|choice|move 3|move 1
|
|-curestatus|p1a: Exeggutor|slp
|move|p2a: Slowbro|Psychic|p1a: Exeggutor
|-resisted|p1a: Exeggutor
|-damage|p1a: Exeggutor|0 fnt
|faint|p1a: Exeggutor
|
|win|Dice
|c|★Dice|ur a trooper slowbro
|raw|weerple's rating: 1118 &rarr; <strong>1093<\/strong><br \/>(-25 for losing)
|raw|Dice's rating: 1122 &rarr; <strong>1147<\/strong><br \/>(+25 for winning)