|j|Mandelbrot
|j|Kel9901
|player|p1|Mandelbrot|60
|player|p2|Kel9901|102
|gametype|singles
|gen|1
|tier|[Gen 1] OU
|seed|
|rule|Sleep Clause Mod: Limit one foe put to sleep
|rule|Freeze Clause Mod: Limit one foe frozen
|rule|Species Clause: Limit one of each Pokémon
|rule|OHKO Clause: OHKO moves are banned
|rule|Evasion Moves Clause: Evasion moves are banned
|rule|HP Percentage Mod: HP is shown in percentages
|
|start
|switch|p1a: Staryu|Staryu, L5|100\/100
|switch|p2a: Diglett|Diglett, L5|100\/100
|turn|1
|c|★Kel9901|gl hf
|c|★Mandelbrot|you too.
|choice||
|
|switch|p2a: Pikachu|Pikachu, L5|100\/100
|move|p1a: Staryu|Surf|p2a: Pikachu
|-crit|p2a: Pikachu
|-damage|p2a: Pikachu|14\/100
|
|turn|2
|choice||
|
|switch|p1a: Pikachu|Pikachu, L5|100\/100
|move|p2a: Pikachu|Thunderbolt|p1a: Pikachu
|-resisted|p1a: Pikachu
|-damage|p1a: Pikachu|79\/100
|
|turn|3
|j|supernintendo64
|choice||
|
|move|p1a: Pikachu|Quick Attack|p2a: Pikachu
|-damage|p2a: Pikachu|0 fnt
|faint|p2a: Pikachu
|choice||
|
|switch|p2a: Diglett|Diglett, L5|100\/100
|turn|4
|choice||
|
|switch|p1a: Exeggcute|Exeggcute, L5|100\/100
|move|p2a: Diglett|Earthquake|p1a: Exeggcute
|-resisted|p1a: Exeggcute
|-damage|p1a: Exeggcute|80\/100
|
|turn|5
|choice||
|
|switch|p2a: Abra|Abra, L5|100\/100
|move|p1a: Exeggcute|Sleep Powder|p2a: Abra
|-status|p2a: Abra|slp
|
|turn|6
|choice||
|
|switch|p1a: Rhyhorn|Rhyhorn, L5|100\/100
|cant|p2a: Abra|slp
|
|turn|7
|c| supernintendo64|we should make a viability ranking eventually for the tier XD
|choice||
|
|switch|p2a: Slowpoke|Slowpoke, L5|100\/100
|move|p1a: Rhyhorn|Body Slam|p2a: Slowpoke
|-damage|p2a: Slowpoke|72\/100
|
|turn|8
|c|★Kel9901|haha
|choice||
|
|switch|p1a: Dratini|Dratini, L5|100\/100
|switch|p2a: Gastly|Gastly, L5|100\/100
|
|turn|9
|choice||
|
|move|p2a: Gastly|Hypnosis|p1a: Dratini|[miss]
|-miss|p2a: Gastly
|move|p1a: Dratini|Blizzard|p2a: Gastly
|-damage|p2a: Gastly|64\/100
|
|turn|10
|choice||
|
|switch|p1a: Exeggcute|Exeggcute, L5|80\/100
|move|p2a: Gastly|Hypnosis|p1a: Exeggcute|[miss]
|-miss|p2a: Gastly
|
|turn|11
|choice||
|
|move|p2a: Gastly|Hypnosis|p1a: Exeggcute|[miss]
|-miss|p2a: Gastly
|move|p1a: Exeggcute|Psychic|p2a: Gastly
|-supereffective|p2a: Gastly
|-damage|p2a: Gastly|0 fnt
|faint|p2a: Gastly
|c|★Mandelbrot|That sucked.
|choice||
|
|switch|p2a: Slowpoke|Slowpoke, L5|72\/100
|turn|12
|c|★Kel9901|yeah
|c|★Kel9901|oh well
|choice||
|
|move|p1a: Exeggcute|Mega Drain|p2a: Slowpoke
|-supereffective|p2a: Slowpoke
|-damage|p2a: Slowpoke|25\/100
|-heal|p1a: Exeggcute|100\/100|[from] drain|[of] p2a: Slowpoke
|move|p2a: Slowpoke|Thunder Wave|p1a: Exeggcute
|-status|p1a: Exeggcute|par
|
|turn|13
|c| supernintendo64|I see Pikachu being very high in the viability rankings
|choice||
|
|move|p2a: Slowpoke|Amnesia|p2a: Slowpoke
|-boost|p2a: Slowpoke|spd|2
|-boost|p2a: Slowpoke|spa|2
|move|p1a: Exeggcute|Mega Drain|p2a: Slowpoke
|-supereffective|p2a: Slowpoke
|-damage|p2a: Slowpoke|0 fnt
|faint|p2a: Slowpoke
|choice||
|
|switch|p2a: Rhyhorn|Rhyhorn, L5|100\/100
|turn|14
|choice||
|
|move|p2a: Rhyhorn|Substitute|p2a: Rhyhorn
|-start|p2a: Rhyhorn|Substitute
|-damage|p2a: Rhyhorn|78\/100
|cant|p1a: Exeggcute|par
|
|turn|15
|choice||
|
|move|p2a: Rhyhorn|Rock Slide|p1a: Exeggcute|[miss]
|-miss|p2a: Rhyhorn
|move|p1a: Exeggcute|Mega Drain|p2a: Rhyhorn
|-supereffective|p2a: Rhyhorn
|-end|p2a: Rhyhorn|Substitute
|
|turn|16
|choice||
|
|move|p2a: Rhyhorn|Substitute|p2a: Rhyhorn
|-start|p2a: Rhyhorn|Substitute
|-damage|p2a: Rhyhorn|56\/100
|move|p1a: Exeggcute|Mega Drain|p2a: Rhyhorn
|-supereffective|p2a: Rhyhorn
|-end|p2a: Rhyhorn|Substitute
|
|turn|17
|choice||
|
|move|p2a: Rhyhorn|Substitute|p2a: Rhyhorn
|-start|p2a: Rhyhorn|Substitute
|-damage|p2a: Rhyhorn|34\/100
|move|p1a: Exeggcute|Mega Drain|p2a: Rhyhorn
|-supereffective|p2a: Rhyhorn
|-end|p2a: Rhyhorn|Substitute
|
|turn|18
|choice||
|
|move|p2a: Rhyhorn|Substitute|p2a: Rhyhorn
|-start|p2a: Rhyhorn|Substitute
|-damage|p2a: Rhyhorn|12\/100
|move|p1a: Exeggcute|Mega Drain|p2a: Rhyhorn
|-supereffective|p2a: Rhyhorn
|-end|p2a: Rhyhorn|Substitute
|
|turn|19
|choice||
|
|move|p2a: Rhyhorn|Rock Slide|p1a: Exeggcute
|-damage|p1a: Exeggcute|60\/100 par
|cant|p1a: Exeggcute|par
|
|turn|20
|choice||
|
|move|p2a: Rhyhorn|Rock Slide|p1a: Exeggcute
|-damage|p1a: Exeggcute|16\/100 par
|move|p1a: Exeggcute|Mega Drain|p2a: Rhyhorn
|-supereffective|p2a: Rhyhorn
|-damage|p2a: Rhyhorn|0 fnt
|-heal|p1a: Exeggcute|20\/100 par|[from] drain|[of] p2a: Rhyhorn
|faint|p2a: Rhyhorn
|choice||
|
|switch|p2a: Diglett|Diglett, L5|100\/100
|turn|21
|choice||
|
|move|p2a: Diglett|Slash|p1a: Exeggcute
|-crit|p1a: Exeggcute
|-damage|p1a: Exeggcute|0 fnt
|faint|p1a: Exeggcute
|choice||
|
|switch|p1a: Staryu|Staryu, L5|100\/100
|turn|22
|choice||
|
|move|p2a: Diglett|Earthquake|p1a: Staryu
|-damage|p1a: Staryu|41\/100
|move|p1a: Staryu|Surf|p2a: Diglett
|-crit|p2a: Diglett
|-supereffective|p2a: Diglett
|-damage|p2a: Diglett|0 fnt
|faint|p2a: Diglett
|choice||
|
|switch|p2a: Abra|Abra, L5|100\/100 slp
|turn|23
|c| supernintendo64|Wow!!
|c|★Mandelbrot|So much luck this match.
|c| supernintendo64|I just thoguht about amnesia slowpoke XD
|choice||
|
|move|p1a: Staryu|Surf|p2a: Abra
|-crit|p2a: Abra
|-damage|p2a: Abra|37\/100 slp
|cant|p2a: Abra|slp
|
|turn|24
|choice||
|
|cant|p2a: Abra|slp
|move|p1a: Staryu|Surf|p2a: Abra
|-crit|p2a: Abra
|-damage|p2a: Abra|0 fnt
|faint|p2a: Abra
|
|win|Mandelbrot
|player|p1
|player|p2
|c|★Kel9901|gg
|c|★Mandelbrot|gg
|l|Kel9901
|l|supernintendo64