|j|AitorMaster
|j|notjdfijas
|player|p1|AitorMaster|169
|player|p2|notjdfijas|195
|gametype|singles
|gen|1
|tier|[Gen 1] Random Battle
|rated
|seed|16886,14441,30431,64855
|rule|Sleep Clause Mod: Limit one foe put to sleep
|rule|Freeze Clause Mod: Limit one foe frozen
|rule|HP Percentage Mod: HP is shown in percentages
|
|start
|switch|p1a: Charizard|Charizard, L85|306\/306
|switch|p2a: Zubat|Zubat, L96|272\/272
|turn|1
|choice|switch 4|move 2
|
|switch|p1a: Clefable|Clefable, L85|335\/335
|move|p2a: Zubat|Confuse Ray|p1a: Clefable
|-start|p1a: Clefable|confusion
|
|turn|2
|choice|move 4|move 4
|
|move|p2a: Zubat|Screech|p1a: Clefable
|-unboost|p1a: Clefable|def|2
|-activate|p1a: Clefable|confusion
|-damage|p1a: Clefable|277\/335|[from] confusion
|
|turn|3
|choice|move 4|move 1
|
|move|p2a: Zubat|Leech Life|p1a: Clefable
|-damage|p1a: Clefable|252\/335
|-end|p1a: Clefable|confusion
|move|p1a: Clefable|Ice Beam|p2a: Zubat
|-supereffective|p2a: Zubat
|-damage|p2a: Zubat|92\/272
|
|turn|4
|choice|move 4|switch 3
|
|switch|p2a: Ponyta|Ponyta, L96|291\/291
|move|p1a: Clefable|Ice Beam|p2a: Ponyta
|-damage|p2a: Ponyta|222\/291
|
|turn|5
|choice|move 2|move 4
|
|move|p2a: Ponyta|Body Slam|p1a: Clefable
|-crit|p1a: Clefable
|-damage|p1a: Clefable|100\/335
|move|p1a: Clefable|Body Slam|p2a: Ponyta
|-damage|p2a: Ponyta|137\/291
|
|turn|6
|choice|move 2|move 4
|
|move|p2a: Ponyta|Body Slam|p1a: Clefable
|-damage|p1a: Clefable|0 fnt
|faint|p1a: Clefable
|choice|switch 5|
|
|switch|p1a: Dragonair|Dragonair, L85|277\/277
|turn|7
|choice|move 1|move 3
|
|move|p2a: Ponyta|Substitute|p2a: Ponyta
|-start|p2a: Ponyta|Substitute
|-damage|p2a: Ponyta|65\/291
|move|p1a: Dragonair|Surf|p2a: Ponyta
|-supereffective|p2a: Ponyta
|-end|p2a: Ponyta|Substitute
|
|turn|8
|choice|move 1|move 4
|
|move|p2a: Ponyta|Body Slam|p1a: Dragonair
|-damage|p1a: Dragonair|193\/277
|-status|p1a: Dragonair|par
|move|p1a: Dragonair|Surf|p2a: Ponyta
|-supereffective|p2a: Ponyta
|-damage|p2a: Ponyta|0 fnt
|faint|p2a: Ponyta
|choice||switch 4
|
|switch|p2a: Omastar|Omastar, L90|309\/309
|turn|9
|choice|move 2|move 1
|
|move|p2a: Omastar|Blizzard|p1a: Dragonair
|-supereffective|p1a: Dragonair
|-damage|p1a: Dragonair|0 fnt
|faint|p1a: Dragonair
|choice|switch 6|
|
|switch|p1a: Dragonite|Dragonite, L85|328\/328
|turn|10
|choice|move 1|move 1
|
|move|p1a: Dragonite|Thunderbolt|p2a: Omastar
|-supereffective|p2a: Omastar
|-damage|p2a: Omastar|195\/309
|move|p2a: Omastar|Blizzard|p1a: Dragonite
|-supereffective|p1a: Dragonite
|-damage|p1a: Dragonite|0 fnt
|faint|p1a: Dragonite
|choice|switch 2|
|
|switch|p1a: Raticate|Raticate, L85|267\/267
|turn|11
|choice|move 1|move 4
|
|move|p1a: Raticate|Super Fang|p2a: Omastar
|-damage|p2a: Omastar|98\/309
|move|p2a: Omastar|Surf|p1a: Raticate
|-damage|p1a: Raticate|93\/267
|
|turn|12
|choice|move 2|move 4
|
|move|p1a: Raticate|Body Slam|p2a: Omastar
|-crit|p2a: Omastar
|-resisted|p2a: Omastar
|-damage|p2a: Omastar|45\/309
|-status|p2a: Omastar|par
|cant|p2a: Omastar|par
|
|turn|13
|choice|move 4|move 4
|
|move|p1a: Raticate|Hyper Beam|p2a: Omastar
|-resisted|p2a: Omastar
|-damage|p2a: Omastar|0 fnt
|faint|p2a: Omastar
|choice||switch 6
|
|switch|p2a: Primeape|Primeape, L90|300\/300
|turn|14
|choice|switch 4|move 2
|
|switch|p1a: Charizard|Charizard, L85|306\/306
|move|p2a: Primeape|Submission|p1a: Charizard
|-resisted|p1a: Charizard
|-damage|p1a: Charizard|252\/306
|-damage|p2a: Primeape|287\/300|[from] recoil|[of] p1a: Charizard
|
|turn|15
|choice|switch 4|move 4
|
|switch|p1a: Raticate|Raticate, L85|93\/267
|move|p2a: Primeape|Rock Slide|p1a: Raticate
|-damage|p1a: Raticate|18\/267
|
|turn|16
|choice|move 2|move 2
|
|move|p2a: Primeape|Submission|p1a: Raticate
|-supereffective|p1a: Raticate
|-damage|p1a: Raticate|0 fnt
|-damage|p2a: Primeape|283\/300|[from] recoil|[of] p1a: Raticate
|faint|p1a: Raticate
|choice|switch 3|
|
|switch|p1a: Poliwhirl|Poliwhirl, L85|284\/284
|turn|17
|choice|move 4|move 1
|
|move|p2a: Primeape|Body Slam|p1a: Poliwhirl
|-damage|p1a: Poliwhirl|200\/284
|-status|p1a: Poliwhirl|par
|move|p1a: Poliwhirl|Hypnosis|p2a: Primeape|[miss]
|-miss|p1a: Poliwhirl
|
|turn|18
|choice|move 4|move 1
|
|move|p2a: Primeape|Body Slam|p1a: Poliwhirl
|-damage|p1a: Poliwhirl|110\/284 par
|move|p1a: Poliwhirl|Hypnosis|p2a: Primeape
|-status|p2a: Primeape|slp
|
|turn|19
|choice|move 1|switch 3
|
|switch|p2a: Zubat|Zubat, L96|92\/272
|move|p1a: Poliwhirl|Amnesia|p1a: Poliwhirl
|-boost|p1a: Poliwhirl|spd|2
|-boost|p1a: Poliwhirl|spa|2
|
|turn|20
|choice|move 2|move 2
|
|move|p2a: Zubat|Confuse Ray|p1a: Poliwhirl
|-start|p1a: Poliwhirl|confusion
|-activate|p1a: Poliwhirl|confusion
|-damage|p1a: Poliwhirl|80\/284 par|[from] confusion
|
|turn|21
|choice|move 2|move 4
|
|move|p2a: Zubat|Screech|p1a: Poliwhirl|[miss]
|-miss|p2a: Zubat
|-activate|p1a: Poliwhirl|confusion
|-damage|p1a: Poliwhirl|50\/284 par|[from] confusion
|
|turn|22
|choice|move 2|move 4
|
|move|p2a: Zubat|Screech|p1a: Poliwhirl
|-unboost|p1a: Poliwhirl|def|2
|-activate|p1a: Poliwhirl|confusion
|-damage|p1a: Poliwhirl|0 fnt|[from] confusion
|faint|p1a: Poliwhirl
|choice|switch 4|
|
|switch|p1a: Charizard|Charizard, L85|252\/306
|turn|23
|choice|move 1|move 4
|
|move|p1a: Charizard|Hyper Beam|p2a: Zubat|[miss]
|-miss|p1a: Charizard
|move|p2a: Zubat|Screech|p1a: Charizard
|-unboost|p1a: Charizard|def|2
|
|turn|24
|choice|move 3|move 4
|
|move|p1a: Charizard|Body Slam|p2a: Zubat
|-damage|p2a: Zubat|8\/272
|-status|p2a: Zubat|par
|move|p2a: Zubat|Screech|p1a: Charizard
|-unboost|p1a: Charizard|def|2
|
|turn|25
|choice|move 3|move 4
|
|move|p1a: Charizard|Body Slam|p2a: Zubat
|-crit|p2a: Zubat
|-damage|p2a: Zubat|0 fnt
|faint|p2a: Zubat
|choice||switch 5
|
|switch|p2a: Rhydon|Rhydon, L79|328\/328
|turn|26
|choice|move 4|move 2
|
|move|p1a: Charizard|Earthquake|p2a: Rhydon
|-supereffective|p2a: Rhydon
|-damage|p2a: Rhydon|214\/328
|move|p2a: Rhydon|Rock Slide|p1a: Charizard
|-supereffective|p1a: Charizard
|-damage|p1a: Charizard|0 fnt
|faint|p1a: Charizard
|
|win|notjdfijas
|player|p1
|player|p2
|raw|AitorMaster's rating: 1371 &rarr; <strong>1338<\/strong><br \/>(-33 for losing)
|raw|notjdfijas's rating: 1090 &rarr; <strong>1134<\/strong><br \/>(+44 for winning)
|l|AitorMaster