|j|MrJelli
|j|Judo
|player|p1|MrJelli|163
|player|p2|Judo|70
|gametype|singles
|gen|1
|tier|[Gen 1] OU
|seed|
|rule|Sleep Clause Mod: Limit one foe put to sleep
|rule|Freeze Clause Mod: Limit one foe frozen
|rule|Species Clause: Limit one of each Pokémon
|rule|OHKO Clause: OHKO moves are banned
|rule|Evasion Moves Clause: Evasion moves are banned
|rule|HP Percentage Mod: HP is shown in percentages
|
|start
|switch|p1a: Gengar|Gengar|100\/100
|switch|p2a: KHAAMO|Gengar|100\/100
|turn|1
|c|★Judo|lmao
|c|★MrJelli|heh
|choice||
|
|move|p1a: Gengar|Hypnosis|p2a: KHAAMO
|-status|p2a: KHAAMO|slp
|-curestatus|p2a: KHAAMO|slp
|
|turn|2
|c|★Judo|speed ties ffs
|choice||
|
|switch|p2a: JANOMI|Jynx|100\/100
|move|p1a: Gengar|Hypnosis|p2a: JANOMI
|-status|p2a: JANOMI|slp
|
|turn|3
|c|★MrJelli|what is sleep
|c|★MrJelli|that gengar got as much sleep as I got last night lmao
|c|★Judo|lmao you bad lad XD
|choice||
|
|switch|p2a: LORD BOYT|Golem|100\/100
|move|p1a: Gengar|Thunderbolt|p2a: LORD BOYT
|-immune|p2a: LORD BOYT|[msg]
|
|turn|4
|choice||
|
|move|p1a: Gengar|Mega Drain|p2a: LORD BOYT
|-crit|p2a: LORD BOYT
|-supereffective|p2a: LORD BOYT
|-damage|p2a: LORD BOYT|0 fnt
|faint|p2a: LORD BOYT
|choice||
|
|switch|p2a: SHIVVERS|Chansey|100\/100
|turn|5
|c|★MrJelli|brb
|c|★Judo|crit mega drain nuuuu not lord boyt
|choice||
|
|switch|p1a: Rhydon|Rhydon|100\/100
|move|p2a: SHIVVERS|Reflect|p2a: SHIVVERS
|-start|p2a: SHIVVERS|Reflect
|
|turn|6
|choice||
|
|move|p2a: SHIVVERS|Blizzard|p1a: Rhydon
|-supereffective|p1a: Rhydon
|-damage|p1a: Rhydon|26\/100
|-status|p1a: Rhydon|frz
|cant|p1a: Rhydon|frz
|
|turn|7
|c|★MrJelli|OML
|choice||
|
|move|p2a: SHIVVERS|Blizzard|p1a: Rhydon
|-supereffective|p1a: Rhydon
|-damage|p1a: Rhydon|0 fnt
|faint|p1a: Rhydon
|c|★Judo|revenge
|c|★Judo|best served cold
|choice||
|
|switch|p1a: Exeggutor|Exeggutor|100\/100
|turn|8
|c|★MrJelli|I'll have to agree
|choice||
|
|move|p1a: Exeggutor|Psychic|p2a: SHIVVERS
|-damage|p2a: SHIVVERS|83\/100
|move|p2a: SHIVVERS|Thunder Wave|p1a: Exeggutor
|-status|p1a: Exeggutor|par
|
|turn|9
|choice||
|
|move|p2a: SHIVVERS|Blizzard|p1a: Exeggutor
|-supereffective|p1a: Exeggutor
|-damage|p1a: Exeggutor|60\/100 par
|move|p1a: Exeggutor|Psychic|p2a: SHIVVERS
|-damage|p2a: SHIVVERS|66\/100
|
|turn|10
|choice||
|
|move|p2a: SHIVVERS|Blizzard|p1a: Exeggutor
|-supereffective|p1a: Exeggutor
|-damage|p1a: Exeggutor|18\/100 par
|move|p1a: Exeggutor|Psychic|p2a: SHIVVERS
|-damage|p2a: SHIVVERS|49\/100
|-unboost|p2a: SHIVVERS|spd|1
|-unboost|p2a: SHIVVERS|spa|1
|
|turn|11
|choice||
|
|move|p2a: SHIVVERS|Soft-Boiled|p2a: SHIVVERS
|-heal|p2a: SHIVVERS|99\/100
|move|p1a: Exeggutor|Explosion|p2a: SHIVVERS
|-damage|p2a: SHIVVERS|49\/100
|faint|p1a: Exeggutor
|choice||
|
|switch|p1a: Gengar|Gengar|100\/100
|turn|12
|choice||
|
|move|p1a: Gengar|Hypnosis|p2a: SHIVVERS|[miss]
|-miss|p1a: Gengar
|move|p2a: SHIVVERS|Thunder Wave|p1a: Gengar
|-status|p1a: Gengar|par
|
|turn|13
|c|★MrJelli|gg i cant beat chansey lmao
|c|★Judo|tru
|choice||
|
|move|p2a: SHIVVERS|Soft-Boiled|p2a: SHIVVERS
|-heal|p2a: SHIVVERS|99\/100
|move|p1a: Gengar|Explosion|p2a: SHIVVERS
|-damage|p2a: SHIVVERS|59\/100
|faint|p1a: Gengar
|c|★Judo|chansey reflect op
|-message|MrJelli forfeited.
|
|win|Judo
|player|p1
|player|p2