|join|jynx2000
|join|XianJu
|player|p1|jynx2000|265
|player|p2|XianJu|130
|gametype|singles
|gen|1
|tier|[Gen 1] Random Battle
|rated
|seed|7190,12188,9410,58485
|rule|Sleep Clause Mod: Limit one foe put to sleep
|rule|Freeze Clause Mod: Limit one foe frozen
|rule|HP Percentage Mod: HP is shown in percentages
|
|start
|switch|p1a: Geodude|Geodude, L96|272\/272
|switch|p2a: Articuno|Articuno, L79|304\/304
|turn|1
|choice|switch 4|move 2
|
|switch|p1a: Jynx|Jynx, L79|265\/265
|move|p2a: Articuno|Blizzard|p1a: Jynx|[miss]
|-miss|p2a: Articuno
|
|turn|2
|choice|move 1|move 2
|
|move|p1a: Jynx|Lovely Kiss|p2a: Articuno|[miss]
|-miss|p1a: Jynx
|move|p2a: Articuno|Blizzard|p1a: Jynx
|-resisted|p1a: Jynx
|-damage|p1a: Jynx|204\/265
|
|turn|3
|choice|move 2|move 4
|
|move|p1a: Jynx|Psychic|p2a: Articuno
|-crit|p2a: Articuno
|-damage|p2a: Articuno|173\/304
|move|p2a: Articuno|Reflect|p2a: Articuno
|-start|p2a: Articuno|Reflect
|
|turn|4
|choice|move 1|move 2
|
|move|p1a: Jynx|Lovely Kiss|p2a: Articuno
|-status|p2a: Articuno|slp
|cant|p2a: Articuno|slp
|
|turn|5
|choice|move 2|move 2
|
|move|p1a: Jynx|Psychic|p2a: Articuno
|-damage|p2a: Articuno|106\/304 slp
|cant|p2a: Articuno|slp
|
|turn|6
|choice|move 2|switch 2
|
|switch|p2a: Clefable|Clefable, L85|335\/335
|move|p1a: Jynx|Psychic|p2a: Clefable
|-damage|p2a: Clefable|254\/335
|-unboost|p2a: Clefable|spd|1
|-unboost|p2a: Clefable|spa|1
|
|turn|7
|choice|switch 6|move 1
|
|switch|p1a: Wigglytuff|Wigglytuff, L90|435\/435
|move|p2a: Clefable|Sing|p1a: Wigglytuff|[miss]
|-miss|p2a: Clefable
|
|turn|8
|choice|move 2|move 1
|
|move|p2a: Clefable|Sing|p1a: Wigglytuff|[miss]
|-miss|p2a: Clefable
|move|p1a: Wigglytuff|Thunder Wave|p2a: Clefable
|-status|p2a: Clefable|par
|
|turn|9
|choice|move 4|move 1
|
|move|p1a: Wigglytuff|Double-Edge|p2a: Clefable
|-damage|p2a: Clefable|148\/335 par
|-damage|p1a: Wigglytuff|409\/435|[from] recoil|[of] p2a: Clefable
|move|p2a: Clefable|Sing|p1a: Wigglytuff|[miss]
|-miss|p2a: Clefable
|
|turn|10
|choice|move 4|switch 6
|
|switch|p2a: Onix|Onix, L90|246\/246
|move|p1a: Wigglytuff|Double-Edge|p2a: Onix
|-resisted|p2a: Onix
|-damage|p2a: Onix|216\/246
|-damage|p1a: Wigglytuff|402\/435|[from] recoil|[of] p2a: Onix
|
|turn|11
|choice|move 3|move 2
|
|move|p2a: Onix|Rock Slide|p1a: Wigglytuff|[miss]
|-miss|p2a: Onix
|move|p1a: Wigglytuff|Blizzard|p2a: Onix
|-supereffective|p2a: Onix
|-damage|p2a: Onix|14\/246
|
|turn|12
|choice|move 4|switch 5
|
|switch|p2a: Tentacruel|Tentacruel, L85|310\/310
|move|p1a: Wigglytuff|Double-Edge|p2a: Tentacruel
|-damage|p2a: Tentacruel|185\/310
|-damage|p1a: Wigglytuff|371\/435|[from] recoil|[of] p2a: Tentacruel
|
|turn|13
|choice|move 2|move 3
|
|move|p2a: Tentacruel|Hydro Pump|p1a: Wigglytuff
|-damage|p1a: Wigglytuff|165\/435
|move|p1a: Wigglytuff|Thunder Wave|p2a: Tentacruel
|-status|p2a: Tentacruel|par
|
|turn|14
|choice|move 1|switch 3
|
|switch|p2a: Dragonair|Dragonair, L85|277\/277
|move|p1a: Wigglytuff|Hyper Beam|p2a: Dragonair
|-crit|p2a: Dragonair
|-damage|p2a: Dragonair|0 fnt
|faint|p2a: Dragonair
|c|★jynx2000|wiggly MONSTER
|choice||switch 5
|
|switch|p2a: Onix|Onix, L90|14\/246
|turn|15
|c|★jynx2000|you will have nightmares with cute wigglytuff
|choice|move 4|move 4
|
|move|p2a: Onix|Earthquake|p1a: Wigglytuff
|-crit|p1a: Wigglytuff
|-damage|p1a: Wigglytuff|0 fnt
|faint|p1a: Wigglytuff
|choice|switch 6|
|
|switch|p1a: Jynx|Jynx, L79|204\/265
|turn|16
|choice|move 2|switch 4
|
|switch|p2a: Chansey|Chansey, L79|557\/557
|move|p1a: Jynx|Psychic|p2a: Chansey
|-damage|p2a: Chansey|485\/557
|
|turn|17
|choice|switch 4|move 4
|
|switch|p1a: Geodude|Geodude, L96|272\/272
|move|p2a: Chansey|Ice Beam|p1a: Geodude
|-supereffective|p1a: Geodude
|-damage|p1a: Geodude|68\/272
|
|turn|18
|choice|move 3|move 4
|
|move|p2a: Chansey|Ice Beam|p1a: Geodude
|-supereffective|p1a: Geodude
|-damage|p1a: Geodude|0 fnt
|faint|p1a: Geodude
|choice|switch 5|
|
|switch|p1a: Primeape|Primeape, L90|300\/300
|turn|19
|choice|move 2|switch 6
|
|switch|p2a: Clefable|Clefable, L85|148\/335 par
|move|p1a: Primeape|Submission|p2a: Clefable
|-supereffective|p2a: Clefable
|-damage|p2a: Clefable|0 fnt
|-damage|p1a: Primeape|263\/300|[from] recoil|[of] p2a: Clefable
|faint|p2a: Clefable
|choice||switch 3
|
|switch|p2a: Tentacruel|Tentacruel, L85|185\/310 par
|turn|20
|choice|switch 3|move 3
|
|switch|p1a: Alakazam|Alakazam, L79|249\/249
|move|p2a: Tentacruel|Hydro Pump|p1a: Alakazam
|-damage|p1a: Alakazam|125\/249
|
|turn|21
|choice|move 1|switch 6
|
|switch|p2a: Chansey|Chansey, L79|485\/557
|move|p1a: Alakazam|Psychic|p2a: Chansey
|-damage|p2a: Chansey|379\/557
|
|turn|22
|choice|switch 4|move 4
|
|switch|p1a: Jynx|Jynx, L79|204\/265
|move|p2a: Chansey|Ice Beam|p1a: Jynx
|-resisted|p1a: Jynx
|-damage|p1a: Jynx|173\/265
|
|turn|23
|choice|move 4|move 1
|
|move|p1a: Jynx|Blizzard|p2a: Chansey
|-damage|p2a: Chansey|273\/557
|move|p2a: Chansey|Soft-Boiled|p2a: Chansey
|-heal|p2a: Chansey|551\/557
|
|turn|24
|choice|move 3|move 4
|
|move|p1a: Jynx|Mimic|p2a: Chansey
|-start|p1a: Jynx|Mimic|Reflect
|move|p2a: Chansey|Ice Beam|p1a: Jynx
|-resisted|p1a: Jynx
|-damage|p1a: Jynx|141\/265
|
|turn|25
|choice|move 2|move 4
|
|move|p1a: Jynx|Psychic|p2a: Chansey
|-damage|p2a: Chansey|468\/557
|move|p2a: Chansey|Ice Beam|p1a: Jynx
|-resisted|p1a: Jynx
|-damage|p1a: Jynx|110\/265
|
|turn|26
|choice|switch 3|move 4
|
|switch|p1a: Primeape|Primeape, L90|263\/300
|move|p2a: Chansey|Ice Beam|p1a: Primeape
|-damage|p1a: Primeape|191\/300
|
|turn|27
|choice|move 2|switch 4
|
|switch|p2a: Onix|Onix, L90|14\/246
|move|p1a: Primeape|Submission|p2a: Onix
|-crit|p2a: Onix
|-supereffective|p2a: Onix
|-damage|p2a: Onix|0 fnt
|-damage|p1a: Primeape|188\/300|[from] recoil|[of] p2a: Onix
|faint|p2a: Onix
|choice||switch 6
|
|switch|p2a: Tentacruel|Tentacruel, L85|185\/310 par
|turn|28
|choice|switch 2|move 3
|
|switch|p1a: Gloom|Gloom, L90|291\/291
|move|p2a: Tentacruel|Hydro Pump|p1a: Gloom|[miss]
|-miss|p2a: Tentacruel
|
|turn|29
|choice|move 1|move 4
|
|move|p1a: Gloom|Double-Edge|p2a: Tentacruel
|-damage|p2a: Tentacruel|114\/310 par
|-damage|p1a: Gloom|274\/291|[from] recoil|[of] p2a: Tentacruel
|move|p2a: Tentacruel|Blizzard|p1a: Gloom
|-supereffective|p1a: Gloom
|-damage|p1a: Gloom|96\/291
|
|turn|30
|c|★jynx2000|just give up
|c|★jynx2000|it's over
|choice|move 1|switch 4
|
|switch|p2a: Chansey|Chansey, L79|468\/557
|move|p1a: Gloom|Double-Edge|p2a: Chansey
|-damage|p2a: Chansey|289\/557
|-damage|p1a: Gloom|52\/291|[from] recoil|[of] p2a: Chansey
|
|turn|31
|c|★jynx2000|ugh how annoying
|c|★jynx2000|don't worry you will fall down a little more from your pathetic 18th rank
|c|★jynx2000|and you will contribute a little more for my absolute 1st position in the ladder
|c|★jynx2000|more than 50 points from the second place
|-message|jynx2000 lost due to inactivity.
|
|win|XianJu
|c|★jynx2000|hahahahahahahaha
|raw|jynx2000's rating: 1470 &rarr; <strong>1440<\/strong><br \/>(-30 for losing)
|raw|XianJu's rating: 1278 &rarr; <strong>1316<\/strong><br \/>(+38 for winning)
|leave|jynx2000
|player|p1
|c|★XianJu|dude are you serrious
|c|★XianJu|never seen someone act like that when they LOSE
|c|★XianJu|even with that team
|c|★XianJu|like you were better or something
|c|★XianJu|and do i care which position are you at
|c|★XianJu|im top 10 if you wanna know
|c|★XianJu|and you played more games than i did
|c|★XianJu|and i was 1st on the ladder in gen1OU unlike you who cant succide in more than 1 tier
|c|★XianJu|but do you see me bragging about it
|c|★XianJu|i dont care about ranks of others, others dont care about mine
|c|★XianJu|except of you
|c|★XianJu|and fyi i already beat you before, go look up in the replays to refresh your memory
|c|★XianJu|who can't succeed *