|join|NakMuay
|join|MALESANI
|player|p1|NakMuay|169
|player|p2|MALESANI|110
|gametype|singles
|gen|1
|tier|[Gen 1] Random Battle
|rated
|seed|13638,15145,45126,62042
|rule|Sleep Clause Mod: Limit one foe put to sleep
|rule|Freeze Clause Mod: Limit one foe frozen
|rule|HP Percentage Mod: HP is shown in percentages
|
|start
|switch|p1a: Eevee|Eevee, L96|300\/300
|switch|p2a: Dewgong|Dewgong, L85|327\/327
|turn|1
|choice|move 1|move 1
|
|move|p2a: Dewgong|Blizzard|p1a: Eevee
|-damage|p1a: Eevee|165\/300
|move|p1a: Eevee|Body Slam|p2a: Dewgong
|-damage|p2a: Dewgong|235\/327
|
|turn|2
|choice|move 1|move 1
|
|move|p2a: Dewgong|Blizzard|p1a: Eevee
|-crit|p1a: Eevee
|-damage|p1a: Eevee|0 fnt
|faint|p1a: Eevee
|choice|switch 4|
|
|switch|p1a: Magneton|Magneton, L90|273\/273
|turn|3
|choice|move 1|switch 5
|
|switch|p2a: Marowak|Marowak, L90|291\/291
|move|p1a: Magneton|Thunderbolt|p2a: Marowak
|-immune|p2a: Marowak|[msg]
|
|turn|4
|choice|switch 3|move 2
|
|switch|p1a: Articuno|Articuno, L79|304\/304
|move|p2a: Marowak|Blizzard|p1a: Articuno
|-damage|p1a: Articuno|244\/304
|
|turn|5
|choice|move 2|switch 5
|
|switch|p2a: Dewgong|Dewgong, L85|235\/327
|move|p1a: Articuno|Blizzard|p2a: Dewgong
|-resisted|p2a: Dewgong
|-damage|p2a: Dewgong|207\/327
|
|turn|6
|choice|switch 3|move 1
|
|switch|p1a: Magneton|Magneton, L90|273\/273
|move|p2a: Dewgong|Blizzard|p1a: Magneton
|-damage|p1a: Magneton|172\/273
|
|turn|7
|choice|move 4|switch 5
|
|switch|p2a: Marowak|Marowak, L90|291\/291
|move|p1a: Magneton|Double-Edge|p2a: Marowak
|-crit|p2a: Marowak
|-damage|p2a: Marowak|193\/291
|-damage|p1a: Magneton|148\/273|[from] recoil|[of] p2a: Marowak
|
|turn|8
|choice|switch 3|move 4
|
|switch|p1a: Articuno|Articuno, L79|244\/304
|move|p2a: Marowak|Seismic Toss|p1a: Articuno
|-damage|p1a: Articuno|154\/304
|
|turn|9
|choice|move 2|switch 5
|
|switch|p2a: Dewgong|Dewgong, L85|207\/327
|move|p1a: Articuno|Blizzard|p2a: Dewgong
|-crit|p2a: Dewgong
|-resisted|p2a: Dewgong
|-damage|p2a: Dewgong|150\/327
|
|turn|10
|choice|switch 3|move 1
|
|switch|p1a: Magneton|Magneton, L90|148\/273
|move|p2a: Dewgong|Blizzard|p1a: Magneton
|-damage|p1a: Magneton|57\/273
|
|turn|11
|choice|move 1|switch 5
|
|switch|p2a: Marowak|Marowak, L90|193\/291
|move|p1a: Magneton|Thunderbolt|p2a: Marowak
|-immune|p2a: Marowak|[msg]
|
|turn|12
|choice|move 2|move 1
|
|move|p1a: Magneton|Hyper Beam|p2a: Marowak
|-damage|p2a: Marowak|117\/291
|move|p2a: Marowak|Body Slam|p1a: Magneton
|-damage|p1a: Magneton|3\/273
|
|turn|13
|-mustrecharge|p1a: Magneton
|-mustrecharge|p1a: Magneton
|choice|move 1|move 4
|
|cant|p1a: Magneton|recharge
|move|p2a: Marowak|Seismic Toss|p1a: Magneton
|-damage|p1a: Magneton|0 fnt
|faint|p1a: Magneton
|choice|switch 3|
|
|switch|p1a: Articuno|Articuno, L79|154\/304
|turn|14
|choice|move 2|switch 5
|
|switch|p2a: Dewgong|Dewgong, L85|150\/327
|move|p1a: Articuno|Blizzard|p2a: Dewgong
|-resisted|p2a: Dewgong
|-damage|p2a: Dewgong|122\/327
|
|turn|15
|choice|move 2|move 2
|
|move|p1a: Articuno|Blizzard|p2a: Dewgong
|-resisted|p2a: Dewgong
|-damage|p2a: Dewgong|90\/327
|move|p2a: Dewgong|Surf|p1a: Articuno
|-damage|p1a: Articuno|67\/304
|
|turn|16
|choice|move 2|move 2
|
|move|p1a: Articuno|Blizzard|p2a: Dewgong
|-resisted|p2a: Dewgong
|-damage|p2a: Dewgong|60\/327
|move|p2a: Dewgong|Surf|p1a: Articuno
|-damage|p1a: Articuno|0 fnt
|faint|p1a: Articuno
|choice|switch 5|
|
|switch|p1a: Seadra|Seadra, L90|282\/282
|turn|17
|choice|move 3|move 4
|
|move|p1a: Seadra|Hydro Pump|p2a: Dewgong
|-resisted|p2a: Dewgong
|-damage|p2a: Dewgong|0 fnt
|faint|p2a: Dewgong
|choice||switch 6
|
|switch|p2a: Gyarados|Gyarados, L85|335\/335
|turn|18
|c|★NakMuay|god i hate it when your team has weaknesses
|choice|move 4|move 3
|
|move|p1a: Seadra|Blizzard|p2a: Gyarados
|-damage|p2a: Gyarados|244\/335
|move|p2a: Gyarados|Thunderbolt|p1a: Seadra
|-supereffective|p1a: Seadra
|-damage|p1a: Seadra|150\/282
|-status|p1a: Seadra|par
|
|turn|19
|c|★MALESANI|dat feel
|choice|move 4|move 3
|
|move|p2a: Gyarados|Thunderbolt|p1a: Seadra
|-supereffective|p1a: Seadra
|-damage|p1a: Seadra|17\/282 par
|move|p1a: Seadra|Blizzard|p2a: Gyarados
|-damage|p2a: Gyarados|158\/335
|
|turn|20
|choice|move 4|move 2
|
|move|p2a: Gyarados|Body Slam|p1a: Seadra
|-damage|p1a: Seadra|0 fnt
|faint|p1a: Seadra
|choice|switch 6|
|
|switch|p1a: Parasect|Parasect, L90|291\/291
|turn|21
|choice|move 4|move 1
|
|move|p2a: Gyarados|Blizzard|p1a: Parasect
|-crit|p1a: Parasect
|-supereffective|p1a: Parasect
|-damage|p1a: Parasect|0 fnt
|faint|p1a: Parasect
|choice|switch 2|
|
|switch|p1a: Geodude|Geodude, L96|272\/272
|turn|22
|choice|move 4|move 1
|
|move|p2a: Gyarados|Blizzard|p1a: Geodude
|-crit|p1a: Geodude
|-supereffective|p1a: Geodude
|-damage|p1a: Geodude|0 fnt
|faint|p1a: Geodude
|
|win|MALESANI
|raw|NakMuay's rating: 1288 &rarr; <strong>1262<\/strong><br \/>(-26 for losing)
|raw|MALESANI's rating: 1270 &rarr; <strong>1297<\/strong><br \/>(+27 for winning)