|join|andrewandres
|join|54e
|player|p1|andrewandres|1
|player|p2|54e|170
|gametype|singles
|gen|1
|tier|[Gen 1] Random Battle
|rated
|rule|Sleep Clause Mod: Limit one foe put to sleep
|rule|Freeze Clause Mod: Limit one foe frozen
|rule|HP Percentage Mod: HP is shown in percentages
|
|start
|switch|p1a: Poliwag|Poliwag, L96|272\/272
|switch|p2a: Alakazam|Alakazam, L79|249\/249
|turn|1
|
|switch|p2a: Vileplume|Vileplume, L90|318\/318
|move|p1a: Poliwag|Hypnosis|p2a: Vileplume|[miss]
|-miss|p1a: Poliwag
|
|turn|2
|
|switch|p1a: Machamp|Machamp, L90|345\/345
|move|p2a: Vileplume|Sleep Powder|p1a: Machamp
|-status|p1a: Machamp|slp
|
|turn|3
|
|switch|p1a: Clefable|Clefable, L85|335\/335
|move|p2a: Vileplume|Body Slam|p1a: Clefable
|-damage|p1a: Clefable|272\/335
|
|turn|4
|
|switch|p2a: Golduck|Golduck, L85|310\/310
|move|p1a: Clefable|Body Slam|p2a: Golduck
|-damage|p2a: Golduck|235\/310
|
|turn|5
|
|move|p2a: Golduck|Amnesia|p2a: Golduck
|-boost|p2a: Golduck|spd|2
|-boost|p2a: Golduck|spa|2
|move|p1a: Clefable|Sing|p2a: Golduck
|-status|p2a: Golduck|slp
|
|turn|6
|join|phlarme
|
|switch|p2a: Ninetales|Ninetales, L85|298\/298
|move|p1a: Clefable|Body Slam|p2a: Ninetales
|-damage|p2a: Ninetales|214\/298
|
|turn|7
|
|move|p2a: Ninetales|Fire Blast|p1a: Clefable|[miss]
|-miss|p2a: Ninetales
|move|p1a: Clefable|Body Slam|p2a: Ninetales
|-damage|p2a: Ninetales|137\/298
|
|turn|8
|
|move|p2a: Ninetales|Fire Blast|p1a: Clefable
|-crit|p1a: Clefable
|-damage|p1a: Clefable|26\/335
|move|p1a: Clefable|Body Slam|p2a: Ninetales
|-damage|p2a: Ninetales|53\/298
|
|turn|9
|
|move|p2a: Ninetales|Double-Edge|p1a: Clefable
|-damage|p1a: Clefable|0 fnt
|-damage|p2a: Ninetales|47\/298|[from] recoil|[of] p1a: Clefable
|faint|p1a: Clefable
|
|switch|p1a: Jolteon|Jolteon, L79|265\/265
|turn|10
|
|switch|p2a: Vileplume|Vileplume, L90|318\/318
|move|p1a: Jolteon|Thunderbolt|p2a: Vileplume
|-resisted|p2a: Vileplume
|-damage|p2a: Vileplume|278\/318
|
|turn|11
|
|switch|p1a: Gengar|Gengar, L79|257\/257
|move|p2a: Vileplume|Body Slam|p1a: Gengar
|-immune|p1a: Gengar|[msg]
|
|turn|12
|
|switch|p2a: Alakazam|Alakazam, L79|249\/249
|move|p1a: Gengar|Psychic|p2a: Alakazam
|-crit|p2a: Alakazam
|-resisted|p2a: Alakazam
|-damage|p2a: Alakazam|195\/249
|
|turn|13
|
|switch|p1a: Hypno|Hypno, L85|318\/318
|move|p2a: Alakazam|Psychic|p1a: Hypno
|-crit|p1a: Hypno
|-resisted|p1a: Hypno
|-damage|p1a: Hypno|236\/318
|
|turn|14
|
|switch|p2a: Ninetales|Ninetales, L85|47\/298
|move|p1a: Hypno|Psychic|p2a: Ninetales
|-damage|p2a: Ninetales|0 fnt
|faint|p2a: Ninetales
|
|switch|p2a: Scyther|Scyther, L90|309\/309
|turn|15
|
|switch|p2a: Tauros|Tauros, L79|280\/280
|move|p1a: Hypno|Psychic|p2a: Tauros
|-damage|p2a: Tauros|154\/280
|
|turn|16
|
|move|p2a: Tauros|Body Slam|p1a: Hypno
|-damage|p1a: Hypno|145\/318
|move|p1a: Hypno|Psychic|p2a: Tauros
|-damage|p2a: Tauros|23\/280
|
|turn|17
|
|move|p2a: Tauros|Hyper Beam|p1a: Hypno
|-damage|p1a: Hypno|0 fnt
|faint|p1a: Hypno
|
|switch|p1a: Poliwag|Poliwag, L96|272\/272
|turn|18
|
|move|p1a: Poliwag|Blizzard|p2a: Tauros
|-damage|p2a: Tauros|0 fnt
|faint|p2a: Tauros
|
|switch|p2a: Vileplume|Vileplume, L90|278\/318
|turn|19
|
|move|p1a: Poliwag|Amnesia|p1a: Poliwag
|-boost|p1a: Poliwag|spd|2
|-boost|p1a: Poliwag|spa|2
|move|p2a: Vileplume|Mega Drain|p1a: Poliwag
|-supereffective|p1a: Poliwag
|-damage|p1a: Poliwag|209\/272
|-heal|p2a: Vileplume|309\/318|[from] drain|[of] p1a: Poliwag
|
|turn|20
|
|move|p1a: Poliwag|Blizzard|p2a: Vileplume
|-supereffective|p2a: Vileplume
|-damage|p2a: Vileplume|90\/318
|move|p2a: Vileplume|Mega Drain|p1a: Poliwag
|-supereffective|p1a: Poliwag
|-damage|p1a: Poliwag|142\/272
|-heal|p2a: Vileplume|123\/318|[from] drain|[of] p1a: Poliwag
|
|turn|21
|
|move|p1a: Poliwag|Blizzard|p2a: Vileplume
|-crit|p2a: Vileplume
|-supereffective|p2a: Vileplume
|-damage|p2a: Vileplume|0 fnt
|faint|p2a: Vileplume
|
|switch|p2a: Scyther|Scyther, L90|309\/309
|turn|22
|
|move|p2a: Scyther|Slash|p1a: Poliwag
|-crit|p1a: Poliwag
|-damage|p1a: Poliwag|0 fnt
|faint|p1a: Poliwag
|
|switch|p1a: Jolteon|Jolteon, L79|265\/265
|turn|23
|
|move|p1a: Jolteon|Thunderbolt|p2a: Scyther
|-supereffective|p2a: Scyther
|-damage|p2a: Scyther|63\/309
|move|p2a: Scyther|Slash|p1a: Jolteon
|-crit|p1a: Jolteon
|-damage|p1a: Jolteon|92\/265
|
|turn|24
|
|switch|p2a: Alakazam|Alakazam, L79|195\/249
|move|p1a: Jolteon|Thunderbolt|p2a: Alakazam
|-damage|p2a: Alakazam|119\/249
|
|turn|25
|
|move|p1a: Jolteon|Pin Missile|p2a: Alakazam
|-supereffective|p2a: Alakazam
|-damage|p2a: Alakazam|96\/249
|-damage|p2a: Alakazam|73\/249
|-damage|p2a: Alakazam|50\/249
|-hitcount|p2a: Alakazam|3
|move|p2a: Alakazam|Psychic|p1a: Jolteon
|-crit|p1a: Jolteon
|-damage|p1a: Jolteon|0 fnt
|faint|p1a: Jolteon
|
|switch|p1a: Gengar|Gengar, L79|257\/257
|turn|26
|
|move|p2a: Alakazam|Recover|p2a: Alakazam
|-heal|p2a: Alakazam|174\/249
|move|p1a: Gengar|Thunderbolt|p2a: Alakazam
|-damage|p2a: Alakazam|118\/249
|
|turn|27
|
|move|p2a: Alakazam|Recover|p2a: Alakazam
|-heal|p2a: Alakazam|242\/249
|move|p1a: Gengar|Psychic|p2a: Alakazam
|-resisted|p2a: Alakazam
|-damage|p2a: Alakazam|217\/249
|
|turn|28
|
|move|p2a: Alakazam|Psychic|p1a: Gengar
|-supereffective|p1a: Gengar
|-damage|p1a: Gengar|73\/257
|-unboost|p1a: Gengar|spd|1
|-unboost|p1a: Gengar|spa|1
|move|p1a: Gengar|Thunderbolt|p2a: Alakazam
|-crit|p2a: Alakazam
|-damage|p2a: Alakazam|99\/249
|
|turn|29
|
|move|p2a: Alakazam|Psychic|p1a: Gengar
|-crit|p1a: Gengar
|-supereffective|p1a: Gengar
|-damage|p1a: Gengar|0 fnt
|faint|p1a: Gengar
|-message|andrewandres forfeited.
|
|win|54e
|raw|Ladder updating...
|leave|andrewandres
|player|p1
|c|★54e|yeahhhhhhhhh ip address in danger
|raw|andrewandres's rating: 1363 &rarr; <strong>1329<\/strong><br \/>(-34 for losing)
|raw|54e's rating: 1077 &rarr; <strong>1125<\/strong><br \/>(+48 for winning)