|j|MetropolisJ
|j|boldo xenneru
|player|p1|MetropolisJ|101
|player|p2|boldo xenneru|101
|gametype|singles
|gen|1
|tier|[Gen 1] Random Battle
|rated
|seed|
|rule|Sleep Clause Mod: Limit one foe put to sleep
|rule|Freeze Clause Mod: Limit one foe frozen
|rule|HP Percentage Mod: HP is shown in percentages
|
|start
|switch|p1a: Shellder|Shellder, L96|100\/100
|switch|p2a: Meowth|Meowth, L96|100\/100
|turn|1
|choice||
|
|switch|p2a: Blastoise|Blastoise, L85|100\/100
|move|p1a: Shellder|Blizzard|p2a: Blastoise
|-resisted|p2a: Blastoise
|-damage|p2a: Blastoise|89\/100
|
|turn|2
|choice||
|
|move|p2a: Blastoise|Body Slam|p1a: Shellder
|-damage|p1a: Shellder|82\/100
|-status|p1a: Shellder|par
|cant|p1a: Shellder|par
|
|turn|3
|choice||
|
|switch|p2a: Weezing|Weezing, L90|100\/100
|move|p1a: Shellder|Explosion|p2a: Weezing
|-crit|p2a: Weezing
|-damage|p2a: Weezing|0 fnt
|faint|p2a: Weezing
|faint|p1a: Shellder
|choice||
|
|switch|p1a: Krabby|Krabby, L96|100\/100
|switch|p2a: Marowak|Marowak, L90|100\/100
|turn|4
|choice||
|
|switch|p2a: Chansey|Chansey, L79|100\/100
|move|p1a: Krabby|Crabhammer|p2a: Chansey|[miss]
|-miss|p1a: Krabby
|
|turn|5
|choice||
|
|move|p1a: Krabby|Swords Dance|p1a: Krabby
|-boost|p1a: Krabby|atk|2
|move|p2a: Chansey|Thunderbolt|p1a: Krabby
|-supereffective|p1a: Krabby
|-damage|p1a: Krabby|18\/100
|
|turn|6
|choice||
|
|move|p1a: Krabby|Body Slam|p2a: Chansey
|-damage|p2a: Chansey|23\/100
|move|p2a: Chansey|Thunderbolt|p1a: Krabby
|-supereffective|p1a: Krabby
|-damage|p1a: Krabby|0 fnt
|faint|p1a: Krabby
|choice||
|
|switch|p1a: Graveler|Graveler, L85|100\/100
|turn|7
|choice||
|
|move|p2a: Chansey|Ice Beam|p1a: Graveler
|-supereffective|p1a: Graveler
|-damage|p1a: Graveler|28\/100
|move|p1a: Graveler|Earthquake|p2a: Chansey
|-damage|p2a: Chansey|0 fnt
|faint|p2a: Chansey
|choice||
|
|switch|p2a: Articuno|Articuno, L79|100\/100
|turn|8
|choice||
|
|move|p2a: Articuno|Ice Beam|p1a: Graveler
|-crit|p1a: Graveler
|-supereffective|p1a: Graveler
|-damage|p1a: Graveler|0 fnt
|faint|p1a: Graveler
|choice||
|
|switch|p1a: Persian|Persian, L79|100\/100
|turn|9
|choice||
|
|move|p1a: Persian|Slash|p2a: Articuno
|-crit|p2a: Articuno
|-damage|p2a: Articuno|69\/100
|move|p2a: Articuno|Reflect|p2a: Articuno
|-start|p2a: Articuno|Reflect
|
|turn|10
|choice||
|
|move|p1a: Persian|Slash|p2a: Articuno
|-crit|p2a: Articuno
|-damage|p2a: Articuno|35\/100
|move|p2a: Articuno|Ice Beam|p1a: Persian
|-crit|p1a: Persian
|-damage|p1a: Persian|2\/100
|
|turn|11
|choice||
|
|move|p1a: Persian|Slash|p2a: Articuno
|-crit|p2a: Articuno
|-damage|p2a: Articuno|3\/100
|move|p2a: Articuno|Ice Beam|p1a: Persian
|-damage|p1a: Persian|0 fnt
|faint|p1a: Persian
|choice||
|
|switch|p1a: Jynx|Jynx, L79|100\/100
|turn|12
|choice||
|
|move|p1a: Jynx|Psychic|p2a: Articuno
|-damage|p2a: Articuno|0 fnt
|faint|p2a: Articuno
|choice||
|
|switch|p2a: Meowth|Meowth, L96|100\/100
|turn|13
|choice||
|
|move|p2a: Meowth|Slash|p1a: Jynx
|-crit|p1a: Jynx
|-damage|p1a: Jynx|27\/100
|move|p1a: Jynx|Psychic|p2a: Meowth
|-crit|p2a: Meowth
|-damage|p2a: Meowth|16\/100
|-unboost|p2a: Meowth|spd|1
|-unboost|p2a: Meowth|spa|1
|
|turn|14
|choice||
|
|move|p2a: Meowth|Slash|p1a: Jynx
|-crit|p1a: Jynx
|-damage|p1a: Jynx|0 fnt
|faint|p1a: Jynx
|choice||
|
|switch|p1a: Dragonite|Dragonite, L85|100\/100
|turn|15
|choice||
|
|move|p2a: Meowth|Slash|p1a: Dragonite
|-crit|p1a: Dragonite
|-damage|p1a: Dragonite|67\/100
|move|p1a: Dragonite|Surf|p2a: Meowth
|-damage|p2a: Meowth|0 fnt
|faint|p2a: Meowth
|choice||
|
|switch|p2a: Blastoise|Blastoise, L85|89\/100
|turn|16
|choice||
|
|move|p1a: Dragonite|Thunderbolt|p2a: Blastoise
|-supereffective|p2a: Blastoise
|-damage|p2a: Blastoise|42\/100
|move|p2a: Blastoise|Body Slam|p1a: Dragonite
|-crit|p1a: Dragonite
|-damage|p1a: Dragonite|38\/100
|
|turn|17
|choice||
|
|move|p1a: Dragonite|Thunderbolt|p2a: Blastoise
|-supereffective|p2a: Blastoise
|-damage|p2a: Blastoise|0 fnt
|faint|p2a: Blastoise
|choice||
|
|switch|p2a: Marowak|Marowak, L90|100\/100
|turn|18
|choice||
|
|move|p1a: Dragonite|Surf|p2a: Marowak
|-supereffective|p2a: Marowak
|-damage|p2a: Marowak|40\/100
|move|p2a: Marowak|Blizzard|p1a: Dragonite
|-supereffective|p1a: Dragonite
|-damage|p1a: Dragonite|0 fnt
|faint|p1a: Dragonite
|
|win|boldo xenneru
|player|p1
|player|p2
|raw|MetropolisJ's rating: 1279 &rarr; <strong>1252<\/strong><br \/>(-27 for losing)
|raw|boldo xenneru's rating: 1256 &rarr; <strong>1283<\/strong><br \/>(+27 for winning)
|c|★MetropolisJ|gg
|l|MetropolisJ
|c|★boldo xenneru|gg