|join|Snap5
|join|paolo.bassi
|player|p1|Snap5|266
|player|p2|paolo.bassi|170
|gametype|singles
|gen|1
|tier|[Gen 1] Random Battle
|rated
|seed|65498,40968,14803,46769
|rule|Sleep Clause Mod: Limit one foe put to sleep
|rule|Freeze Clause Mod: Limit one foe frozen
|rule|HP Percentage Mod: HP is shown in percentages
|
|start
|switch|p1a: Voltorb|Voltorb, L96|272\/272
|switch|p2a: Kingler|Kingler, L85|267\/267
|turn|1
|choice|move 3|switch 2
|
|switch|p2a: Magneton|Magneton, L90|273\/273
|move|p1a: Voltorb|Thunder Wave|p2a: Magneton
|-status|p2a: Magneton|par
|
|turn|2
|choice|switch 2|move 3
|
|switch|p1a: Pinsir|Pinsir, L85|284\/284
|move|p2a: Magneton|Thunder Wave|p1a: Pinsir
|-status|p1a: Pinsir|par
|
|turn|3
|choice|move 2|switch 2
|
|switch|p2a: Kingler|Kingler, L85|267\/267
|move|p1a: Pinsir|Swords Dance|p1a: Pinsir
|-boost|p1a: Pinsir|atk|2
|
|turn|4
|choice|move 4|move 1
|
|move|p2a: Kingler|Crabhammer|p1a: Pinsir
|-crit|p1a: Pinsir
|-damage|p1a: Pinsir|118\/284 par
|move|p1a: Pinsir|Body Slam|p2a: Kingler
|-damage|p2a: Kingler|144\/267
|
|turn|5
|choice|move 3|move 1
|
|move|p2a: Kingler|Crabhammer|p1a: Pinsir
|-crit|p1a: Pinsir
|-damage|p1a: Pinsir|0 fnt
|faint|p1a: Pinsir
|choice|switch 4|
|
|switch|p1a: Jolteon|Jolteon, L79|265\/265
|turn|6
|choice|move 2|switch 2
|
|switch|p2a: Magneton|Magneton, L90|273\/273 par
|move|p1a: Jolteon|Thunder Wave|p2a: Magneton
|-fail|p2a: Magneton|par
|
|turn|7
|choice|switch 2|move 3
|
|switch|p1a: Voltorb|Voltorb, L96|272\/272
|cant|p2a: Magneton|par
|
|turn|8
|choice|move 2|move 3
|
|move|p1a: Voltorb|Reflect|p1a: Voltorb
|-start|p1a: Voltorb|Reflect
|move|p2a: Magneton|Thunder Wave|p1a: Voltorb
|-status|p1a: Voltorb|par
|
|turn|9
|choice|move 4|move 1
|
|move|p1a: Voltorb|Thunderbolt|p2a: Magneton
|-resisted|p2a: Magneton
|-damage|p2a: Magneton|241\/273 par
|cant|p2a: Magneton|par
|
|turn|10
|choice|move 4|move 1
|
|move|p1a: Voltorb|Thunderbolt|p2a: Magneton
|-resisted|p2a: Magneton
|-damage|p2a: Magneton|208\/273 par
|cant|p2a: Magneton|par
|
|turn|11
|choice|move 4|move 1
|
|move|p1a: Voltorb|Thunderbolt|p2a: Magneton
|-resisted|p2a: Magneton
|-damage|p2a: Magneton|171\/273 par
|cant|p2a: Magneton|par
|
|turn|12
|choice|move 4|move 1
|
|cant|p1a: Voltorb|par
|move|p2a: Magneton|Thunderbolt|p1a: Voltorb
|-resisted|p1a: Voltorb
|-damage|p1a: Voltorb|189\/272 par
|
|turn|13
|choice|move 4|move 1
|
|move|p1a: Voltorb|Thunderbolt|p2a: Magneton
|-resisted|p2a: Magneton
|-damage|p2a: Magneton|134\/273 par
|move|p2a: Magneton|Thunderbolt|p1a: Voltorb
|-crit|p1a: Voltorb
|-resisted|p1a: Voltorb
|-damage|p1a: Voltorb|41\/272 par
|
|turn|14
|choice|move 1|move 1
|
|cant|p1a: Voltorb|par
|move|p2a: Magneton|Thunderbolt|p1a: Voltorb
|-resisted|p1a: Voltorb
|-damage|p1a: Voltorb|0 fnt
|faint|p1a: Voltorb
|choice|switch 2|
|
|switch|p1a: Jolteon|Jolteon, L79|265\/265
|turn|15
|choice|move 3|move 3
|
|move|p1a: Jolteon|Sand Attack|p2a: Magneton
|-unboost|p2a: Magneton|accuracy|1
|cant|p2a: Magneton|par
|
|turn|16
|choice|move 4|move 3
|
|move|p1a: Jolteon|Double Kick|p2a: Magneton
|-damage|p2a: Magneton|120\/273 par
|-damage|p2a: Magneton|106\/273 par
|-hitcount|p2a: Magneton|2
|move|p2a: Magneton|Thunder Wave|p1a: Jolteon
|-status|p1a: Jolteon|par
|
|turn|17
|choice|move 3|move 4
|
|move|p1a: Jolteon|Sand Attack|p2a: Magneton
|-unboost|p2a: Magneton|accuracy|1
|move|p2a: Magneton|Hyper Beam|p1a: Jolteon|[miss]
|-miss|p2a: Magneton
|
|turn|18
|choice|move 1|move 4
|
|move|p1a: Jolteon|Thunderbolt|p2a: Magneton
|-resisted|p2a: Magneton
|-damage|p2a: Magneton|69\/273 par
|move|p2a: Magneton|Hyper Beam|p1a: Jolteon|[miss]
|-miss|p2a: Magneton
|
|turn|19
|choice|move 3|move 4
|
|cant|p1a: Jolteon|par
|cant|p2a: Magneton|par
|
|turn|20
|choice|move 3|move 4
|
|move|p1a: Jolteon|Sand Attack|p2a: Magneton
|-unboost|p2a: Magneton|accuracy|1
|cant|p2a: Magneton|par
|
|turn|21
|choice|move 4|move 4
|
|cant|p1a: Jolteon|par
|move|p2a: Magneton|Hyper Beam|p1a: Jolteon
|-damage|p1a: Jolteon|139\/265 par
|
|turn|22
|-mustrecharge|p2a: Magneton
|-mustrecharge|p2a: Magneton
|choice|move 4|move 1
|
|move|p1a: Jolteon|Double Kick|p2a: Magneton
|-damage|p2a: Magneton|56\/273 par
|-damage|p2a: Magneton|43\/273 par
|-hitcount|p2a: Magneton|2
|cant|p2a: Magneton|recharge
|
|turn|23
|choice|move 1|move 4
|
|move|p1a: Jolteon|Thunderbolt|p2a: Magneton
|-resisted|p2a: Magneton
|-damage|p2a: Magneton|7\/273 par
|cant|p2a: Magneton|par
|
|turn|24
|choice|move 1|move 4
|
|cant|p1a: Jolteon|par
|move|p2a: Magneton|Hyper Beam|p1a: Jolteon|[miss]
|-miss|p2a: Magneton
|
|turn|25
|choice|move 1|move 4
|
|move|p1a: Jolteon|Thunderbolt|p2a: Magneton
|-resisted|p2a: Magneton
|-damage|p2a: Magneton|0 fnt
|faint|p2a: Magneton
|choice||switch 3
|
|switch|p2a: Machoke|Machoke, L85|310\/310
|turn|26
|choice|switch 5|move 3
|
|switch|p1a: Haunter|Haunter, L85|250\/250
|move|p2a: Machoke|Earthquake|p1a: Haunter
|-supereffective|p1a: Haunter
|-damage|p1a: Haunter|42\/250
|
|turn|27
|choice|move 1|move 3
|
|move|p1a: Haunter|Hypnosis|p2a: Machoke
|-status|p2a: Machoke|slp
|cant|p2a: Machoke|slp
|
|turn|28
|choice|move 2|switch 6
|
|switch|p2a: Alakazam|Alakazam, L79|249\/249
|move|p1a: Haunter|Confuse Ray|p2a: Alakazam
|-start|p2a: Alakazam|confusion
|
|turn|29
|choice|move 3|move 1
|
|-activate|p2a: Alakazam|confusion
|-damage|p2a: Alakazam|220\/249|[from] confusion
|move|p1a: Haunter|Mega Drain|p2a: Alakazam
|-damage|p2a: Alakazam|194\/249
|-heal|p1a: Haunter|55\/250|[from] drain|[of] p2a: Alakazam
|
|turn|30
|choice|switch 6|move 1
|
|switch|p1a: Seaking|Seaking, L90|327\/327
|-activate|p2a: Alakazam|confusion
|move|p2a: Alakazam|Psychic|p1a: Seaking
|-crit|p1a: Seaking
|-damage|p1a: Seaking|108\/327
|-unboost|p1a: Seaking|spd|1
|-unboost|p1a: Seaking|spa|1
|
|turn|31
|choice|move 3|move 1
|
|-activate|p2a: Alakazam|confusion
|move|p2a: Alakazam|Psychic|p1a: Seaking
|-damage|p1a: Seaking|0 fnt
|faint|p1a: Seaking
|choice|switch 3|
|
|switch|p1a: Farfetch'd|Farfetch'd, L99|304\/304
|turn|32
|choice|move 2|move 1
|
|-activate|p2a: Alakazam|confusion
|-damage|p2a: Alakazam|165\/249|[from] confusion
|move|p1a: Farfetch'd|Body Slam|p2a: Alakazam
|-damage|p2a: Alakazam|10\/249
|-status|p2a: Alakazam|par
|
|turn|33
|leave|Snap5
|player|p1
|join|Snap5
|player|p1|Snap5|266
|choice|move 1|move 1
|
|move|p1a: Farfetch'd|Slash|p2a: Alakazam
|-crit|p2a: Alakazam
|-damage|p2a: Alakazam|0 fnt
|faint|p2a: Alakazam
|choice||switch 5
|
|switch|p2a: Omastar|Omastar, L90|309\/309
|turn|34
|choice|switch 5|move 1
|
|switch|p1a: Jolteon|Jolteon, L79|139\/265 par
|move|p2a: Omastar|Blizzard|p1a: Jolteon|[miss]
|-miss|p2a: Omastar
|
|turn|35
|choice|move 2|switch 4
|
|switch|p2a: Snorlax|Snorlax, L79|415\/415
|move|p1a: Jolteon|Thunder Wave|p2a: Snorlax
|-status|p2a: Snorlax|par
|
|turn|36
|choice|move 4|move 3
|
|cant|p1a: Jolteon|par
|cant|p2a: Snorlax|par
|
|turn|37
|choice|move 4|move 3
|
|move|p1a: Jolteon|Double Kick|p2a: Snorlax
|-supereffective|p2a: Snorlax
|-damage|p2a: Snorlax|379\/415 par
|-damage|p2a: Snorlax|343\/415 par
|-hitcount|p2a: Snorlax|2
|cant|p2a: Snorlax|par
|
|turn|38
|choice|switch 5|move 3
|
|switch|p1a: Farfetch'd|Farfetch'd, L99|304\/304
|move|p2a: Snorlax|Hyper Beam|p1a: Farfetch'd
|-damage|p1a: Farfetch'd|144\/304
|
|turn|39
|-mustrecharge|p2a: Snorlax
|-mustrecharge|p2a: Snorlax
|choice|move 3|move 1
|
|move|p1a: Farfetch'd|Substitute|p1a: Farfetch'd
|-start|p1a: Farfetch'd|Substitute
|-damage|p1a: Farfetch'd|68\/304
|cant|p2a: Snorlax|recharge
|
|turn|40
|choice|move 4|switch 4
|
|switch|p2a: Omastar|Omastar, L90|309\/309
|move|p1a: Farfetch'd|Sand Attack|p2a: Omastar
|-unboost|p2a: Omastar|accuracy|1
|
|turn|41
|choice|move 4|move 3
|
|move|p1a: Farfetch'd|Sand Attack|p2a: Omastar
|-unboost|p2a: Omastar|accuracy|1
|move|p2a: Omastar|Seismic Toss|p1a: Farfetch'd|[miss]
|-miss|p2a: Omastar
|
|turn|42
|choice|move 2|move 3
|
|move|p1a: Farfetch'd|Body Slam|p2a: Omastar
|-resisted|p2a: Omastar
|-damage|p2a: Omastar|272\/309
|-status|p2a: Omastar|par
|move|p2a: Omastar|Seismic Toss|p1a: Farfetch'd|[miss]
|-miss|p2a: Omastar
|
|turn|43
|choice|move 1|move 3
|
|move|p1a: Farfetch'd|Slash|p2a: Omastar
|-crit|p2a: Omastar
|-resisted|p2a: Omastar
|-damage|p2a: Omastar|215\/309 par
|move|p2a: Omastar|Seismic Toss|p1a: Farfetch'd|[miss]
|-miss|p2a: Omastar
|
|turn|44
|choice|move 1|move 3
|
|move|p1a: Farfetch'd|Slash|p2a: Omastar
|-crit|p2a: Omastar
|-resisted|p2a: Omastar
|-damage|p2a: Omastar|154\/309 par
|move|p2a: Omastar|Seismic Toss|p1a: Farfetch'd
|-end|p1a: Farfetch'd|Substitute
|
|turn|45
|choice|move 3|move 1
|
|move|p1a: Farfetch'd|Substitute|p1a: Farfetch'd
|-fail|p1a: Farfetch'd|move: Substitute|[weak]
|move|p2a: Omastar|Blizzard|p1a: Farfetch'd|[miss]
|-miss|p2a: Omastar
|
|turn|46
|choice|move 1|move 1
|
|move|p1a: Farfetch'd|Slash|p2a: Omastar
|-crit|p2a: Omastar
|-resisted|p2a: Omastar
|-damage|p2a: Omastar|95\/309 par
|move|p2a: Omastar|Blizzard|p1a: Farfetch'd
|-supereffective|p1a: Farfetch'd
|-damage|p1a: Farfetch'd|0 fnt
|faint|p1a: Farfetch'd
|choice|switch 5|
|
|switch|p1a: Jolteon|Jolteon, L79|139\/265 par
|turn|47
|choice|move 3|move 3
|
|move|p1a: Jolteon|Sand Attack|p2a: Omastar
|-unboost|p2a: Omastar|accuracy|1
|move|p2a: Omastar|Seismic Toss|p1a: Jolteon|[miss]
|-miss|p2a: Omastar
|
|turn|48
|choice|move 1|move 3
|
|move|p1a: Jolteon|Thunderbolt|p2a: Omastar
|-crit|p2a: Omastar
|-supereffective|p2a: Omastar
|-damage|p2a: Omastar|0 fnt
|faint|p2a: Omastar
|choice||switch 2
|
|switch|p2a: Kingler|Kingler, L85|144\/267
|turn|49
|choice|move 2|move 1
|
|move|p2a: Kingler|Crabhammer|p1a: Jolteon
|-crit|p1a: Jolteon
|-damage|p1a: Jolteon|28\/265 par
|move|p1a: Jolteon|Thunder Wave|p2a: Kingler
|-status|p2a: Kingler|par
|
|turn|50
|choice|move 1|move 1
|
|move|p1a: Jolteon|Thunderbolt|p2a: Kingler
|-supereffective|p2a: Kingler
|-damage|p2a: Kingler|0 fnt
|faint|p2a: Kingler
|choice||switch 4
|
|switch|p2a: Snorlax|Snorlax, L79|343\/415 par
|turn|51
|choice|move 3|move 3
|
|move|p1a: Jolteon|Sand Attack|p2a: Snorlax
|-unboost|p2a: Snorlax|accuracy|1
|cant|p2a: Snorlax|par
|
|turn|52
|choice|move 3|move 3
|
|move|p1a: Jolteon|Sand Attack|p2a: Snorlax
|-unboost|p2a: Snorlax|accuracy|1
|move|p2a: Snorlax|Hyper Beam|p1a: Jolteon
|-damage|p1a: Jolteon|0 fnt
|faint|p1a: Jolteon
|choice|switch 6|
|
|switch|p1a: Haunter|Haunter, L85|55\/250
|turn|53
|choice|move 2|move 2
|
|move|p1a: Haunter|Confuse Ray|p2a: Snorlax
|-start|p2a: Snorlax|confusion
|cant|p2a: Snorlax|par
|
|turn|54
|choice|move 3|move 2
|
|move|p1a: Haunter|Mega Drain|p2a: Snorlax
|-damage|p2a: Snorlax|299\/415 par
|-heal|p1a: Haunter|77\/250|[from] drain|[of] p2a: Snorlax
|cant|p2a: Snorlax|par
|
|turn|55
|choice|move 3|move 2
|
|move|p1a: Haunter|Mega Drain|p2a: Snorlax
|-damage|p2a: Snorlax|256\/415 par
|-heal|p1a: Haunter|98\/250|[from] drain|[of] p2a: Snorlax
|cant|p2a: Snorlax|par
|
|turn|56
|choice|move 3|move 2
|
|move|p1a: Haunter|Mega Drain|p2a: Snorlax
|-damage|p2a: Snorlax|212\/415 par
|-heal|p1a: Haunter|120\/250|[from] drain|[of] p2a: Snorlax
|-activate|p2a: Snorlax|confusion
|move|p2a: Snorlax|Thunderbolt|p1a: Haunter|[miss]
|-miss|p2a: Snorlax
|
|turn|57
|choice|move 3|move 2
|
|move|p1a: Haunter|Mega Drain|p2a: Snorlax
|-damage|p2a: Snorlax|171\/415 par
|-heal|p1a: Haunter|140\/250|[from] drain|[of] p2a: Snorlax
|cant|p2a: Snorlax|par
|
|turn|58
|choice|move 3|switch 6
|
|switch|p2a: Machoke|Machoke, L85|310\/310 slp
|move|p1a: Haunter|Mega Drain|p2a: Machoke
|-damage|p2a: Machoke|262\/310 slp
|-heal|p1a: Haunter|164\/250|[from] drain|[of] p2a: Machoke
|
|turn|59
|choice|move 2|switch 6
|
|switch|p2a: Snorlax|Snorlax, L79|171\/415 par
|move|p1a: Haunter|Confuse Ray|p2a: Snorlax
|-start|p2a: Snorlax|confusion
|
|turn|60
|choice|move 3|move 2
|
|move|p1a: Haunter|Mega Drain|p2a: Snorlax
|-damage|p2a: Snorlax|132\/415 par
|-heal|p1a: Haunter|183\/250|[from] drain|[of] p2a: Snorlax
|-activate|p2a: Snorlax|confusion
|move|p2a: Snorlax|Thunderbolt|p1a: Haunter
|-damage|p1a: Haunter|143\/250
|
|turn|61
|choice|move 3|move 2
|
|move|p1a: Haunter|Mega Drain|p2a: Snorlax
|-damage|p2a: Snorlax|91\/415 par
|-heal|p1a: Haunter|163\/250|[from] drain|[of] p2a: Snorlax
|-end|p2a: Snorlax|confusion
|move|p2a: Snorlax|Thunderbolt|p1a: Haunter
|-damage|p1a: Haunter|125\/250
|
|turn|62
|choice|move 2|move 2
|
|move|p1a: Haunter|Confuse Ray|p2a: Snorlax
|-start|p2a: Snorlax|confusion
|-activate|p2a: Snorlax|confusion
|-damage|p2a: Snorlax|53\/415 par|[from] confusion
|
|turn|63
|leave|paolo.bassi
|player|p2
|-message|paolobassi lost due to inactivity.
|
|win|Snap5
|raw|Snap5's rating: 1084 &rarr; <strong>1123<\/strong><br \/>(+39 for winning)
|raw|paolo.bassi's rating: 1238 &rarr; <strong>1202<\/strong><br \/>(-36 for losing)