|join|toiho-toiho
|join|CentauroBonjo
|player|p1|toiho-toiho|2
|player|p2|CentauroBonjo|240
|gametype|singles
|gen|1
|tier|[Gen 1] Random Battle
|rated
|rule|Sleep Clause Mod: Limit one foe put to sleep
|rule|Freeze Clause Mod: Limit one foe frozen
|rule|HP Percentage Mod: HP is shown in percentages
|
|start
|switch|p1a: Weezing|Weezing, L85|284\/284
|switch|p2a: Fearow|Fearow, L85|284\/284
|turn|1
|
|move|p2a: Fearow|Drill Peck|p1a: Weezing
|-crit|p1a: Weezing
|-damage|p1a: Weezing|166\/284
|move|p1a: Weezing|Thunder|p2a: Fearow
|-supereffective|p2a: Fearow
|-damage|p2a: Fearow|86\/284
|
|turn|2
|
|switch|p2a: Mewtwo|Mewtwo, L70|293\/293
|move|p1a: Weezing|Fire Blast|p2a: Mewtwo
|-damage|p2a: Mewtwo|225\/293
|
|turn|3
|
|move|p2a: Mewtwo|Recover|p2a: Mewtwo
|-heal|p2a: Mewtwo|293\/293
|move|p1a: Weezing|Explosion|p2a: Mewtwo
|-damage|p2a: Mewtwo|6\/293
|faint|p1a: Weezing
|
|switch|p1a: Farfetch'd|Farfetch'd, L99|304\/304
|turn|4
|
|switch|p2a: Cloyster|Cloyster, L83|253\/253
|move|p1a: Farfetch'd|Slash|p2a: Cloyster
|-damage|p2a: Cloyster|206\/253
|
|turn|5
|
|switch|p1a: Kakuna|Kakuna, L99|290\/290
|move|p2a: Cloyster|Blizzard|p1a: Kakuna
|-damage|p1a: Kakuna|108\/290
|
|turn|6
|
|move|p2a: Cloyster|Surf|p1a: Kakuna
|-damage|p1a: Kakuna|0 fnt
|faint|p1a: Kakuna
|
|switch|p1a: Mew|Mew, L74|300\/300
|turn|7
|
|move|p1a: Mew|Horn Drill|p2a: Cloyster
|-damage|p2a: Cloyster|0 fnt
|-ohko
|faint|p2a: Cloyster
|
|switch|p2a: Lapras|Lapras, L79|367\/367
|turn|8
|
|move|p1a: Mew|Horn Drill|p2a: Lapras|[miss]
|-miss|p1a: Mew
|move|p2a: Lapras|Body Slam|p1a: Mew
|-damage|p1a: Mew|249\/300
|
|turn|9
|
|move|p1a: Mew|Horn Drill|p2a: Lapras|[miss]
|-miss|p1a: Mew
|move|p2a: Lapras|Confuse Ray|p1a: Mew
|-start|p1a: Mew|confusion
|
|turn|10
|
|switch|p1a: Hypno|Hypno, L85|318\/318
|move|p2a: Lapras|Body Slam|p1a: Hypno
|-damage|p1a: Hypno|267\/318
|-status|p1a: Hypno|par
|
|turn|11
|
|move|p2a: Lapras|Confuse Ray|p1a: Hypno
|-start|p1a: Hypno|confusion
|-activate|p1a: Hypno|confusion
|move|p1a: Hypno|Hypnosis|p2a: Lapras
|-status|p2a: Lapras|slp
|
|turn|12
|
|switch|p1a: Farfetch'd|Farfetch'd, L99|304\/304
|cant|p2a: Lapras|slp
|-curestatus|p2a: Lapras|slp
|
|turn|13
|
|switch|p1a: Mew|Mew, L74|249\/300
|move|p2a: Lapras|Ice Beam|p1a: Mew
|-damage|p1a: Mew|161\/300
|
|turn|14
|
|move|p1a: Mew|Fissure|p2a: Lapras|[miss]
|-miss|p1a: Mew
|move|p2a: Lapras|Body Slam|p1a: Mew
|-damage|p1a: Mew|106\/300
|
|turn|15
|
|move|p1a: Mew|Horn Drill|p2a: Lapras|[miss]
|-miss|p1a: Mew
|move|p2a: Lapras|Confuse Ray|p1a: Mew
|-start|p1a: Mew|confusion
|
|turn|16
|
|switch|p1a: Hypno|Hypno, L85|267\/318 par
|move|p2a: Lapras|Thunderbolt|p1a: Hypno
|-damage|p1a: Hypno|215\/318 par
|
|turn|17
|
|move|p2a: Lapras|Body Slam|p1a: Hypno
|-damage|p1a: Hypno|160\/318 par
|move|p1a: Hypno|Thunder Wave|p2a: Lapras
|-status|p2a: Lapras|par
|
|turn|18
|
|switch|p2a: Fearow|Fearow, L85|86\/284
|move|p1a: Hypno|Rest|p1a: Hypno
|-status|p1a: Hypno|slp
|-heal|p1a: Hypno|318\/318 slp|[silent]
|-status|p1a: Hypno|slp|[from] move: Rest
|
|turn|19
|
|switch|p2a: Mewtwo|Mewtwo, L70|6\/293
|switch|p1a: Pidgeotto|Pidgeotto, L85|281\/281
|
|turn|20
|
|move|p2a: Mewtwo|Recover|p2a: Mewtwo
|-heal|p2a: Mewtwo|152\/293
|move|p1a: Pidgeotto|Double-Edge|p2a: Mewtwo
|-damage|p2a: Mewtwo|55\/293
|-damage|p1a: Pidgeotto|257\/281|[from] recoil|[of] p2a: Mewtwo
|
|turn|21
|
|move|p2a: Mewtwo|Recover|p2a: Mewtwo
|-heal|p2a: Mewtwo|201\/293
|move|p1a: Pidgeotto|Double-Edge|p2a: Mewtwo
|-damage|p2a: Mewtwo|99\/293
|-damage|p1a: Pidgeotto|232\/281|[from] recoil|[of] p2a: Mewtwo
|
|turn|22
|
|move|p2a: Mewtwo|Recover|p2a: Mewtwo
|-heal|p2a: Mewtwo|245\/293
|move|p1a: Pidgeotto|Double-Edge|p2a: Mewtwo
|-damage|p2a: Mewtwo|145\/293
|-damage|p1a: Pidgeotto|207\/281|[from] recoil|[of] p2a: Mewtwo
|
|turn|23
|
|move|p2a: Mewtwo|Recover|p2a: Mewtwo
|-heal|p2a: Mewtwo|291\/293
|move|p1a: Pidgeotto|Double-Edge|p2a: Mewtwo
|-damage|p2a: Mewtwo|187\/293
|-damage|p1a: Pidgeotto|181\/281|[from] recoil|[of] p2a: Mewtwo
|
|turn|24
|
|move|p2a: Mewtwo|Recover|p2a: Mewtwo
|-heal|p2a: Mewtwo|293\/293
|move|p1a: Pidgeotto|Double-Edge|p2a: Mewtwo
|-damage|p2a: Mewtwo|200\/293
|-damage|p1a: Pidgeotto|158\/281|[from] recoil|[of] p2a: Mewtwo
|
|turn|25
|
|move|p2a: Mewtwo|Ice Beam|p1a: Pidgeotto
|-supereffective|p1a: Pidgeotto
|-damage|p1a: Pidgeotto|0 fnt
|faint|p1a: Pidgeotto
|
|switch|p1a: Farfetch'd|Farfetch'd, L99|304\/304
|turn|26
|
|move|p2a: Mewtwo|Ice Beam|p1a: Farfetch'd
|-supereffective|p1a: Farfetch'd
|-damage|p1a: Farfetch'd|166\/304
|move|p1a: Farfetch'd|Body Slam|p2a: Mewtwo
|-damage|p2a: Mewtwo|80\/293
|
|turn|27
|
|switch|p2a: Kakuna|Kakuna, L99|290\/290
|move|p1a: Farfetch'd|Body Slam|p2a: Kakuna
|-crit|p2a: Kakuna
|-damage|p2a: Kakuna|65\/290
|
|turn|28
|
|switch|p1a: Hypno|Hypno, L85|318\/318 slp
|move|p2a: Kakuna|Poison Sting|p1a: Hypno
|-damage|p1a: Hypno|305\/318 slp
|
|turn|29
|
|switch|p2a: Mewtwo|Mewtwo, L70|80\/293
|cant|p1a: Hypno|slp
|
|turn|30
|
|move|p2a: Mewtwo|Recover|p2a: Mewtwo
|-heal|p2a: Mewtwo|226\/293
|cant|p1a: Hypno|slp
|-curestatus|p1a: Hypno|slp
|
|turn|31
|
|move|p2a: Mewtwo|Ice Beam|p1a: Hypno
|-damage|p1a: Hypno|246\/318
|move|p1a: Hypno|Thunder Wave|p2a: Mewtwo
|-status|p2a: Mewtwo|par
|
|turn|32
|
|switch|p1a: Mew|Mew, L74|106\/300
|move|p2a: Mewtwo|Psychic|p1a: Mew
|-crit|p1a: Mew
|-resisted|p1a: Mew
|-damage|p1a: Mew|13\/300
|
|turn|33
|
|switch|p2a: Kakuna|Kakuna, L99|65\/290
|move|p1a: Mew|Horn Drill|p2a: Kakuna
|-damage|p2a: Kakuna|0 fnt
|-ohko
|faint|p2a: Kakuna
|
|switch|p2a: Fearow|Fearow, L85|86\/284
|turn|34
|
|move|p2a: Fearow|Drill Peck|p1a: Mew
|-damage|p1a: Mew|0 fnt
|faint|p1a: Mew
|
|switch|p1a: Hypno|Hypno, L85|246\/318
|turn|35
|
|move|p2a: Fearow|Hyper Beam|p1a: Hypno
|-damage|p1a: Hypno|75\/318
|move|p1a: Hypno|Psychic|p2a: Fearow
|-damage|p2a: Fearow|0 fnt
|faint|p2a: Fearow
|
|switch|p2a: Lapras|Lapras, L79|367\/367 par
|turn|36
|
|move|p1a: Hypno|Rest|p1a: Hypno
|-status|p1a: Hypno|slp
|-heal|p1a: Hypno|318\/318 slp|[silent]
|-status|p1a: Hypno|slp|[from] move: Rest
|move|p2a: Lapras|Confuse Ray|p1a: Hypno
|-start|p1a: Hypno|confusion
|
|turn|37
|
|switch|p2a: Mewtwo|Mewtwo, L70|226\/293 par
|cant|p1a: Hypno|slp
|
|turn|38
|
|cant|p1a: Hypno|slp
|-curestatus|p1a: Hypno|slp
|move|p2a: Mewtwo|Recover|p2a: Mewtwo
|-heal|p2a: Mewtwo|293\/293 par
|
|turn|39
|
|-activate|p1a: Hypno|confusion
|move|p1a: Hypno|Psychic|p2a: Mewtwo
|-resisted|p2a: Mewtwo
|-damage|p2a: Mewtwo|245\/293 par
|-unboost|p2a: Mewtwo|spd|1
|-unboost|p2a: Mewtwo|spa|1
|move|p2a: Mewtwo|Psychic|p1a: Hypno
|-resisted|p1a: Hypno
|-damage|p1a: Hypno|292\/318
|
|turn|40
|
|switch|p2a: Vulpix|Vulpix, L96|268\/268
|-activate|p1a: Hypno|confusion
|move|p1a: Hypno|Psychic|p2a: Vulpix
|-damage|p2a: Vulpix|147\/268
|
|turn|41
|
|move|p2a: Vulpix|Body Slam|p1a: Hypno
|-damage|p1a: Hypno|234\/318
|-activate|p1a: Hypno|confusion
|move|p1a: Hypno|Thunder Wave|p2a: Vulpix
|-status|p2a: Vulpix|par
|
|turn|42
|
|-end|p1a: Hypno|confusion
|move|p1a: Hypno|Psychic|p2a: Vulpix
|-damage|p2a: Vulpix|37\/268 par
|-unboost|p2a: Vulpix|spd|1
|-unboost|p2a: Vulpix|spa|1
|move|p2a: Vulpix|Fire Blast|p1a: Hypno
|-damage|p1a: Hypno|158\/318
|
|turn|43
|
|switch|p2a: Mewtwo|Mewtwo, L70|245\/293 par
|move|p1a: Hypno|Psychic|p2a: Mewtwo
|-resisted|p2a: Mewtwo
|-damage|p2a: Mewtwo|198\/293 par
|-unboost|p2a: Mewtwo|spd|1
|-unboost|p2a: Mewtwo|spa|1
|
|turn|44
|
|switch|p2a: Vulpix|Vulpix, L96|37\/268 par
|move|p1a: Hypno|Psychic|p2a: Vulpix
|-crit|p2a: Vulpix
|-damage|p2a: Vulpix|0 fnt
|faint|p2a: Vulpix
|
|switch|p2a: Mewtwo|Mewtwo, L70|198\/293 par
|turn|45
|
|move|p1a: Hypno|Psychic|p2a: Mewtwo
|-resisted|p2a: Mewtwo
|-damage|p2a: Mewtwo|151\/293 par
|move|p2a: Mewtwo|Psychic|p1a: Hypno
|-resisted|p1a: Hypno
|-damage|p1a: Hypno|122\/318
|-unboost|p1a: Hypno|spd|1
|-unboost|p1a: Hypno|spa|1
|
|turn|46
|
|switch|p1a: Farfetch'd|Farfetch'd, L99|166\/304
|move|p2a: Mewtwo|Recover|p2a: Mewtwo
|-heal|p2a: Mewtwo|293\/293 par
|
|turn|47
|
|move|p1a: Farfetch'd|Slash|p2a: Mewtwo
|-crit|p2a: Mewtwo
|-damage|p2a: Mewtwo|110\/293 par
|cant|p2a: Mewtwo|par
|
|turn|48
|
|switch|p2a: Lapras|Lapras, L79|367\/367 par
|move|p1a: Farfetch'd|Slash|p2a: Lapras
|-crit|p2a: Lapras
|-damage|p2a: Lapras|190\/367 par
|
|turn|49
|
|switch|p1a: Hypno|Hypno, L85|122\/318
|move|p2a: Lapras|Ice Beam|p1a: Hypno
|-damage|p1a: Hypno|48\/318
|
|turn|50
|
|switch|p2a: Mewtwo|Mewtwo, L70|110\/293 par
|move|p1a: Hypno|Rest|p1a: Hypno
|-status|p1a: Hypno|slp
|-heal|p1a: Hypno|318\/318 slp|[silent]
|-status|p1a: Hypno|slp|[from] move: Rest
|
|turn|51
|
|cant|p1a: Hypno|slp
|move|p2a: Mewtwo|Ice Beam|p1a: Hypno
|-damage|p1a: Hypno|266\/318 slp
|
|turn|52
|
|cant|p1a: Hypno|slp
|-curestatus|p1a: Hypno|slp
|move|p2a: Mewtwo|Recover|p2a: Mewtwo
|-heal|p2a: Mewtwo|256\/293 par
|
|turn|53
|
|move|p1a: Hypno|Psychic|p2a: Mewtwo
|-resisted|p2a: Mewtwo
|-damage|p2a: Mewtwo|211\/293 par
|-unboost|p2a: Mewtwo|spd|1
|-unboost|p2a: Mewtwo|spa|1
|cant|p2a: Mewtwo|par
|
|turn|54
|
|switch|p2a: Lapras|Lapras, L79|190\/367 par
|move|p1a: Hypno|Psychic|p2a: Lapras
|-damage|p2a: Lapras|85\/367 par
|-unboost|p2a: Lapras|spd|1
|-unboost|p2a: Lapras|spa|1
|
|turn|55
|
|switch|p2a: Mewtwo|Mewtwo, L70|211\/293 par
|move|p1a: Hypno|Psychic|p2a: Mewtwo
|-resisted|p2a: Mewtwo
|-damage|p2a: Mewtwo|169\/293 par
|-unboost|p2a: Mewtwo|spd|1
|-unboost|p2a: Mewtwo|spa|1
|
|turn|56
|c|★CentauroBonjo|so lucky bitch
|
|switch|p1a: Farfetch'd|Farfetch'd, L99|166\/304
|switch|p2a: Lapras|Lapras, L79|85\/367 par
|
|turn|57
|
|move|p1a: Farfetch'd|Slash|p2a: Lapras
|-crit|p2a: Lapras
|-damage|p2a: Lapras|0 fnt
|faint|p2a: Lapras
|
|switch|p2a: Mewtwo|Mewtwo, L70|169\/293 par
|turn|58
|
|move|p1a: Farfetch'd|Slash|p2a: Mewtwo
|-crit|p2a: Mewtwo
|-damage|p2a: Mewtwo|0 fnt
|faint|p2a: Mewtwo
|
|win|toiho-toiho
|raw|Ladder updating...
|raw|toiho-toiho's rating: 1311 &rarr; <strong>1325<\/strong><br \/>(+14 for winning)
|raw|CentauroBonjo's rating: 1192 &rarr; <strong>1176<\/strong><br \/>(-16 for losing)
|c|★toiho-toiho|gg
|leave|CentauroBonjo
|player|p2