|j|Mantwig
|j|TheKidPlayz
|player|p1|Mantwig|101
|player|p2|TheKidPlayz|162
|gametype|singles
|gen|1
|tier|[Gen 1] Random Battle
|rated
|seed|51677,12962,17701,57812
|rule|Sleep Clause Mod: Limit one foe put to sleep
|rule|Freeze Clause Mod: Limit one foe frozen
|rule|HP Percentage Mod: HP is shown in percentages
|
|start
|switch|p1a: Psyduck|Psyduck, L96|291\/291
|switch|p2a: Kabutops|Kabutops, L85|276\/276
|turn|1
|choice|move 3|move 4
|
|move|p2a: Kabutops|Body Slam|p1a: Psyduck
|-damage|p1a: Psyduck|203\/291
|move|p1a: Psyduck|Blizzard|p2a: Kabutops
|-resisted|p2a: Kabutops
|-damage|p2a: Kabutops|237\/276
|-status|p2a: Kabutops|frz
|
|turn|2
|choice|move 1|move 2
|
|cant|p2a: Kabutops|frz
|move|p1a: Psyduck|Amnesia|p1a: Psyduck
|-boost|p1a: Psyduck|spd|2
|-boost|p1a: Psyduck|spa|2
|
|turn|3
|choice|move 1|move 2
|
|cant|p2a: Kabutops|frz
|move|p1a: Psyduck|Amnesia|p1a: Psyduck
|-boost|p1a: Psyduck|spd|2
|-boost|p1a: Psyduck|spa|2
|
|turn|4
|choice|move 1|move 2
|
|cant|p2a: Kabutops|frz
|move|p1a: Psyduck|Amnesia|p1a: Psyduck
|-boost|p1a: Psyduck|spd|2
|-boost|p1a: Psyduck|spa|2
|
|turn|5
|choice|move 3|move 2
|
|cant|p2a: Kabutops|frz
|move|p1a: Psyduck|Blizzard|p2a: Kabutops|[miss]
|-miss|p1a: Psyduck
|
|turn|6
|choice|move 1|move 2
|
|cant|p2a: Kabutops|frz
|move|p1a: Psyduck|Amnesia|p1a: Psyduck
|-boost|p1a: Psyduck|spd|2
|-boost|p1a: Psyduck|spa|2
|
|turn|7
|choice|move 3|switch 3
|
|switch|p2a: Magmar|Magmar, L90|300\/300
|move|p1a: Psyduck|Blizzard|p2a: Magmar
|-damage|p2a: Magmar|23\/300
|
|turn|8
|choice|move 2|switch 5
|
|switch|p2a: Weepinbell|Weepinbell, L85|284\/284
|move|p1a: Psyduck|Body Slam|p2a: Weepinbell
|-damage|p2a: Weepinbell|205\/284
|
|turn|9
|choice|move 3|move 3
|
|move|p1a: Psyduck|Blizzard|p2a: Weepinbell
|-crit|p2a: Weepinbell
|-supereffective|p2a: Weepinbell
|-damage|p2a: Weepinbell|0 fnt
|faint|p2a: Weepinbell
|choice||switch 2
|
|switch|p2a: Gloom|Gloom, L90|291\/291
|turn|10
|choice|move 3|move 2
|
|move|p1a: Psyduck|Blizzard|p2a: Gloom
|-supereffective|p2a: Gloom
|-damage|p2a: Gloom|0 fnt
|faint|p2a: Gloom
|choice||switch 6
|
|switch|p2a: Porygon|Porygon, L85|284\/284
|turn|11
|choice|move 3|move 4
|
|move|p1a: Psyduck|Blizzard|p2a: Porygon
|-damage|p2a: Porygon|0 fnt
|faint|p2a: Porygon
|-message|TheKidPlayz forfeited.
|
|win|Mantwig
|player|p1
|player|p2
|l|TheKidPlayz
|c|★Mantwig|PSYDUUUUCK!
|raw|Mantwig's rating: 1108 &rarr; <strong>1129<\/strong><br \/>(+21 for winning)
|raw|TheKidPlayz's rating: 1051 &rarr; <strong>1036<\/strong><br \/>(-15 for losing)