|j|Peasounay
|j|TitinhoRibeiro
|player|p1|Peasounay|80
|player|p2|TitinhoRibeiro|161
|gametype|singles
|gen|1
|tier|[Gen 1] OU
|rated
|seed|51958,34397,25036,62111
|rule|Sleep Clause Mod: Limit one foe put to sleep
|rule|Freeze Clause Mod: Limit one foe frozen
|rule|Species Clause: Limit one of each Pokémon
|rule|OHKO Clause: OHKO moves are banned
|rule|Evasion Moves Clause: Evasion moves are banned
|rule|HP Percentage Mod: HP is shown in percentages
|
|start
|switch|p1a: WellIStallYourFace|Alakazam|313\/313
|switch|p2a: Gengar|Gengar|323\/323
|turn|1
|c|★Peasounay|hi
|c|★TitinhoRibeiro|hello
|c|★TitinhoRibeiro|im still mad about your counter chansey :<
|choice|move 2|switch 3
|
|switch|p2a: Chansey|Chansey|703\/703
|move|p1a: WellIStallYourFace|Psychic|p2a: Chansey
|-crit|p2a: Chansey
|-damage|p2a: Chansey|450\/703
|
|turn|2
|c|★Peasounay|haha
|choice|move 1|move 2
|
|move|p1a: WellIStallYourFace|Thunder Wave|p2a: Chansey
|-status|p2a: Chansey|par
|move|p2a: Chansey|Ice Beam|p1a: WellIStallYourFace
|-damage|p1a: WellIStallYourFace|247\/313
|
|turn|3
|choice|move 2|move 1
|
|move|p1a: WellIStallYourFace|Psychic|p2a: Chansey
|-damage|p2a: Chansey|326\/703 par
|move|p2a: Chansey|Thunder Wave|p1a: WellIStallYourFace
|-status|p1a: WellIStallYourFace|par
|
|turn|4
|choice|move 2|move 3
|
|cant|p1a: WellIStallYourFace|par
|cant|p2a: Chansey|par
|
|turn|5
|choice|move 2|move 3
|
|move|p1a: WellIStallYourFace|Psychic|p2a: Chansey
|-damage|p2a: Chansey|195\/703 par
|move|p2a: Chansey|Soft-Boiled|p2a: Chansey
|-heal|p2a: Chansey|546\/703 par
|
|turn|6
|choice|move 2|move 4
|
|move|p1a: WellIStallYourFace|Psychic|p2a: Chansey
|-damage|p2a: Chansey|412\/703 par
|move|p2a: Chansey|Thunderbolt|p1a: WellIStallYourFace
|-damage|p1a: WellIStallYourFace|184\/313 par
|
|turn|7
|choice|move 2|switch 2
|
|switch|p2a: Alakazam|Alakazam|313\/313
|move|p1a: WellIStallYourFace|Psychic|p2a: Alakazam
|-resisted|p2a: Alakazam
|-damage|p2a: Alakazam|264\/313
|-unboost|p2a: Alakazam|spd|1
|-unboost|p2a: Alakazam|spa|1
|
|turn|8
|choice|move 3|move 4
|
|move|p2a: Alakazam|Seismic Toss|p1a: WellIStallYourFace
|-damage|p1a: WellIStallYourFace|84\/313 par
|move|p1a: WellIStallYourFace|Recover|p1a: WellIStallYourFace
|-heal|p1a: WellIStallYourFace|240\/313 par
|
|turn|9
|choice|switch 5|switch 2
|
|switch|p2a: Chansey|Chansey|412\/703 par
|switch|p1a: I Own RBY|Chansey|703\/703
|
|turn|10
|choice|switch 5|move 2
|
|switch|p1a: WellIStallYourFace|Alakazam|240\/313 par
|move|p2a: Chansey|Ice Beam|p1a: WellIStallYourFace
|-damage|p1a: WellIStallYourFace|179\/313 par
|
|turn|11
|choice|move 2|move 3
|
|cant|p1a: WellIStallYourFace|par
|move|p2a: Chansey|Soft-Boiled|p2a: Chansey
|-heal|p2a: Chansey|703\/703 par
|
|turn|12
|choice|move 3|move 4
|
|cant|p1a: WellIStallYourFace|par
|move|p2a: Chansey|Thunderbolt|p1a: WellIStallYourFace
|-damage|p1a: WellIStallYourFace|119\/313 par
|
|turn|13
|choice|move 3|switch 2
|
|switch|p2a: Alakazam|Alakazam|264\/313
|move|p1a: WellIStallYourFace|Recover|p1a: WellIStallYourFace
|-heal|p1a: WellIStallYourFace|275\/313 par
|
|turn|14
|choice|switch 5|switch 2
|
|switch|p2a: Chansey|Chansey|703\/703 par
|switch|p1a: I Own RBY|Chansey|703\/703
|
|turn|15
|choice|switch 5|move 4
|
|switch|p1a: WellIStallYourFace|Alakazam|275\/313 par
|move|p2a: Chansey|Thunderbolt|p1a: WellIStallYourFace
|-damage|p1a: WellIStallYourFace|218\/313 par
|
|turn|16
|choice|move 1|move 4
|
|cant|p1a: WellIStallYourFace|par
|move|p2a: Chansey|Thunderbolt|p1a: WellIStallYourFace
|-damage|p1a: WellIStallYourFace|153\/313 par
|
|turn|17
|choice|move 3|move 4
|
|cant|p1a: WellIStallYourFace|par
|move|p2a: Chansey|Thunderbolt|p1a: WellIStallYourFace
|-damage|p1a: WellIStallYourFace|86\/313 par
|
|turn|18
|choice|move 3|move 4
|
|move|p1a: WellIStallYourFace|Recover|p1a: WellIStallYourFace
|-heal|p1a: WellIStallYourFace|242\/313 par
|move|p2a: Chansey|Thunderbolt|p1a: WellIStallYourFace
|-damage|p1a: WellIStallYourFace|182\/313 par
|
|turn|19
|choice|move 3|move 4
|
|move|p1a: WellIStallYourFace|Recover|p1a: WellIStallYourFace
|-heal|p1a: WellIStallYourFace|313\/313 par
|cant|p2a: Chansey|par
|
|turn|20
|choice|move 2|move 4
|
|move|p1a: WellIStallYourFace|Psychic|p2a: Chansey
|-crit|p2a: Chansey
|-damage|p2a: Chansey|474\/703 par
|cant|p2a: Chansey|par
|
|turn|21
|choice|move 2|move 4
|
|move|p1a: WellIStallYourFace|Psychic|p2a: Chansey
|-crit|p2a: Chansey
|-damage|p2a: Chansey|215\/703 par
|move|p2a: Chansey|Thunderbolt|p1a: WellIStallYourFace
|-damage|p1a: WellIStallYourFace|249\/313 par
|
|turn|22
|choice|move 2|move 3
|
|move|p1a: WellIStallYourFace|Psychic|p2a: Chansey
|-crit|p2a: Chansey
|-damage|p2a: Chansey|0 fnt
|faint|p2a: Chansey
|c|★Peasounay|lmao
|choice||switch 2
|
|switch|p2a: Alakazam|Alakazam|264\/313
|turn|23
|choice|switch 2|move 4
|
|switch|p1a: Wear Candoms Kid|Exeggutor|393\/393
|move|p2a: Alakazam|Seismic Toss|p1a: Wear Candoms Kid
|-damage|p1a: Wear Candoms Kid|293\/393
|
|turn|24
|choice|move 1|move 2
|
|move|p2a: Alakazam|Thunder Wave|p1a: Wear Candoms Kid
|-status|p1a: Wear Candoms Kid|par
|cant|p1a: Wear Candoms Kid|par
|
|turn|25
|choice|move 1|move 4
|
|move|p2a: Alakazam|Seismic Toss|p1a: Wear Candoms Kid
|-damage|p1a: Wear Candoms Kid|193\/393 par
|cant|p1a: Wear Candoms Kid|par
|
|turn|26
|choice|move 1|switch 3
|
|switch|p2a: Gengar|Gengar|323\/323
|move|p1a: Wear Candoms Kid|Sleep Powder|p2a: Gengar
|-status|p2a: Gengar|slp
|
|turn|27
|choice|move 2|switch 5
|
|switch|p2a: Exeggutor|Exeggutor|393\/393
|move|p1a: Wear Candoms Kid|Psychic|p2a: Exeggutor
|-crit|p2a: Exeggutor
|-resisted|p2a: Exeggutor
|-damage|p2a: Exeggutor|291\/393
|
|turn|28
|choice|switch 2|move 3
|
|switch|p1a: WellIStallYourFace|Alakazam|249\/313 par
|move|p2a: Exeggutor|Psychic|p1a: WellIStallYourFace
|-resisted|p1a: WellIStallYourFace
|-damage|p1a: WellIStallYourFace|198\/313 par
|-unboost|p1a: WellIStallYourFace|spd|1
|-unboost|p1a: WellIStallYourFace|spa|1
|
|turn|29
|choice|move 3|move 3
|
|move|p2a: Exeggutor|Psychic|p1a: WellIStallYourFace
|-resisted|p1a: WellIStallYourFace
|-damage|p1a: WellIStallYourFace|128\/313 par
|move|p1a: WellIStallYourFace|Recover|p1a: WellIStallYourFace
|-heal|p1a: WellIStallYourFace|284\/313 par
|
|turn|30
|choice|move 4|move 3
|
|move|p2a: Exeggutor|Psychic|p1a: WellIStallYourFace
|-resisted|p1a: WellIStallYourFace
|-damage|p1a: WellIStallYourFace|211\/313 par
|move|p1a: WellIStallYourFace|Seismic Toss|p2a: Exeggutor
|-damage|p2a: Exeggutor|191\/393
|
|turn|31
|choice|switch 6|move 3
|
|switch|p1a: Yo|Lapras|463\/463
|move|p2a: Exeggutor|Psychic|p1a: Yo
|-damage|p1a: Yo|336\/463
|
|turn|32
|choice|move 1|switch 3
|
|switch|p2a: Alakazam|Alakazam|264\/313
|move|p1a: Yo|Blizzard|p2a: Alakazam
|-damage|p2a: Alakazam|158\/313
|
|turn|33
|choice|switch 2|move 1
|
|switch|p1a: Wear Candoms Kid|Exeggutor|193\/393 par
|move|p2a: Alakazam|Psychic|p1a: Wear Candoms Kid
|-resisted|p1a: Wear Candoms Kid
|-damage|p1a: Wear Candoms Kid|135\/393 par
|
|turn|34
|choice|move 3|switch 5
|
|switch|p2a: Gengar|Gengar|323\/323 slp
|move|p1a: Wear Candoms Kid|Double-Edge|p2a: Gengar
|-immune|p2a: Gengar|[msg]
|
|turn|35
|choice|switch 2|switch 4
|
|switch|p2a: Cloyster|Cloyster|303\/303
|switch|p1a: Yo|Lapras|336\/463
|
|turn|36
|choice|move 1|move 1
|
|move|p2a: Cloyster|Clamp|p1a: Yo|[miss]
|-miss|p2a: Cloyster
|move|p1a: Yo|Blizzard|p2a: Cloyster
|-crit|p2a: Cloyster
|-resisted|p2a: Cloyster
|-damage|p2a: Cloyster|235\/303
|
|turn|37
|choice|move 2|move 1
|
|move|p2a: Cloyster|Clamp|p1a: Yo
|-resisted|p1a: Yo
|-damage|p1a: Yo|318\/463
|-activate|p1a: Yo|move: Clamp|[of] p2a: Cloyster
|cant|p1a: Yo|partiallytrapped
|
|turn|38
|choice|switch 3|move 1
|
|switch|p1a: Yo Momma|Snorlax|523\/523
|move|p2a: Cloyster|Clamp|p1a: Yo Momma
|-damage|p1a: Yo Momma|476\/523
|-activate|p1a: Yo Momma|move: Clamp|[of] p2a: Cloyster
|
|turn|39
|choice|switch 5|move 1
|
|switch|p1a: I Own RBY|Chansey|703\/703
|move|p2a: Cloyster|Clamp|p1a: I Own RBY
|-damage|p1a: I Own RBY|664\/703
|-activate|p1a: I Own RBY|move: Clamp|[of] p2a: Cloyster
|
|turn|40
|choice|switch 3|move 1
|
|switch|p1a: Yo|Lapras|318\/463
|move|p2a: Cloyster|Clamp|p1a: Yo
|-resisted|p1a: Yo
|-damage|p1a: Yo|298\/463
|-activate|p1a: Yo|move: Clamp|[of] p2a: Cloyster
|
|turn|41
|choice|switch 5|move 1
|
|switch|p1a: Yo Momma|Snorlax|476\/523
|move|p2a: Cloyster|Clamp|p1a: Yo Momma|[miss]
|-miss|p2a: Cloyster
|
|turn|42
|choice|move 1|move 1
|
|move|p2a: Cloyster|Clamp|p1a: Yo Momma
|-damage|p1a: Yo Momma|424\/523
|-activate|p1a: Yo Momma|move: Clamp|[of] p2a: Cloyster
|cant|p1a: Yo Momma|partiallytrapped
|
|turn|43
|choice|switch 3|move 1
|
|switch|p1a: I Own RBY|Chansey|664\/703
|move|p2a: Cloyster|Clamp|p1a: I Own RBY
|-damage|p1a: I Own RBY|626\/703
|-activate|p1a: I Own RBY|move: Clamp|[of] p2a: Cloyster
|
|turn|44
|choice|switch 5|move 1
|
|switch|p1a: Yo|Lapras|298\/463
|move|p2a: Cloyster|Clamp|p1a: Yo
|-crit|p1a: Yo
|-resisted|p1a: Yo
|-damage|p1a: Yo|259\/463
|-activate|p1a: Yo|move: Clamp|[of] p2a: Cloyster
|
|turn|45
|choice|switch 5|move 1
|
|switch|p1a: I Own RBY|Chansey|626\/703
|move|p2a: Cloyster|Clamp|p1a: I Own RBY
|-damage|p1a: I Own RBY|589\/703
|-activate|p1a: I Own RBY|move: Clamp|[of] p2a: Cloyster
|
|turn|46
|choice|switch 5|move 1
|
|switch|p1a: Yo|Lapras|259\/463
|move|p2a: Cloyster|Clamp|p1a: Yo
|-crit|p1a: Yo
|-resisted|p1a: Yo
|-damage|p1a: Yo|224\/463
|-activate|p1a: Yo|move: Clamp|[of] p2a: Cloyster
|
|turn|47
|choice|switch 3|move 1
|
|switch|p1a: Yo Momma|Snorlax|424\/523
|move|p2a: Cloyster|Clamp|p1a: Yo Momma
|-damage|p1a: Yo Momma|370\/523
|-activate|p1a: Yo Momma|move: Clamp|[of] p2a: Cloyster
|
|turn|48
|choice|switch 5|move 1
|
|switch|p1a: I Own RBY|Chansey|589\/703
|move|p2a: Cloyster|Clamp|p1a: I Own RBY
|-damage|p1a: I Own RBY|551\/703
|-activate|p1a: I Own RBY|move: Clamp|[of] p2a: Cloyster
|
|turn|49
|choice|switch 6|move 1
|
|switch|p1a: WellIStallYourFace|Alakazam|211\/313 par
|move|p2a: Cloyster|Clamp|p1a: WellIStallYourFace|[miss]
|-miss|p2a: Cloyster
|
|turn|50
|choice|move 2|move 1
|
|move|p2a: Cloyster|Clamp|p1a: WellIStallYourFace
|-damage|p1a: WellIStallYourFace|181\/313 par
|-activate|p1a: WellIStallYourFace|move: Clamp|[of] p2a: Cloyster
|cant|p1a: WellIStallYourFace|partiallytrapped
|
|turn|51
|choice|switch 6|move 1
|
|switch|p1a: I Own RBY|Chansey|551\/703
|move|p2a: Cloyster|Clamp|p1a: I Own RBY
|-damage|p1a: I Own RBY|517\/703
|-activate|p1a: I Own RBY|move: Clamp|[of] p2a: Cloyster
|
|html|<div class="broadcast-red">Cloyster is in an endless loop.<\/div>
|turn|52
|c|★Peasounay|lol shit
|c|★TitinhoRibeiro|what is that message
|c|★Peasounay|miscount
|c|★Peasounay|you have unlimited clamp pp
|c|★Peasounay|it's a glitch
|c|★TitinhoRibeiro|so
|c|★TitinhoRibeiro|i should use it or not
|c|★Peasounay|you can
|c|★TitinhoRibeiro|i have 63\/16 pp
|c|★Peasounay|you can use it if u want
|choice|switch 5|switch 3
|
|switch|p2a: Exeggutor|Exeggutor|191\/393
|switch|p1a: Yo Momma|Snorlax|370\/523
|
|turn|53
|choice|switch 6|move 1
|
|switch|p1a: WellIStallYourFace|Alakazam|181\/313 par
|move|p2a: Exeggutor|Sleep Powder|p1a: WellIStallYourFace
|-fail|p1a: WellIStallYourFace
|
|turn|54
|choice|move 1|move 3
|
|move|p2a: Exeggutor|Psychic|p1a: WellIStallYourFace
|-resisted|p1a: WellIStallYourFace
|-damage|p1a: WellIStallYourFace|133\/313 par
|move|p1a: WellIStallYourFace|Thunder Wave|p2a: Exeggutor
|-status|p2a: Exeggutor|par
|
|turn|55
|choice|move 3|move 3
|
|move|p1a: WellIStallYourFace|Recover|p1a: WellIStallYourFace
|-heal|p1a: WellIStallYourFace|289\/313 par
|cant|p2a: Exeggutor|par
|
|turn|56
|choice|switch 3|move 3
|
|switch|p1a: Yo|Lapras|224\/463
|move|p2a: Exeggutor|Psychic|p1a: Yo
|-damage|p1a: Yo|105\/463
|
|turn|57
|choice|move 1|switch 5
|
|switch|p2a: Alakazam|Alakazam|158\/313
|move|p1a: Yo|Blizzard|p2a: Alakazam
|-damage|p2a: Alakazam|50\/313
|-status|p2a: Alakazam|frz
|
|turn|58
|choice|move 4|move 1
|
|cant|p2a: Alakazam|frz
|move|p1a: Yo|Confuse Ray|p2a: Alakazam
|-start|p2a: Alakazam|confusion
|
|turn|59
|choice|switch 5|move 1
|
|switch|p1a: I Own RBY|Chansey|517\/703
|cant|p2a: Alakazam|frz
|
|turn|60
|choice|move 3|move 1
|
|cant|p2a: Alakazam|frz
|move|p1a: I Own RBY|Thunder Wave|p2a: Alakazam
|-fail|p2a: Alakazam
|
|turn|61
|choice|move 1|switch 5
|
|switch|p2a: Exeggutor|Exeggutor|191\/393 par
|move|p1a: I Own RBY|Soft-Boiled|p1a: I Own RBY
|-heal|p1a: I Own RBY|703\/703
|
|turn|62
|choice|switch 2|move 3
|
|switch|p1a: Wear Candoms Kid|Exeggutor|135\/393 par
|cant|p2a: Exeggutor|par
|
|turn|63
|choice|move 2|switch 3
|
|switch|p2a: Cloyster|Cloyster|235\/303
|move|p1a: Wear Candoms Kid|Psychic|p2a: Cloyster
|-damage|p2a: Cloyster|89\/303
|
|turn|64
|choice|switch 3|move 2
|
|switch|p1a: WellIStallYourFace|Alakazam|289\/313 par
|move|p2a: Cloyster|Blizzard|p1a: WellIStallYourFace
|-damage|p1a: WellIStallYourFace|179\/313 par
|
|turn|65
|choice|move 2|move 3
|
|move|p2a: Cloyster|Hyper Beam|p1a: WellIStallYourFace
|-damage|p1a: WellIStallYourFace|0 fnt
|faint|p1a: WellIStallYourFace
|choice|switch 4|
|
|switch|p1a: I'm God|Tauros|353\/353
|turn|66
|choice|move 3|switch 6
|
|switch|p2a: Tauros|Tauros|353\/353
|move|p1a: I'm God|Hyper Beam|p2a: Tauros
|-damage|p2a: Tauros|167\/353
|
|turn|67
|-mustrecharge|p1a: I'm God
|-mustrecharge|p1a: I'm God
|choice|move 1|move 1
|
|cant|p1a: I'm God|recharge
|move|p2a: Tauros|Body Slam|p1a: I'm God
|-crit|p1a: I'm God
|-damage|p1a: I'm God|156\/353
|
|turn|68
|choice|switch 6|move 2
|
|switch|p1a: Yo Momma|Snorlax|370\/523
|move|p2a: Tauros|Hyper Beam|p1a: Yo Momma
|-crit|p1a: Yo Momma
|-damage|p1a: Yo Momma|0 fnt
|faint|p1a: Yo Momma
|c|★Peasounay|lmao
|choice|switch 2|
|
|switch|p1a: I Own RBY|Chansey|703\/703
|turn|69
|choice|move 2|switch 5
|
|switch|p2a: Alakazam|Alakazam|50\/313 frz
|move|p1a: I Own RBY|Seismic Toss|p2a: Alakazam
|-damage|p2a: Alakazam|0 fnt
|faint|p2a: Alakazam
|choice||switch 6
|
|switch|p2a: Cloyster|Cloyster|89\/303
|turn|70
|choice|move 2|move 2
|
|move|p2a: Cloyster|Blizzard|p1a: I Own RBY
|-crit|p1a: I Own RBY
|-damage|p1a: I Own RBY|453\/703
|move|p1a: I Own RBY|Seismic Toss|p2a: Cloyster
|-damage|p2a: Cloyster|0 fnt
|faint|p2a: Cloyster
|choice||switch 3
|
|switch|p2a: Exeggutor|Exeggutor|191\/393 par
|turn|71
|choice|switch 3|move 4
|
|switch|p1a: Wear Candoms Kid|Exeggutor|135\/393 par
|cant|p2a: Exeggutor|par
|
|turn|72
|choice|move 2|move 3
|
|move|p2a: Exeggutor|Psychic|p1a: Wear Candoms Kid
|-resisted|p1a: Wear Candoms Kid
|-damage|p1a: Wear Candoms Kid|87\/393 par
|cant|p1a: Wear Candoms Kid|par
|
|turn|73
|choice|move 4|switch 4
|
|switch|p2a: Gengar|Gengar|323\/323 slp
|move|p1a: Wear Candoms Kid|Explosion|p2a: Gengar
|-immune|p2a: Gengar|[msg]
|faint|p1a: Wear Candoms Kid
|choice|switch 6|
|
|switch|p1a: I'm God|Tauros|156\/353
|turn|74
|choice|move 4|move 3
|
|cant|p2a: Gengar|slp
|move|p1a: I'm God|Earthquake|p2a: Gengar
|-crit|p2a: Gengar
|-supereffective|p2a: Gengar
|-damage|p2a: Gengar|0 fnt
|faint|p2a: Gengar
|choice||switch 5
|
|switch|p2a: Tauros|Tauros|167\/353
|turn|75
|choice|move 3|move 2
|
|move|p2a: Tauros|Hyper Beam|p1a: I'm God
|-damage|p1a: I'm God|0 fnt
|faint|p1a: I'm God
|c|★Peasounay|gg
|choice|switch 3|
|
|switch|p1a: I Own RBY|Chansey|453\/703
|turn|76
|choice|move 3|move 2
|
|move|p2a: Tauros|Hyper Beam|p1a: I Own RBY
|-crit|p1a: I Own RBY
|-damage|p1a: I Own RBY|0 fnt
|faint|p1a: I Own RBY
|choice|switch 5|
|
|switch|p1a: Yo|Lapras|105\/463
|turn|77
|choice|move 1|move 1
|
|move|p2a: Tauros|Body Slam|p1a: Yo
|-damage|p1a: Yo|0 fnt
|faint|p1a: Yo
|
|win|TitinhoRibeiro
|c|★TitinhoRibeiro|ggwp
|raw|Peasounay's rating: 1587 &rarr; <strong>1554<\/strong><br \/>(-33 for losing)
|raw|TitinhoRibeiro's rating: 1344 &rarr; <strong>1376<\/strong><br \/>(+32 for winning)
|c|★Peasounay|u2
|l|Peasounay
|player|p1