|j|Mirabel_
|j|IBIREVER ♥爱♥
|player|p1|Mirabel_|260
|player|p2|IBIREVER ♥爱♥|129
|gametype|singles
|gen|1
|tier|[Gen 1] OU
|seed|23390,40204,62333,48769
|rule|Sleep Clause Mod: Limit one foe put to sleep
|rule|Freeze Clause Mod: Limit one foe frozen
|rule|Species Clause: Limit one of each Pokémon
|rule|OHKO Clause: OHKO moves are banned
|rule|Evasion Moves Clause: Evasion moves are banned
|rule|HP Percentage Mod: HP is shown in percentages
|
|start
|switch|p1a: Gengar|Gengar|323\/323
|switch|p2a: Snorlax|Snorlax|523\/523
|turn|1
|choice|move 1|move 3
|
|move|p1a: Gengar|Hypnosis|p2a: Snorlax
|-status|p2a: Snorlax|slp
|cant|p2a: Snorlax|slp
|
|turn|2
|choice|move 2|move 3
|
|move|p1a: Gengar|Thunderbolt|p2a: Snorlax
|-crit|p2a: Snorlax
|-damage|p2a: Snorlax|279\/523 slp
|cant|p2a: Snorlax|slp
|
|turn|3
|choice|move 2|switch 4
|
|switch|p2a: Golem|Golem|363\/363
|move|p1a: Gengar|Thunderbolt|p2a: Golem
|-immune|p2a: Golem|[msg]
|
|turn|4
|choice|switch 6|switch 5
|
|switch|p1a: Lapras|Lapras|463\/463
|switch|p2a: Chansey|Chansey|703\/703
|
|turn|5
|choice|switch 4|move 2
|
|switch|p1a: Chansey|Chansey|703\/703
|move|p2a: Chansey|Thunderbolt|p1a: Chansey
|-damage|p1a: Chansey|635\/703
|
|turn|6
|choice|move 3|move 3
|
|move|p2a: Chansey|Ice Beam|p1a: Chansey
|-crit|p1a: Chansey
|-damage|p1a: Chansey|485\/703
|move|p1a: Chansey|Ice Beam|p2a: Chansey
|-damage|p2a: Chansey|625\/703
|
|turn|7
|choice|move 3|move 3
|
|move|p2a: Chansey|Ice Beam|p1a: Chansey
|-damage|p1a: Chansey|409\/703
|move|p1a: Chansey|Ice Beam|p2a: Chansey
|-damage|p2a: Chansey|554\/703
|-status|p2a: Chansey|frz
|
|turn|8
|choice|move 1|move 3
|
|cant|p2a: Chansey|frz
|move|p1a: Chansey|Soft-Boiled|p1a: Chansey
|-heal|p1a: Chansey|703\/703
|
|turn|9
|choice|move 4|switch 2
|
|switch|p2a: Cloyster|Cloyster|303\/303
|move|p1a: Chansey|Thunderbolt|p2a: Cloyster
|-supereffective|p2a: Cloyster
|-damage|p2a: Cloyster|124\/303
|
|turn|10
|choice|move 4|move 1
|
|move|p2a: Cloyster|Clamp|p1a: Chansey
|-damage|p1a: Chansey|666\/703
|-activate|p1a: Chansey|move: Clamp|[of] p2a: Cloyster
|cant|p1a: Chansey|partiallytrapped
|
|turn|11
|choice|switch 6|move 1
|
|switch|p1a: Gengar|Gengar|323\/323
|move|p2a: Cloyster|Clamp|p1a: Gengar
|-damage|p1a: Gengar|288\/323
|-activate|p1a: Gengar|move: Clamp|[of] p2a: Cloyster
|
|turn|12
|choice|switch 6|move 1
|
|switch|p1a: Chansey|Chansey|666\/703
|move|p2a: Cloyster|Clamp|p1a: Chansey|[miss]
|-miss|p2a: Cloyster
|
|turn|13
|choice|move 4|move 1
|
|move|p2a: Cloyster|Clamp|p1a: Chansey
|-damage|p1a: Chansey|631\/703
|-activate|p1a: Chansey|move: Clamp|[of] p2a: Cloyster
|cant|p1a: Chansey|partiallytrapped
|
|turn|14
|choice|switch 6|move 1
|
|switch|p1a: Gengar|Gengar|288\/323
|move|p2a: Cloyster|Clamp|p1a: Gengar
|-damage|p1a: Gengar|258\/323
|-activate|p1a: Gengar|move: Clamp|[of] p2a: Cloyster
|
|turn|15
|choice|switch 4|switch 5
|
|switch|p1a: Lapras|Lapras|463\/463
|switch|p2a: Golem|Golem|363\/363
|
|turn|16
|choice|move 1|switch 4
|
|switch|p2a: Snorlax|Snorlax|279\/523 slp
|move|p1a: Lapras|Blizzard|p2a: Snorlax
|-damage|p2a: Snorlax|90\/523 slp
|
|turn|17
|choice|move 4|move 2
|
|move|p1a: Lapras|Confuse Ray|p2a: Snorlax
|-start|p2a: Snorlax|confusion
|-curestatus|p2a: Snorlax|slp
|
|turn|18
|choice|move 3|move 2
|
|move|p1a: Lapras|Body Slam|p2a: Snorlax
|-damage|p2a: Snorlax|11\/523
|-activate|p2a: Snorlax|confusion
|move|p2a: Snorlax|Self-Destruct|p1a: Lapras
|-damage|p1a: Lapras|108\/463
|faint|p2a: Snorlax
|choice||switch 5
|
|switch|p2a: Cloyster|Cloyster|124\/303
|turn|19
|choice|switch 4|move 1
|
|switch|p1a: Gengar|Gengar|258\/323
|move|p2a: Cloyster|Clamp|p1a: Gengar
|-damage|p1a: Gengar|227\/323
|-activate|p1a: Gengar|move: Clamp|[of] p2a: Cloyster
|
|turn|20
|choice|switch 4|move 1
|
|switch|p1a: Lapras|Lapras|108\/463
|move|p2a: Cloyster|Clamp|p1a: Lapras
|-resisted|p1a: Lapras
|-damage|p1a: Lapras|90\/463
|-activate|p1a: Lapras|move: Clamp|[of] p2a: Cloyster
|
|turn|21
|choice|switch 4|move 1
|
|switch|p1a: Gengar|Gengar|227\/323
|move|p2a: Cloyster|Clamp|p1a: Gengar|[miss]
|-miss|p2a: Cloyster
|
|turn|22
|choice|move 1|switch 4
|
|switch|p2a: Golem|Golem|363\/363
|move|p1a: Gengar|Hypnosis|p2a: Golem|[miss]
|-miss|p1a: Gengar
|
|turn|23
|choice|move 1|move 2
|
|move|p1a: Gengar|Hypnosis|p2a: Golem
|-status|p2a: Golem|slp
|cant|p2a: Golem|slp
|
|turn|24
|choice|move 4|switch 3
|
|switch|p2a: Exeggutor|Exeggutor|393\/393
|move|p1a: Gengar|Night Shade|p2a: Exeggutor
|-damage|p2a: Exeggutor|293\/393
|
|turn|25
|choice|move 3|move 2
|
|move|p1a: Gengar|Explosion|p2a: Exeggutor
|-damage|p2a: Exeggutor|71\/393
|faint|p1a: Gengar
|choice|switch 6|
|
|switch|p1a: Chansey|Chansey|631\/703
|turn|26
|choice|switch 4|move 2
|
|switch|p1a: Lapras|Lapras|90\/463
|move|p2a: Exeggutor|Sleep Powder|p1a: Lapras
|-status|p1a: Lapras|slp
|
|turn|27
|choice|switch 3|move 4
|
|switch|p1a: Snorlax|Snorlax|523\/523
|move|p2a: Exeggutor|Stun Spore|p1a: Snorlax|[miss]
|-miss|p2a: Exeggutor
|
|turn|28
|choice|switch 3|move 4
|
|switch|p1a: Lapras|Lapras|90\/463 slp
|move|p2a: Exeggutor|Stun Spore|p1a: Lapras|[miss]
|-miss|p2a: Exeggutor
|
|turn|29
|choice|move 2|move 3
|
|cant|p1a: Lapras|slp
|move|p2a: Exeggutor|Psychic|p1a: Lapras
|-damage|p1a: Lapras|0 fnt
|faint|p1a: Lapras
|choice|switch 5|
|
|switch|p1a: Tauros|Tauros|353\/353
|turn|30
|choice|move 1|switch 2
|
|switch|p2a: Chansey|Chansey|554\/703 frz
|move|p1a: Tauros|Body Slam|p2a: Chansey
|-crit|p2a: Chansey
|-damage|p2a: Chansey|46\/703 frz
|
|turn|31
|choice|switch 3|move 3
|
|switch|p1a: Snorlax|Snorlax|523\/523
|cant|p2a: Chansey|frz
|
|turn|32
|choice|move 1|switch 4
|
|switch|p2a: Cloyster|Cloyster|124\/303
|move|p1a: Snorlax|Body Slam|p2a: Cloyster
|-damage|p2a: Cloyster|59\/303
|
|turn|33
|choice|move 3|move 2
|
|move|p2a: Cloyster|Blizzard|p1a: Snorlax|[miss]
|-miss|p2a: Cloyster
|move|p1a: Snorlax|Hyper Beam|p2a: Cloyster
|-damage|p2a: Cloyster|0 fnt
|faint|p2a: Cloyster
|choice||switch 2
|
|switch|p2a: Exeggutor|Exeggutor|71\/393
|turn|34
|choice|move 3|move 2
|
|move|p2a: Exeggutor|Sleep Powder|p1a: Snorlax
|-status|p1a: Snorlax|slp
|cant|p1a: Snorlax|slp
|
|turn|35
|choice|move 3|move 3
|
|move|p2a: Exeggutor|Psychic|p1a: Snorlax
|-damage|p1a: Snorlax|373\/523 slp
|-unboost|p1a: Snorlax|spd|1
|-unboost|p1a: Snorlax|spa|1
|cant|p1a: Snorlax|slp
|
|turn|36
|choice|switch 4|move 4
|
|switch|p1a: Chansey|Chansey|631\/703
|move|p2a: Exeggutor|Stun Spore|p1a: Chansey|[miss]
|-miss|p2a: Exeggutor
|
|turn|37
|choice|switch 4|switch 4
|
|switch|p2a: Chansey|Chansey|46\/703 frz
|switch|p1a: Snorlax|Snorlax|373\/523 slp
|
|turn|38
|choice|move 1|switch 4
|
|switch|p2a: Exeggutor|Exeggutor|71\/393
|cant|p1a: Snorlax|slp
|
|turn|39
|choice|move 3|move 3
|
|move|p2a: Exeggutor|Psychic|p1a: Snorlax
|-damage|p1a: Snorlax|212\/523 slp
|cant|p1a: Snorlax|slp
|
|turn|40
|choice|move 3|move 3
|
|move|p2a: Exeggutor|Psychic|p1a: Snorlax
|-damage|p1a: Snorlax|59\/523 slp
|cant|p1a: Snorlax|slp
|
|turn|41
|choice|switch 4|move 3
|
|switch|p1a: Chansey|Chansey|631\/703
|move|p2a: Exeggutor|Psychic|p1a: Chansey
|-damage|p1a: Chansey|521\/703
|
|turn|42
|choice|move 3|switch 4
|
|switch|p2a: Chansey|Chansey|46\/703 frz
|move|p1a: Chansey|Ice Beam|p2a: Chansey
|-damage|p2a: Chansey|0 fnt
|faint|p2a: Chansey
|choice||switch 4
|
|switch|p2a: Exeggutor|Exeggutor|71\/393
|turn|43
|choice|move 3|move 3
|
|move|p2a: Exeggutor|Psychic|p1a: Chansey
|-damage|p1a: Chansey|403\/703
|move|p1a: Chansey|Ice Beam|p2a: Exeggutor
|-supereffective|p2a: Exeggutor
|-damage|p2a: Exeggutor|0 fnt
|faint|p2a: Exeggutor
|choice||switch 6
|
|switch|p2a: Slowbro|Slowbro|393\/393
|turn|44
|choice|move 2|move 1
|
|move|p1a: Chansey|Thunder Wave|p2a: Slowbro
|-status|p2a: Slowbro|par
|move|p2a: Slowbro|Amnesia|p2a: Slowbro
|-boost|p2a: Slowbro|spd|2
|-boost|p2a: Slowbro|spa|2
|
|turn|45
|choice|move 4|move 1
|
|move|p1a: Chansey|Thunderbolt|p2a: Slowbro
|-supereffective|p2a: Slowbro
|-damage|p2a: Slowbro|300\/393 par
|move|p2a: Slowbro|Amnesia|p2a: Slowbro
|-boost|p2a: Slowbro|spd|2
|-boost|p2a: Slowbro|spa|2
|
|turn|46
|choice|move 4|move 1
|
|move|p1a: Chansey|Thunderbolt|p2a: Slowbro
|-supereffective|p2a: Slowbro
|-damage|p2a: Slowbro|241\/393 par
|move|p2a: Slowbro|Amnesia|p2a: Slowbro
|-boost|p2a: Slowbro|spd|2
|-boost|p2a: Slowbro|spa|2
|
|turn|47
|choice|move 4|move 2
|
|move|p1a: Chansey|Thunderbolt|p2a: Slowbro
|-supereffective|p2a: Slowbro
|-damage|p2a: Slowbro|192\/393 par
|cant|p2a: Slowbro|par
|
|turn|48
|choice|move 4|move 4
|
|move|p1a: Chansey|Thunderbolt|p2a: Slowbro
|-supereffective|p2a: Slowbro
|-damage|p2a: Slowbro|146\/393 par
|move|p2a: Slowbro|Thunder Wave|p1a: Chansey
|-status|p1a: Chansey|par
|
|turn|49
|choice|move 4|move 3
|
|move|p1a: Chansey|Thunderbolt|p2a: Slowbro
|-supereffective|p2a: Slowbro
|-damage|p2a: Slowbro|96\/393 par
|cant|p2a: Slowbro|par
|
|turn|50
|choice|move 4|move 3
|
|move|p1a: Chansey|Thunderbolt|p2a: Slowbro
|-supereffective|p2a: Slowbro
|-damage|p2a: Slowbro|48\/393 par
|cant|p2a: Slowbro|par
|
|turn|51
|choice|move 4|move 3
|
|cant|p1a: Chansey|par
|move|p2a: Slowbro|Rest|p2a: Slowbro
|-status|p2a: Slowbro|slp
|-heal|p2a: Slowbro|393\/393 slp|[silent]
|-status|p2a: Slowbro|slp|[from] move: Rest
|
|turn|52
|choice|switch 2|move 2
|
|switch|p1a: Exeggutor|Exeggutor|393\/393
|cant|p2a: Slowbro|slp
|
|turn|53
|choice|move 2|move 2
|
|move|p1a: Exeggutor|Psychic|p2a: Slowbro
|-resisted|p2a: Slowbro
|-damage|p2a: Slowbro|375\/393 slp
|-curestatus|p2a: Slowbro|slp
|
|turn|54
|choice|move 3|move 2
|
|move|p1a: Exeggutor|Explosion|p2a: Slowbro
|-damage|p2a: Slowbro|146\/393
|faint|p1a: Exeggutor
|choice|switch 3|
|
|switch|p1a: Tauros|Tauros|353\/353
|turn|55
|choice|move 2|switch 3
|
|switch|p2a: Golem|Golem|363\/363 slp
|move|p1a: Tauros|Hyper Beam|p2a: Golem
|-resisted|p2a: Golem
|-damage|p2a: Golem|294\/363 slp
|
|turn|56
|-mustrecharge|p1a: Tauros
|-mustrecharge|p1a: Tauros
|choice|move 1|move 2
|
|cant|p1a: Tauros|recharge
|cant|p2a: Golem|slp
|
|turn|57
|choice|move 3|move 2
|
|move|p1a: Tauros|Earthquake|p2a: Golem
|-crit|p2a: Golem
|-supereffective|p2a: Golem
|-damage|p2a: Golem|47\/363 slp
|cant|p2a: Golem|slp
|
|turn|58
|choice|move 3|move 2
|
|move|p1a: Tauros|Earthquake|p2a: Golem
|-crit|p2a: Golem
|-supereffective|p2a: Golem
|-damage|p2a: Golem|0 fnt
|faint|p2a: Golem
|choice||switch 3
|
|switch|p2a: Slowbro|Slowbro|146\/393
|turn|59
|choice|move 2|move 4
|
|move|p1a: Tauros|Hyper Beam|p2a: Slowbro|[miss]
|-miss|p1a: Tauros
|move|p2a: Slowbro|Thunder Wave|p1a: Tauros
|-status|p1a: Tauros|par
|
|turn|60
|choice|move 2|move 3
|
|move|p2a: Slowbro|Rest|p2a: Slowbro
|-status|p2a: Slowbro|slp
|-heal|p2a: Slowbro|393\/393 slp|[silent]
|-status|p2a: Slowbro|slp|[from] move: Rest
|move|p1a: Tauros|Hyper Beam|p2a: Slowbro
|-damage|p2a: Slowbro|214\/393 slp
|
|turn|61
|-mustrecharge|p1a: Tauros
|-mustrecharge|p1a: Tauros
|choice|move 1|move 3
|
|cant|p2a: Slowbro|slp
|cant|p1a: Tauros|recharge
|
|turn|62
|choice|move 2|move 1
|
|-curestatus|p2a: Slowbro|slp
|move|p1a: Tauros|Hyper Beam|p2a: Slowbro
|-damage|p2a: Slowbro|37\/393
|
|turn|63
|-mustrecharge|p1a: Tauros
|-mustrecharge|p1a: Tauros
|choice|move 1|move 3
|
|move|p2a: Slowbro|Rest|p2a: Slowbro
|-status|p2a: Slowbro|slp
|-heal|p2a: Slowbro|393\/393 slp|[silent]
|-status|p2a: Slowbro|slp|[from] move: Rest
|cant|p1a: Tauros|recharge
|
|turn|64
|choice|move 2|move 1
|
|cant|p2a: Slowbro|slp
|move|p1a: Tauros|Hyper Beam|p2a: Slowbro
|-damage|p2a: Slowbro|226\/393 slp
|
|turn|65
|-mustrecharge|p1a: Tauros
|-mustrecharge|p1a: Tauros
|choice|move 1|move 1
|
|-curestatus|p2a: Slowbro|slp
|cant|p1a: Tauros|recharge
|
|turn|66
|choice|move 2|move 1
|
|move|p2a: Slowbro|Amnesia|p2a: Slowbro
|-boost|p2a: Slowbro|spd|2
|-boost|p2a: Slowbro|spa|2
|move|p1a: Tauros|Hyper Beam|p2a: Slowbro
|-damage|p2a: Slowbro|61\/393
|
|turn|67
|-mustrecharge|p1a: Tauros
|-mustrecharge|p1a: Tauros
|choice|move 1|move 3
|
|move|p2a: Slowbro|Rest|p2a: Slowbro
|-status|p2a: Slowbro|slp
|-heal|p2a: Slowbro|393\/393 slp|[silent]
|-status|p2a: Slowbro|slp|[from] move: Rest
|cant|p1a: Tauros|recharge
|
|turn|68
|choice|move 2|move 1
|
|cant|p2a: Slowbro|slp
|move|p1a: Tauros|Hyper Beam|p2a: Slowbro
|-damage|p2a: Slowbro|218\/393 slp
|
|turn|69
|-mustrecharge|p1a: Tauros
|-mustrecharge|p1a: Tauros
|-mustrecharge|p1a: Tauros
|choice|move 1|move 2
|
|-curestatus|p2a: Slowbro|slp
|cant|p1a: Tauros|recharge
|
|turn|70
|choice|move 1|move 1
|
|move|p2a: Slowbro|Amnesia|p2a: Slowbro
|-boost|p2a: Slowbro|spd|2
|-boost|p2a: Slowbro|spa|2
|move|p1a: Tauros|Body Slam|p2a: Slowbro
|-damage|p2a: Slowbro|132\/393
|-status|p2a: Slowbro|par
|
|turn|71
|choice|move 2|move 3
|
|move|p2a: Slowbro|Rest|p2a: Slowbro
|-status|p2a: Slowbro|slp
|-heal|p2a: Slowbro|393\/393 slp|[silent]
|-status|p2a: Slowbro|slp|[from] move: Rest
|move|p1a: Tauros|Hyper Beam|p2a: Slowbro
|-damage|p2a: Slowbro|223\/393 slp
|
|turn|72
|-mustrecharge|p1a: Tauros
|-mustrecharge|p1a: Tauros
|choice|move 1|move 3
|
|cant|p2a: Slowbro|slp
|cant|p1a: Tauros|recharge
|
|turn|73
|choice|move 1|move 2
|
|-curestatus|p2a: Slowbro|slp
|move|p1a: Tauros|Body Slam|p2a: Slowbro
|-damage|p2a: Slowbro|134\/393
|
|turn|74
|choice|move 1|move 3
|
|move|p2a: Slowbro|Rest|p2a: Slowbro
|-status|p2a: Slowbro|slp
|-heal|p2a: Slowbro|393\/393 slp|[silent]
|-status|p2a: Slowbro|slp|[from] move: Rest
|move|p1a: Tauros|Body Slam|p2a: Slowbro
|-damage|p2a: Slowbro|306\/393 slp
|
|turn|75
|choice|move 1|move 2
|
|cant|p2a: Slowbro|slp
|move|p1a: Tauros|Body Slam|p2a: Slowbro
|-crit|p2a: Slowbro
|-damage|p2a: Slowbro|138\/393 slp
|
|turn|76
|choice|move 1|move 3
|
|-curestatus|p2a: Slowbro|slp
|move|p1a: Tauros|Body Slam|p2a: Slowbro
|-damage|p2a: Slowbro|47\/393
|
|turn|77
|choice|move 1|move 3
|
|move|p2a: Slowbro|Rest|p2a: Slowbro
|-status|p2a: Slowbro|slp
|-heal|p2a: Slowbro|393\/393 slp|[silent]
|-status|p2a: Slowbro|slp|[from] move: Rest
|move|p1a: Tauros|Body Slam|p2a: Slowbro
|-damage|p2a: Slowbro|305\/393 slp
|
|turn|78
|choice|move 1|move 2
|
|cant|p2a: Slowbro|slp
|move|p1a: Tauros|Body Slam|p2a: Slowbro
|-damage|p2a: Slowbro|211\/393 slp
|
|turn|79
|choice|move 1|move 2
|
|-curestatus|p2a: Slowbro|slp
|move|p1a: Tauros|Body Slam|p2a: Slowbro
|-damage|p2a: Slowbro|125\/393
|-status|p2a: Slowbro|par
|
|turn|80
|choice|move 1|move 3
|
|cant|p2a: Slowbro|par
|cant|p1a: Tauros|par
|
|turn|81
|choice|move 1|move 3
|
|move|p2a: Slowbro|Rest|p2a: Slowbro
|-status|p2a: Slowbro|slp
|-heal|p2a: Slowbro|393\/393 slp|[silent]
|-status|p2a: Slowbro|slp|[from] move: Rest
|cant|p1a: Tauros|par
|
|turn|82
|choice|move 1|move 2
|
|cant|p2a: Slowbro|slp
|move|p1a: Tauros|Body Slam|p2a: Slowbro
|-damage|p2a: Slowbro|304\/393 slp
|
|turn|83
|choice|move 1|move 2
|
|-curestatus|p2a: Slowbro|slp
|move|p1a: Tauros|Body Slam|p2a: Slowbro
|-damage|p2a: Slowbro|212\/393
|-status|p2a: Slowbro|par
|
|turn|84
|choice|move 1|move 2
|
|cant|p1a: Tauros|par
|cant|p2a: Slowbro|par
|
|turn|85
|choice|move 1|move 3
|
|cant|p1a: Tauros|par
|move|p2a: Slowbro|Rest|p2a: Slowbro
|-status|p2a: Slowbro|slp
|-heal|p2a: Slowbro|393\/393 slp|[silent]
|-status|p2a: Slowbro|slp|[from] move: Rest
|
|turn|86
|choice|move 1|move 2
|
|cant|p1a: Tauros|par
|cant|p2a: Slowbro|slp
|
|turn|87
|choice|move 1|move 2
|
|move|p1a: Tauros|Body Slam|p2a: Slowbro
|-damage|p2a: Slowbro|297\/393 slp
|-curestatus|p2a: Slowbro|slp
|
|turn|88
|choice|move 1|move 2
|
|cant|p1a: Tauros|par
|move|p2a: Slowbro|Surf|p1a: Tauros
|-damage|p1a: Tauros|0 fnt
|faint|p1a: Tauros
|choice|switch 2|
|
|switch|p1a: Chansey|Chansey|403\/703 par
|turn|89
|choice|move 3|move 1
|
|move|p1a: Chansey|Ice Beam|p2a: Slowbro
|-resisted|p2a: Slowbro
|-damage|p2a: Slowbro|282\/393
|move|p2a: Slowbro|Amnesia|p2a: Slowbro
|-boost|p2a: Slowbro|spd|2
|-boost|p2a: Slowbro|spa|2
|
|turn|90
|choice|move 3|move 2
|
|move|p1a: Chansey|Ice Beam|p2a: Slowbro
|-resisted|p2a: Slowbro
|-damage|p2a: Slowbro|270\/393
|move|p2a: Slowbro|Surf|p1a: Chansey
|-damage|p1a: Chansey|33\/703 par
|
|turn|91
|choice|move 3|move 2
|
|move|p1a: Chansey|Ice Beam|p2a: Slowbro
|-resisted|p2a: Slowbro
|-damage|p2a: Slowbro|259\/393
|move|p2a: Slowbro|Surf|p1a: Chansey
|-crit|p1a: Chansey
|-damage|p1a: Chansey|0 fnt
|faint|p1a: Chansey
|choice|switch 4|
|
|switch|p1a: Snorlax|Snorlax|59\/523 slp
|turn|92
|choice|move 4|move 2
|
|-curestatus|p1a: Snorlax|slp
|move|p2a: Slowbro|Surf|p1a: Snorlax
|-damage|p1a: Snorlax|0 fnt
|faint|p1a: Snorlax
|
|win|IBIREVER ♥爱♥
|player|p1
|player|p2
|c|★IBIREVER ♥爱♥|Gg nice game
|c|★Mirabel_|heh
|l|Mirabel_