|join|Tendoh
|join|armed sea hunter
|player|p1|Tendoh|244
|player|p2|armed sea hunter|23
|gametype|singles
|gen|1
|tier|[Gen 1] OU (beta)
|rated
|rule|Sleep Clause Mod: Limit one foe put to sleep
|rule|Species Clause: Limit one of each Pokemon
|rule|OHKO Clause: OHKO moves are banned
|rule|Moody Clause: Moody is banned
|rule|Evasion Moves Clause: Evasion moves are banned
|rule|Endless Battle Clause: Forcing endless battles is banned.
|rule|HP Percentage Mod: HP is reported as percentages
|
|start
|switch|p1a: Luma|Starmie|323\/323
|switch|p2a: Casper|Gengar|323\/323
|turn|1
|
|switch|p2a: Dreamer|Snorlax|523\/523
|move|p1a: Luma|Surf|p2a: Dreamer
|-damage|p2a: Dreamer|368\/523
|
|turn|2
|
|move|p1a: Luma|Surf|p2a: Dreamer
|-damage|p2a: Dreamer|213\/523
|move|p2a: Dreamer|Body Slam|p1a: Luma
|-damage|p1a: Luma|206\/323
|-status|p1a: Luma|par
|
|turn|3
|
|switch|p2a: Casper|Gengar|323\/323
|switch|p1a: Corrida Killer|Tauros|353\/353
|
|turn|4
|
|move|p1a: Corrida Killer|Earthquake|p2a: Casper
|-crit|p2a: Casper
|-supereffective|p2a: Casper
|-damage|p2a: Casper|0 fnt
|faint|p2a: Casper
|
|
|switch|p2a: Overeasy|Exeggutor|393\/393
|turn|5
|
|move|p1a: Corrida Killer|Blizzard|p2a: Overeasy
|-crit|p2a: Overeasy
|-supereffective|p2a: Overeasy
|-damage|p2a: Overeasy|130\/393
|move|p2a: Overeasy|Psychic|p1a: Corrida Killer
|-damage|p1a: Corrida Killer|207\/353
|-unboost|p1a: Corrida Killer|spd|1
|-unboost|p1a: Corrida Killer|spa|1
|
|turn|6
|
|switch|p2a: Patrick|Starmie|323\/323
|move|p1a: Corrida Killer|Hyper Beam|p2a: Patrick
|-damage|p2a: Patrick|136\/323
|
|turn|7
|join|Rocknlol
|
|move|p2a: Patrick|Blizzard|p1a: Corrida Killer
|-damage|p1a: Corrida Killer|15\/353
|cant|p1a: Corrida Killer|recharge
|
|turn|8
|chat|Tendoh|Is this the Krusty Crab?
|chat|armed sea hunter|no, this is patrick
|
|switch|p1a: Whorey|Chansey|703\/703
|move|p2a: Patrick|Recover|p2a: Patrick
|-heal|p2a: Patrick|297\/323
|
|turn|9
|
|switch|p2a: Dreamer|Snorlax|213\/523
|move|p1a: Whorey|Ice Beam|p2a: Dreamer
|-crit|p2a: Dreamer
|-damage|p2a: Dreamer|28\/523
|
|turn|10
|chat|Tendoh|Is this the Krusty Crab?
|
|switch|p2a: Patrick|Starmie|297\/323
|move|p1a: Whorey|Ice Beam|p2a: Patrick
|-resisted|p2a: Patrick
|-damage|p2a: Patrick|258\/323
|
|turn|11
|
|switch|p2a: Razorback|Rhydon|413\/413
|move|p1a: Whorey|Ice Beam|p2a: Razorback
|-supereffective|p2a: Razorback
|-damage|p2a: Razorback|181\/413
|
|turn|12
|
|switch|p2a: Dreamer|Snorlax|28\/523
|move|p1a: Whorey|Ice Beam|p2a: Dreamer
|-damage|p2a: Dreamer|0 fnt
|faint|p2a: Dreamer
|
|
|switch|p2a: Sebastien Vettel|Tauros|353\/353
|turn|13
|
|move|p2a: Sebastien Vettel|Body Slam|p1a: Whorey
|-damage|p1a: Whorey|438\/703
|move|p1a: Whorey|Counter|p2a: Sebastien Vettel
|-damage|p2a: Sebastien Vettel|0 fnt
|faint|p2a: Sebastien Vettel
|
|
|switch|p2a: Patrick|Starmie|258\/323
|turn|14
|
|move|p2a: Patrick|Blizzard|p1a: Whorey
|-damage|p1a: Whorey|352\/703
|move|p1a: Whorey|Ice Beam|p2a: Patrick
|-resisted|p2a: Patrick
|-damage|p2a: Patrick|221\/323
|-status|p2a: Patrick|frz
|
|turn|15
|
|cant|p2a: Patrick|frz
|move|p1a: Whorey|Soft-Boiled|p1a: Whorey
|-heal|p1a: Whorey|703\/703
|
|turn|16
|
|switch|p1a: Corrida Killer|Tauros|15\/353
|cant|p2a: Patrick|frz
|
|turn|17
|
|cant|p2a: Patrick|frz
|move|p1a: Corrida Killer|Body Slam|p2a: Patrick
|-crit|p2a: Patrick
|-damage|p2a: Patrick|0 fnt
|faint|p2a: Patrick
|
|
|switch|p2a: Overeasy|Exeggutor|130\/393
|turn|18
|
|switch|p2a: Razorback|Rhydon|181\/413
|move|p1a: Corrida Killer|Hyper Beam|p2a: Razorback
|-crit|p2a: Razorback
|-resisted|p2a: Razorback
|-damage|p2a: Razorback|36\/413
|
|turn|19
|
|cant|p1a: Corrida Killer|recharge
|move|p2a: Razorback|Earthquake|p1a: Corrida Killer
|-damage|p1a: Corrida Killer|0 fnt
|faint|p1a: Corrida Killer
|
|
|switch|p1a: Thor|Zapdos|383\/383
|turn|20
|
|move|p1a: Thor|Drill Peck|p2a: Razorback
|-resisted|p2a: Razorback
|-damage|p2a: Razorback|0 fnt
|faint|p2a: Razorback
|
|
|switch|p2a: Overeasy|Exeggutor|130\/393
|turn|21
|
|move|p1a: Thor|Drill Peck|p2a: Overeasy
|-supereffective|p2a: Overeasy
|-damage|p2a: Overeasy|0 fnt
|faint|p2a: Overeasy
|
|win|Tendoh
|raw|Ladder updating...
|raw|Tendoh's rating: 1428 &rarr; <strong>1435<\/strong><br \/>(+7 for winning)
|raw|armed sea hunter's rating: 1177 &rarr; <strong>1168<\/strong><br \/>(-9 for losing)
|leave|Tendoh
|player|p1
|leave|armed sea hunter
|player|p2