|j|Enigami
|j|Mr.378
|player|p1|Enigami|101
|player|p2|Mr.378|267
|gametype|singles
|gen|1
|tier|[Gen 1] OU
|seed|11329,54673,30330,32557
|rule|Sleep Clause Mod: Limit one foe put to sleep
|rule|Freeze Clause Mod: Limit one foe frozen
|rule|Species Clause: Limit one of each Pokémon
|rule|OHKO Clause: OHKO moves are banned
|rule|Evasion Moves Clause: Evasion moves are banned
|rule|HP Percentage Mod: HP is shown in percentages
|
|start
|switch|p1a: Jynx|Jynx|333\/333
|switch|p2a: Jynx|Jynx|333\/333
|turn|1
|c|★Mr.378|hf
|choice|move 1|move 3
|
|move|p1a: Jynx|Lovely Kiss|p2a: Jynx
|-status|p2a: Jynx|slp
|cant|p2a: Jynx|slp
|
|turn|2
|c|★Enigami|gl hf
|choice|switch 5|move 3
|
|switch|p1a: Snorlax|Snorlax|523\/523
|-curestatus|p2a: Jynx|slp
|
|turn|3
|choice|switch 4|move 3
|
|switch|p1a: Exeggutor|Exeggutor|393\/393
|move|p2a: Jynx|Lovely Kiss|p1a: Exeggutor
|-status|p1a: Exeggutor|slp
|
|turn|4
|choice|switch 5|move 1
|
|switch|p1a: Jynx|Jynx|333\/333
|move|p2a: Jynx|Blizzard|p1a: Jynx
|-resisted|p1a: Jynx
|-damage|p1a: Jynx|268\/333
|
|turn|5
|choice|move 1|move 2
|
|move|p1a: Jynx|Lovely Kiss|p2a: Jynx
|-status|p2a: Jynx|slp
|cant|p2a: Jynx|slp
|
|turn|6
|choice|move 2|move 2
|
|cant|p2a: Jynx|slp
|move|p1a: Jynx|Blizzard|p2a: Jynx
|-resisted|p2a: Jynx
|-damage|p2a: Jynx|266\/333 slp
|
|turn|7
|choice|move 3|switch 2
|
|switch|p2a: Starmie|Starmie|323\/323
|move|p1a: Jynx|Psychic|p2a: Starmie
|-resisted|p2a: Starmie
|-damage|p2a: Starmie|269\/323
|
|turn|8
|choice|switch 3|move 1
|
|switch|p1a: Chansey|Chansey|703\/703
|move|p2a: Starmie|Thunder Wave|p1a: Chansey
|-status|p1a: Chansey|par
|
|turn|9
|choice|move 2|switch 4
|
|switch|p2a: Snorlax|Snorlax|523\/523
|move|p1a: Chansey|Thunderbolt|p2a: Snorlax
|-damage|p2a: Snorlax|428\/523
|
|turn|10
|choice|switch 4|move 1
|
|switch|p1a: Snorlax|Snorlax|523\/523
|move|p2a: Snorlax|Body Slam|p1a: Snorlax
|-damage|p1a: Snorlax|386\/523
|
|turn|11
|choice|move 1|move 1
|
|move|p2a: Snorlax|Body Slam|p1a: Snorlax
|-damage|p1a: Snorlax|249\/523
|move|p1a: Snorlax|Body Slam|p2a: Snorlax
|-damage|p2a: Snorlax|295\/523
|
|turn|12
|choice|move 4|move 2
|
|move|p2a: Snorlax|Hyper Beam|p1a: Snorlax
|-damage|p1a: Snorlax|0 fnt
|faint|p1a: Snorlax
|c|★Enigami|That was risky
|c|★Mr.378|It was.
|choice|switch 6|
|
|switch|p1a: Lapras|Lapras|463\/463
|turn|13
|c|★Mr.378|Calculated the risks though and decided to to for it though
|c|★Enigami|Paid off though, I'm at a disadvantage now
|choice|move 4|switch 4
|
|switch|p2a: Starmie|Starmie|269\/323
|move|p1a: Lapras|Confuse Ray|p2a: Starmie
|-start|p2a: Starmie|confusion
|
|turn|14
|choice|move 2|move 1
|
|-activate|p2a: Starmie|confusion
|-damage|p2a: Starmie|236\/323|[from] confusion
|move|p1a: Lapras|Thunderbolt|p2a: Starmie
|-supereffective|p2a: Starmie
|-damage|p2a: Starmie|102\/323
|
|turn|15
|choice|move 2|switch 3
|
|switch|p2a: Chansey|Chansey|703\/703
|move|p1a: Lapras|Thunderbolt|p2a: Chansey
|-damage|p2a: Chansey|629\/703
|
|turn|16
|choice|switch 4|move 1
|
|switch|p1a: Chansey|Chansey|703\/703 par
|move|p2a: Chansey|Thunderbolt|p1a: Chansey
|-damage|p1a: Chansey|631\/703 par
|
|turn|17
|choice|move 2|switch 4
|
|switch|p2a: Snorlax|Snorlax|295\/523
|move|p1a: Chansey|Thunderbolt|p2a: Snorlax
|-damage|p2a: Snorlax|195\/523
|
|turn|18
|choice|switch 5|move 1
|
|switch|p1a: Exeggutor|Exeggutor|393\/393 slp
|move|p2a: Snorlax|Body Slam|p1a: Exeggutor
|-damage|p1a: Exeggutor|275\/393 slp
|
|turn|19
|choice|move 3|move 1
|
|cant|p1a: Exeggutor|slp
|move|p2a: Snorlax|Body Slam|p1a: Exeggutor
|-damage|p1a: Exeggutor|149\/393 slp
|
|turn|20
|choice|move 3|move 2
|
|cant|p1a: Exeggutor|slp
|move|p2a: Snorlax|Hyper Beam|p1a: Exeggutor
|-damage|p1a: Exeggutor|0 fnt
|faint|p1a: Exeggutor
|choice|switch 4|
|
|switch|p1a: Lapras|Lapras|463\/463
|turn|21
|choice|move 4|move 4
|
|move|p1a: Lapras|Confuse Ray|p2a: Snorlax
|-start|p2a: Snorlax|confusion
|-activate|p2a: Snorlax|confusion
|move|p2a: Snorlax|Self-Destruct|p1a: Lapras
|-damage|p1a: Lapras|62\/463
|faint|p2a: Snorlax
|c|★Enigami|Welp
|choice||switch 6
|
|switch|p2a: Tauros|Tauros|353\/353
|turn|22
|choice|move 4|move 1
|
|move|p2a: Tauros|Body Slam|p1a: Lapras
|-damage|p1a: Lapras|0 fnt
|faint|p1a: Lapras
|choice|switch 2|
|
|switch|p1a: Tauros|Tauros|353\/353
|turn|23
|choice|move 1|move 4
|
|move|p1a: Tauros|Body Slam|p2a: Tauros
|-crit|p2a: Tauros
|-damage|p2a: Tauros|154\/353
|move|p2a: Tauros|Blizzard|p1a: Tauros
|-damage|p1a: Tauros|252\/353
|
|turn|24
|choice|move 2|switch 4
|
|switch|p2a: Chansey|Chansey|629\/703
|move|p1a: Tauros|Hyper Beam|p2a: Chansey
|-damage|p2a: Chansey|130\/703
|
|turn|25
|-mustrecharge|p1a: Tauros
|c|★Enigami|Darn it
|-mustrecharge|p1a: Tauros
|choice|move 1|move 3
|
|cant|p1a: Tauros|recharge
|move|p2a: Chansey|Thunder Wave|p1a: Tauros
|-status|p1a: Tauros|par
|
|turn|26
|c|★Enigami|Felt I needed to risk it.
|c|★Enigami|Ugh
|choice|move 2|move 2
|
|move|p2a: Chansey|Ice Beam|p1a: Tauros
|-damage|p1a: Tauros|150\/353 par
|move|p1a: Tauros|Hyper Beam|p2a: Chansey
|-damage|p2a: Chansey|0 fnt
|faint|p2a: Chansey
|choice||switch 3
|
|switch|p2a: Starmie|Starmie|102\/323
|turn|27
|choice|move 2|move 3
|
|move|p2a: Starmie|Blizzard|p1a: Tauros
|-damage|p1a: Tauros|36\/353 par
|move|p1a: Tauros|Hyper Beam|p2a: Starmie
|-damage|p2a: Starmie|0 fnt
|faint|p2a: Starmie
|choice||switch 4
|
|switch|p2a: Tauros|Tauros|154\/353
|turn|28
|choice|switch 3|move 1
|
|switch|p1a: Jynx|Jynx|268\/333
|move|p2a: Tauros|Body Slam|p1a: Jynx
|-damage|p1a: Jynx|84\/333
|-status|p1a: Jynx|par
|
|turn|29
|choice|move 2|move 1
|
|move|p2a: Tauros|Body Slam|p1a: Jynx
|-damage|p1a: Jynx|0 fnt
|faint|p1a: Jynx
|choice|switch 5|
|
|switch|p1a: Chansey|Chansey|631\/703 par
|turn|30
|choice|move 3|switch 2
|
|switch|p2a: Jynx|Jynx|266\/333 slp
|move|p1a: Chansey|Thunder Wave|p2a: Jynx
|-fail|p2a: Jynx
|
|turn|31
|choice|switch 3|move 1
|
|switch|p1a: Tauros|Tauros|36\/353 par
|cant|p2a: Jynx|slp
|
|turn|32
|choice|move 2|move 1
|
|cant|p2a: Jynx|slp
|move|p1a: Tauros|Hyper Beam|p2a: Jynx
|-damage|p2a: Jynx|0 fnt
|faint|p2a: Jynx
|c|★Enigami|On second thought, that was a bad idea.
|choice||switch 5
|
|switch|p2a: Exeggutor|Exeggutor|393\/393
|turn|33
|choice|switch 3|move 1
|
|switch|p1a: Chansey|Chansey|631\/703 par
|move|p2a: Exeggutor|Psychic|p1a: Chansey
|-damage|p1a: Chansey|520\/703 par
|
|turn|34
|choice|move 4|move 1
|
|move|p2a: Exeggutor|Psychic|p1a: Chansey
|-damage|p1a: Chansey|409\/703 par
|-unboost|p1a: Chansey|spd|1
|-unboost|p1a: Chansey|spa|1
|move|p1a: Chansey|Soft-Boiled|p1a: Chansey
|-heal|p1a: Chansey|703\/703 par
|
|turn|35
|choice|move 3|move 1
|
|move|p2a: Exeggutor|Psychic|p1a: Chansey
|-damage|p1a: Chansey|523\/703 par
|cant|p1a: Chansey|par
|
|turn|36
|choice|move 4|move 1
|
|move|p2a: Exeggutor|Psychic|p1a: Chansey
|-damage|p1a: Chansey|345\/703 par
|cant|p1a: Chansey|par
|
|turn|37
|choice|move 4|move 2
|
|move|p2a: Exeggutor|Explosion|p1a: Chansey
|-damage|p1a: Chansey|0 fnt
|faint|p1a: Chansey
|faint|p2a: Exeggutor
|c|★Enigami|gg
|c|★Mr.378|gg
|choice|switch 3|switch 2
|
|switch|p2a: Tauros|Tauros|154\/353
|switch|p1a: Tauros|Tauros|36\/353 par
|turn|38
|c|★Enigami|Unless 255 miss
|choice|move 2|move 1
|
|move|p2a: Tauros|Body Slam|p1a: Tauros
|-damage|p1a: Tauros|0 fnt
|faint|p1a: Tauros
|
|win|Mr.378
|player|p1
|player|p2
|c|★Enigami|Nope
|l|Enigami