|join|riwu
|join|mackdaddyyoshi
|player|p1|riwu|102
|player|p2|mackdaddyyoshi|10
|gametype|singles
|gen|1
|tier|[Gen 1] Random Battle
|rated
|seed|6912,51021,47235,20766
|rule|Sleep Clause Mod: Limit one foe put to sleep
|rule|Freeze Clause Mod: Limit one foe frozen
|rule|HP Percentage Mod: HP is shown in percentages
|
|start
|switch|p1a: Nidoran-F|Nidoran-F, L96|300\/300
|switch|p2a: Omastar|Omastar, L90|309\/309
|turn|1
|choice|switch 4|move 3
|
|switch|p1a: Electrode|Electrode, L90|291\/291
|move|p2a: Omastar|Hydro Pump|p1a: Electrode
|-damage|p1a: Electrode|117\/291
|
|turn|2
|choice|move 4|switch 6
|
|switch|p2a: Rhydon|Rhydon, L79|328\/328
|move|p1a: Electrode|Thunder|p2a: Rhydon
|-immune|p2a: Rhydon|[msg]
|
|turn|3
|choice|switch 3|move 1
|
|switch|p1a: Aerodactyl|Aerodactyl, L90|327\/327
|move|p2a: Rhydon|Substitute|p2a: Rhydon
|-start|p2a: Rhydon|Substitute
|-damage|p2a: Rhydon|246\/328
|
|turn|4
|choice|switch 6|move 2
|
|switch|p1a: Snorlax|Snorlax, L79|415\/415
|move|p2a: Rhydon|Rock Slide|p1a: Snorlax
|-damage|p1a: Snorlax|304\/415
|
|turn|5
|choice|move 3|move 4
|
|move|p2a: Rhydon|Earthquake|p1a: Snorlax
|-damage|p1a: Snorlax|153\/415
|move|p1a: Snorlax|Surf|p2a: Rhydon
|-supereffective|p2a: Rhydon
|-end|p2a: Rhydon|Substitute
|
|turn|6
|choice|move 3|move 4
|
|move|p2a: Rhydon|Earthquake|p1a: Snorlax
|-damage|p1a: Snorlax|16\/415
|move|p1a: Snorlax|Surf|p2a: Rhydon
|-supereffective|p2a: Rhydon
|-damage|p2a: Rhydon|0 fnt
|faint|p2a: Rhydon
|choice||switch 2
|
|switch|p2a: Porygon|Porygon, L85|284\/284
|turn|7
|choice|move 4|move 3
|
|move|p2a: Porygon|Tri Attack|p1a: Snorlax
|-damage|p1a: Snorlax|0 fnt
|faint|p1a: Snorlax
|choice|switch 5|
|
|switch|p1a: Porygon|Porygon, L85|284\/284
|turn|8
|choice|move 3|switch 6
|
|switch|p2a: Omastar|Omastar, L90|309\/309
|move|p1a: Porygon|Ice Beam|p2a: Omastar
|-resisted|p2a: Omastar
|-damage|p2a: Omastar|286\/309
|
|turn|9
|choice|move 2|move 3
|
|move|p2a: Omastar|Hydro Pump|p1a: Porygon
|-damage|p1a: Porygon|111\/284
|move|p1a: Porygon|Thunderbolt|p2a: Omastar
|-supereffective|p2a: Omastar
|-damage|p2a: Omastar|188\/309
|
|turn|10
|choice|switch 2|move 2
|
|switch|p1a: Tentacruel|Tentacruel, L85|310\/310
|move|p2a: Omastar|Surf|p1a: Tentacruel
|-resisted|p1a: Tentacruel
|-damage|p1a: Tentacruel|262\/310
|
|turn|11
|choice|move 2|move 4
|
|move|p1a: Tentacruel|Surf|p2a: Omastar
|-damage|p2a: Omastar|97\/309
|move|p2a: Omastar|Mimic|p1a: Tentacruel
|-start|p2a: Omastar|Mimic|Surf
|
|turn|12
|choice|move 4|switch 3
|
|switch|p2a: Weedle|Weedle, L99|280\/280
|move|p1a: Tentacruel|Hydro Pump|p2a: Weedle
|-crit|p2a: Weedle
|-damage|p2a: Weedle|0 fnt
|faint|p2a: Weedle
|choice||switch 4
|
|switch|p2a: Electrode|Electrode, L90|291\/291
|turn|13
|choice|switch 3|move 4
|
|switch|p1a: Electrode|Electrode, L90|117\/291
|move|p2a: Electrode|Thunder|p1a: Electrode
|-resisted|p1a: Electrode
|-damage|p1a: Electrode|55\/291
|
|turn|14
|choice|move 1|switch 3
|
|switch|p2a: Omastar|Omastar, L90|97\/309
|move|p1a: Electrode|Explosion|p2a: Omastar
|-crit|p2a: Omastar
|-resisted|p2a: Omastar
|-damage|p2a: Omastar|0 fnt
|faint|p2a: Omastar
|faint|p1a: Electrode
|choice|switch 2|switch 3
|
|switch|p2a: Electrode|Electrode, L90|291\/291
|switch|p1a: Porygon|Porygon, L85|111\/284
|turn|15
|choice|switch 4|move 4
|
|switch|p1a: Nidoran-F|Nidoran-F, L96|300\/300
|move|p2a: Electrode|Thunder|p1a: Nidoran-F|[miss]
|-miss|p2a: Electrode
|
|turn|16
|choice|move 4|switch 6
|
|switch|p2a: Porygon|Porygon, L85|284\/284
|move|p1a: Nidoran-F|Substitute|p1a: Nidoran-F
|-start|p1a: Nidoran-F|Substitute
|-damage|p1a: Nidoran-F|225\/300
|
|turn|17
|choice|move 2|move 3
|
|move|p1a: Nidoran-F|Double-Edge|p2a: Porygon
|-damage|p2a: Porygon|218\/284
|-damage|p1a: Nidoran-F|209\/300|[from] recoil|[of] p2a: Porygon
|move|p2a: Porygon|Tri Attack|p1a: Nidoran-F
|-end|p1a: Nidoran-F|Substitute
|
|turn|18
|choice|move 2|move 3
|
|move|p1a: Nidoran-F|Double-Edge|p2a: Porygon
|-damage|p2a: Porygon|151\/284
|-damage|p1a: Nidoran-F|193\/300|[from] recoil|[of] p2a: Porygon
|move|p2a: Porygon|Tri Attack|p1a: Nidoran-F
|-damage|p1a: Nidoran-F|118\/300
|
|turn|19
|choice|move 2|move 3
|
|move|p1a: Nidoran-F|Double-Edge|p2a: Porygon
|-damage|p2a: Porygon|77\/284
|-damage|p1a: Nidoran-F|100\/300|[from] recoil|[of] p2a: Porygon
|move|p2a: Porygon|Tri Attack|p1a: Nidoran-F
|-crit|p1a: Nidoran-F
|-damage|p1a: Nidoran-F|0 fnt
|faint|p1a: Nidoran-F
|choice|switch 6|
|
|switch|p1a: Aerodactyl|Aerodactyl, L90|327\/327
|turn|20
|choice|move 3|move 1
|
|move|p1a: Aerodactyl|Double-Edge|p2a: Porygon
|-damage|p2a: Porygon|0 fnt
|-damage|p1a: Aerodactyl|308\/327|[from] recoil|[of] p2a: Porygon
|faint|p2a: Porygon
|choice||switch 6
|
|switch|p2a: Electrode|Electrode, L90|291\/291
|turn|21
|choice|move 2|move 4
|
|move|p2a: Electrode|Thunder|p1a: Aerodactyl|[miss]
|-miss|p2a: Electrode
|move|p1a: Aerodactyl|Hyper Beam|p2a: Electrode
|-crit|p2a: Electrode
|-damage|p2a: Electrode|29\/291
|
|turn|22
|-mustrecharge|p1a: Aerodactyl
|-mustrecharge|p1a: Aerodactyl
|choice|move 1|move 4
|
|move|p2a: Electrode|Thunder|p1a: Aerodactyl
|-supereffective|p1a: Aerodactyl
|-damage|p1a: Aerodactyl|0 fnt
|faint|p1a: Aerodactyl
|choice|switch 3|
|
|switch|p1a: Tentacruel|Tentacruel, L85|262\/310
|turn|23
|choice|move 2|move 4
|
|move|p2a: Electrode|Thunder|p1a: Tentacruel|[miss]
|-miss|p2a: Electrode
|move|p1a: Tentacruel|Surf|p2a: Electrode
|-damage|p2a: Electrode|0 fnt
|faint|p2a: Electrode
|choice||switch 5
|
|switch|p2a: Zapdos|Zapdos, L79|304\/304
|turn|24
|choice|move 3|move 3
|
|move|p1a: Tentacruel|Blizzard|p2a: Zapdos
|-supereffective|p2a: Zapdos
|-damage|p2a: Zapdos|121\/304
|move|p2a: Zapdos|Thunderbolt|p1a: Tentacruel
|-supereffective|p1a: Tentacruel
|-damage|p1a: Tentacruel|83\/310
|
|turn|25
|-message|mackdaddyyoshi forfeited.
|
|win|riwu
|leave|mackdaddyyoshi
|player|p2
|raw|riwu's rating: 1451 &rarr; <strong>1465<\/strong><br \/>(+14 for winning)
|raw|mackdaddyyoshi's rating: 1345 &rarr; <strong>1331<\/strong><br \/>(-14 for losing)