|join|Pikamewphlosion
|join|PK Mastr
|player|p1|Pikamewphlosion|162
|player|p2|PK Mastr|257
|gametype|singles
|gen|1
|tier|[Gen 1] OU
|rated
|rule|Sleep Clause Mod: Limit one foe put to sleep
|rule|Freeze Clause Mod: Limit one foe frozen
|rule|Species Clause: Limit one of each Pokémon
|rule|OHKO Clause: OHKO moves are banned
|rule|Evasion Moves Clause: Evasion moves are banned
|rule|HP Percentage Mod: HP is shown in percentages
|
|start
|switch|p1a: RAIDEN|Raichu|323\/323
|switch|p2a: E.S.P.|Alakazam|313\/313
|turn|1
|
|switch|p2a: BUDAH|Snorlax|523\/523
|move|p1a: RAIDEN|Thunder Wave|p2a: BUDAH
|-status|p2a: BUDAH|par
|
|turn|2
|
|switch|p1a: TFP|Raticate|313\/313
|cant|p2a: BUDAH|par
|
|turn|3
|c|★PK Mastr|awesome
|c|★PK Mastr|tfp?
|
|move|p1a: TFP|Super Fang|p2a: BUDAH|[miss]
|-miss|p1a: TFP
|move|p2a: BUDAH|Mega Kick|p1a: TFP|[miss]
|-miss|p2a: BUDAH
|
|turn|4
|
|move|p1a: TFP|Super Fang|p2a: BUDAH
|-damage|p2a: BUDAH|262\/523 par
|cant|p2a: BUDAH|par
|
|turn|5
|
|move|p1a: TFP|Hyper Beam|p2a: BUDAH
|-damage|p2a: BUDAH|69\/523 par
|cant|p2a: BUDAH|par
|
|turn|6
|-mustrecharge|p1a: TFP
|-mustrecharge|p1a: TFP
|
|cant|p1a: TFP|recharge
|cant|p2a: BUDAH|par
|
|turn|7
|c|★PK Mastr|damn it all
|
|switch|p2a: HADES|Gengar|323\/323
|move|p1a: TFP|Ice Beam|p2a: HADES
|-damage|p2a: HADES|280\/323
|
|turn|8
|c|★PK Mastr|whats TFP?
|
|switch|p2a: Tauros|Tauros|353\/353
|move|p1a: TFP|Super Fang|p2a: Tauros
|-damage|p2a: Tauros|177\/353
|
|turn|9
|c|★PK Mastr|omfg
|c|★Pikamewphlosion|top freakin' percentage
|c|★PK Mastr|mis clip
|c|★PK Mastr|top fucking percentage
|c|★PK Mastr|nice
|c|★PK Mastr|and i misclicked that
|
|move|p2a: Tauros|Body Slam|p1a: TFP
|-damage|p1a: TFP|178\/313
|move|p1a: TFP|Ice Beam|p2a: Tauros
|-crit|p2a: Tauros
|-damage|p2a: Tauros|65\/353
|
|turn|10
|
|move|p2a: Tauros|Hyper Beam|p1a: TFP
|-damage|p1a: TFP|0 fnt
|faint|p1a: TFP
|
|switch|p1a: RAIDEN|Raichu|323\/323
|turn|11
|
|switch|p1a: VINNY|Rhydon|413\/413
|move|p2a: Tauros|Hyper Beam|p1a: VINNY|[miss]
|-miss|p2a: Tauros
|
|turn|12
|
|move|p2a: Tauros|Blizzard|p1a: VINNY
|-supereffective|p1a: VINNY
|-damage|p1a: VINNY|188\/413
|-status|p1a: VINNY|frz
|cant|p1a: VINNY|frz
|
|turn|13
|c|★PK Mastr|needed tthat
|
|switch|p1a: DUUUUUUUUU|Slowbro|393\/393
|move|p2a: Tauros|Earthquake|p1a: DUUUUUUUUU
|-crit|p1a: DUUUUUUUUU
|-damage|p1a: DUUUUUUUUU|241\/393
|
|turn|14
|
|move|p2a: Tauros|Body Slam|p1a: DUUUUUUUUU
|-crit|p1a: DUUUUUUUUU
|-damage|p1a: DUUUUUUUUU|63\/393
|move|p1a: DUUUUUUUUU|Psychic|p2a: Tauros
|-damage|p2a: Tauros|0 fnt
|faint|p2a: Tauros
|
|switch|p2a: NEBULA|Starmie|323\/323
|turn|15
|
|move|p2a: NEBULA|Psychic|p1a: DUUUUUUUUU
|-crit|p1a: DUUUUUUUUU
|-resisted|p1a: DUUUUUUUUU
|-damage|p1a: DUUUUUUUUU|0 fnt
|faint|p1a: DUUUUUUUUU
|
|switch|p1a: RAIDEN|Raichu|323\/323
|turn|16
|c|★PK Mastr|crazy bastard
|
|switch|p2a: BUDAH|Snorlax|69\/523 par
|move|p1a: RAIDEN|Thunder Wave|p2a: BUDAH
|-fail|p2a: BUDAH|par
|
|turn|17
|
|move|p1a: RAIDEN|Thunderbolt|p2a: BUDAH
|-damage|p2a: BUDAH|0 fnt
|faint|p2a: BUDAH
|
|switch|p2a: ANUBIS|Dragonite|385\/385
|turn|18
|
|move|p1a: RAIDEN|Thunder Wave|p2a: ANUBIS
|-status|p2a: ANUBIS|par
|move|p2a: ANUBIS|Wrap|p1a: RAIDEN
|-damage|p1a: RAIDEN|300\/323
|-activate|p1a: RAIDEN|move: Wrap|[of] p2a: ANUBIS
|
|turn|19
|
|switch|p1a: BIRD JESUS|Pidgeot|369\/369
|move|p2a: ANUBIS|Wrap|p1a: BIRD JESUS
|-damage|p1a: BIRD JESUS|350\/369
|-activate|p1a: BIRD JESUS|move: Wrap|[of] p2a: ANUBIS
|
|turn|20
|c|★PK Mastr|our JESUS
|
|cant|p1a: BIRD JESUS|partiallytrapped
|cant|p2a: ANUBIS|par
|
|-end|p1a: BIRD JESUS|Wrap|[partiallytrapped]
|turn|21
|
|move|p1a: BIRD JESUS|Sky Attack|p2a: ANUBIS|[still]
|-prepare|p1a: BIRD JESUS|Sky Attack|p2a: ANUBIS
|move|p2a: ANUBIS|Agility|p2a: ANUBIS
|-boost|p2a: ANUBIS|spe|2
|
|turn|22
|
|move|p2a: ANUBIS|Wrap|p1a: BIRD JESUS
|-crit|p1a: BIRD JESUS
|-damage|p1a: BIRD JESUS|313\/369
|-activate|p1a: BIRD JESUS|move: Wrap|[of] p2a: ANUBIS
|cant|p1a: BIRD JESUS|partiallytrapped
|
|turn|23
|
|switch|p1a: VINNY|Rhydon|188\/413 frz
|move|p2a: ANUBIS|Wrap|p1a: VINNY
|-crit|p1a: VINNY
|-resisted|p1a: VINNY
|-damage|p1a: VINNY|175\/413 frz
|-activate|p1a: VINNY|move: Wrap|[of] p2a: ANUBIS
|
|turn|24
|
|switch|p1a: BIRD JESUS|Pidgeot|313\/369
|move|p2a: ANUBIS|Wrap|p1a: BIRD JESUS
|-damage|p1a: BIRD JESUS|296\/369
|-activate|p1a: BIRD JESUS|move: Wrap|[of] p2a: ANUBIS
|
|turn|25
|
|switch|p1a: RAIDEN|Raichu|300\/323
|move|p2a: ANUBIS|Wrap|p1a: RAIDEN
|-damage|p1a: RAIDEN|279\/323
|-activate|p1a: RAIDEN|move: Wrap|[of] p2a: ANUBIS
|
|turn|26
|
|switch|p1a: VINNY|Rhydon|175\/413 frz
|move|p2a: ANUBIS|Wrap|p1a: VINNY
|-resisted|p1a: VINNY
|-damage|p1a: VINNY|169\/413 frz
|-activate|p1a: VINNY|move: Wrap|[of] p2a: ANUBIS
|
|turn|27
|
|switch|p2a: HADES|Gengar|280\/323
|switch|p1a: RAIDEN|Raichu|279\/323
|
|turn|28
|
|move|p2a: HADES|Hypnosis|p1a: RAIDEN
|-status|p1a: RAIDEN|slp
|cant|p1a: RAIDEN|slp
|
|turn|29
|
|move|p2a: HADES|Psychic|p1a: RAIDEN
|-crit|p1a: RAIDEN
|-damage|p1a: RAIDEN|100\/323 slp
|-unboost|p1a: RAIDEN|spd|1
|-unboost|p1a: RAIDEN|spa|1
|cant|p1a: RAIDEN|slp
|
|turn|30
|
|switch|p1a: BIRD JESUS|Pidgeot|296\/369
|move|p2a: HADES|Psychic|p1a: BIRD JESUS
|-damage|p1a: BIRD JESUS|185\/369
|
|turn|31
|
|move|p2a: HADES|Thunderbolt|p1a: BIRD JESUS
|-supereffective|p1a: BIRD JESUS
|-damage|p1a: BIRD JESUS|0 fnt
|faint|p1a: BIRD JESUS
|
|switch|p1a: TROGDOR|Charizard|359\/359
|turn|32
|
|move|p2a: HADES|Thunderbolt|p1a: TROGDOR
|-supereffective|p1a: TROGDOR
|-damage|p1a: TROGDOR|160\/359
|move|p1a: TROGDOR|Earthquake|p2a: HADES
|-supereffective|p2a: HADES
|-damage|p2a: HADES|103\/323
|
|turn|33
|c|★PK Mastr|tragdor was a man
|c|★PK Mastr|no he was a DRAGONman
|
|switch|p1a: VINNY|Rhydon|169\/413 frz
|move|p2a: HADES|Thunderbolt|p1a: VINNY
|-immune|p1a: VINNY|[msg]
|
|turn|34
|c|★PK Mastr|gg
|
|switch|p1a: RAIDEN|Raichu|100\/323 slp
|move|p2a: HADES|Psychic|p1a: RAIDEN
|-crit|p1a: RAIDEN
|-damage|p1a: RAIDEN|0 fnt
|faint|p1a: RAIDEN
|c|★Pikamewphlosion|gg
|
|switch|p1a: TROGDOR|Charizard|160\/359
|turn|35
|c|★PK Mastr|my good nicknaming friend
|
|move|p2a: HADES|Thunderbolt|p1a: TROGDOR
|-supereffective|p1a: TROGDOR
|-damage|p1a: TROGDOR|0 fnt
|faint|p1a: TROGDOR
|
|switch|p1a: VINNY|Rhydon|169\/413 frz
|turn|36
|
|move|p2a: HADES|Psychic|p1a: VINNY
|-damage|p1a: VINNY|28\/413 frz
|cant|p1a: VINNY|frz
|
|turn|37
|
|move|p2a: HADES|Psychic|p1a: VINNY
|-crit|p1a: VINNY
|-damage|p1a: VINNY|0 fnt
|faint|p1a: VINNY
|
|win|PK Mastr
|raw|Ladder updating...
|raw|Pikamewphlosion's rating: 1057 &rarr; <strong>1048<\/strong><br \/>(-9 for losing)
|raw|PK Mastr's rating: 1261 &rarr; <strong>1273<\/strong><br \/>(+12 for winning)