|join|savagenutz
|join|Noratraika
|player|p1|savagenutz|43
|player|p2|Noratraika|285
|gametype|singles
|gen|1
|tier|[Gen 1] Random Battle
|rated
|seed|14978,45045,43358,43724
|rule|Sleep Clause Mod: Limit one foe put to sleep
|rule|Freeze Clause Mod: Limit one foe frozen
|rule|HP Percentage Mod: HP is shown in percentages
|
|start
|switch|p1a: Rapidash|Rapidash, L90|300\/300
|switch|p2a: Mr. Mime|Mr. Mime, L85|242\/242
|turn|1
|choice|move 2|move 3
|
|move|p1a: Rapidash|Substitute|p1a: Rapidash
|-start|p1a: Rapidash|Substitute
|-damage|p1a: Rapidash|225\/300
|move|p2a: Mr. Mime|Thunder Wave|p1a: Rapidash
|-status|p1a: Rapidash|par
|
|turn|2
|choice|move 4|move 4
|
|move|p2a: Mr. Mime|Seismic Toss|p1a: Rapidash
|-end|p1a: Rapidash|Substitute
|move|p1a: Rapidash|Toxic|p2a: Mr. Mime
|-status|p2a: Mr. Mime|tox
|
|turn|3
|choice|move 1|switch 4
|
|switch|p2a: Poliwrath|Poliwrath, L85|327\/327
|move|p1a: Rapidash|Fire Blast|p2a: Poliwrath|[miss]
|-miss|p1a: Rapidash
|
|turn|4
|choice|move 4|move 1
|
|move|p2a: Poliwrath|Amnesia|p2a: Poliwrath
|-boost|p2a: Poliwrath|spd|2
|-boost|p2a: Poliwrath|spa|2
|cant|p1a: Rapidash|par
|
|turn|5
|choice|move 4|move 4
|
|move|p2a: Poliwrath|Surf|p1a: Rapidash
|-supereffective|p1a: Rapidash
|-damage|p1a: Rapidash|0 fnt
|faint|p1a: Rapidash
|choice|switch 6|
|
|switch|p1a: Jigglypuff|Jigglypuff, L99|428\/428
|turn|6
|choice|move 4|move 4
|
|move|p2a: Poliwrath|Surf|p1a: Jigglypuff
|-damage|p1a: Jigglypuff|147\/428
|move|p1a: Jigglypuff|Thunder Wave|p2a: Poliwrath
|-status|p2a: Poliwrath|par
|
|turn|7
|choice|move 3|move 4
|
|move|p1a: Jigglypuff|Disable|p2a: Poliwrath
|-start|p2a: Poliwrath|Disable|Surf
|cant|p2a: Poliwrath|Disable|Surf
|
|turn|8
|choice|move 2|move 3
|
|move|p1a: Jigglypuff|Body Slam|p2a: Poliwrath
|-damage|p2a: Poliwrath|251\/327 par
|move|p2a: Poliwrath|Submission|p1a: Jigglypuff
|-supereffective|p1a: Jigglypuff
|-damage|p1a: Jigglypuff|0 fnt
|-damage|p2a: Poliwrath|215\/327 par|[from] recoil|[of] p1a: Jigglypuff
|faint|p1a: Jigglypuff
|choice|switch 2|
|
|switch|p1a: Dodrio|Dodrio, L85|276\/276
|turn|9
|choice|move 4|move 2
|
|move|p1a: Dodrio|Drill Peck|p2a: Poliwrath
|-supereffective|p2a: Poliwrath
|-damage|p2a: Poliwrath|37\/327 par
|move|p2a: Poliwrath|Blizzard|p1a: Dodrio
|-supereffective|p1a: Dodrio
|-damage|p1a: Dodrio|0 fnt
|faint|p1a: Dodrio
|choice|switch 5|
|
|switch|p1a: Rhydon|Rhydon, L79|328\/328
|turn|10
|choice|move 4|move 2
|
|move|p1a: Rhydon|Body Slam|p2a: Poliwrath
|-damage|p2a: Poliwrath|0 fnt
|faint|p2a: Poliwrath
|choice||switch 2
|
|switch|p2a: Ivysaur|Ivysaur, L85|276\/276
|turn|11
|choice|move 2|move 3
|
|move|p2a: Ivysaur|Razor Leaf|p1a: Rhydon
|-crit|p1a: Rhydon
|-supereffective|p1a: Rhydon
|-damage|p1a: Rhydon|0 fnt
|faint|p1a: Rhydon
|choice|switch 3|
|
|switch|p1a: Lapras|Lapras, L79|367\/367
|turn|12
|choice|move 3|move 1
|
|move|p2a: Ivysaur|Sleep Powder|p1a: Lapras
|-status|p1a: Lapras|slp
|-curestatus|p1a: Lapras|slp
|
|turn|13
|choice|move 3|move 1
|
|move|p2a: Ivysaur|Sleep Powder|p1a: Lapras
|-status|p1a: Lapras|slp
|cant|p1a: Lapras|slp
|
|turn|14
|choice|move 3|move 3
|
|move|p2a: Ivysaur|Razor Leaf|p1a: Lapras
|-crit|p1a: Lapras
|-supereffective|p1a: Lapras
|-damage|p1a: Lapras|158\/367 slp
|cant|p1a: Lapras|slp
|
|turn|15
|choice|move 3|move 3
|
|move|p2a: Ivysaur|Razor Leaf|p1a: Lapras
|-crit|p1a: Lapras
|-supereffective|p1a: Lapras
|-damage|p1a: Lapras|0 fnt
|faint|p1a: Lapras
|choice|switch 4|
|
|switch|p1a: Mewtwo|Mewtwo, L70|293\/293
|turn|16
|choice|move 1|move 4
|
|move|p1a: Mewtwo|Psychic|p2a: Ivysaur
|-crit|p2a: Ivysaur
|-supereffective|p2a: Ivysaur
|-damage|p2a: Ivysaur|0 fnt
|faint|p2a: Ivysaur
|choice||switch 4
|
|switch|p2a: Mr. Mime|Mr. Mime, L85|242\/242 tox
|-status|p2a: Mr. Mime|psn
|turn|17
|choice|move 3|move 3
|
|move|p1a: Mewtwo|Thunderbolt|p2a: Mr. Mime
|-damage|p2a: Mr. Mime|185\/242 psn
|move|p2a: Mr. Mime|Thunder Wave|p1a: Mewtwo|[miss]
|-miss|p2a: Mr. Mime
|-damage|p2a: Mr. Mime|170\/242 psn|[from] psn|[of] p1a: Mewtwo
|
|turn|18
|choice|move 3|move 3
|
|move|p1a: Mewtwo|Thunderbolt|p2a: Mr. Mime
|-damage|p2a: Mr. Mime|110\/242 psn
|move|p2a: Mr. Mime|Thunder Wave|p1a: Mewtwo
|-status|p1a: Mewtwo|par
|-damage|p2a: Mr. Mime|95\/242 psn|[from] psn|[of] p1a: Mewtwo
|
|turn|19
|choice|move 3|move 4
|
|move|p2a: Mr. Mime|Seismic Toss|p1a: Mewtwo
|-damage|p1a: Mewtwo|208\/293 par
|-damage|p2a: Mr. Mime|80\/242 psn|[from] psn|[of] p1a: Mewtwo
|move|p1a: Mewtwo|Thunderbolt|p2a: Mr. Mime
|-damage|p2a: Mr. Mime|23\/242 psn
|
|turn|20
|choice|move 4|move 2
|
|move|p2a: Mr. Mime|Psychic|p1a: Mewtwo
|-crit|p1a: Mewtwo
|-resisted|p1a: Mewtwo
|-damage|p1a: Mewtwo|132\/293 par
|-damage|p2a: Mr. Mime|8\/242 psn|[from] psn|[of] p1a: Mewtwo
|move|p1a: Mewtwo|Rest|p1a: Mewtwo
|-status|p1a: Mewtwo|slp
|-heal|p1a: Mewtwo|293\/293 slp|[silent]
|-status|p1a: Mewtwo|slp|[from] move: Rest
|
|turn|21
|choice|move 3|move 2
|
|move|p2a: Mr. Mime|Psychic|p1a: Mewtwo
|-resisted|p1a: Mewtwo
|-damage|p1a: Mewtwo|255\/293 slp
|-damage|p2a: Mr. Mime|0 fnt|[from] psn|[of] p1a: Mewtwo
|faint|p2a: Mr. Mime
|choice||switch 5
|
|switch|p2a: Snorlax|Snorlax, L79|415\/415
|turn|22
|choice|move 2|move 1
|
|move|p2a: Snorlax|Amnesia|p2a: Snorlax
|-boost|p2a: Snorlax|spd|2
|-boost|p2a: Snorlax|spa|2
|cant|p1a: Mewtwo|slp
|
|turn|23
|choice|move 2|move 1
|
|move|p2a: Snorlax|Amnesia|p2a: Snorlax
|-boost|p2a: Snorlax|spd|2
|-boost|p2a: Snorlax|spa|2
|-curestatus|p1a: Mewtwo|slp
|
|turn|24
|choice|move 1|move 2
|
|move|p2a: Snorlax|Blizzard|p1a: Mewtwo
|-damage|p1a: Mewtwo|109\/293
|move|p1a: Mewtwo|Psychic|p2a: Snorlax
|-damage|p2a: Snorlax|373\/415
|
|turn|25
|choice|move 2|move 2
|
|move|p2a: Snorlax|Blizzard|p1a: Mewtwo
|-damage|p1a: Mewtwo|0 fnt
|faint|p1a: Mewtwo
|
|win|Noratraika
|leave|savagenutz
|player|p1
|raw|savagenutz's rating: 1331 &rarr; <strong>1300<\/strong><br \/>(-31 for losing)
|raw|Noratraika's rating: 1116 &rarr; <strong>1155<\/strong><br \/>(+39 for winning)