|j|Whoremaster
|j|Peasounay
|player|p1|Whoremaster|43
|player|p2|Peasounay|80
|gametype|singles
|gen|1
|tier|[Gen 1] OU
|seed|30047,39884,55794,64728
|rule|Sleep Clause Mod: Limit one foe put to sleep
|rule|Freeze Clause Mod: Limit one foe frozen
|rule|Species Clause: Limit one of each Pokémon
|rule|OHKO Clause: OHKO moves are banned
|rule|Evasion Moves Clause: Evasion moves are banned
|rule|HP Percentage Mod: HP is shown in percentages
|
|start
|switch|p1a: Alakazam|Alakazam|313\/313
|switch|p2a: Jynx|Jynx|333\/333
|turn|1
|j|trueWario
|c|★Peasounay|can we finish the other one first ?
|c|★Whoremaster|ok
|c|★Peasounay|thx
|j|Reverb
|j|sinker &onix
|l|sinker &onix
|j|sinker &onix
|l|sinker &onix
|choice|move 2|move 1
|
|move|p1a: Alakazam|Seismic Toss|p2a: Jynx
|-damage|p2a: Jynx|233\/333
|move|p2a: Jynx|Lovely Kiss|p1a: Alakazam
|-status|p1a: Alakazam|slp
|
|turn|2
|c|★Peasounay|alright let's do this
|choice|switch 4|move 2
|
|switch|p1a: Cloyster|Cloyster|303\/303
|move|p2a: Jynx|Blizzard|p1a: Cloyster
|-crit|p1a: Cloyster
|-resisted|p1a: Cloyster
|-damage|p1a: Cloyster|230\/303
|
|turn|3
|choice|switch 3|move 3
|
|switch|p1a: Chansey|Chansey|703\/703
|move|p2a: Jynx|Psychic|p1a: Chansey
|-damage|p1a: Chansey|596\/703
|
|turn|4
|choice|move 1|move 2
|
|move|p2a: Jynx|Blizzard|p1a: Chansey|[miss]
|-miss|p2a: Jynx
|move|p1a: Chansey|Ice Beam|p2a: Jynx
|-resisted|p2a: Jynx
|-damage|p2a: Jynx|195\/333
|
|turn|5
|choice|move 2|move 2
|
|move|p2a: Jynx|Blizzard|p1a: Chansey
|-damage|p1a: Chansey|473\/703
|move|p1a: Chansey|Thunderbolt|p2a: Jynx
|-damage|p2a: Jynx|108\/333
|
|turn|6
|choice|move 2|move 2
|
|move|p2a: Jynx|Blizzard|p1a: Chansey
|-damage|p1a: Chansey|351\/703
|move|p1a: Chansey|Thunderbolt|p2a: Jynx
|-damage|p2a: Jynx|29\/333
|
|turn|7
|choice|switch 6|move 4
|
|switch|p1a: Tauros|Tauros|353\/353
|move|p2a: Jynx|Rest|p2a: Jynx
|-status|p2a: Jynx|slp
|-heal|p2a: Jynx|333\/333 slp|[silent]
|-status|p2a: Jynx|slp|[from] move: Rest
|
|turn|8
|j|Ch01W0n5h1n
|choice|move 1|switch 3
|
|switch|p2a: Snorlax|Snorlax|523\/523
|move|p1a: Tauros|Body Slam|p2a: Snorlax
|-damage|p2a: Snorlax|396\/523
|
|turn|9
|choice|move 2|move 3
|
|move|p1a: Tauros|Earthquake|p2a: Snorlax
|-crit|p2a: Snorlax
|-damage|p2a: Snorlax|212\/523
|move|p2a: Snorlax|Counter|p1a: Tauros
|-fail|p2a: Snorlax
|
|turn|10
|c|★Whoremaster|cant get me m8
|choice|move 2|move 1
|
|move|p1a: Tauros|Earthquake|p2a: Snorlax
|-damage|p2a: Snorlax|109\/523
|move|p2a: Snorlax|Body Slam|p1a: Tauros
|-damage|p1a: Tauros|236\/353
|
|turn|11
|c|★Peasounay|i see that
|choice|move 1|switch 5
|
|switch|p2a: Chansey|Chansey|703\/703
|move|p1a: Tauros|Body Slam|p2a: Chansey
|-damage|p2a: Chansey|420\/703
|
|turn|12
|choice|move 4|move 1
|
|move|p1a: Tauros|Hyper Beam|p2a: Chansey
|-damage|p2a: Chansey|0 fnt
|faint|p2a: Chansey
|c|★Peasounay|hmm
|c|★Peasounay|you dared
|choice||switch 6
|
|switch|p2a: Starmie|Starmie|323\/323
|turn|13
|c|★Whoremaster|i did lol
|choice|switch 6|move 1
|
|switch|p1a: Chansey|Chansey|351\/703
|move|p2a: Starmie|Blizzard|p1a: Chansey
|-damage|p1a: Chansey|254\/703
|
|turn|14
|choice|move 4|move 1
|
|move|p2a: Starmie|Blizzard|p1a: Chansey
|-damage|p1a: Chansey|164\/703
|move|p1a: Chansey|Soft-Boiled|p1a: Chansey
|-heal|p1a: Chansey|515\/703
|
|turn|15
|choice|move 2|switch 3
|
|switch|p2a: Jynx|Jynx|333\/333 slp
|move|p1a: Chansey|Thunderbolt|p2a: Jynx
|-crit|p2a: Jynx
|-damage|p2a: Jynx|176\/333 slp
|
|turn|16
|choice|move 2|switch 2
|
|switch|p2a: Exeggutor|Exeggutor|393\/393
|move|p1a: Chansey|Thunderbolt|p2a: Exeggutor
|-resisted|p2a: Exeggutor
|-damage|p2a: Exeggutor|359\/393
|
|turn|17
|c| trueWario|bitch master!
|c|★Whoremaster|haha
|choice|switch 2|move 3
|
|switch|p1a: Exeggutor|Exeggutor|393\/393
|move|p2a: Exeggutor|Stun Spore|p1a: Exeggutor
|-status|p1a: Exeggutor|par
|
|turn|18
|choice|move 2|switch 2
|
|switch|p2a: Jynx|Jynx|176\/333 slp
|move|p1a: Exeggutor|Psychic|p2a: Jynx
|-resisted|p2a: Jynx
|-damage|p2a: Jynx|115\/333 slp
|-unboost|p2a: Jynx|spd|1
|-unboost|p2a: Jynx|spa|1
|
|turn|19
|choice|move 2|switch 3
|
|switch|p2a: Starmie|Starmie|323\/323
|cant|p1a: Exeggutor|par
|
|turn|20
|choice|move 1|move 1
|
|move|p2a: Starmie|Blizzard|p1a: Exeggutor
|-supereffective|p1a: Exeggutor
|-damage|p1a: Exeggutor|235\/393 par
|move|p1a: Exeggutor|Sleep Powder|p2a: Starmie|[miss]
|-miss|p1a: Exeggutor
|
|turn|21
|c|★Whoremaster|grr
|choice|switch 2|switch 3
|
|switch|p2a: Jynx|Jynx|115\/333 slp
|switch|p1a: Chansey|Chansey|515\/703
|
|turn|22
|choice|move 2|move 2
|
|cant|p2a: Jynx|slp
|move|p1a: Chansey|Thunderbolt|p2a: Jynx
|-damage|p2a: Jynx|29\/333 slp
|
|turn|23
|choice|move 1|move 2
|
|-curestatus|p2a: Jynx|slp
|move|p1a: Chansey|Ice Beam|p2a: Jynx
|-crit|p2a: Jynx
|-resisted|p2a: Jynx
|-damage|p2a: Jynx|0 fnt
|faint|p2a: Jynx
|choice||switch 5
|
|switch|p2a: Snorlax|Snorlax|109\/523
|turn|24
|choice|switch 3|move 1
|
|switch|p1a: Cloyster|Cloyster|230\/303
|move|p2a: Snorlax|Body Slam|p1a: Cloyster
|-damage|p1a: Cloyster|160\/303
|
|turn|25
|c|@Reverb|no way dude
|choice|move 2|switch 3
|
|switch|p2a: Starmie|Starmie|323\/323
|move|p1a: Cloyster|Blizzard|p2a: Starmie
|-resisted|p2a: Starmie
|-damage|p2a: Starmie|263\/323
|
|turn|26
|c|@Reverb|i have a team w\/ like 5\/6 of those pokes
|c|@Reverb|what are the odds
|c|★Peasounay|it's rby, teams are similar
|c|★Whoremaster|whos ur 6th
|c|@Reverb|lol
|c|@Reverb|prolly a bunch of teams
|c|@Reverb|peas last poke is prolyl tauros
|c|@Reverb|so the only dif
|c|@Reverb|would be persian>starmie
|choice|switch 2|move 1
|
|switch|p1a: Exeggutor|Exeggutor|235\/393 par
|move|p2a: Starmie|Blizzard|p1a: Exeggutor
|-supereffective|p1a: Exeggutor
|-damage|p1a: Exeggutor|61\/393 par
|
|turn|27
|c|★Whoremaster|howd u know
|c|★Whoremaster|wtf
|c|★Whoremaster|i had all the cogs turning in my head
|choice|switch 3|move 1
|
|switch|p1a: Chansey|Chansey|515\/703
|move|p2a: Starmie|Blizzard|p1a: Chansey
|-damage|p1a: Chansey|422\/703
|
|turn|28
|c| trueWario|don't be silly bitch :Z
|c|★Peasounay|actually chansey switch simply was what made more sense
|choice|move 1|switch 2
|
|switch|p2a: Exeggutor|Exeggutor|359\/393
|move|p1a: Chansey|Ice Beam|p2a: Exeggutor
|-supereffective|p2a: Exeggutor
|-damage|p2a: Exeggutor|224\/393
|
|turn|29
|c|★Whoremaster|u expect the unexpected
|choice|move 1|move 2
|
|move|p2a: Exeggutor|Psychic|p1a: Chansey
|-damage|p1a: Chansey|307\/703
|move|p1a: Chansey|Ice Beam|p2a: Exeggutor
|-supereffective|p2a: Exeggutor
|-damage|p2a: Exeggutor|98\/393
|
|turn|30
|choice|move 1|move 2
|
|move|p2a: Exeggutor|Psychic|p1a: Chansey
|-damage|p1a: Chansey|182\/703
|move|p1a: Chansey|Ice Beam|p2a: Exeggutor
|-supereffective|p2a: Exeggutor
|-damage|p2a: Exeggutor|0 fnt
|faint|p2a: Exeggutor
|choice||switch 4
|
|switch|p2a: Tauros|Tauros|353\/353
|turn|31
|choice|move 3|move 2
|
|move|p2a: Tauros|Body Slam|p1a: Chansey
|-crit|p1a: Chansey
|-damage|p1a: Chansey|0 fnt
|faint|p1a: Chansey
|choice|switch 6|
|
|switch|p1a: Tauros|Tauros|236\/353
|turn|32
|choice|move 1|move 2
|
|move|p2a: Tauros|Body Slam|p1a: Tauros
|-crit|p1a: Tauros
|-damage|p1a: Tauros|42\/353
|move|p1a: Tauros|Body Slam|p2a: Tauros
|-damage|p2a: Tauros|253\/353
|
|turn|33
|choice|move 4|move 2
|
|move|p2a: Tauros|Body Slam|p1a: Tauros
|-crit|p1a: Tauros
|-damage|p1a: Tauros|0 fnt
|faint|p1a: Tauros
|choice|switch 2|
|
|switch|p1a: Cloyster|Cloyster|160\/303
|turn|34
|choice|move 2|switch 2
|
|switch|p2a: Starmie|Starmie|263\/323
|move|p1a: Cloyster|Blizzard|p2a: Starmie
|-resisted|p2a: Starmie
|-damage|p2a: Starmie|201\/323
|
|turn|35
|choice|switch 4|move 3
|
|switch|p1a: Alakazam|Alakazam|313\/313 slp
|move|p2a: Starmie|Thunderbolt|p1a: Alakazam
|-damage|p1a: Alakazam|256\/313 slp
|
|turn|36
|choice|move 4|switch 3
|
|switch|p2a: Snorlax|Snorlax|109\/523
|cant|p1a: Alakazam|slp
|
|turn|37
|choice|switch 5|move 1
|
|switch|p1a: Golem|Golem|363\/363
|move|p2a: Snorlax|Body Slam|p1a: Golem
|-resisted|p1a: Golem
|-damage|p1a: Golem|320\/363
|
|turn|38
|choice|move 2|move 2
|
|move|p1a: Golem|Earthquake|p2a: Snorlax
|-damage|p2a: Snorlax|0 fnt
|faint|p2a: Snorlax
|choice||switch 3
|
|switch|p2a: Starmie|Starmie|201\/323
|turn|39
|c| trueWario|it's not ko! stay in
|c| trueWario|:p
|c| trueWario|and boom!
|c|★Peasounay|lmao don't give him advice
|c|★Whoremaster|wario is clearly reading my thoughts and passing them onto peas
|c| trueWario|UAHUHAUAH no
|c| trueWario|I don't like Peasougay
|c| trueWario|;)
|c|★Whoremaster|lol
|choice|move 4|move 1
|
|move|p2a: Starmie|Blizzard|p1a: Golem
|-crit|p1a: Golem
|-supereffective|p1a: Golem
|-damage|p1a: Golem|0 fnt
|faint|p1a: Golem
|c|★Whoremaster|grr
|c| trueWario|oh man
|c| trueWario|bad lucky
|c| trueWario|:p
|c|★Whoremaster|aye much bad lucky
|choice|switch 5|
|
|switch|p1a: Alakazam|Alakazam|256\/313 slp
|turn|40
|choice|switch 4|move 1
|
|switch|p1a: Cloyster|Cloyster|160\/303
|move|p2a: Starmie|Blizzard|p1a: Cloyster|[miss]
|-miss|p2a: Starmie
|
|turn|41
|choice|switch 4|move 3
|
|switch|p1a: Alakazam|Alakazam|256\/313 slp
|move|p2a: Starmie|Thunderbolt|p1a: Alakazam
|-damage|p1a: Alakazam|192\/313 slp
|
|turn|42
|c| trueWario|He always has the luck when he needs
|choice|move 4|move 3
|
|cant|p1a: Alakazam|slp
|move|p2a: Starmie|Thunderbolt|p1a: Alakazam
|-damage|p1a: Alakazam|134\/313 slp
|
|turn|43
|c|★Whoremaster|yeah hes a menace
|choice|switch 3|switch 2
|
|switch|p1a: Exeggutor|Exeggutor|61\/393 par
|switch|p2a: Tauros|Tauros|253\/353
|
|turn|44
|choice|switch 4|move 2
|
|switch|p1a: Cloyster|Cloyster|160\/303
|move|p2a: Tauros|Body Slam|p1a: Cloyster
|-crit|p1a: Cloyster
|-damage|p1a: Cloyster|27\/303
|
|turn|45
|c| trueWario|again
|c|★Whoremaster|ayee
|choice|move 4|move 2
|
|move|p2a: Tauros|Body Slam|p1a: Cloyster
|-damage|p1a: Cloyster|0 fnt
|faint|p1a: Cloyster
|c|★Peasounay|truewario
|c|★Peasounay|we could play 50 games
|choice|switch 4|
|
|switch|p1a: Exeggutor|Exeggutor|61\/393 par
|turn|46
|c|★Peasounay|i would won 40 against you
|c|★Peasounay|so stop complaining
|c|★Peasounay|and go practice
|c|★Whoremaster|lol
|c|★Peasounay|everybody has the same luck in the long run
|choice|move 4|move 2
|
|move|p2a: Tauros|Body Slam|p1a: Exeggutor
|-damage|p1a: Exeggutor|0 fnt
|faint|p1a: Exeggutor
|c| trueWario|haha calm down
|c|★Whoremaster|in my younger days i would ve very upset
|c| trueWario|it's just a game
|c|★Whoremaster|coz i thought i had a pretty good spot
|c| trueWario|I beat you many times you know about it
|c| trueWario|;)
|c|★Whoremaster|but rby is like betting ur life savings on red
|choice|switch 3|
|
|switch|p1a: Alakazam|Alakazam|134\/313 slp
|turn|47
|c|★Peasounay|then why did you insult me in portuguese during our entier last match ?
|c|★Peasounay|where i sweeped your team with a chansey lol
|choice|move 4|move 2
|
|cant|p1a: Alakazam|slp
|move|p2a: Tauros|Body Slam|p1a: Alakazam
|-damage|p1a: Alakazam|0 fnt
|faint|p1a: Alakazam
|
|win|Peasounay
|player|p1
|player|p2
|c|★Whoremaster|gg i feel like it was close  reasonable fun
|c|★Peasounay|gg m8
|l|Peasounay