|j|zewing
|j|B1ackJack94
|player|p1|zewing|241
|player|p2|B1ackJack94|204
|gametype|singles
|gen|1
|tier|[Gen 1] Random Battle
|rated
|seed|
|rule|Sleep Clause Mod: Limit one foe put to sleep
|rule|Freeze Clause Mod: Limit one foe frozen
|rule|HP Percentage Mod: HP is shown in percentages
|
|start
|switch|p1a: Exeggcute|Exeggcute, L96|100\/100
|switch|p2a: Ponyta|Ponyta, L96|100\/100
|turn|1
|choice||
|
|move|p2a: Ponyta|Fire Blast|p1a: Exeggcute
|-supereffective|p1a: Exeggcute
|-damage|p1a: Exeggcute|13\/100
|move|p1a: Exeggcute|Stun Spore|p2a: Ponyta
|-status|p2a: Ponyta|par
|
|turn|2
|choice||
|
|move|p1a: Exeggcute|Explosion|p2a: Ponyta
|-damage|p2a: Ponyta|28\/100 par
|faint|p1a: Exeggcute
|choice||
|
|switch|p1a: Lickitung|Lickitung, L90|100\/100
|turn|3
|choice||
|
|move|p1a: Lickitung|Body Slam|p2a: Ponyta
|-damage|p2a: Ponyta|0 fnt
|faint|p2a: Ponyta
|choice||
|
|switch|p2a: Ivysaur|Ivysaur, L85|100\/100
|turn|4
|choice||
|
|move|p2a: Ivysaur|Sleep Powder|p1a: Lickitung
|-status|p1a: Lickitung|slp
|cant|p1a: Lickitung|slp
|
|turn|5
|choice||
|
|switch|p1a: Articuno|Articuno, L79|100\/100
|move|p2a: Ivysaur|Swords Dance|p2a: Ivysaur
|-boost|p2a: Ivysaur|atk|2
|
|turn|6
|choice||
|
|move|p1a: Articuno|Blizzard|p2a: Ivysaur
|-crit|p2a: Ivysaur
|-supereffective|p2a: Ivysaur
|-damage|p2a: Ivysaur|0 fnt
|faint|p2a: Ivysaur
|choice||
|
|switch|p2a: Mr. Mime|Mr. Mime, L85|100\/100
|turn|7
|choice||
|
|switch|p1a: Lickitung|Lickitung, L90|100\/100 slp
|move|p2a: Mr. Mime|Thunder Wave|p1a: Lickitung
|-fail|p1a: Lickitung
|
|turn|8
|choice||
|
|move|p2a: Mr. Mime|Psychic|p1a: Lickitung
|-damage|p1a: Lickitung|69\/100 slp
|-unboost|p1a: Lickitung|spd|1
|-unboost|p1a: Lickitung|spa|1
|-curestatus|p1a: Lickitung|slp
|
|turn|9
|choice||
|
|move|p2a: Mr. Mime|Psychic|p1a: Lickitung
|-crit|p1a: Lickitung
|-damage|p1a: Lickitung|4\/100
|move|p1a: Lickitung|Hyper Beam|p2a: Mr. Mime
|-damage|p2a: Mr. Mime|35\/100
|
|turn|10
|-mustrecharge|p1a: Lickitung
|-mustrecharge|p1a: Lickitung
|choice||
|
|move|p2a: Mr. Mime|Seismic Toss|p1a: Lickitung
|-damage|p1a: Lickitung|0 fnt
|faint|p1a: Lickitung
|choice||
|
|switch|p1a: Scyther|Scyther, L90|100\/100
|turn|11
|j|Gooooooooch
|c| Gooooooooch|Wooooo pokemon woowowwowooo
|choice||
|
|move|p1a: Scyther|Slash|p2a: Mr. Mime
|-crit|p2a: Mr. Mime
|-damage|p2a: Mr. Mime|0 fnt
|faint|p2a: Mr. Mime
|c|★B1ackJack94|woooooo!
|c| Gooooooooch|ALL HAIL THE CRIT LORDS
|c|★zewing|woooooooooo
|choice||
|
|switch|p2a: Poliwag|Poliwag, L96|100\/100
|turn|12
|c| Gooooooooch|OHHH SNAP
|c|★zewing|PoliSwag
|c| Gooooooooch|GET IT
|choice||
|
|switch|p1a: Weezing|Weezing, L90|100\/100
|move|p2a: Poliwag|Hypnosis|p1a: Weezing|[miss]
|-miss|p2a: Poliwag
|
|turn|13
|c| Gooooooooch|EXPLOUD
|choice||
|
|move|p2a: Poliwag|Hypnosis|p1a: Weezing
|-status|p1a: Weezing|slp
|cant|p1a: Weezing|slp
|
|turn|14
|c| Gooooooooch|SWEEP SWEEP SWEEP
|choice||
|
|move|p2a: Poliwag|Amnesia|p2a: Poliwag
|-boost|p2a: Poliwag|spd|2
|-boost|p2a: Poliwag|spa|2
|cant|p1a: Weezing|slp
|
|turn|15
|c| Gooooooooch|SWEPP
|c| Gooooooooch|EYUS
|choice||
|
|switch|p1a: Kadabra|Kadabra, L85|100\/100
|move|p2a: Poliwag|Amnesia|p2a: Poliwag
|-boost|p2a: Poliwag|spd|2
|-boost|p2a: Poliwag|spa|2
|
|turn|16
|c| Gooooooooch|I LOVE ME SOME POLIWAG SWEEP
|choice||
|
|move|p2a: Poliwag|Surf|p1a: Kadabra
|-damage|p1a: Kadabra|21\/100
|move|p1a: Kadabra|Thunder Wave|p2a: Poliwag
|-status|p2a: Poliwag|par
|
|turn|17
|choice||
|
|move|p1a: Kadabra|Psychic|p2a: Poliwag
|-damage|p2a: Poliwag|80\/100 par
|move|p2a: Poliwag|Surf|p1a: Kadabra
|-crit|p1a: Kadabra
|-damage|p1a: Kadabra|0 fnt
|faint|p1a: Kadabra
|c| Gooooooooch|YOU STILL GOT THIS
|c| Gooooooooch|EYUS
|c| Gooooooooch|POLI$WAG
|c|★B1ackJack94|THANK YOU FOR BELIEVING IN ME
|choice||
|
|switch|p1a: Weezing|Weezing, L90|100\/100 slp
|turn|18
|choice||
|
|cant|p1a: Weezing|slp
|move|p2a: Poliwag|Amnesia|p2a: Poliwag
|-boost|p2a: Poliwag|spd|2
|-boost|p2a: Poliwag|spa|2
|
|turn|19
|choice||
|
|cant|p1a: Weezing|slp
|move|p2a: Poliwag|Surf|p1a: Weezing
|-crit|p1a: Weezing
|-damage|p1a: Weezing|54\/100 slp
|
|turn|20
|c| Gooooooooch|YOU GREEDY MF
|choice||
|
|cant|p1a: Weezing|slp
|move|p2a: Poliwag|Surf|p1a: Weezing
|-crit|p1a: Weezing
|-damage|p1a: Weezing|3\/100 slp
|
|turn|21
|c| Gooooooooch|WITH THE DOUBLE CRIT?!
|c|★B1ackJack94|STOP CRITS
|choice||
|
|-curestatus|p1a: Weezing|slp
|cant|p2a: Poliwag|par
|
|turn|22
|c| Gooooooooch|ALL HAIL THE CRIT LORDS
|c| Gooooooooch|HAIL HAIL HAIL
|c|★zewing|AHHHHHHHHH
|c|★B1ackJack94|FUCK
|c| Gooooooooch|EXPLOUD
|c| Gooooooooch|!
|c|★B1ackJack94|if you explode I’ll be really sad
|c| Gooooooooch|SWITCH TO YOUR GENGAR
|c| Gooooooooch|RIGHT MEOW!
|choice||
|
|switch|p2a: Marowak|Marowak, L90|100\/100
|move|p1a: Weezing|Explosion|p2a: Marowak
|-crit|p2a: Marowak
|-damage|p2a: Marowak|0 fnt
|faint|p2a: Marowak
|faint|p1a: Weezing
|c|★B1ackJack94|CRIT
|c| Gooooooooch|lel
|c|★zewing|crit matterd
|choice||
|
|switch|p1a: Scyther|Scyther, L90|100\/100
|switch|p2a: Electabuzz|Electabuzz, L85|100\/100
|turn|23
|c| Gooooooooch|yea it did
|c| Gooooooooch|good match up
|choice||
|
|move|p1a: Scyther|Slash|p2a: Electabuzz
|-crit|p2a: Electabuzz
|-damage|p2a: Electabuzz|50\/100
|move|p2a: Electabuzz|Thunderbolt|p1a: Scyther|[miss]
|-miss|p2a: Electabuzz
|
|turn|24
|c|★B1ackJack94|...
|c| Gooooooooch|ooooooooooooo
|c|★zewing|oh my god
|c|★B1ackJack94|the plot thickens
|c| Gooooooooch|that's a 1 in 250 chance I think
|c|★zewing|1\/256
|c| Gooooooooch|no man, that's game
|choice||
|
|move|p1a: Scyther|Hyper Beam|p2a: Electabuzz
|-damage|p2a: Electabuzz|0 fnt
|faint|p2a: Electabuzz
|c| Gooooooooch|of word?
|c| Gooooooooch|sucks
|choice||
|
|switch|p2a: Poliwag|Poliwag, L96|80\/100 par
|turn|25
|c| Gooooooooch|gg
|c|★B1ackJack94|yeah gg lol
|choice||
|
|move|p1a: Scyther|Slash|p2a: Poliwag
|-crit|p2a: Poliwag
|-damage|p2a: Poliwag|25\/100 par
|move|p2a: Poliwag|Hypnosis|p1a: Scyther|[miss]
|-miss|p2a: Poliwag
|
|turn|26
|c|★zewing|i NEEDED that explosion from weezing
|c|★zewing|otherwise u would awon
|choice||
|
|move|p1a: Scyther|Slash|p2a: Poliwag
|-crit|p2a: Poliwag
|-damage|p2a: Poliwag|0 fnt
|faint|p2a: Poliwag
|
|win|zewing
|player|p1
|player|p2
|raw|zewing's rating: 1313 &rarr; <strong>1340<\/strong><br \/>(+27 for winning)
|raw|B1ackJack94's rating: 1433 &rarr; <strong>1407<\/strong><br \/>(-26 for losing)
|c| Gooooooooch|gggg
|c|★zewing|scary as HECK
|l|Gooooooooch
|c|★zewing|good match
|c|★B1ackJack94|for sure
|l|B1ackJack94