|join|erik1erik
|join|ProletarioParasito
|player|p1|erik1erik|101
|player|p2|ProletarioParasito|101
|gametype|singles
|gen|1
|tier|[Gen 1] Random Battle
|rated
|rule|Sleep Clause Mod: Limit one foe put to sleep
|rule|Freeze Clause Mod: Limit one foe frozen
|rule|HP Percentage Mod: HP is shown in percentages
|
|start
|switch|p1a: Articuno|Articuno, L85|327\/327
|switch|p2a: Arbok|Arbok, L85|276\/276
|turn|1
|
|switch|p1a: Tauros|Tauros, L79|280\/280
|move|p2a: Arbok|Rock Slide|p1a: Tauros
|-damage|p1a: Tauros|225\/280
|
|turn|2
|
|switch|p2a: Charmander|Charmander, L96|270\/270
|move|p1a: Tauros|Earthquake|p2a: Charmander
|-crit|p2a: Charmander
|-supereffective|p2a: Charmander
|-damage|p2a: Charmander|0 fnt
|faint|p2a: Charmander
|
|switch|p2a: Wigglytuff|Wigglytuff, L85|412\/412
|turn|3
|
|move|p1a: Tauros|Body Slam|p2a: Wigglytuff
|-damage|p2a: Wigglytuff|303\/412
|move|p2a: Wigglytuff|Sing|p1a: Tauros
|-status|p1a: Tauros|slp
|
|turn|4
|
|switch|p1a: Primeape|Primeape, L85|284\/284
|move|p2a: Wigglytuff|Double-Edge|p1a: Primeape
|-damage|p1a: Primeape|175\/284
|-damage|p2a: Wigglytuff|276\/412|[from] recoil|[of] p1a: Primeape
|
|turn|5
|
|switch|p2a: Hypno|Hypno, L85|318\/318
|move|p1a: Primeape|Submission|p2a: Hypno
|-resisted|p2a: Hypno
|-damage|p2a: Hypno|266\/318
|-damage|p1a: Primeape|162\/284|[from] recoil|[of] p2a: Hypno
|
|turn|6
|
|switch|p1a: Exeggutor|Exeggutor, L79|312\/312
|move|p2a: Hypno|Thunder Wave|p1a: Exeggutor
|-status|p1a: Exeggutor|par
|
|turn|7
|
|switch|p2a: Ninetales|Ninetales, L85|298\/298
|move|p1a: Exeggutor|Sleep Powder|p2a: Ninetales
|-status|p2a: Ninetales|slp
|
|turn|8
|
|switch|p2a: Wigglytuff|Wigglytuff, L85|276\/412
|cant|p1a: Exeggutor|par
|
|turn|9
|
|move|p2a: Wigglytuff|Blizzard|p1a: Exeggutor
|-supereffective|p1a: Exeggutor
|-damage|p1a: Exeggutor|208\/312 par
|cant|p1a: Exeggutor|par
|
|turn|10
|
|move|p2a: Wigglytuff|Double-Edge|p1a: Exeggutor
|-damage|p1a: Exeggutor|111\/312 par
|-damage|p2a: Wigglytuff|252\/412|[from] recoil|[of] p1a: Exeggutor
|move|p1a: Exeggutor|Explosion|p2a: Wigglytuff
|-damage|p2a: Wigglytuff|0 fnt
|faint|p2a: Wigglytuff
|faint|p1a: Exeggutor
|
|switch|p1a: Dewgong|Dewgong, L85|327\/327
|switch|p2a: Hypno|Hypno, L85|266\/318
|turn|11
|
|move|p1a: Dewgong|Surf|p2a: Hypno
|-damage|p2a: Hypno|176\/318
|move|p2a: Hypno|Thunder Wave|p1a: Dewgong
|-status|p1a: Dewgong|par
|
|turn|12
|
|move|p2a: Hypno|Psychic|p1a: Dewgong
|-damage|p1a: Dewgong|220\/327 par
|cant|p1a: Dewgong|par
|
|turn|13
|
|move|p2a: Hypno|Psychic|p1a: Dewgong
|-damage|p1a: Dewgong|116\/327 par
|move|p1a: Dewgong|Blizzard|p2a: Hypno
|-damage|p2a: Hypno|65\/318
|
|turn|14
|
|move|p2a: Hypno|Rest|p2a: Hypno
|-status|p2a: Hypno|slp
|-heal|p2a: Hypno|318\/318 slp|[silent]
|-status|p2a: Hypno|slp|[from] move: Rest
|move|p1a: Dewgong|Surf|p2a: Hypno
|-crit|p2a: Hypno
|-damage|p2a: Hypno|156\/318 slp
|
|turn|15
|
|cant|p2a: Hypno|slp
|move|p1a: Dewgong|Surf|p2a: Hypno
|-crit|p2a: Hypno
|-damage|p2a: Hypno|4\/318 slp
|
|turn|16
|
|cant|p2a: Hypno|slp
|-curestatus|p2a: Hypno|slp
|move|p1a: Dewgong|Surf|p2a: Hypno
|-crit|p2a: Hypno
|-damage|p2a: Hypno|0 fnt
|faint|p2a: Hypno
|
|switch|p2a: Seaking|Seaking, L85|310\/310
|turn|17
|
|move|p2a: Seaking|Double-Edge|p1a: Dewgong
|-damage|p1a: Dewgong|45\/327 par
|-damage|p2a: Seaking|293\/310|[from] recoil|[of] p1a: Dewgong
|move|p1a: Dewgong|Body Slam|p2a: Seaking
|-crit|p2a: Seaking
|-damage|p2a: Seaking|181\/310
|-status|p2a: Seaking|par
|
|turn|18
|c|★ProletarioParasito|really
|c|★ProletarioParasito|why not
|
|cant|p1a: Dewgong|par
|move|p2a: Seaking|Hyper Beam|p1a: Dewgong
|-damage|p1a: Dewgong|0 fnt
|faint|p1a: Dewgong
|
|switch|p1a: Primeape|Primeape, L85|162\/284
|turn|19
|
|move|p1a: Primeape|Hyper Beam|p2a: Seaking
|-damage|p2a: Seaking|33\/310 par
|move|p2a: Seaking|Blizzard|p1a: Primeape
|-damage|p1a: Primeape|70\/284
|
|turn|20
|
|cant|p1a: Primeape|recharge
|move|p2a: Seaking|Surf|p1a: Primeape
|-damage|p1a: Primeape|0 fnt
|faint|p1a: Primeape
|
|switch|p1a: Butterfree|Butterfree, L85|276\/276
|turn|21
|
|move|p1a: Butterfree|Mega Drain|p2a: Seaking
|-crit|p2a: Seaking
|-supereffective|p2a: Seaking
|-damage|p2a: Seaking|0 fnt
|faint|p2a: Seaking
|
|switch|p2a: Ninetales|Ninetales, L85|298\/298 slp
|turn|22
|
|cant|p2a: Ninetales|slp
|move|p1a: Butterfree|Psychic|p2a: Ninetales
|-damage|p2a: Ninetales|242\/298 slp
|
|turn|23
|
|switch|p1a: Tauros|Tauros, L79|225\/280 slp
|cant|p2a: Ninetales|slp
|
|turn|24
|
|cant|p2a: Ninetales|slp
|-curestatus|p2a: Ninetales|slp
|cant|p1a: Tauros|slp
|
|turn|25
|
|move|p2a: Ninetales|Fire Blast|p1a: Tauros
|-crit|p1a: Tauros
|-damage|p1a: Tauros|0 fnt
|faint|p1a: Tauros
|
|switch|p1a: Articuno|Articuno, L85|327\/327
|turn|26
|
|switch|p2a: Arbok|Arbok, L85|276\/276
|move|p1a: Articuno|Blizzard|p2a: Arbok
|-damage|p2a: Arbok|94\/276
|
|turn|27
|
|move|p1a: Articuno|Blizzard|p2a: Arbok
|-damage|p2a: Arbok|0 fnt
|faint|p2a: Arbok
|
|switch|p2a: Ninetales|Ninetales, L85|242\/298
|turn|28
|
|move|p2a: Ninetales|Confuse Ray|p1a: Articuno
|-start|p1a: Articuno|confusion
|-activate|p1a: Articuno|confusion
|move|p1a: Articuno|Blizzard|p2a: Ninetales|[miss]
|-miss|p1a: Articuno
|
|turn|29
|
|move|p2a: Ninetales|Fire Blast|p1a: Articuno
|-supereffective|p1a: Articuno
|-damage|p1a: Articuno|120\/327
|-activate|p1a: Articuno|confusion
|move|p1a: Articuno|Blizzard|p2a: Ninetales
|-damage|p2a: Ninetales|101\/298
|
|turn|30
|
|move|p2a: Ninetales|Fire Blast|p1a: Articuno
|-supereffective|p1a: Articuno
|-damage|p1a: Articuno|0 fnt
|faint|p1a: Articuno
|
|switch|p1a: Butterfree|Butterfree, L85|276\/276
|turn|31
|
|move|p2a: Ninetales|Fire Blast|p1a: Butterfree
|-supereffective|p1a: Butterfree
|-damage|p1a: Butterfree|0 fnt
|faint|p1a: Butterfree
|
|win|ProletarioParasito
|raw|Ladder updating...
|raw|erik1erik's rating: 1379 &rarr; <strong>1353<\/strong><br \/>(-26 for losing)
|raw|ProletarioParasito's rating: 1278 &rarr; <strong>1310<\/strong><br \/>(+32 for winning)