|join|greymind
|join|champ_dab
|player|p1|greymind|98
|player|p2|champ_dab|163
|gametype|singles
|gen|1
|tier|[Gen 1] OU (beta)
|rated
|rule|Sleep Clause Mod: Limit one foe put to sleep
|rule|Species Clause: Limit one of each Pokémon
|rule|OHKO Clause: OHKO moves are banned
|rule|Moody Clause: Moody is banned
|rule|Evasion Moves Clause: Evasion moves are banned
|rule|Endless Battle Clause: Forcing endless battles is banned
|rule|HP Percentage Mod: HP is reported as percentages
|
|start
|switch|p1a: Alakazam|Alakazam|313\/313
|switch|p2a: Starmie|Starmie|323\/323
|turn|1
|
|switch|p2a: Chansey|Chansey|703\/703
|move|p1a: Alakazam|Thunder Wave|p2a: Chansey
|-status|p2a: Chansey|par
|
|turn|2
|
|move|p1a: Alakazam|Reflect|p1a: Alakazam
|move|p2a: Chansey|Thunder Wave|p1a: Alakazam
|-status|p1a: Alakazam|par
|
|turn|3
|
|switch|p1a: Tauros|Tauros|353\/353
|switch|p2a: Exeggutor|Exeggutor|393\/393
|
|turn|4
|
|move|p1a: Tauros|Ice Beam|p2a: Exeggutor
|-crit|p2a: Exeggutor
|-supereffective|p2a: Exeggutor
|-damage|p2a: Exeggutor|172\/393
|move|p2a: Exeggutor|Sleep Powder|p1a: Tauros
|-status|p1a: Tauros|slp
|
|turn|5
|
|switch|p2a: Snorlax|Snorlax|523\/523
|cant|p1a: Tauros|slp
|
|turn|6
|
|cant|p1a: Tauros|slp
|move|p2a: Snorlax|Reflect|p2a: Snorlax
|
|turn|7
|
|cant|p1a: Tauros|slp
|move|p2a: Snorlax|Amnesia|p2a: Snorlax
|-boost|p2a: Snorlax|spd|2
|-boost|p2a: Snorlax|spa|2
|
|turn|8
|
|cant|p1a: Tauros|slp
|move|p2a: Snorlax|Body Slam|p1a: Tauros
|-damage|p1a: Tauros|235\/353 slp
|
|turn|9
|
|cant|p1a: Tauros|slp
|-curestatus|p1a: Tauros|slp
|move|p2a: Snorlax|Body Slam|p1a: Tauros
|-damage|p1a: Tauros|131\/353
|-status|p1a: Tauros|par
|
|turn|10
|
|move|p2a: Snorlax|Body Slam|p1a: Tauros
|-damage|p1a: Tauros|23\/353 par
|move|p1a: Tauros|Double-Edge|p2a: Snorlax
|-crit|p2a: Snorlax
|-damage|p2a: Snorlax|381\/523
|-damage|p1a: Tauros|0 fnt|[from] recoil|[of] p2a: Snorlax
|faint|p1a: Tauros
|
|
|switch|p1a: Dragonite|Dragonite|385\/385
|turn|11
|
|move|p1a: Dragonite|Wrap|p2a: Snorlax
|-damage|p2a: Snorlax|370\/523
|-activate|p2a: Snorlax|move: Wrap|[of] p1a: Dragonite
|cant|p2a: Snorlax|partiallytrapped
|
|turn|12
|
|move|p1a: Dragonite|Wrap|p2a: Snorlax
|-damage|p2a: Snorlax|359\/523
|cant|p2a: Snorlax|partiallytrapped
|
|-end|p2a: Snorlax|Wrap|[partiallytrapped]
|turn|13
|
|move|p1a: Dragonite|Thunder Wave|p2a: Snorlax
|-status|p2a: Snorlax|par
|move|p2a: Snorlax|Body Slam|p1a: Dragonite
|-damage|p1a: Dragonite|279\/385
|-status|p1a: Dragonite|par
|
|turn|14
|
|move|p1a: Dragonite|Wrap|p2a: Snorlax|[miss]
|-miss|p1a: Dragonite
|move|p2a: Snorlax|Body Slam|p1a: Dragonite
|-damage|p1a: Dragonite|161\/385 par
|
|turn|15
|
|move|p1a: Dragonite|Wrap|p2a: Snorlax|[miss]
|-miss|p1a: Dragonite
|cant|p2a: Snorlax|par
|
|turn|16
|
|switch|p1a: Starmie|Starmie|323\/323
|move|p2a: Snorlax|Body Slam|p1a: Starmie
|-damage|p1a: Starmie|207\/323
|
|turn|17
|
|move|p1a: Starmie|Surf|p2a: Snorlax
|-crit|p2a: Snorlax
|-damage|p2a: Snorlax|83\/523 par
|cant|p2a: Snorlax|par
|
|turn|18
|
|move|p1a: Starmie|Surf|p2a: Snorlax
|-crit|p2a: Snorlax
|-damage|p2a: Snorlax|0 fnt
|faint|p2a: Snorlax
|
|
|switch|p2a: Chansey|Chansey|703\/703 par
|turn|19
|
|move|p1a: Starmie|Surf|p2a: Chansey
|-crit|p2a: Chansey
|-damage|p2a: Chansey|481\/703 par
|cant|p2a: Chansey|par
|
|turn|20
|
|move|p1a: Starmie|Surf|p2a: Chansey
|-damage|p2a: Chansey|371\/703 par
|move|p2a: Chansey|Thunder Wave|p1a: Starmie
|-status|p1a: Starmie|par
|
|turn|21
|
|move|p1a: Starmie|Surf|p2a: Chansey
|-damage|p2a: Chansey|262\/703 par
|move|p2a: Chansey|Soft-Boiled|p2a: Chansey
|-heal|p2a: Chansey|613\/703 par
|
|turn|22
|
|move|p1a: Starmie|Surf|p2a: Chansey
|-damage|p2a: Chansey|506\/703 par
|move|p2a: Chansey|Ice Beam|p1a: Starmie
|-resisted|p1a: Starmie
|-damage|p1a: Starmie|168\/323 par
|
|turn|23
|
|switch|p1a: Alakazam|Alakazam|313\/313 par
|switch|p2a: Starmie|Starmie|323\/323
|
|turn|24
|
|switch|p2a: Chansey|Chansey|506\/703 par
|move|p1a: Alakazam|Thunder Wave|p2a: Chansey
|-fail|p2a: Chansey|par
|
|turn|25
|
|switch|p1a: Exeggutor|Exeggutor|393\/393
|move|p2a: Chansey|Ice Beam|p1a: Exeggutor
|-supereffective|p1a: Exeggutor
|-damage|p1a: Exeggutor|255\/393
|
|turn|26
|
|move|p1a: Exeggutor|Leech Seed|p2a: Chansey
|-start|p2a: Chansey|move: Leech Seed
|cant|p2a: Chansey|par
|-damage|p2a: Chansey|463\/703 par|[from] Leech Seed|[of] p1a: Exeggutor
|-heal|p1a: Exeggutor|298\/393|[silent]
|
|turn|27
|
|move|p1a: Exeggutor|Psychic|p2a: Chansey
|-damage|p2a: Chansey|349\/703 par
|-unboost|p2a: Chansey|spd|1
|-unboost|p2a: Chansey|spa|1
|move|p2a: Chansey|Soft-Boiled|p2a: Chansey
|-heal|p2a: Chansey|700\/703 par
|-damage|p2a: Chansey|657\/703 par|[from] Leech Seed|[of] p1a: Exeggutor
|-heal|p1a: Exeggutor|341\/393|[silent]
|
|turn|28
|
|move|p1a: Exeggutor|Psychic|p2a: Chansey
|-damage|p2a: Chansey|476\/703 par
|move|p2a: Chansey|Thunder Wave|p1a: Exeggutor
|-status|p1a: Exeggutor|par
|-damage|p2a: Chansey|433\/703 par|[from] Leech Seed|[of] p1a: Exeggutor
|-heal|p1a: Exeggutor|384\/393 par|[silent]
|
|turn|29
|
|cant|p1a: Exeggutor|par
|move|p2a: Chansey|Ice Beam|p1a: Exeggutor
|-supereffective|p1a: Exeggutor
|-damage|p1a: Exeggutor|301\/393 par
|-damage|p2a: Chansey|390\/703 par|[from] Leech Seed|[of] p1a: Exeggutor
|-heal|p1a: Exeggutor|344\/393 par|[silent]
|
|turn|30
|
|switch|p2a: Starmie|Starmie|323\/323
|move|p1a: Exeggutor|Psychic|p2a: Starmie
|-resisted|p2a: Starmie
|-damage|p2a: Starmie|264\/323
|
|turn|31
|
|move|p2a: Starmie|Blizzard|p1a: Exeggutor
|-supereffective|p1a: Exeggutor
|-damage|p1a: Exeggutor|176\/393 par
|move|p1a: Exeggutor|Toxic|p2a: Starmie
|-status|p2a: Starmie|tox
|
|turn|32
|
|move|p2a: Starmie|Blizzard|p1a: Exeggutor
|-crit|p1a: Exeggutor
|-supereffective|p1a: Exeggutor
|-damage|p1a: Exeggutor|0 fnt
|-damage|p2a: Starmie|244\/323 tox|[from] tox|[of] p1a: Exeggutor
|faint|p1a: Exeggutor
|
|
|switch|p1a: Starmie|Starmie|168\/323 par
|turn|33
|
|move|p2a: Starmie|Thunderbolt|p1a: Starmie
|-supereffective|p1a: Starmie
|-damage|p1a: Starmie|31\/323 par
|-damage|p2a: Starmie|204\/323 tox|[from] tox|[of] p1a: Starmie
|move|p1a: Starmie|Thunderbolt|p2a: Starmie
|-supereffective|p2a: Starmie
|-damage|p2a: Starmie|44\/323 tox
|
|turn|34
|
|switch|p1a: Dragonite|Dragonite|161\/385 par
|move|p2a: Starmie|Thunderbolt|p1a: Dragonite
|-damage|p1a: Dragonite|89\/385 par
|-damage|p2a: Starmie|0 fnt|[from] tox|[of] p1a: Dragonite
|faint|p2a: Starmie
|
|
|switch|p2a: Rhydon|Rhydon|413\/413
|turn|35
|
|move|p2a: Rhydon|Rock Slide|p1a: Dragonite
|-supereffective|p1a: Dragonite
|-damage|p1a: Dragonite|0 fnt
|faint|p1a: Dragonite
|
|
|switch|p1a: Starmie|Starmie|31\/323 par
|turn|36
|
|switch|p2a: Chansey|Chansey|390\/703 par
|cant|p1a: Starmie|par
|
|turn|37
|
|cant|p1a: Starmie|par
|move|p2a: Chansey|Ice Beam|p1a: Starmie
|-resisted|p1a: Starmie
|-damage|p1a: Starmie|0 fnt
|faint|p1a: Starmie
|
|
|switch|p1a: Charizard|Charizard|359\/359
|turn|38
|
|move|p1a: Charizard|Flamethrower|p2a: Chansey
|-damage|p2a: Chansey|290\/703 par
|move|p2a: Chansey|Thunder Wave|p1a: Charizard
|-status|p1a: Charizard|par
|
|turn|39
|
|cant|p1a: Charizard|par
|move|p2a: Chansey|Counter|p1a: Charizard
|-fail|p1a: Charizard
|
|turn|40
|
|cant|p1a: Charizard|par
|move|p2a: Chansey|Ice Beam|p1a: Charizard
|-supereffective|p1a: Charizard
|-damage|p1a: Charizard|188\/359 par
|
|turn|41
|
|cant|p1a: Charizard|par
|move|p2a: Chansey|Ice Beam|p1a: Charizard
|-supereffective|p1a: Charizard
|-damage|p1a: Charizard|27\/359 par
|
|turn|42
|
|move|p1a: Charizard|Fire Spin|p2a: Chansey
|-damage|p2a: Chansey|274\/703 par
|-activate|p2a: Chansey|move: Fire Spin|[of] p1a: Charizard
|cant|p2a: Chansey|partiallytrapped
|
|turn|43
|
|move|p1a: Charizard|Fire Spin|p2a: Chansey
|-damage|p2a: Chansey|258\/703 par
|cant|p2a: Chansey|par
|
|turn|44
|
|move|p1a: Charizard|Fire Spin|p2a: Chansey
|-damage|p2a: Chansey|242\/703 par
|cant|p2a: Chansey|partiallytrapped
|
|turn|45
|
|move|p1a: Charizard|Fire Spin|p2a: Chansey
|-damage|p2a: Chansey|226\/703 par
|cant|p2a: Chansey|partiallytrapped
|
|turn|46
|
|cant|p1a: Charizard|par
|cant|p2a: Chansey|partiallytrapped
|
|-end|p2a: Chansey|Fire Spin|[partiallytrapped]
|turn|47
|
|cant|p1a: Charizard|par
|cant|p2a: Chansey|par
|
|turn|48
|
|move|p1a: Charizard|Seismic Toss|p2a: Chansey
|-damage|p2a: Chansey|126\/703 par
|cant|p2a: Chansey|par
|
|turn|49
|join|twisted0knight
|
|move|p1a: Charizard|Fire Spin|p2a: Chansey|[miss]
|-miss|p1a: Charizard
|move|p2a: Chansey|Counter|p1a: Charizard
|-fail|p1a: Charizard
|
|turn|50
|
|cant|p1a: Charizard|par
|move|p2a: Chansey|Ice Beam|p1a: Charizard
|-supereffective|p1a: Charizard
|-damage|p1a: Charizard|0 fnt
|faint|p1a: Charizard
|
|
|switch|p1a: Alakazam|Alakazam|313\/313 par
|turn|51
|
|move|p1a: Alakazam|Psychic|p2a: Chansey
|-damage|p2a: Chansey|0 fnt
|faint|p2a: Chansey
|
|
|switch|p2a: Rhydon|Rhydon|413\/413
|turn|52
|
|move|p2a: Rhydon|Earthquake|p1a: Alakazam
|-damage|p1a: Alakazam|89\/313 par
|move|p1a: Alakazam|Psychic|p2a: Rhydon
|-crit|p2a: Rhydon
|-damage|p2a: Rhydon|0 fnt
|faint|p2a: Rhydon
|
|
|switch|p2a: Tauros|Tauros|353\/353
|turn|53
|
|move|p2a: Tauros|Body Slam|p1a: Alakazam
|-damage|p1a: Alakazam|0 fnt
|faint|p1a: Alakazam
|
|win|champ_dab
|raw|Ladder updating...
|raw|greymind's rating: 1051 &rarr; <strong>1043<\/strong><br \/>(-8 for losing)
|raw|champ_dab's rating: 1270 &rarr; <strong>1281<\/strong><br \/>(+11 for winning)