|j|Dazmi
|j|098765four
|player|p1|Dazmi|144
|player|p2|098765four|163
|gametype|singles
|gen|1
|tier|[Gen 1] OU
|rated
|seed|58915,27261,52175,56281
|rule|Sleep Clause Mod: Limit one foe put to sleep
|rule|Freeze Clause Mod: Limit one foe frozen
|rule|Species Clause: Limit one of each Pokémon
|rule|OHKO Clause: OHKO moves are banned
|rule|Evasion Moves Clause: Evasion moves are banned
|rule|HP Percentage Mod: HP is shown in percentages
|
|start
|switch|p1a: Alakazam|Alakazam|313\/313
|switch|p2a: Alakazam|Alakazam|313\/313
|turn|1
|c|★098765four|hey
|choice|move 3|switch 2
|
|switch|p2a: Rhydon|Rhydon|413\/413
|move|p1a: Alakazam|Thunder Wave|p2a: Rhydon
|-immune|p2a: Rhydon|[msg]
|
|turn|2
|choice|switch 6|move 3
|
|switch|p1a: Slowbro|Slowbro|393\/393
|move|p2a: Rhydon|Substitute|p2a: Rhydon
|-start|p2a: Rhydon|Substitute
|-damage|p2a: Rhydon|310\/413
|
|turn|3
|choice|move 3|move 1
|
|move|p2a: Rhydon|Earthquake|p1a: Slowbro
|-damage|p1a: Slowbro|257\/393
|move|p1a: Slowbro|Surf|p2a: Rhydon
|-supereffective|p2a: Rhydon
|-end|p2a: Rhydon|Substitute
|
|turn|4
|choice|move 3|switch 3
|
|switch|p2a: Zapdos|Zapdos|383\/383
|move|p1a: Slowbro|Surf|p2a: Zapdos
|-damage|p2a: Zapdos|302\/383
|
|turn|5
|choice|switch 4|move 1
|
|switch|p1a: Buffy|Rhydon|413\/413
|move|p2a: Zapdos|Thunderbolt|p1a: Buffy
|-immune|p1a: Buffy|[msg]
|
|turn|6
|choice|move 4|switch 4
|
|switch|p2a: Gengar|Gengar|323\/323
|move|p1a: Buffy|Substitute|p1a: Buffy
|-start|p1a: Buffy|Substitute
|-damage|p1a: Buffy|310\/413
|
|turn|7
|choice|move 3|move 4
|
|move|p2a: Gengar|Mega Drain|p1a: Buffy
|-crit|p1a: Buffy
|-supereffective|p1a: Buffy
|-end|p1a: Buffy|Substitute
|move|p1a: Buffy|Earthquake|p2a: Gengar
|-supereffective|p2a: Gengar
|-damage|p2a: Gengar|0 fnt
|faint|p2a: Gengar
|choice||switch 2
|
|switch|p2a: Alakazam|Alakazam|313\/313
|turn|8
|choice|switch 5|move 1
|
|switch|p1a: Chansey|Chansey|703\/703
|move|p2a: Alakazam|Psychic|p1a: Chansey
|-damage|p1a: Chansey|581\/703
|
|turn|9
|choice|move 1|move 3
|
|move|p2a: Alakazam|Thunder Wave|p1a: Chansey
|-status|p1a: Chansey|par
|cant|p1a: Chansey|par
|
|turn|10
|choice|move 1|switch 5
|
|switch|p2a: Tauros|Tauros|353\/353
|cant|p1a: Chansey|par
|
|turn|11
|choice|switch 5|move 1
|
|switch|p1a: Buffy|Rhydon|310\/413
|move|p2a: Tauros|Body Slam|p1a: Buffy
|-resisted|p1a: Buffy
|-damage|p1a: Buffy|269\/413
|
|turn|12
|choice|move 1|move 4
|
|move|p2a: Tauros|Blizzard|p1a: Buffy
|-crit|p1a: Buffy
|-supereffective|p1a: Buffy
|-damage|p1a: Buffy|0 fnt
|faint|p1a: Buffy
|choice|switch 3|
|
|switch|p1a: Tauros|Tauros|353\/353
|turn|13
|choice|move 1|switch 3
|
|switch|p2a: Rhydon|Rhydon|310\/413
|move|p1a: Tauros|Body Slam|p2a: Rhydon
|-resisted|p2a: Rhydon
|-damage|p2a: Rhydon|269\/413
|
|turn|14
|choice|move 4|move 1
|
|move|p1a: Tauros|Blizzard|p2a: Rhydon
|-supereffective|p2a: Rhydon
|-damage|p2a: Rhydon|47\/413
|move|p2a: Rhydon|Earthquake|p1a: Tauros
|-damage|p1a: Tauros|216\/353
|
|turn|15
|choice|move 3|switch 3
|
|switch|p2a: Tauros|Tauros|353\/353
|move|p1a: Tauros|Earthquake|p2a: Tauros
|-damage|p2a: Tauros|277\/353
|
|turn|16
|choice|switch 4|move 1
|
|switch|p1a: Slowbro|Slowbro|257\/393
|move|p2a: Tauros|Body Slam|p1a: Slowbro
|-damage|p1a: Slowbro|163\/393
|-status|p1a: Slowbro|par
|
|turn|17
|choice|move 1|move 2
|
|move|p2a: Tauros|Hyper Beam|p1a: Slowbro
|-damage|p1a: Slowbro|0 fnt
|faint|p1a: Slowbro
|choice|switch 2|
|
|switch|p1a: Exeggutor|Exeggutor|393\/393
|turn|18
|c|★098765four|in RBY if u ko an opponent with hyper beam, the recharge turn is negated
|choice|move 1|switch 6
|
|switch|p2a: Chansey|Chansey|703\/703
|move|p1a: Exeggutor|Sleep Powder|p2a: Chansey
|-status|p2a: Chansey|slp
|
|turn|19
|choice|move 2|move 1
|
|move|p1a: Exeggutor|Psychic|p2a: Chansey
|-damage|p2a: Chansey|583\/703 slp
|-unboost|p2a: Chansey|spd|1
|-unboost|p2a: Chansey|spa|1
|cant|p2a: Chansey|slp
|
|turn|20
|choice|move 3|switch 4
|
|switch|p2a: Zapdos|Zapdos|302\/383
|move|p1a: Exeggutor|Explosion|p2a: Zapdos
|-damage|p2a: Zapdos|20\/383
|faint|p1a: Exeggutor
|choice|switch 4|
|
|switch|p1a: Tauros|Tauros|216\/353
|turn|21
|choice|move 1|move 3
|
|move|p1a: Tauros|Body Slam|p2a: Zapdos
|-damage|p2a: Zapdos|0 fnt
|faint|p2a: Zapdos
|choice||switch 6
|
|switch|p2a: Tauros|Tauros|277\/353
|turn|22
|choice|move 1|move 1
|
|move|p1a: Tauros|Body Slam|p2a: Tauros
|-damage|p2a: Tauros|172\/353
|move|p2a: Tauros|Body Slam|p1a: Tauros
|-crit|p1a: Tauros
|-damage|p1a: Tauros|31\/353
|
|turn|23
|choice|move 2|move 1
|
|move|p2a: Tauros|Body Slam|p1a: Tauros
|-damage|p1a: Tauros|0 fnt
|faint|p1a: Tauros
|choice|switch 6|
|
|switch|p1a: Alakazam|Alakazam|313\/313
|turn|24
|choice|move 4|move 1
|
|move|p1a: Alakazam|Reflect|p1a: Alakazam
|-start|p1a: Alakazam|Reflect
|move|p2a: Tauros|Body Slam|p1a: Alakazam
|-crit|p1a: Alakazam
|-damage|p1a: Alakazam|10\/313
|-status|p1a: Alakazam|par
|
|turn|25
|choice|move 1|move 1
|
|move|p2a: Tauros|Body Slam|p1a: Alakazam
|-crit|p1a: Alakazam
|-damage|p1a: Alakazam|0 fnt
|faint|p1a: Alakazam
|choice|switch 5|
|
|switch|p1a: Chansey|Chansey|581\/703 par
|turn|26
|choice|move 1|move 1
|
|move|p2a: Tauros|Body Slam|p1a: Chansey
|-damage|p1a: Chansey|300\/703 par
|move|p1a: Chansey|Ice Beam|p2a: Tauros
|-damage|p2a: Tauros|79\/353
|
|turn|27
|choice|move 3|move 2
|
|move|p2a: Tauros|Hyper Beam|p1a: Chansey
|-damage|p1a: Chansey|0 fnt
|faint|p1a: Chansey
|
|win|098765four
|player|p1
|player|p2
|raw|Dazmi's rating: 1212 &rarr; <strong>1177<\/strong><br \/>(-35 for losing)
|raw|098765four's rating: 1058 &rarr; <strong>1102<\/strong><br \/>(+44 for winning)
|l|Dazmi
|c|★098765four|gg