|j|ChaoticCreater
|j|MALESANI
|player|p1|ChaoticCreater|102
|player|p2|MALESANI|238
|gametype|singles
|gen|1
|tier|[Gen 1] Random Battle
|rated
|seed|37604,43165,35295,26165
|rule|Sleep Clause Mod: Limit one foe put to sleep
|rule|Freeze Clause Mod: Limit one foe frozen
|rule|HP Percentage Mod: HP is shown in percentages
|
|start
|switch|p1a: Tentacool|Tentacool, L96|272\/272
|switch|p2a: Exeggcute|Exeggcute, L96|310\/310
|turn|1
|choice|move 4|move 1
|
|move|p1a: Tentacool|Barrier|p1a: Tentacool
|-boost|p1a: Tentacool|def|2
|move|p2a: Exeggcute|Psychic|p1a: Tentacool
|-crit|p1a: Tentacool
|-supereffective|p1a: Tentacool
|-damage|p1a: Tentacool|0 fnt
|faint|p1a: Tentacool
|choice|switch 2|
|
|switch|p1a: Jynx|Jynx, L79|265\/265
|turn|2
|choice|move 3|move 3
|
|move|p1a: Jynx|Blizzard|p2a: Exeggcute
|-supereffective|p2a: Exeggcute
|-damage|p2a: Exeggcute|69\/310
|move|p2a: Exeggcute|Sleep Powder|p1a: Jynx
|-status|p1a: Jynx|slp
|
|turn|3
|choice|switch 6|switch 4
|
|switch|p1a: Lickitung|Lickitung, L90|345\/345
|switch|p2a: Weezing|Weezing, L90|300\/300
|
|turn|4
|choice|move 4|switch 3
|
|switch|p2a: Tangela|Tangela, L85|284\/284
|move|p1a: Lickitung|Swords Dance|p1a: Lickitung
|-boost|p1a: Lickitung|atk|2
|
|turn|5
|choice|move 4|move 3
|
|move|p2a: Tangela|Swords Dance|p2a: Tangela
|-boost|p2a: Tangela|atk|2
|move|p1a: Lickitung|Swords Dance|p1a: Lickitung
|-boost|p1a: Lickitung|atk|2
|
|turn|6
|choice|move 3|move 3
|
|move|p2a: Tangela|Swords Dance|p2a: Tangela
|-boost|p2a: Tangela|atk|2
|move|p1a: Lickitung|Hyper Beam|p2a: Tangela
|-damage|p2a: Tangela|0 fnt
|faint|p2a: Tangela
|choice||switch 4
|
|switch|p2a: Exeggcute|Exeggcute, L96|69\/310
|turn|7
|choice|move 3|move 2
|
|move|p2a: Exeggcute|Explosion|p1a: Lickitung
|-damage|p1a: Lickitung|152\/345
|faint|p2a: Exeggcute
|choice||switch 6
|
|switch|p2a: Charmeleon|Charmeleon, L85|272\/272
|turn|8
|choice|move 2|move 4
|
|move|p2a: Charmeleon|Submission|p1a: Lickitung
|-supereffective|p1a: Lickitung
|-damage|p1a: Lickitung|63\/345
|-damage|p2a: Charmeleon|250\/272|[from] recoil|[of] p1a: Lickitung
|move|p1a: Lickitung|Earthquake|p2a: Charmeleon
|-supereffective|p2a: Charmeleon
|-damage|p2a: Charmeleon|0 fnt
|faint|p2a: Charmeleon
|choice||switch 2
|
|switch|p2a: Clefable|Clefable, L85|335\/335
|turn|9
|choice|move 3|move 4
|
|move|p2a: Clefable|Body Slam|p1a: Lickitung
|-damage|p1a: Lickitung|0 fnt
|faint|p1a: Lickitung
|choice|switch 5|
|
|switch|p1a: Voltorb|Voltorb, L96|272\/272
|turn|10
|choice|move 3|move 1
|
|move|p1a: Voltorb|Thunder Wave|p2a: Clefable
|-status|p2a: Clefable|par
|move|p2a: Clefable|Blizzard|p1a: Voltorb
|-damage|p1a: Voltorb|176\/272
|
|turn|11
|choice|move 4|move 4
|
|move|p1a: Voltorb|Flash|p2a: Clefable
|-unboost|p2a: Clefable|accuracy|1
|cant|p2a: Clefable|par
|
|turn|12
|choice|move 4|move 4
|
|move|p1a: Voltorb|Flash|p2a: Clefable
|-unboost|p2a: Clefable|accuracy|1
|move|p2a: Clefable|Body Slam|p1a: Voltorb
|-damage|p1a: Voltorb|86\/272
|
|turn|13
|choice|move 4|move 4
|
|move|p1a: Voltorb|Flash|p2a: Clefable
|-unboost|p2a: Clefable|accuracy|1
|move|p2a: Clefable|Body Slam|p1a: Voltorb
|-damage|p1a: Voltorb|0 fnt
|faint|p1a: Voltorb
|choice|switch 6|
|
|switch|p1a: Jynx|Jynx, L79|265\/265 slp
|turn|14
|choice|move 3|switch 5
|
|switch|p2a: Jolteon|Jolteon, L79|265\/265
|cant|p1a: Jynx|slp
|
|turn|15
|choice|move 4|move 2
|
|move|p2a: Jolteon|Pin Missile|p1a: Jynx|[miss]
|-miss|p2a: Jolteon
|cant|p1a: Jynx|slp
|
|turn|16
|choice|move 4|move 1
|
|move|p2a: Jolteon|Thunderbolt|p1a: Jynx
|-damage|p1a: Jynx|162\/265 slp
|cant|p1a: Jynx|slp
|
|turn|17
|choice|move 4|move 1
|
|move|p2a: Jolteon|Thunderbolt|p1a: Jynx
|-damage|p1a: Jynx|62\/265 slp
|-curestatus|p1a: Jynx|slp
|
|turn|18
|choice|move 4|move 1
|
|move|p2a: Jolteon|Thunderbolt|p1a: Jynx
|-damage|p1a: Jynx|0 fnt
|faint|p1a: Jynx
|choice|switch 4|
|
|switch|p1a: Golem|Golem, L79|288\/288
|turn|19
|choice|move 4|switch 5
|
|switch|p2a: Clefable|Clefable, L85|335\/335 par
|move|p1a: Golem|Earthquake|p2a: Clefable
|-damage|p2a: Clefable|224\/335 par
|
|turn|20
|choice|move 4|move 1
|
|move|p1a: Golem|Earthquake|p2a: Clefable
|-damage|p2a: Clefable|116\/335 par
|move|p2a: Clefable|Blizzard|p1a: Golem
|-supereffective|p1a: Golem
|-damage|p1a: Golem|51\/288
|
|turn|21
|choice|move 4|move 2
|
|move|p1a: Golem|Earthquake|p2a: Clefable
|-damage|p2a: Clefable|0 fnt
|faint|p2a: Clefable
|choice||switch 3
|
|switch|p2a: Weezing|Weezing, L90|300\/300
|turn|22
|choice|move 4|move 4
|
|move|p2a: Weezing|Fire Blast|p1a: Golem
|-crit|p1a: Golem
|-resisted|p1a: Golem
|-damage|p1a: Golem|0 fnt
|faint|p1a: Golem
|choice|switch 3|
|
|switch|p1a: Gengar|Gengar, L79|257\/257
|turn|23
|choice|move 3|move 4
|
|move|p1a: Gengar|Psychic|p2a: Weezing
|-supereffective|p2a: Weezing
|-damage|p2a: Weezing|168\/300
|move|p2a: Weezing|Fire Blast|p1a: Gengar
|-damage|p1a: Gengar|178\/257
|-status|p1a: Gengar|brn
|
|turn|24
|choice|move 3|move 4
|
|move|p1a: Gengar|Psychic|p2a: Weezing
|-supereffective|p2a: Weezing
|-damage|p2a: Weezing|31\/300
|-damage|p1a: Gengar|162\/257 brn|[from] brn|[of] p2a: Weezing
|move|p2a: Weezing|Fire Blast|p1a: Gengar
|-crit|p1a: Gengar
|-damage|p1a: Gengar|27\/257 brn
|
|turn|25
|choice|move 3|move 1
|
|move|p1a: Gengar|Psychic|p2a: Weezing
|-supereffective|p2a: Weezing
|-damage|p2a: Weezing|0 fnt
|faint|p2a: Weezing
|choice||switch 5
|
|switch|p2a: Jolteon|Jolteon, L79|265\/265
|turn|26
|choice|move 2|move 1
|
|move|p2a: Jolteon|Thunderbolt|p1a: Gengar
|-crit|p1a: Gengar
|-damage|p1a: Gengar|0 fnt
|faint|p1a: Gengar
|
|win|MALESANI
|player|p1
|player|p2
|l|ChaoticCreater
|raw|ChaoticCreater's rating: 1092 &rarr; <strong>1079<\/strong><br \/>(-13 for losing)
|raw|MALESANI's rating: 1278 &rarr; <strong>1291<\/strong><br \/>(+13 for winning)