|j|Kikimelo
|j|Omski
|player|p1|Kikimelo|105
|player|p2|Omski|145
|gametype|singles
|gen|1
|tier|[Gen 1] Random Battle
|rated
|seed|16482,34724,12846,18709
|rule|Sleep Clause Mod: Limit one foe put to sleep
|rule|Freeze Clause Mod: Limit one foe frozen
|rule|HP Percentage Mod: HP is shown in percentages
|
|start
|switch|p1a: Staryu|Staryu, L90|237\/237
|switch|p2a: Arbok|Arbok, L90|291\/291
|turn|1
|choice|move 3|move 2
|
|move|p1a: Staryu|Blizzard|p2a: Arbok
|-damage|p2a: Arbok|199\/291
|move|p2a: Arbok|Glare|p1a: Staryu
|-status|p1a: Staryu|par
|
|turn|2
|choice|move 2|move 4
|
|move|p2a: Arbok|Body Slam|p1a: Staryu
|-damage|p1a: Staryu|153\/237 par
|move|p1a: Staryu|Surf|p2a: Arbok
|-crit|p2a: Arbok
|-damage|p2a: Arbok|0 fnt
|faint|p2a: Arbok
|choice||switch 2
|
|switch|p2a: Lapras|Lapras, L79|367\/367
|turn|3
|choice|move 4|move 2
|
|move|p2a: Lapras|Thunderbolt|p1a: Staryu
|-supereffective|p1a: Staryu
|-damage|p1a: Staryu|33\/237 par
|move|p1a: Staryu|Thunderbolt|p2a: Lapras
|-supereffective|p2a: Lapras
|-damage|p2a: Lapras|246\/367
|
|turn|4
|choice|move 4|move 4
|
|move|p2a: Lapras|Body Slam|p1a: Staryu
|-damage|p1a: Staryu|0 fnt
|faint|p1a: Staryu
|c|★Omski|Pls a little bit faster bruh
|choice|switch 2|
|
|switch|p1a: Ivysaur|Ivysaur, L85|276\/276
|turn|5
|choice|move 2|move 1
|
|move|p1a: Ivysaur|Leech Seed|p2a: Lapras
|-start|p2a: Lapras|move: Leech Seed
|move|p2a: Lapras|Blizzard|p1a: Ivysaur
|-supereffective|p1a: Ivysaur
|-damage|p1a: Ivysaur|44\/276
|-damage|p2a: Lapras|224\/367|[from] Leech Seed|[of] p1a: Ivysaur
|-heal|p1a: Ivysaur|66\/276|[silent]
|
|turn|6
|choice|move 1|move 1
|
|move|p1a: Ivysaur|Razor Leaf|p2a: Lapras
|-crit|p2a: Lapras
|-supereffective|p2a: Lapras
|-damage|p2a: Lapras|14\/367
|move|p2a: Lapras|Blizzard|p1a: Ivysaur
|-supereffective|p1a: Ivysaur
|-damage|p1a: Ivysaur|0 fnt
|faint|p1a: Ivysaur
|choice|switch 5|
|
|switch|p1a: Arcanine|Arcanine, L85|327\/327
|turn|7
|choice|move 2|move 3
|
|move|p1a: Arcanine|Body Slam|p2a: Lapras
|-damage|p2a: Lapras|0 fnt
|faint|p2a: Lapras
|choice||switch 4
|
|switch|p2a: Rhyhorn|Rhyhorn, L96|348\/348
|turn|8
|choice|switch 4|move 3
|
|switch|p1a: Porygon|Porygon, L85|284\/284
|move|p2a: Rhyhorn|Earthquake|p1a: Porygon
|-damage|p1a: Porygon|136\/284
|
|turn|9
|choice|move 4|move 3
|
|move|p1a: Porygon|Blizzard|p2a: Rhyhorn
|-supereffective|p2a: Rhyhorn
|-damage|p2a: Rhyhorn|131\/348
|move|p2a: Rhyhorn|Earthquake|p1a: Porygon
|-damage|p1a: Porygon|1\/284
|
|turn|10
|choice|move 4|move 1
|
|move|p1a: Porygon|Blizzard|p2a: Rhyhorn
|-supereffective|p2a: Rhyhorn
|-damage|p2a: Rhyhorn|0 fnt
|faint|p2a: Rhyhorn
|choice||switch 3
|
|switch|p2a: Alakazam|Alakazam, L79|249\/249
|turn|11
|choice|move 2|move 4
|
|move|p2a: Alakazam|Seismic Toss|p1a: Porygon
|-damage|p1a: Porygon|0 fnt
|faint|p1a: Porygon
|choice|switch 3|
|
|switch|p1a: Scyther|Scyther, L90|309\/309
|turn|12
|choice|move 4|move 2
|
|move|p1a: Scyther|Agility|p1a: Scyther
|-boost|p1a: Scyther|spe|2
|move|p2a: Alakazam|Reflect|p2a: Alakazam
|-start|p2a: Alakazam|Reflect
|
|turn|13
|choice|move 1|move 1
|
|move|p1a: Scyther|Swords Dance|p1a: Scyther
|-boost|p1a: Scyther|atk|2
|move|p2a: Alakazam|Psychic|p1a: Scyther|[miss]
|-miss|p2a: Alakazam
|
|turn|14
|choice|move 3|move 1
|
|move|p1a: Scyther|Slash|p2a: Alakazam
|-crit|p2a: Alakazam
|-damage|p2a: Alakazam|62\/249
|move|p2a: Alakazam|Psychic|p1a: Scyther
|-damage|p1a: Scyther|177\/309
|
|turn|15
|c|★Kikimelo|critical
|choice|move 3|move 3
|
|move|p1a: Scyther|Slash|p2a: Alakazam
|-crit|p2a: Alakazam
|-damage|p2a: Alakazam|0 fnt
|faint|p2a: Alakazam
|choice||switch 6
|
|switch|p2a: Wigglytuff|Wigglytuff, L90|435\/435
|turn|16
|c|★Kikimelo|critical
|choice|move 3|move 2
|
|move|p1a: Scyther|Slash|p2a: Wigglytuff
|-crit|p2a: Wigglytuff
|-damage|p2a: Wigglytuff|259\/435
|move|p2a: Wigglytuff|Thunder Wave|p1a: Scyther
|-status|p1a: Scyther|par
|
|turn|17
|choice|move 2|move 1
|
|move|p2a: Wigglytuff|Blizzard|p1a: Scyther
|-supereffective|p1a: Scyther
|-damage|p1a: Scyther|11\/309 par
|move|p1a: Scyther|Hyper Beam|p2a: Wigglytuff
|-damage|p2a: Wigglytuff|0 fnt
|faint|p2a: Wigglytuff
|choice||switch 5
|
|switch|p2a: Mew|Mew, L74|300\/300
|turn|18
|choice|switch 4|move 4
|
|switch|p1a: Arcanine|Arcanine, L85|327\/327
|move|p2a: Mew|Blizzard|p1a: Arcanine
|-damage|p1a: Arcanine|262\/327
|-status|p1a: Arcanine|frz
|
|turn|19
|choice|move 2|move 1
|
|cant|p1a: Arcanine|frz
|move|p2a: Mew|Earthquake|p1a: Arcanine
|-crit|p1a: Arcanine
|-supereffective|p1a: Arcanine
|-damage|p1a: Arcanine|36\/327 frz
|
|turn|20
|choice|move 2|move 1
|
|cant|p1a: Arcanine|frz
|move|p2a: Mew|Earthquake|p1a: Arcanine
|-supereffective|p1a: Arcanine
|-damage|p1a: Arcanine|0 fnt
|faint|p1a: Arcanine
|choice|switch 6|
|
|switch|p1a: Mew|Mew, L74|300\/300
|turn|21
|choice|move 4|move 3
|
|move|p1a: Mew|Blizzard|p2a: Mew
|-damage|p2a: Mew|233\/300
|move|p2a: Mew|Horn Drill|p1a: Mew|[miss]
|-miss|p2a: Mew
|
|turn|22
|c|★Kikimelo|fuck
|choice|move 4|move 3
|
|move|p2a: Mew|Horn Drill|p1a: Mew|[miss]
|-miss|p2a: Mew
|move|p1a: Mew|Blizzard|p2a: Mew
|-damage|p2a: Mew|160\/300
|
|turn|23
|choice|move 4|move 3
|
|move|p1a: Mew|Blizzard|p2a: Mew
|-crit|p2a: Mew
|-damage|p2a: Mew|24\/300
|move|p2a: Mew|Horn Drill|p1a: Mew|[miss]
|-miss|p2a: Mew
|
|turn|24
|choice|move 3|move 2
|
|move|p2a: Mew|Soft-Boiled|p2a: Mew
|-heal|p2a: Mew|174\/300
|move|p1a: Mew|Thunderbolt|p2a: Mew
|-damage|p2a: Mew|121\/300
|
|turn|25
|choice|move 1|move 2
|
|move|p1a: Mew|Thunder Wave|p2a: Mew
|-status|p2a: Mew|par
|move|p2a: Mew|Soft-Boiled|p2a: Mew
|-heal|p2a: Mew|271\/300 par
|
|turn|26
|choice|move 2|move 1
|
|move|p1a: Mew|Swift|p2a: Mew
|-crit|p2a: Mew
|-damage|p2a: Mew|205\/300 par
|cant|p2a: Mew|par
|
|turn|27
|choice|move 4|move 1
|
|move|p1a: Mew|Blizzard|p2a: Mew
|-damage|p2a: Mew|136\/300 par
|move|p2a: Mew|Earthquake|p1a: Mew
|-damage|p1a: Mew|241\/300
|
|turn|28
|choice|move 3|move 2
|
|move|p1a: Mew|Thunderbolt|p2a: Mew
|-crit|p2a: Mew
|-damage|p2a: Mew|31\/300 par
|cant|p2a: Mew|par
|
|turn|29
|c|★Kikimelo|gg
|choice|move 3|move 2
|
|move|p1a: Mew|Thunderbolt|p2a: Mew
|-damage|p2a: Mew|0 fnt
|faint|p2a: Mew
|
|win|Kikimelo
|player|p1
|player|p2
|raw|Kikimelo's rating: 1352 &rarr; <strong>1367<\/strong><br \/>(+15 for winning)
|raw|Omski's rating: 1269 &rarr; <strong>1250<\/strong><br \/>(-19 for losing)