|join|MALESANI
|join|Ryo Kioku
|player|p1|MALESANI|238
|player|p2|Ryo Kioku|226
|gametype|singles
|gen|1
|tier|[Gen 1] Random Battle
|rated
|seed|19019,41745,52158,44160
|rule|Sleep Clause Mod: Limit one foe put to sleep
|rule|Freeze Clause Mod: Limit one foe frozen
|rule|HP Percentage Mod: HP is shown in percentages
|
|start
|switch|p1a: Victreebel|Victreebel, L85|310\/310
|switch|p2a: Ponyta|Ponyta, L96|291\/291
|turn|1
|choice|switch 4|move 3
|
|switch|p1a: Slowbro|Slowbro, L79|312\/312
|move|p2a: Ponyta|Fire Blast|p1a: Slowbro
|-resisted|p1a: Slowbro
|-damage|p1a: Slowbro|244\/312
|
|turn|2
|choice|move 1|switch 4
|
|switch|p2a: Tentacruel|Tentacruel, L85|310\/310
|move|p1a: Slowbro|Thunder Wave|p2a: Tentacruel
|-status|p2a: Tentacruel|par
|
|turn|3
|choice|move 2|move 4
|
|move|p1a: Slowbro|Amnesia|p1a: Slowbro
|-boost|p1a: Slowbro|spd|2
|-boost|p1a: Slowbro|spa|2
|cant|p2a: Tentacruel|par
|
|turn|4
|choice|move 2|move 4
|
|move|p1a: Slowbro|Amnesia|p1a: Slowbro
|-boost|p1a: Slowbro|spd|2
|-boost|p1a: Slowbro|spa|2
|move|p2a: Tentacruel|Blizzard|p1a: Slowbro
|-crit|p1a: Slowbro
|-resisted|p1a: Slowbro
|-damage|p1a: Slowbro|143\/312
|
|turn|5
|choice|move 4|move 4
|
|move|p1a: Slowbro|Surf|p2a: Tentacruel
|-resisted|p2a: Tentacruel
|-damage|p2a: Tentacruel|224\/310 par
|move|p2a: Tentacruel|Blizzard|p1a: Slowbro
|-resisted|p1a: Slowbro
|-damage|p1a: Slowbro|123\/312
|
|turn|6
|choice|move 2|move 2
|
|move|p1a: Slowbro|Amnesia|p1a: Slowbro
|-boost|p1a: Slowbro|spd|2
|-boost|p1a: Slowbro|spa|2
|cant|p2a: Tentacruel|par
|
|turn|7
|choice|move 4|move 2
|
|move|p1a: Slowbro|Surf|p2a: Tentacruel
|-resisted|p2a: Tentacruel
|-damage|p2a: Tentacruel|97\/310 par
|move|p2a: Tentacruel|Hyper Beam|p1a: Slowbro|[miss]
|-miss|p2a: Tentacruel
|
|turn|8
|choice|move 4|move 2
|
|move|p1a: Slowbro|Surf|p2a: Tentacruel
|-resisted|p2a: Tentacruel
|-damage|p2a: Tentacruel|0 fnt
|faint|p2a: Tentacruel
|choice||switch 5
|
|switch|p2a: Kadabra|Kadabra, L85|242\/242
|turn|9
|choice|move 1|move 4
|
|move|p2a: Kadabra|Thunder Wave|p1a: Slowbro
|-status|p1a: Slowbro|par
|cant|p1a: Slowbro|par
|
|turn|10
|choice|move 1|move 1
|
|move|p2a: Kadabra|Psychic|p1a: Slowbro
|-crit|p1a: Slowbro
|-resisted|p1a: Slowbro
|-damage|p1a: Slowbro|5\/312 par
|-unboost|p1a: Slowbro|spd|1
|-unboost|p1a: Slowbro|spa|1
|cant|p1a: Slowbro|par
|
|turn|11
|choice|move 1|move 1
|
|move|p2a: Kadabra|Psychic|p1a: Slowbro
|-resisted|p1a: Slowbro
|-damage|p1a: Slowbro|0 fnt
|faint|p1a: Slowbro
|choice|switch 5|
|
|switch|p1a: Tauros|Tauros, L79|280\/280
|turn|12
|choice|move 2|move 2
|
|move|p2a: Kadabra|Seismic Toss|p1a: Tauros
|-damage|p1a: Tauros|195\/280
|move|p1a: Tauros|Body Slam|p2a: Kadabra
|-damage|p2a: Kadabra|94\/242
|-status|p2a: Kadabra|par
|
|turn|13
|choice|move 2|move 1
|
|move|p1a: Tauros|Body Slam|p2a: Kadabra
|-crit|p2a: Kadabra
|-damage|p2a: Kadabra|0 fnt
|faint|p2a: Kadabra
|choice||switch 6
|
|switch|p2a: Clefable|Clefable, L85|335\/335
|turn|14
|choice|switch 3|move 3
|
|switch|p1a: Metapod|Metapod, L99|300\/300
|move|p2a: Clefable|Blizzard|p1a: Metapod
|-damage|p1a: Metapod|167\/300
|
|turn|15
|choice|move 1|move 4
|
|move|p2a: Clefable|Thunderbolt|p1a: Metapod
|-damage|p1a: Metapod|65\/300
|move|p1a: Metapod|String Shot|p2a: Clefable
|-unboost|p2a: Clefable|spe|1
|
|turn|16
|choice|move 3|move 4
|
|move|p1a: Metapod|Tackle|p2a: Clefable
|-damage|p2a: Clefable|317\/335
|move|p2a: Clefable|Thunderbolt|p1a: Metapod
|-damage|p1a: Metapod|0 fnt
|faint|p1a: Metapod
|choice|switch 6|
|
|switch|p1a: Machamp|Machamp, L90|345\/345
|turn|17
|choice|move 4|move 3
|
|move|p1a: Machamp|Earthquake|p2a: Clefable
|-damage|p2a: Clefable|206\/335
|move|p2a: Clefable|Blizzard|p1a: Machamp
|-damage|p1a: Machamp|252\/345
|
|turn|18
|choice|move 4|move 3
|
|move|p1a: Machamp|Earthquake|p2a: Clefable
|-damage|p2a: Clefable|93\/335
|move|p2a: Clefable|Blizzard|p1a: Machamp
|-damage|p1a: Machamp|160\/345
|
|turn|19
|choice|move 4|switch 3
|
|switch|p2a: Sandshrew|Sandshrew, L96|291\/291
|move|p1a: Machamp|Earthquake|p2a: Sandshrew
|-damage|p2a: Sandshrew|202\/291
|
|turn|20
|choice|move 3|move 2
|
|move|p1a: Machamp|Body Slam|p2a: Sandshrew
|-damage|p2a: Sandshrew|132\/291
|-status|p2a: Sandshrew|par
|cant|p2a: Sandshrew|par
|
|turn|21
|choice|move 4|move 2
|
|move|p1a: Machamp|Earthquake|p2a: Sandshrew
|-damage|p2a: Sandshrew|46\/291 par
|cant|p2a: Sandshrew|par
|
|turn|22
|choice|move 3|move 2
|
|move|p1a: Machamp|Body Slam|p2a: Sandshrew
|-damage|p2a: Sandshrew|0 fnt
|faint|p2a: Sandshrew
|choice||switch 2
|
|switch|p2a: Persian|Persian, L79|265\/265
|turn|23
|choice|move 2|move 2
|
|move|p2a: Persian|Bubble Beam|p1a: Machamp
|-crit|p1a: Machamp
|-damage|p1a: Machamp|87\/345
|move|p1a: Machamp|Hyper Beam|p2a: Persian
|-damage|p2a: Persian|76\/265
|
|turn|24
|-mustrecharge|p1a: Machamp
|-mustrecharge|p1a: Machamp
|choice|move 1|move 4
|
|move|p2a: Persian|Hyper Beam|p1a: Machamp
|-damage|p1a: Machamp|0 fnt
|faint|p1a: Machamp
|choice|switch 4|
|
|switch|p1a: Victreebel|Victreebel, L85|310\/310
|turn|25
|choice|move 3|switch 4
|
|switch|p2a: Ponyta|Ponyta, L96|291\/291
|move|p1a: Victreebel|Sleep Powder|p2a: Ponyta
|-status|p2a: Ponyta|slp
|
|turn|26
|choice|move 2|move 3
|
|cant|p2a: Ponyta|slp
|move|p1a: Victreebel|Swords Dance|p1a: Victreebel
|-boost|p1a: Victreebel|atk|2
|
|turn|27
|choice|move 4|move 3
|
|cant|p2a: Ponyta|slp
|move|p1a: Victreebel|Body Slam|p2a: Ponyta
|-damage|p2a: Ponyta|143\/291 slp
|
|turn|28
|choice|move 4|move 3
|
|cant|p2a: Ponyta|slp
|move|p1a: Victreebel|Body Slam|p2a: Ponyta
|-damage|p2a: Ponyta|1\/291 slp
|
|turn|29
|choice|move 2|move 3
|
|cant|p2a: Ponyta|slp
|move|p1a: Victreebel|Swords Dance|p1a: Victreebel
|-boost|p1a: Victreebel|atk|2
|
|turn|30
|choice|move 4|move 3
|
|-curestatus|p2a: Ponyta|slp
|move|p1a: Victreebel|Body Slam|p2a: Ponyta
|-crit|p2a: Ponyta
|-damage|p2a: Ponyta|0 fnt
|faint|p2a: Ponyta
|-message|Ryo Kioku forfeited.
|
|win|MALESANI
|leave|Ryo Kioku
|player|p2
|raw|MALESANI's rating: 1302 &rarr; <strong>1309<\/strong><br \/>(+7 for winning)
|raw|Ryo Kioku's rating: 1030 &rarr; <strong>1025<\/strong><br \/>(-5 for losing)