|join|Jdaawrtikbcdh
|join|MALESANI
|player|p1|Jdaawrtikbcdh|1
|player|p2|MALESANI|238
|gametype|singles
|gen|1
|tier|[Gen 1] Random Battle
|rated
|seed|46909,44738,21957,59578
|rule|Sleep Clause Mod: Limit one foe put to sleep
|rule|Freeze Clause Mod: Limit one foe frozen
|rule|HP Percentage Mod: HP is shown in percentages
|
|start
|switch|p1a: Aerodactyl|Aerodactyl, L90|327\/327
|switch|p2a: Golbat|Golbat, L90|318\/318
|turn|1
|choice|switch 5|move 2
|
|switch|p1a: Magneton|Magneton, L90|273\/273
|move|p2a: Golbat|Confuse Ray|p1a: Magneton
|-start|p1a: Magneton|confusion
|
|turn|2
|choice|move 3|switch 4
|
|switch|p2a: Machoke|Machoke, L85|310\/310
|-activate|p1a: Magneton|confusion
|move|p1a: Magneton|Thunder Wave|p2a: Machoke
|-status|p2a: Machoke|par
|
|turn|3
|choice|move 1|move 1
|
|-activate|p1a: Magneton|confusion
|-damage|p1a: Magneton|248\/273|[from] confusion
|move|p2a: Machoke|Body Slam|p1a: Magneton
|-damage|p1a: Magneton|195\/273
|
|turn|4
|choice|move 1|move 1
|
|-activate|p1a: Magneton|confusion
|move|p1a: Magneton|Thunderbolt|p2a: Machoke
|-damage|p2a: Machoke|133\/310 par
|move|p2a: Machoke|Body Slam|p1a: Magneton
|-damage|p1a: Magneton|140\/273
|
|turn|5
|choice|move 1|move 2
|
|-end|p1a: Magneton|confusion
|move|p1a: Magneton|Thunderbolt|p2a: Machoke
|-damage|p2a: Machoke|0 fnt
|faint|p2a: Machoke
|choice||switch 6
|
|switch|p2a: Magneton|Magneton, L90|273\/273
|turn|6
|choice|move 3|move 4
|
|move|p2a: Magneton|Thunder Wave|p1a: Magneton
|-status|p1a: Magneton|par
|cant|p1a: Magneton|par
|
|turn|7
|choice|move 3|move 3
|
|move|p2a: Magneton|Double-Edge|p1a: Magneton|[miss]
|-miss|p2a: Magneton
|move|p1a: Magneton|Thunder Wave|p2a: Magneton
|-status|p2a: Magneton|par
|
|turn|8
|choice|move 1|move 1
|
|cant|p2a: Magneton|par
|move|p1a: Magneton|Thunderbolt|p2a: Magneton
|-resisted|p2a: Magneton
|-damage|p2a: Magneton|219\/273 par
|
|turn|9
|choice|move 1|move 2
|
|cant|p1a: Magneton|par
|move|p2a: Magneton|Hyper Beam|p1a: Magneton
|-damage|p1a: Magneton|58\/273 par
|
|turn|10
|-mustrecharge|p2a: Magneton
|-mustrecharge|p2a: Magneton
|choice|move 1|move 1
|
|move|p1a: Magneton|Thunderbolt|p2a: Magneton
|-resisted|p2a: Magneton
|-damage|p2a: Magneton|167\/273 par
|cant|p2a: Magneton|recharge
|
|turn|11
|choice|move 4|move 2
|
|move|p2a: Magneton|Hyper Beam|p1a: Magneton
|-damage|p1a: Magneton|0 fnt
|faint|p1a: Magneton
|choice|switch 3|
|
|switch|p1a: Graveler|Graveler, L85|267\/267
|turn|12
|choice|move 2|switch 2
|
|switch|p2a: Psyduck|Psyduck, L96|291\/291
|move|p1a: Graveler|Earthquake|p2a: Psyduck
|-damage|p2a: Psyduck|154\/291
|
|turn|13
|choice|switch 2|move 4
|
|switch|p1a: Venomoth|Venomoth, L85|293\/293
|move|p2a: Psyduck|Surf|p1a: Venomoth
|-damage|p1a: Venomoth|202\/293
|
|turn|14
|choice|move 3|switch 2
|
|switch|p2a: Magneton|Magneton, L90|167\/273 par
|move|p1a: Venomoth|Mega Drain|p2a: Magneton
|-damage|p2a: Magneton|145\/273 par
|-heal|p1a: Venomoth|213\/293|[from] drain|[of] p2a: Magneton
|
|turn|15
|choice|switch 2|move 4
|
|switch|p1a: Graveler|Graveler, L85|267\/267
|move|p2a: Magneton|Thunder Wave|p1a: Graveler
|-immune|p1a: Graveler|[msg]
|
|turn|16
|choice|move 4|switch 4
|
|switch|p2a: Golbat|Golbat, L90|318\/318
|move|p1a: Graveler|Rock Slide|p2a: Golbat
|-supereffective|p2a: Golbat
|-damage|p2a: Golbat|159\/318
|
|turn|17
|choice|move 4|move 4
|
|move|p2a: Golbat|Mega Drain|p1a: Graveler
|-supereffective|p1a: Graveler
|-damage|p1a: Graveler|114\/267
|-heal|p2a: Golbat|235\/318|[from] drain|[of] p1a: Graveler
|move|p1a: Graveler|Rock Slide|p2a: Golbat
|-supereffective|p2a: Golbat
|-damage|p2a: Golbat|75\/318
|
|turn|18
|choice|switch 2|move 2
|
|switch|p1a: Venomoth|Venomoth, L85|213\/293
|move|p2a: Golbat|Confuse Ray|p1a: Venomoth
|-start|p1a: Venomoth|confusion
|
|turn|19
|choice|move 4|move 1
|
|move|p2a: Golbat|Screech|p1a: Venomoth
|-unboost|p1a: Venomoth|def|2
|-activate|p1a: Venomoth|confusion
|move|p1a: Venomoth|Sleep Powder|p2a: Golbat
|-status|p2a: Golbat|slp
|
|turn|20
|choice|move 1|switch 3
|
|switch|p2a: Alakazam|Alakazam, L79|249\/249
|-activate|p1a: Venomoth|confusion
|-damage|p1a: Venomoth|151\/293|[from] confusion
|
|turn|21
|choice|move 4|move 1
|
|move|p2a: Alakazam|Psychic|p1a: Venomoth
|-crit|p1a: Venomoth
|-supereffective|p1a: Venomoth
|-damage|p1a: Venomoth|0 fnt
|faint|p1a: Venomoth
|leave|Jdaawrtikbcdh
|player|p1
|-message|jdaawrtikbcdh lost due to inactivity.
|
|win|MALESANI
|raw|Jdaawrtikbcdh's rating: 1163 &rarr; <strong>1152<\/strong><br \/>(-11 for losing)
|raw|MALESANI's rating: 1396 &rarr; <strong>1404<\/strong><br \/>(+8 for winning)