|join|commandolam
|join|Alex Flyce
|player|p1|commandolam|102
|player|p2|Alex Flyce|68
|gametype|singles
|gen|1
|tier|[Gen 1] Random Battle
|rated
|rule|Sleep Clause Mod: Limit one foe put to sleep
|rule|Freeze Clause Mod: Limit one foe frozen
|rule|HP Percentage Mod: HP is shown in percentages
|
|start
|switch|p1a: Omastar|Omastar, L86|296\/296
|switch|p2a: Ditto|Ditto, L86|258\/258
|turn|1
|
|move|p1a: Omastar|Surf|p2a: Ditto
|-damage|p2a: Ditto|104\/258
|move|p2a: Ditto|Transform|p1a: Omastar
|-transform|p2a: Ditto|p1a: Omastar
|
|turn|2
|
|move|p1a: Omastar|Surf|p2a: Ditto
|-damage|p2a: Ditto|3\/258
|move|p2a: Ditto|Surf|p1a: Omastar
|-damage|p1a: Omastar|202\/296
|
|turn|3
|
|move|p2a: Ditto|Rest|p2a: Ditto
|-fail|p2a: Ditto
|move|p1a: Omastar|Surf|p2a: Ditto
|-damage|p2a: Ditto|0 fnt
|faint|p2a: Ditto
|c|★commandolam|wut
|
|switch|p2a: Rattata|Rattata, L92|242\/242
|turn|4
|
|move|p2a: Rattata|Thunderbolt|p1a: Omastar
|-crit|p1a: Omastar
|-supereffective|p1a: Omastar
|-damage|p1a: Omastar|78\/296
|move|p1a: Omastar|Surf|p2a: Rattata
|-damage|p2a: Rattata|50\/242
|
|turn|5
|
|move|p2a: Rattata|Thunderbolt|p1a: Omastar
|-crit|p1a: Omastar
|-supereffective|p1a: Omastar
|-damage|p1a: Omastar|0 fnt
|faint|p1a: Omastar
|
|switch|p1a: Nidorino|Nidorino, L88|287\/287
|turn|6
|
|move|p2a: Rattata|Body Slam|p1a: Nidorino
|-damage|p1a: Nidorino|188\/287
|move|p1a: Nidorino|Double-Edge|p2a: Rattata
|-damage|p2a: Rattata|0 fnt
|-damage|p1a: Nidorino|176\/287|[from] recoil|[of] p2a: Rattata
|faint|p2a: Rattata
|
|switch|p2a: Scyther|Scyther, L86|296\/296
|turn|7
|
|move|p2a: Scyther|Agility|p2a: Scyther
|-boost|p2a: Scyther|spe|2
|move|p1a: Nidorino|Double-Edge|p2a: Scyther
|-damage|p2a: Scyther|225\/296
|-damage|p1a: Nidorino|159\/287|[from] recoil|[of] p2a: Scyther
|
|turn|8
|
|move|p2a: Scyther|Swords Dance|p2a: Scyther
|-boost|p2a: Scyther|atk|2
|move|p1a: Nidorino|Leer|p2a: Scyther
|-unboost|p2a: Scyther|def|1
|
|turn|9
|
|move|p2a: Scyther|Swords Dance|p2a: Scyther
|-boost|p2a: Scyther|atk|2
|move|p1a: Nidorino|Double-Edge|p2a: Scyther
|-damage|p2a: Scyther|131\/296
|-damage|p1a: Nidorino|136\/287|[from] recoil|[of] p2a: Scyther
|
|turn|10
|
|move|p2a: Scyther|Swords Dance|p2a: Scyther
|-boost|p2a: Scyther|atk|2
|move|p1a: Nidorino|Double-Edge|p2a: Scyther
|-damage|p2a: Scyther|25\/296
|-damage|p1a: Nidorino|110\/287|[from] recoil|[of] p2a: Scyther
|
|turn|11
|
|move|p2a: Scyther|Slash|p1a: Nidorino
|-crit|p1a: Nidorino
|-damage|p1a: Nidorino|0 fnt
|faint|p1a: Nidorino
|
|switch|p1a: Moltres|Moltres, L86|330\/330
|turn|12
|
|move|p2a: Scyther|Slash|p1a: Moltres
|-crit|p1a: Moltres
|-damage|p1a: Moltres|225\/330
|move|p1a: Moltres|Hyper Beam|p2a: Scyther
|-damage|p2a: Scyther|0 fnt
|faint|p2a: Scyther
|c|★commandolam|lol
|
|switch|p2a: Kingler|Kingler, L86|270\/270
|turn|13
|c|★commandolam|crits negate your own boosts in gen 1
|
|move|p1a: Moltres|Fire Spin|p2a: Kingler
|-crit|p2a: Kingler
|-resisted|p2a: Kingler
|-damage|p2a: Kingler|246\/270
|-activate|p2a: Kingler|move: Fire Spin|[of] p1a: Moltres
|cant|p2a: Kingler|partiallytrapped
|
|turn|14
|
|move|p1a: Moltres|Fire Spin|p2a: Kingler
|-damage|p2a: Kingler|222\/270
|cant|p2a: Kingler|partiallytrapped
|
|turn|15
|
|move|p1a: Moltres|Fire Spin|p2a: Kingler
|-damage|p2a: Kingler|198\/270
|cant|p2a: Kingler|partiallytrapped
|
|turn|16
|
|move|p1a: Moltres|Fire Spin|p2a: Kingler
|-damage|p2a: Kingler|174\/270
|cant|p2a: Kingler|partiallytrapped
|
|-end|p2a: Kingler|Fire Spin|[partiallytrapped]
|turn|17
|
|move|p1a: Moltres|Fire Spin|p2a: Kingler
|-crit|p2a: Kingler
|-resisted|p2a: Kingler
|-damage|p2a: Kingler|146\/270
|-activate|p2a: Kingler|move: Fire Spin|[of] p1a: Moltres
|cant|p2a: Kingler|partiallytrapped
|
|turn|18
|
|move|p1a: Moltres|Fire Spin|p2a: Kingler
|-damage|p2a: Kingler|118\/270
|cant|p2a: Kingler|partiallytrapped
|
|turn|19
|
|move|p1a: Moltres|Fire Spin|p2a: Kingler
|-damage|p2a: Kingler|90\/270
|cant|p2a: Kingler|partiallytrapped
|
|turn|20
|
|move|p1a: Moltres|Fire Spin|p2a: Kingler
|-damage|p2a: Kingler|62\/270
|cant|p2a: Kingler|partiallytrapped
|
|turn|21
|
|move|p1a: Moltres|Fire Spin|p2a: Kingler
|-damage|p2a: Kingler|34\/270
|cant|p2a: Kingler|partiallytrapped
|
|-end|p2a: Kingler|Fire Spin|[partiallytrapped]
|turn|22
|
|move|p1a: Moltres|Hyper Beam|p2a: Kingler
|-crit|p2a: Kingler
|-damage|p2a: Kingler|0 fnt
|faint|p2a: Kingler
|
|switch|p2a: Mewtwo|Mewtwo, L71|297\/297
|turn|23
|
|move|p2a: Mewtwo|Thunder Wave|p1a: Moltres
|-status|p1a: Moltres|par
|move|p1a: Moltres|Agility|p1a: Moltres
|-boost|p1a: Moltres|spe|2
|
|turn|24
|
|move|p1a: Moltres|Fire Spin|p2a: Mewtwo|[miss]
|-miss|p1a: Moltres
|move|p2a: Mewtwo|Body Slam|p1a: Moltres
|-crit|p1a: Moltres
|-damage|p1a: Moltres|141\/330 par
|
|turn|25
|
|cant|p1a: Moltres|par
|move|p2a: Mewtwo|Body Slam|p1a: Moltres
|-crit|p1a: Moltres
|-damage|p1a: Moltres|57\/330 par
|
|turn|26
|
|move|p1a: Moltres|Fire Spin|p2a: Mewtwo|[miss]
|-miss|p1a: Moltres
|move|p2a: Mewtwo|Body Slam|p1a: Moltres
|-crit|p1a: Moltres
|-damage|p1a: Moltres|0 fnt
|faint|p1a: Moltres
|
|switch|p1a: Ninetales|Ninetales, L86|301\/301
|turn|27
|
|move|p1a: Ninetales|Fire Spin|p2a: Mewtwo
|-crit|p2a: Mewtwo
|-damage|p2a: Mewtwo|271\/297
|-activate|p2a: Mewtwo|move: Fire Spin|[of] p1a: Ninetales
|cant|p2a: Mewtwo|partiallytrapped
|
|turn|28
|
|move|p1a: Ninetales|Fire Spin|p2a: Mewtwo
|-damage|p2a: Mewtwo|245\/297
|cant|p2a: Mewtwo|partiallytrapped
|
|-end|p2a: Mewtwo|Fire Spin|[partiallytrapped]
|turn|29
|
|move|p1a: Ninetales|Fire Spin|p2a: Mewtwo
|-damage|p2a: Mewtwo|231\/297
|-activate|p2a: Mewtwo|move: Fire Spin|[of] p1a: Ninetales
|cant|p2a: Mewtwo|partiallytrapped
|
|turn|30
|
|move|p1a: Ninetales|Fire Spin|p2a: Mewtwo
|-damage|p2a: Mewtwo|217\/297
|cant|p2a: Mewtwo|partiallytrapped
|
|turn|31
|
|move|p1a: Ninetales|Fire Spin|p2a: Mewtwo
|-damage|p2a: Mewtwo|203\/297
|cant|p2a: Mewtwo|partiallytrapped
|
|-end|p2a: Mewtwo|Fire Spin|[partiallytrapped]
|turn|32
|
|move|p1a: Ninetales|Fire Spin|p2a: Mewtwo|[miss]
|-miss|p1a: Ninetales
|move|p2a: Mewtwo|Thunder Wave|p1a: Ninetales
|-status|p1a: Ninetales|par
|
|turn|33
|
|move|p2a: Mewtwo|Hyper Beam|p1a: Ninetales
|-crit|p1a: Ninetales
|-damage|p1a: Ninetales|120\/301 par
|move|p1a: Ninetales|Confuse Ray|p2a: Mewtwo
|-start|p2a: Mewtwo|confusion
|
|turn|34
|
|-activate|p2a: Mewtwo|confusion
|-damage|p2a: Mewtwo|174\/297|[from] confusion
|move|p1a: Ninetales|Fire Spin|p2a: Mewtwo|[miss]
|-miss|p1a: Ninetales
|
|turn|35
|
|-end|p2a: Mewtwo|confusion
|move|p2a: Mewtwo|Hyper Beam|p1a: Ninetales
|-damage|p1a: Ninetales|28\/301 par
|move|p1a: Ninetales|Fire Spin|p2a: Mewtwo
|-damage|p2a: Mewtwo|160\/297
|-activate|p2a: Mewtwo|move: Fire Spin|[of] p1a: Ninetales
|
|turn|36
|
|cant|p2a: Mewtwo|partiallytrapped
|move|p1a: Ninetales|Fire Spin|p2a: Mewtwo
|-damage|p2a: Mewtwo|146\/297
|
|turn|37
|
|cant|p2a: Mewtwo|partiallytrapped
|move|p1a: Ninetales|Fire Spin|p2a: Mewtwo
|-damage|p2a: Mewtwo|132\/297
|
|turn|38
|
|cant|p2a: Mewtwo|partiallytrapped
|move|p1a: Ninetales|Fire Spin|p2a: Mewtwo
|-damage|p2a: Mewtwo|118\/297
|
|turn|39
|
|cant|p2a: Mewtwo|partiallytrapped
|move|p1a: Ninetales|Fire Spin|p2a: Mewtwo
|-damage|p2a: Mewtwo|104\/297
|
|-end|p2a: Mewtwo|Fire Spin|[partiallytrapped]
|turn|40
|
|move|p2a: Mewtwo|Body Slam|p1a: Ninetales
|-crit|p1a: Ninetales
|-damage|p1a: Ninetales|0 fnt
|faint|p1a: Ninetales
|
|switch|p1a: Butterfree|Butterfree, L86|279\/279
|turn|41
|
|move|p2a: Mewtwo|Thunder Wave|p1a: Butterfree
|-status|p1a: Butterfree|par
|cant|p1a: Butterfree|par
|
|turn|42
|
|move|p2a: Mewtwo|Body Slam|p1a: Butterfree
|-damage|p1a: Butterfree|213\/279 par
|move|p1a: Butterfree|Sleep Powder|p2a: Mewtwo|[miss]
|-miss|p1a: Butterfree
|
|turn|43
|
|move|p2a: Mewtwo|Hyper Beam|p1a: Butterfree
|-crit|p1a: Butterfree
|-damage|p1a: Butterfree|2\/279 par
|move|p1a: Butterfree|Sleep Powder|p2a: Mewtwo
|-status|p2a: Mewtwo|slp
|
|turn|44
|
|switch|p1a: Beedrill|Beedrill, L86|287\/287
|cant|p2a: Mewtwo|slp
|
|turn|45
|
|cant|p2a: Mewtwo|slp
|move|p1a: Beedrill|Agility|p1a: Beedrill
|-boost|p1a: Beedrill|spe|2
|
|turn|46
|
|move|p1a: Beedrill|Swords Dance|p1a: Beedrill
|-boost|p1a: Beedrill|atk|2
|cant|p2a: Mewtwo|slp
|
|turn|47
|
|move|p1a: Beedrill|Swords Dance|p1a: Beedrill
|-boost|p1a: Beedrill|atk|2
|cant|p2a: Mewtwo|slp
|
|turn|48
|
|move|p1a: Beedrill|Swords Dance|p1a: Beedrill
|-boost|p1a: Beedrill|atk|2
|cant|p2a: Mewtwo|slp
|
|turn|49
|
|move|p1a: Beedrill|Twineedle|p2a: Mewtwo
|-supereffective|p2a: Mewtwo
|-damage|p2a: Mewtwo|0 fnt
|-hitcount|p2a: Mewtwo|1
|faint|p2a: Mewtwo
|
|switch|p2a: Victreebel|Victreebel, L86|313\/313
|turn|50
|
|move|p1a: Beedrill|Hyper Beam|p2a: Victreebel
|-damage|p2a: Victreebel|0 fnt
|faint|p2a: Victreebel
|
|win|commandolam
|raw|Ladder updating...
|raw|commandolam's rating: 1000 &rarr; <strong>1046<\/strong><br \/>(+46 for winning)
|raw|Alex Flyce's rating: 1055 &rarr; <strong>1034<\/strong><br \/>(-21 for losing)
|c|★commandolam|gg
|c|★Alex Flyce|gg