|j|Agarest
|j|Phantascroto
|player|p1|Agarest|209
|player|p2|Phantascroto|201
|gametype|singles
|gen|1
|tier|[Gen 1] OU
|rated
|seed|
|rule|Sleep Clause Mod: Limit one foe put to sleep
|rule|Freeze Clause Mod: Limit one foe frozen
|rule|Species Clause: Limit one of each Pokémon
|rule|OHKO Clause: OHKO moves are banned
|rule|Evasion Moves Clause: Evasion moves are banned
|rule|HP Percentage Mod: HP is shown in percentages
|
|start
|switch|p1a: Jolteon|Jolteon|100\/100
|switch|p2a: Alakazam|Alakazam|100\/100
|turn|1
|choice||
|
|switch|p1a: Chansey|Chansey|100\/100
|move|p2a: Alakazam|Thunder Wave|p1a: Chansey
|-status|p1a: Chansey|par
|
|turn|2
|choice||
|
|move|p2a: Alakazam|Psychic|p1a: Chansey
|-damage|p1a: Chansey|83\/100 par
|move|p1a: Chansey|Ice Beam|p2a: Alakazam
|-damage|p2a: Alakazam|80\/100
|
|turn|3
|choice||
|
|switch|p2a: Lapras|Lapras|100\/100
|move|p1a: Chansey|Thunder Wave|p2a: Lapras
|-status|p2a: Lapras|par
|
|turn|4
|choice||
|
|move|p2a: Lapras|Confuse Ray|p1a: Chansey
|-start|p1a: Chansey|confusion
|-activate|p1a: Chansey|confusion
|-damage|p1a: Chansey|78\/100 par|[from] confusion
|
|turn|5
|choice||
|
|switch|p1a: Jolteon|Jolteon|100\/100
|move|p2a: Lapras|Body Slam|p1a: Jolteon
|-damage|p1a: Jolteon|76\/100
|
|turn|6
|choice||
|
|move|p1a: Jolteon|Thunderbolt|p2a: Lapras
|-supereffective|p2a: Lapras
|-damage|p2a: Lapras|45\/100 par
|move|p2a: Lapras|Confuse Ray|p1a: Jolteon
|-start|p1a: Jolteon|confusion
|
|turn|7
|choice||
|
|-activate|p1a: Jolteon|confusion
|move|p1a: Jolteon|Thunderbolt|p2a: Lapras
|-supereffective|p2a: Lapras
|-damage|p2a: Lapras|0 fnt
|faint|p2a: Lapras
|choice||
|
|switch|p2a: Tauros|Tauros|100\/100
|turn|8
|choice||
|
|switch|p1a: Exeggutor|Exeggutor|100\/100
|move|p2a: Tauros|Earthquake|p1a: Exeggutor
|-resisted|p1a: Exeggutor
|-damage|p1a: Exeggutor|89\/100
|
|turn|9
|choice||
|
|move|p2a: Tauros|Blizzard|p1a: Exeggutor
|-supereffective|p1a: Exeggutor
|-damage|p1a: Exeggutor|54\/100
|move|p1a: Exeggutor|Sleep Powder|p2a: Tauros
|-status|p2a: Tauros|slp
|
|turn|10
|choice||
|
|cant|p2a: Tauros|slp
|move|p1a: Exeggutor|Psychic|p2a: Tauros
|-damage|p2a: Tauros|57\/100 slp
|-unboost|p2a: Tauros|spd|1
|-unboost|p2a: Tauros|spa|1
|
|turn|11
|choice||
|
|cant|p2a: Tauros|slp
|move|p1a: Exeggutor|Psychic|p2a: Tauros
|-damage|p2a: Tauros|0 fnt
|faint|p2a: Tauros
|choice||
|
|switch|p2a: Exeggutor|Exeggutor|100\/100
|turn|12
|choice||
|
|move|p1a: Exeggutor|Stun Spore|p2a: Exeggutor
|-status|p2a: Exeggutor|par
|move|p2a: Exeggutor|Sleep Powder|p1a: Exeggutor
|-status|p1a: Exeggutor|slp
|
|turn|13
|choice||
|
|cant|p1a: Exeggutor|slp
|move|p2a: Exeggutor|Psychic|p1a: Exeggutor
|-resisted|p1a: Exeggutor
|-damage|p1a: Exeggutor|41\/100 slp
|-unboost|p1a: Exeggutor|spd|1
|-unboost|p1a: Exeggutor|spa|1
|
|turn|14
|choice||
|
|switch|p1a: Moltres|Moltres|100\/100
|move|p2a: Exeggutor|Psychic|p1a: Moltres
|-damage|p1a: Moltres|73\/100
|
|turn|15
|choice||
|
|move|p1a: Moltres|Fire Spin|p2a: Exeggutor
|-supereffective|p2a: Exeggutor
|-damage|p2a: Exeggutor|90\/100 par
|cant|p2a: Exeggutor|partiallytrapped
|
|turn|16
|choice||
|
|move|p1a: Moltres|Fire Spin|p2a: Exeggutor|[from]Fire Spin
|-damage|p2a: Exeggutor|80\/100 par
|cant|p2a: Exeggutor|partiallytrapped
|
|turn|17
|choice||
|
|move|p1a: Moltres|Fire Spin|p2a: Exeggutor|[from]Fire Spin
|-damage|p2a: Exeggutor|69\/100 par
|cant|p2a: Exeggutor|partiallytrapped
|
|turn|18
|choice||
|
|move|p1a: Moltres|Fire Spin|p2a: Exeggutor|[from]Fire Spin
|-damage|p2a: Exeggutor|59\/100 par
|cant|p2a: Exeggutor|partiallytrapped
|
|turn|19
|choice||
|
|move|p1a: Moltres|Fire Blast|p2a: Exeggutor
|-supereffective|p2a: Exeggutor
|-damage|p2a: Exeggutor|0 fnt
|faint|p2a: Exeggutor
|choice||
|
|switch|p2a: Alakazam|Alakazam|80\/100
|turn|20
|choice||
|
|switch|p1a: Chansey|Chansey|78\/100 par
|move|p2a: Alakazam|Thunder Wave|p1a: Chansey
|-fail|p1a: Chansey|par
|
|turn|21
|choice||
|
|move|p2a: Alakazam|Psychic|p1a: Chansey
|-damage|p1a: Chansey|58\/100 par
|-unboost|p1a: Chansey|spd|1
|-unboost|p1a: Chansey|spa|1
|cant|p1a: Chansey|par
|
|turn|22
|choice||
|
|switch|p1a: Slowbro|Slowbro|100\/100
|move|p2a: Alakazam|Psychic|p1a: Slowbro
|-resisted|p1a: Slowbro
|-damage|p1a: Slowbro|80\/100
|-unboost|p1a: Slowbro|spd|1
|-unboost|p1a: Slowbro|spa|1
|
|turn|23
|choice||
|
|move|p2a: Alakazam|Thunder Wave|p1a: Slowbro
|-status|p1a: Slowbro|par
|cant|p1a: Slowbro|par
|
|turn|24
|choice||
|
|move|p2a: Alakazam|Psychic|p1a: Slowbro
|-resisted|p1a: Slowbro
|-damage|p1a: Slowbro|51\/100 par
|-unboost|p1a: Slowbro|spd|1
|-unboost|p1a: Slowbro|spa|1
|move|p1a: Slowbro|Thunder Wave|p2a: Alakazam
|-status|p2a: Alakazam|par
|
|turn|25
|choice||
|
|switch|p1a: Chansey|Chansey|58\/100 par
|move|p2a: Alakazam|Psychic|p1a: Chansey
|-damage|p1a: Chansey|40\/100 par
|-unboost|p1a: Chansey|spd|1
|-unboost|p1a: Chansey|spa|1
|
|turn|26
|choice||
|
|move|p2a: Alakazam|Psychic|p1a: Chansey
|-crit|p1a: Chansey
|-damage|p1a: Chansey|2\/100 par
|move|p1a: Chansey|Soft-Boiled|p1a: Chansey
|-heal|p1a: Chansey|52\/100 par
|
|turn|27
|choice||
|
|switch|p1a: Slowbro|Slowbro|51\/100 par
|move|p2a: Alakazam|Psychic|p1a: Slowbro
|-resisted|p1a: Slowbro
|-damage|p1a: Slowbro|33\/100 par
|
|turn|28
|choice||
|
|move|p2a: Alakazam|Psychic|p1a: Slowbro
|-resisted|p1a: Slowbro
|-damage|p1a: Slowbro|14\/100 par
|move|p1a: Slowbro|Amnesia|p1a: Slowbro
|-boost|p1a: Slowbro|spd|2
|-boost|p1a: Slowbro|spa|2
|
|turn|29
|choice||
|
|move|p1a: Slowbro|Rest|p1a: Slowbro
|-status|p1a: Slowbro|slp
|-heal|p1a: Slowbro|100\/100 slp|[silent]
|-status|p1a: Slowbro|slp|[from] move: Rest
|move|p2a: Alakazam|Psychic|p1a: Slowbro
|-crit|p1a: Slowbro
|-resisted|p1a: Slowbro
|-damage|p1a: Slowbro|63\/100 slp
|-unboost|p1a: Slowbro|spd|1
|-unboost|p1a: Slowbro|spa|1
|
|turn|30
|choice||
|
|switch|p2a: Jolteon|Jolteon|100\/100
|cant|p1a: Slowbro|slp
|
|turn|31
|choice||
|
|switch|p1a: Jolteon|Jolteon|76\/100
|move|p2a: Jolteon|Thunderbolt|p1a: Jolteon
|-resisted|p1a: Jolteon
|-damage|p1a: Jolteon|59\/100
|
|turn|32
|choice||
|
|move|p2a: Jolteon|Thunder Wave|p1a: Jolteon
|-status|p1a: Jolteon|par
|move|p1a: Jolteon|Thunder Wave|p2a: Jolteon
|-status|p2a: Jolteon|par
|
|turn|33
|choice||
|
|switch|p2a: Alakazam|Alakazam|80\/100 par
|cant|p1a: Jolteon|par
|
|turn|34
|choice||
|
|cant|p1a: Jolteon|par
|move|p2a: Alakazam|Psychic|p1a: Jolteon
|-crit|p1a: Jolteon
|-damage|p1a: Jolteon|0 fnt
|faint|p1a: Jolteon
|choice||
|
|switch|p1a: Tauros|Tauros|100\/100
|turn|35
|choice||
|
|move|p1a: Tauros|Hyper Beam|p2a: Alakazam
|-damage|p2a: Alakazam|0 fnt
|faint|p2a: Alakazam
|choice||
|
|switch|p2a: Jolteon|Jolteon|100\/100 par
|turn|36
|choice||
|
|switch|p1a: Chansey|Chansey|52\/100 par
|cant|p2a: Jolteon|par
|
|turn|37
|choice||
|
|move|p2a: Jolteon|Double Kick|p1a: Chansey
|-supereffective|p1a: Chansey
|-damage|p1a: Chansey|37\/100 par
|-damage|p1a: Chansey|22\/100 par
|-hitcount|p1a: Chansey|2
|move|p1a: Chansey|Soft-Boiled|p1a: Chansey
|-heal|p1a: Chansey|72\/100 par
|
|turn|38
|choice||
|
|cant|p2a: Jolteon|par
|move|p1a: Chansey|Soft-Boiled|p1a: Chansey
|-heal|p1a: Chansey|100\/100 par
|
|turn|39
|choice||
|
|move|p2a: Jolteon|Thunderbolt|p1a: Chansey
|-damage|p1a: Chansey|83\/100 par
|move|p1a: Chansey|Ice Beam|p2a: Jolteon
|-crit|p2a: Jolteon
|-damage|p2a: Jolteon|61\/100 par
|
|turn|40
|choice||
|
|move|p2a: Jolteon|Double Kick|p1a: Chansey
|-supereffective|p1a: Chansey
|-damage|p1a: Chansey|68\/100 par
|-damage|p1a: Chansey|53\/100 par
|-hitcount|p1a: Chansey|2
|move|p1a: Chansey|Ice Beam|p2a: Jolteon
|-damage|p2a: Jolteon|41\/100 par
|
|turn|41
|choice||
|
|switch|p1a: Moltres|Moltres|73\/100
|move|p2a: Jolteon|Double Kick|p1a: Moltres
|-crit|p1a: Moltres
|-resisted|p1a: Moltres
|-damage|p1a: Moltres|69\/100
|-damage|p1a: Moltres|64\/100
|-hitcount|p1a: Moltres|2
|
|turn|42
|choice||
|
|move|p1a: Moltres|Fire Blast|p2a: Jolteon
|-damage|p2a: Jolteon|0 fnt
|faint|p2a: Jolteon
|choice||
|
|switch|p2a: Slowbro|Slowbro|100\/100
|turn|43
|choice||
|
|move|p1a: Moltres|Fire Spin|p2a: Slowbro|[miss]
|-miss|p1a: Moltres
|move|p2a: Slowbro|Amnesia|p2a: Slowbro
|-boost|p2a: Slowbro|spd|2
|-boost|p2a: Slowbro|spa|2
|
|turn|44
|choice||
|
|move|p1a: Moltres|Fire Spin|p2a: Slowbro
|-resisted|p2a: Slowbro
|-damage|p2a: Slowbro|99\/100
|cant|p2a: Slowbro|partiallytrapped
|
|turn|45
|j|Xak Charles
|choice||
|
|switch|p1a: Slowbro|Slowbro|63\/100 slp
|cant|p2a: Slowbro|partiallytrapped
|
|turn|46
|choice||
|
|-curestatus|p1a: Slowbro|slp
|move|p2a: Slowbro|Psychic|p1a: Slowbro
|-resisted|p1a: Slowbro
|-damage|p1a: Slowbro|34\/100
|
|turn|47
|choice||
|
|move|p2a: Slowbro|Psychic|p1a: Slowbro
|-resisted|p1a: Slowbro
|-damage|p1a: Slowbro|9\/100
|move|p1a: Slowbro|Thunder Wave|p2a: Slowbro
|-status|p2a: Slowbro|par
|
|turn|48
|choice||
|
|move|p1a: Slowbro|Rest|p1a: Slowbro
|-status|p1a: Slowbro|slp
|-heal|p1a: Slowbro|100\/100 slp|[silent]
|-status|p1a: Slowbro|slp|[from] move: Rest
|move|p2a: Slowbro|Amnesia|p2a: Slowbro
|-boost|p2a: Slowbro|spd|2
|-boost|p2a: Slowbro|spa|2
|
|turn|49
|choice||
|
|cant|p1a: Slowbro|slp
|cant|p2a: Slowbro|par
|
|turn|50
|choice||
|
|-curestatus|p1a: Slowbro|slp
|cant|p2a: Slowbro|par
|
|turn|51
|choice||
|
|move|p1a: Slowbro|Amnesia|p1a: Slowbro
|-boost|p1a: Slowbro|spd|2
|-boost|p1a: Slowbro|spa|2
|move|p2a: Slowbro|Psychic|p1a: Slowbro
|-resisted|p1a: Slowbro
|-damage|p1a: Slowbro|79\/100
|-unboost|p1a: Slowbro|spd|1
|-unboost|p1a: Slowbro|spa|1
|
|turn|52
|choice||
|
|move|p1a: Slowbro|Amnesia|p1a: Slowbro
|-boost|p1a: Slowbro|spd|2
|-boost|p1a: Slowbro|spa|2
|cant|p2a: Slowbro|par
|
|turn|53
|choice||
|
|move|p1a: Slowbro|Amnesia|p1a: Slowbro
|-boost|p1a: Slowbro|spd|2
|-boost|p1a: Slowbro|spa|2
|cant|p2a: Slowbro|par
|
|turn|54
|choice||
|
|move|p1a: Slowbro|Surf|p2a: Slowbro
|-resisted|p2a: Slowbro
|-damage|p2a: Slowbro|83\/100 par
|move|p2a: Slowbro|Ice Beam|p1a: Slowbro
|-resisted|p1a: Slowbro
|-damage|p1a: Slowbro|71\/100
|
|turn|55
|choice||
|
|move|p1a: Slowbro|Surf|p2a: Slowbro
|-resisted|p2a: Slowbro
|-damage|p2a: Slowbro|66\/100 par
|move|p2a: Slowbro|Ice Beam|p1a: Slowbro
|-resisted|p1a: Slowbro
|-damage|p1a: Slowbro|63\/100
|
|turn|56
|choice||
|
|move|p1a: Slowbro|Surf|p2a: Slowbro
|-resisted|p2a: Slowbro
|-damage|p2a: Slowbro|49\/100 par
|move|p2a: Slowbro|Psychic|p1a: Slowbro
|-resisted|p1a: Slowbro
|-damage|p1a: Slowbro|53\/100
|
|turn|57
|choice||
|
|move|p1a: Slowbro|Surf|p2a: Slowbro
|-resisted|p2a: Slowbro
|-damage|p2a: Slowbro|33\/100 par
|cant|p2a: Slowbro|par
|
|turn|58
|choice||
|
|move|p1a: Slowbro|Surf|p2a: Slowbro
|-resisted|p2a: Slowbro
|-damage|p2a: Slowbro|17\/100 par
|cant|p2a: Slowbro|par
|
|turn|59
|choice||
|
|move|p1a: Slowbro|Surf|p2a: Slowbro
|-resisted|p2a: Slowbro
|-damage|p2a: Slowbro|0 fnt
|faint|p2a: Slowbro
|
|win|Agarest
|player|p1
|player|p2
|raw|Agarest's rating: 1217 &rarr; <strong>1228<\/strong><br \/>(+11 for winning)
|raw|Phantascroto's rating: 1000 &rarr; <strong>1000<\/strong><br \/>(+0 for losing)