|join|LordB.P.
|join|erik1erik
|player|p1|LordB.P.|238
|player|p2|erik1erik|265
|gametype|singles
|gen|1
|tier|[Gen 1] Random Battle
|rated
|rule|Sleep Clause Mod: Limit one foe put to sleep
|rule|Freeze Clause Mod: Limit one foe frozen
|rule|HP Percentage Mod: HP is shown in percentages
|
|start
|switch|p1a: Mankey|Mankey, L96|272\/272
|switch|p2a: Nidorino|Nidorino, L90|293\/293
|turn|1
|c|★LordB.P.|have a good match Erika!
|
|move|p1a: Mankey|Body Slam|p2a: Nidorino
|-crit|p2a: Nidorino
|-damage|p2a: Nidorino|126\/293
|-status|p2a: Nidorino|par
|move|p2a: Nidorino|Body Slam|p1a: Mankey
|-damage|p1a: Mankey|192\/272
|
|turn|2
|
|move|p1a: Mankey|Body Slam|p2a: Nidorino
|-damage|p2a: Nidorino|50\/293 par
|move|p2a: Nidorino|Body Slam|p1a: Mankey
|-damage|p1a: Mankey|108\/272
|
|turn|3
|
|move|p1a: Mankey|Body Slam|p2a: Nidorino
|-damage|p2a: Nidorino|0 fnt
|faint|p2a: Nidorino
|
|switch|p2a: Ponyta|Ponyta, L96|291\/291
|turn|4
|
|move|p2a: Ponyta|Body Slam|p1a: Mankey
|-damage|p1a: Mankey|3\/272
|move|p1a: Mankey|Rock Slide|p2a: Ponyta
|-supereffective|p2a: Ponyta
|-damage|p2a: Ponyta|148\/291
|
|turn|5
|
|switch|p1a: Hitmonchan|Hitmonchan, L85|259\/259
|move|p2a: Ponyta|Body Slam|p1a: Hitmonchan
|-damage|p1a: Hitmonchan|184\/259
|
|turn|6
|
|move|p2a: Ponyta|Reflect|p2a: Ponyta
|-start|p2a: Ponyta|Reflect
|move|p1a: Hitmonchan|Body Slam|p2a: Ponyta
|-damage|p2a: Ponyta|108\/291
|
|turn|7
|
|move|p2a: Ponyta|Body Slam|p1a: Hitmonchan
|-damage|p1a: Hitmonchan|103\/259
|move|p1a: Hitmonchan|Seismic Toss|p2a: Ponyta
|-damage|p2a: Ponyta|23\/291
|
|turn|8
|
|move|p2a: Ponyta|Body Slam|p1a: Hitmonchan
|-damage|p1a: Hitmonchan|24\/259
|-status|p1a: Hitmonchan|par
|move|p1a: Hitmonchan|Seismic Toss|p2a: Ponyta
|-damage|p2a: Ponyta|0 fnt
|faint|p2a: Ponyta
|
|switch|p2a: Marowak|Marowak, L85|276\/276
|turn|9
|
|move|p2a: Marowak|Seismic Toss|p1a: Hitmonchan
|-damage|p1a: Hitmonchan|0 fnt
|faint|p1a: Hitmonchan
|
|switch|p1a: Vileplume|Vileplume, L85|301\/301
|turn|10
|
|switch|p2a: Vileplume|Vileplume, L85|301\/301
|move|p1a: Vileplume|Sleep Powder|p2a: Vileplume|[miss]
|-miss|p1a: Vileplume
|
|turn|11
|
|move|p2a: Vileplume|Sleep Powder|p1a: Vileplume
|-status|p1a: Vileplume|slp
|cant|p1a: Vileplume|slp
|
|turn|12
|
|switch|p1a: Chansey|Chansey, L79|557\/557
|move|p2a: Vileplume|Swords Dance|p2a: Vileplume
|-boost|p2a: Vileplume|atk|2
|
|turn|13
|
|move|p2a: Vileplume|Body Slam|p1a: Chansey
|-damage|p1a: Chansey|262\/557
|move|p1a: Chansey|Ice Beam|p2a: Vileplume
|-supereffective|p2a: Vileplume
|-damage|p2a: Vileplume|180\/301
|-status|p2a: Vileplume|frz
|
|turn|14
|
|switch|p2a: Golduck|Golduck, L85|310\/310
|move|p1a: Chansey|Ice Beam|p2a: Golduck
|-resisted|p2a: Golduck
|-damage|p2a: Golduck|279\/310
|
|turn|15
|
|move|p2a: Golduck|Amnesia|p2a: Golduck
|-boost|p2a: Golduck|spd|2
|-boost|p2a: Golduck|spa|2
|move|p1a: Chansey|Thunderbolt|p2a: Golduck
|-supereffective|p2a: Golduck
|-damage|p2a: Golduck|207\/310
|
|turn|16
|
|move|p2a: Golduck|Amnesia|p2a: Golduck
|-boost|p2a: Golduck|spd|2
|-boost|p2a: Golduck|spa|2
|move|p1a: Chansey|Thunder Wave|p2a: Golduck
|-status|p2a: Golduck|par
|
|turn|17
|
|move|p1a: Chansey|Soft-Boiled|p1a: Chansey
|-heal|p1a: Chansey|540\/557
|move|p2a: Golduck|Amnesia|p2a: Golduck
|-boost|p2a: Golduck|spd|2
|-boost|p2a: Golduck|spa|2
|
|turn|18
|
|switch|p1a: Muk|Muk, L85|352\/352
|cant|p2a: Golduck|par
|
|turn|19
|
|move|p1a: Muk|Explosion|p2a: Golduck
|-damage|p2a: Golduck|0 fnt
|faint|p2a: Golduck
|faint|p1a: Muk
|
|switch|p1a: Dragonite|Dragonite, L85|328\/328
|switch|p2a: Marowak|Marowak, L85|276\/276
|turn|20
|
|move|p1a: Dragonite|Ice Beam|p2a: Marowak
|-supereffective|p2a: Marowak
|-damage|p2a: Marowak|82\/276
|move|p2a: Marowak|Blizzard|p1a: Dragonite
|-supereffective|p1a: Dragonite
|-damage|p1a: Dragonite|94\/328
|
|turn|21
|
|move|p1a: Dragonite|Ice Beam|p2a: Marowak
|-supereffective|p2a: Marowak
|-damage|p2a: Marowak|0 fnt
|faint|p2a: Marowak
|
|switch|p2a: Blastoise|Blastoise, L85|308\/308
|turn|22
|
|move|p1a: Dragonite|Thunder|p2a: Blastoise|[miss]
|-miss|p1a: Dragonite
|move|p2a: Blastoise|Blizzard|p1a: Dragonite
|-supereffective|p1a: Dragonite
|-damage|p1a: Dragonite|0 fnt
|faint|p1a: Dragonite
|
|switch|p1a: Chansey|Chansey, L79|540\/557
|turn|23
|
|move|p2a: Blastoise|Body Slam|p1a: Chansey
|-damage|p1a: Chansey|383\/557
|move|p1a: Chansey|Thunder Wave|p2a: Blastoise
|-status|p2a: Blastoise|par
|
|turn|24
|
|move|p1a: Chansey|Thunderbolt|p2a: Blastoise
|-supereffective|p2a: Blastoise
|-damage|p2a: Blastoise|178\/308 par
|cant|p2a: Blastoise|par
|
|turn|25
|
|move|p1a: Chansey|Thunderbolt|p2a: Blastoise
|-supereffective|p2a: Blastoise
|-damage|p2a: Blastoise|52\/308 par
|move|p2a: Blastoise|Hyper Beam|p1a: Chansey
|-damage|p1a: Chansey|107\/557
|
|turn|26
|
|move|p1a: Chansey|Thunderbolt|p2a: Blastoise
|-crit|p2a: Blastoise
|-supereffective|p2a: Blastoise
|-damage|p2a: Blastoise|0 fnt
|faint|p2a: Blastoise
|
|switch|p2a: Vileplume|Vileplume, L85|180\/301 frz
|turn|27
|
|cant|p2a: Vileplume|frz
|move|p1a: Chansey|Ice Beam|p2a: Vileplume
|-crit|p2a: Vileplume
|-supereffective|p2a: Vileplume
|-damage|p2a: Vileplume|0 fnt
|faint|p2a: Vileplume
|
|win|LordB.P.
|raw|Ladder updating...
|raw|LordB.P.'s rating: 1188 &rarr; <strong>1223<\/strong><br \/>(+35 for winning)
|raw|erik1erik's rating: 1330 &rarr; <strong>1302<\/strong><br \/>(-28 for losing)
|leave|erik1erik
|player|p2