|j|smilzo
|j|marcoasd
|player|p1|smilzo|157
|player|p2|marcoasd|169
|gametype|singles
|gen|1
|tier|[Gen 1] OU
|seed|11074,55572,51838,45532
|rule|Sleep Clause Mod: Limit one foe put to sleep
|rule|Freeze Clause Mod: Limit one foe frozen
|rule|Species Clause: Limit one of each Pokémon
|rule|OHKO Clause: OHKO moves are banned
|rule|Evasion Moves Clause: Evasion moves are banned
|rule|HP Percentage Mod: HP is shown in percentages
|
|start
|switch|p1a: Jolteon|Jolteon|333\/333
|switch|p2a: Jolteon|Jolteon, M|333\/333
|turn|1
|c|★smilzo|vediamo che fa questo team brutto
|choice|switch 3|move 2
|
|switch|p1a: Chansey|Chansey|703\/703
|move|p2a: Jolteon|Thunder Wave|p1a: Chansey
|-status|p1a: Chansey|par
|
|turn|2
|choice|move 2|switch 2
|
|switch|p2a: Alakazam|Alakazam, M|313\/313
|move|p1a: Chansey|Thunder Wave|p2a: Alakazam
|-status|p2a: Alakazam|par
|
|turn|3
|choice|move 4|move 1
|
|move|p2a: Alakazam|Psychic|p1a: Chansey
|-damage|p1a: Chansey|580\/703 par
|cant|p1a: Chansey|par
|
|turn|4
|choice|move 4|move 1
|
|move|p2a: Alakazam|Psychic|p1a: Chansey
|-damage|p1a: Chansey|442\/703 par
|-unboost|p1a: Chansey|spd|1
|-unboost|p1a: Chansey|spa|1
|move|p1a: Chansey|Ice Beam|p2a: Alakazam
|-damage|p2a: Alakazam|271\/313 par
|
|turn|5
|choice|move 1|switch 3
|
|switch|p2a: Snorlax|Snorlax, M|523\/523
|move|p1a: Chansey|Soft-Boiled|p1a: Chansey
|-heal|p1a: Chansey|703\/703 par
|
|turn|6
|choice|switch 2|move 2
|
|switch|p1a: Snorlax|Snorlax|523\/523
|move|p2a: Snorlax|Blizzard|p1a: Snorlax
|-damage|p1a: Snorlax|435\/523
|
|turn|7
|c|★smilzo|!
|choice|move 1|move 1
|
|move|p1a: Snorlax|Body Slam|p2a: Snorlax
|-damage|p2a: Snorlax|388\/523
|move|p2a: Snorlax|Amnesia|p2a: Snorlax
|-boost|p2a: Snorlax|spd|2
|-boost|p2a: Snorlax|spa|2
|
|turn|8
|j|Groudon80
|choice|move 1|move 2
|
|move|p2a: Snorlax|Blizzard|p1a: Snorlax|[miss]
|-miss|p2a: Snorlax
|move|p1a: Snorlax|Body Slam|p2a: Snorlax
|-damage|p2a: Snorlax|258\/523
|
|turn|9
|j|LeInf
|choice|move 1|move 4
|
|move|p1a: Snorlax|Body Slam|p2a: Snorlax
|-damage|p2a: Snorlax|128\/523
|move|p2a: Snorlax|Self-Destruct|p1a: Snorlax
|-damage|p1a: Snorlax|29\/523
|faint|p2a: Snorlax
|choice||switch 4
|
|switch|p2a: Tauros|Tauros|353\/353
|turn|10
|choice|move 4|move 1
|
|move|p2a: Tauros|Body Slam|p1a: Snorlax
|-damage|p1a: Snorlax|0 fnt
|faint|p1a: Snorlax
|choice|switch 4|
|
|switch|p1a: Exeggutor|Exeggutor|393\/393
|turn|11
|choice|move 2|switch 3
|
|switch|p2a: Alakazam|Alakazam, M|271\/313 par
|move|p1a: Exeggutor|Psychic|p2a: Alakazam
|-resisted|p2a: Alakazam
|-damage|p2a: Alakazam|226\/313 par
|
|turn|12
|choice|move 2|move 4
|
|move|p1a: Exeggutor|Psychic|p2a: Alakazam
|-resisted|p2a: Alakazam
|-damage|p2a: Alakazam|176\/313 par
|move|p2a: Alakazam|Thunder Wave|p1a: Exeggutor
|-status|p1a: Exeggutor|par
|
|turn|13
|choice|move 2|move 3
|
|move|p2a: Alakazam|Recover|p2a: Alakazam
|-heal|p2a: Alakazam|313\/313 par
|move|p1a: Exeggutor|Psychic|p2a: Alakazam
|-resisted|p2a: Alakazam
|-damage|p2a: Alakazam|264\/313 par
|
|turn|14
|choice|switch 2|move 2
|
|switch|p1a: Chansey|Chansey|703\/703 par
|move|p2a: Alakazam|Seismic Toss|p1a: Chansey
|-damage|p1a: Chansey|603\/703 par
|
|turn|15
|choice|move 4|move 1
|
|move|p2a: Alakazam|Psychic|p1a: Chansey
|-damage|p1a: Chansey|468\/703 par
|-unboost|p1a: Chansey|spd|1
|-unboost|p1a: Chansey|spa|1
|move|p1a: Chansey|Ice Beam|p2a: Alakazam
|-damage|p2a: Alakazam|224\/313 par
|
|turn|16
|choice|move 1|move 1
|
|move|p2a: Alakazam|Psychic|p1a: Chansey
|-damage|p1a: Chansey|272\/703 par
|cant|p1a: Chansey|par
|
|turn|17
|choice|move 1|move 1
|
|move|p2a: Alakazam|Psychic|p1a: Chansey
|-damage|p1a: Chansey|81\/703 par
|cant|p1a: Chansey|par
|
|turn|18
|c|★smilzo|rip
|choice|move 1|move 1
|
|move|p2a: Alakazam|Psychic|p1a: Chansey
|-damage|p1a: Chansey|0 fnt
|faint|p1a: Chansey
|c|★marcoasd|never forget
|choice|switch 6|
|
|switch|p1a: Tauros|Tauros|353\/353
|turn|19
|choice|move 4|switch 6
|
|switch|p2a: Exeggutor|Exeggutor, M|393\/393
|move|p1a: Tauros|Hyper Beam|p2a: Exeggutor
|-damage|p2a: Exeggutor|205\/393
|
|turn|20
|-mustrecharge|p1a: Tauros
|-mustrecharge|p1a: Tauros
|choice|move 1|move 1
|
|cant|p1a: Tauros|recharge
|move|p2a: Exeggutor|Sleep Powder|p1a: Tauros|[miss]
|-miss|p2a: Exeggutor
|
|turn|21
|choice|switch 2|move 4
|
|switch|p1a: Exeggutor|Exeggutor|393\/393 par
|move|p2a: Exeggutor|Explosion|p1a: Exeggutor
|-damage|p1a: Exeggutor|101\/393 par
|faint|p2a: Exeggutor
|c|★marcoasd|aiaiai
|choice||switch 3
|
|switch|p2a: Tauros|Tauros|353\/353
|turn|22
|c|★marcoasd|è blu
|c|★smilzo|vabbe miss
|c|★marcoasd|con le punte
|c|★smilzo|non proprio
|choice|move 3|move 1
|
|move|p2a: Tauros|Body Slam|p1a: Exeggutor
|-damage|p1a: Exeggutor|0 fnt
|faint|p1a: Exeggutor
|choice|switch 3|
|
|switch|p1a: Jolteon|Jolteon|333\/333
|turn|23
|choice|move 2|switch 6
|
|switch|p2a: Alakazam|Alakazam, M|224\/313 par
|move|p1a: Jolteon|Thunderbolt|p2a: Alakazam
|-crit|p2a: Alakazam
|-damage|p2a: Alakazam|27\/313 par
|
|turn|24
|j|Not Troller
|choice|move 2|move 4
|
|move|p1a: Jolteon|Thunderbolt|p2a: Alakazam
|-damage|p2a: Alakazam|0 fnt
|faint|p2a: Alakazam
|choice||switch 2
|
|switch|p2a: Jolteon|Jolteon, M|333\/333
|turn|25
|choice|move 3|move 2
|
|move|p1a: Jolteon|Thunder Wave|p2a: Jolteon
|-status|p2a: Jolteon|par
|move|p2a: Jolteon|Thunder Wave|p1a: Jolteon
|-status|p1a: Jolteon|par
|
|turn|26
|choice|move 2|move 1
|
|move|p1a: Jolteon|Thunderbolt|p2a: Jolteon
|-resisted|p2a: Jolteon
|-damage|p2a: Jolteon|276\/333 par
|move|p2a: Jolteon|Thunderbolt|p1a: Jolteon
|-crit|p1a: Jolteon
|-resisted|p1a: Jolteon
|-damage|p1a: Jolteon|224\/333 par
|
|turn|27
|choice|move 2|move 1
|
|move|p1a: Jolteon|Thunderbolt|p2a: Jolteon
|-resisted|p2a: Jolteon
|-damage|p2a: Jolteon|223\/333 par
|cant|p2a: Jolteon|par
|
|turn|28
|choice|move 2|move 1
|
|move|p2a: Jolteon|Thunderbolt|p1a: Jolteon
|-resisted|p1a: Jolteon
|-damage|p1a: Jolteon|168\/333 par
|move|p1a: Jolteon|Thunderbolt|p2a: Jolteon
|-resisted|p2a: Jolteon
|-damage|p2a: Jolteon|166\/333 par
|
|turn|29
|choice|move 2|move 1
|
|move|p1a: Jolteon|Thunderbolt|p2a: Jolteon
|-resisted|p2a: Jolteon
|-damage|p2a: Jolteon|113\/333 par
|move|p2a: Jolteon|Thunderbolt|p1a: Jolteon
|-crit|p1a: Jolteon
|-resisted|p1a: Jolteon
|-damage|p1a: Jolteon|57\/333 par
|
|turn|30
|c| Not Troller|non fa più danni double kick?
|c|★smilzo|no
|choice|move 2|move 1
|
|move|p2a: Jolteon|Thunderbolt|p1a: Jolteon
|-crit|p1a: Jolteon
|-resisted|p1a: Jolteon
|-damage|p1a: Jolteon|0 fnt
|faint|p1a: Jolteon
|choice|switch 2|
|
|switch|p1a: Tauros|Tauros|353\/353
|turn|31
|choice|move 2|move 2
|
|move|p1a: Tauros|Body Slam|p2a: Jolteon
|-damage|p2a: Jolteon|0 fnt
|faint|p2a: Jolteon
|choice||switch 5
|
|switch|p2a: Zapdos|Zapdos|383\/383
|turn|32
|c|★smilzo|aiai
|choice|move 2|move 2
|
|move|p1a: Tauros|Body Slam|p2a: Zapdos
|-damage|p2a: Zapdos|279\/383
|move|p2a: Zapdos|Thunder Wave|p1a: Tauros
|-status|p1a: Tauros|par
|
|turn|33
|j|AAamen1t0
|c| Not Troller|come sta mossa la challenge?
|choice|move 2|move 1
|
|move|p2a: Zapdos|Thunderbolt|p1a: Tauros
|-damage|p1a: Tauros|190\/353 par
|cant|p1a: Tauros|par
|
|turn|34
|c|★smilzo|10-20
|c|★smilzo|per lui
|c| Not Troller|io ho fatto 16
|c|★smilzo|16-29?
|c|★marcoasd|esattamente
|c|★smilzo|vediamo un po
|choice|move 4|move 1
|
|move|p2a: Zapdos|Thunderbolt|p1a: Tauros
|-damage|p1a: Tauros|29\/353 par
|move|p1a: Tauros|Hyper Beam|p2a: Zapdos
|-damage|p2a: Zapdos|73\/383
|
|turn|35
|-mustrecharge|p1a: Tauros
|-mustrecharge|p1a: Tauros
|choice|move 1|move 4
|
|move|p2a: Zapdos|Agility|p2a: Zapdos
|-boost|p2a: Zapdos|spe|2
|cant|p1a: Tauros|recharge
|
|turn|36
|choice|move 1|move 3
|
|move|p2a: Zapdos|Drill Peck|p1a: Tauros
|-crit|p1a: Tauros
|-damage|p1a: Tauros|0 fnt
|faint|p1a: Tauros
|choice|switch 5|
|
|switch|p1a: Moltres|Moltres|383\/383
|turn|37
|c|★marcoasd|aiaiaiaiai
|choice|move 1|move 1
|
|move|p2a: Zapdos|Thunderbolt|p1a: Moltres
|-supereffective|p1a: Moltres
|-damage|p1a: Moltres|148\/383
|move|p1a: Moltres|Fire Blast|p2a: Zapdos
|-damage|p2a: Zapdos|0 fnt
|faint|p2a: Zapdos
|choice||switch 6
|
|switch|p2a: Tauros|Tauros|353\/353
|turn|38
|choice|move 3|move 2
|
|move|p2a: Tauros|Hyper Beam|p1a: Moltres
|-damage|p1a: Moltres|0 fnt
|faint|p1a: Moltres
|
|win|marcoasd
|c|★marcoasd|gg
|player|p1
|player|p2
|c|★smilzo|gg