|j|MALESANI
|j|farmertome
|player|p1|MALESANI|238
|player|p2|farmertome|101
|gametype|singles
|gen|1
|tier|[Gen 1] Random Battle
|rated
|seed|57170,30527,46210,15530
|rule|Sleep Clause Mod: Limit one foe put to sleep
|rule|Freeze Clause Mod: Limit one foe frozen
|rule|HP Percentage Mod: HP is shown in percentages
|
|start
|switch|p1a: Omastar|Omastar, L90|309\/309
|switch|p2a: Pidgeotto|Pidgeotto, L90|297\/297
|turn|1
|choice|move 2|switch 2
|
|switch|p2a: Seadra|Seadra, L90|282\/282
|move|p1a: Omastar|Hydro Pump|p2a: Seadra
|-resisted|p2a: Seadra
|-damage|p2a: Seadra|214\/282
|
|turn|2
|choice|switch 2|move 3
|
|switch|p1a: Kakuna|Kakuna, L99|290\/290
|move|p2a: Seadra|Surf|p1a: Kakuna
|-damage|p1a: Kakuna|121\/290
|
|turn|3
|choice|move 2|move 3
|
|move|p2a: Seadra|Surf|p1a: Kakuna
|-crit|p1a: Kakuna
|-damage|p1a: Kakuna|0 fnt
|faint|p1a: Kakuna
|choice|switch 4|
|
|switch|p1a: Chansey|Chansey, L79|557\/557
|turn|4
|choice|move 3|move 2
|
|move|p2a: Seadra|Mimic|p1a: Chansey
|-start|p2a: Seadra|Mimic|Reflect
|move|p1a: Chansey|Thunderbolt|p2a: Seadra
|-crit|p2a: Seadra
|-supereffective|p2a: Seadra
|-damage|p2a: Seadra|0 fnt
|faint|p2a: Seadra
|choice||switch 3
|
|switch|p2a: Vileplume|Vileplume, L90|318\/318
|turn|5
|choice|switch 2|move 1
|
|switch|p1a: Omastar|Omastar, L90|309\/309
|move|p2a: Vileplume|Sleep Powder|p1a: Omastar|[miss]
|-miss|p2a: Vileplume
|
|turn|6
|choice|move 1|move 4
|
|move|p1a: Omastar|Blizzard|p2a: Vileplume
|-supereffective|p2a: Vileplume
|-damage|p2a: Vileplume|144\/318
|move|p2a: Vileplume|Mega Drain|p1a: Omastar
|-supereffective|p1a: Omastar
|-damage|p1a: Omastar|150\/309
|-heal|p2a: Vileplume|223\/318|[from] drain|[of] p1a: Omastar
|
|turn|7
|choice|move 1|move 1
|
|move|p1a: Omastar|Blizzard|p2a: Vileplume
|-supereffective|p2a: Vileplume
|-damage|p2a: Vileplume|41\/318
|move|p2a: Vileplume|Sleep Powder|p1a: Omastar
|-status|p1a: Omastar|slp
|
|turn|8
|choice|switch 3|move 2
|
|switch|p1a: Dragonite|Dragonite, L85|328\/328
|move|p2a: Vileplume|Swords Dance|p2a: Vileplume
|-boost|p2a: Vileplume|atk|2
|
|turn|9
|choice|move 1|move 3
|
|move|p1a: Dragonite|Ice Beam|p2a: Vileplume
|-supereffective|p2a: Vileplume
|-damage|p2a: Vileplume|0 fnt
|faint|p2a: Vileplume
|choice||switch 2
|
|switch|p2a: Pidgeotto|Pidgeotto, L90|297\/297
|turn|10
|choice|move 1|move 2
|
|move|p1a: Dragonite|Ice Beam|p2a: Pidgeotto
|-supereffective|p2a: Pidgeotto
|-damage|p2a: Pidgeotto|105\/297
|-status|p2a: Pidgeotto|frz
|cant|p2a: Pidgeotto|frz
|
|turn|11
|choice|switch 3|move 1
|
|switch|p1a: Omastar|Omastar, L90|150\/309 slp
|cant|p2a: Pidgeotto|frz
|
|turn|12
|choice|move 3|switch 6
|
|switch|p2a: Persian|Persian, L79|265\/265
|cant|p1a: Omastar|slp
|
|turn|13
|choice|move 2|move 1
|
|move|p2a: Persian|Slash|p1a: Omastar
|-crit|p1a: Omastar
|-resisted|p1a: Omastar
|-damage|p1a: Omastar|111\/309 slp
|cant|p1a: Omastar|slp
|
|turn|14
|choice|move 4|move 1
|
|move|p2a: Persian|Slash|p1a: Omastar
|-crit|p1a: Omastar
|-resisted|p1a: Omastar
|-damage|p1a: Omastar|76\/309 slp
|cant|p1a: Omastar|slp
|
|turn|15
|choice|move 3|move 1
|
|move|p2a: Persian|Slash|p1a: Omastar
|-crit|p1a: Omastar
|-resisted|p1a: Omastar
|-damage|p1a: Omastar|41\/309 slp
|cant|p1a: Omastar|slp
|
|turn|16
|choice|move 3|move 1
|
|move|p2a: Persian|Slash|p1a: Omastar
|-crit|p1a: Omastar
|-resisted|p1a: Omastar
|-damage|p1a: Omastar|3\/309 slp
|cant|p1a: Omastar|slp
|
|turn|17
|choice|move 3|move 1
|
|move|p2a: Persian|Slash|p1a: Omastar
|-crit|p1a: Omastar
|-resisted|p1a: Omastar
|-damage|p1a: Omastar|0 fnt
|faint|p1a: Omastar
|choice|switch 5|
|
|switch|p1a: Snorlax|Snorlax, L79|415\/415
|turn|18
|choice|move 2|move 1
|
|move|p2a: Persian|Slash|p1a: Snorlax
|-crit|p1a: Snorlax
|-damage|p1a: Snorlax|285\/415
|move|p1a: Snorlax|Blizzard|p2a: Persian
|-damage|p2a: Persian|191\/265
|
|turn|19
|choice|move 4|move 1
|
|move|p2a: Persian|Slash|p1a: Snorlax
|-crit|p1a: Snorlax
|-damage|p1a: Snorlax|159\/415
|move|p1a: Snorlax|Surf|p2a: Persian
|-damage|p2a: Persian|129\/265
|
|turn|20
|choice|move 2|move 2
|
|move|p2a: Persian|Hyper Beam|p1a: Snorlax|[miss]
|-miss|p2a: Persian
|move|p1a: Snorlax|Blizzard|p2a: Persian
|-damage|p2a: Persian|52\/265
|
|turn|21
|choice|move 4|move 2
|
|move|p2a: Persian|Hyper Beam|p1a: Snorlax
|-damage|p1a: Snorlax|24\/415
|move|p1a: Snorlax|Surf|p2a: Persian
|-damage|p2a: Persian|0 fnt
|faint|p2a: Persian
|choice||switch 4
|
|switch|p2a: Arcanine|Arcanine, L85|327\/327
|turn|22
|choice|move 4|move 1
|
|move|p2a: Arcanine|Mimic|p1a: Snorlax
|-start|p2a: Arcanine|Mimic|Amnesia
|move|p1a: Snorlax|Surf|p2a: Arcanine
|-supereffective|p2a: Arcanine
|-damage|p2a: Arcanine|233\/327
|
|turn|23
|choice|move 3|move 1
|
|move|p2a: Arcanine|Amnesia|p2a: Arcanine
|-boost|p2a: Arcanine|spd|2
|-boost|p2a: Arcanine|spa|2
|move|p1a: Snorlax|Body Slam|p2a: Arcanine
|-damage|p2a: Arcanine|135\/327
|
|turn|24
|choice|move 3|move 3
|
|move|p2a: Arcanine|Hyper Beam|p1a: Snorlax
|-damage|p1a: Snorlax|0 fnt
|faint|p1a: Snorlax
|choice|switch 3|
|
|switch|p1a: Dragonite|Dragonite, L85|328\/328
|turn|25
|choice|move 2|move 2
|
|move|p2a: Arcanine|Fire Blast|p1a: Dragonite
|-crit|p1a: Dragonite
|-resisted|p1a: Dragonite
|-damage|p1a: Dragonite|233\/328
|move|p1a: Dragonite|Body Slam|p2a: Arcanine
|-damage|p2a: Arcanine|61\/327
|-status|p2a: Arcanine|par
|
|turn|26
|choice|move 2|move 2
|
|move|p1a: Dragonite|Body Slam|p2a: Arcanine
|-damage|p2a: Arcanine|0 fnt
|faint|p2a: Arcanine
|choice||switch 5
|
|switch|p2a: Electrode|Electrode, L90|291\/291
|turn|27
|choice|switch 2|move 4
|
|switch|p1a: Chansey|Chansey, L79|557\/557
|move|p2a: Electrode|Thunder Wave|p1a: Chansey
|-status|p1a: Chansey|par
|
|turn|28
|choice|move 2|move 2
|
|move|p2a: Electrode|Screech|p1a: Chansey
|-unboost|p1a: Chansey|def|2
|cant|p1a: Chansey|par
|
|turn|29
|choice|move 2|move 1
|
|move|p2a: Electrode|Explosion|p1a: Chansey
|-damage|p1a: Chansey|0 fnt
|faint|p1a: Chansey
|faint|p2a: Electrode
|choice|switch 6|switch 6
|
|switch|p1a: Jynx|Jynx, L79|265\/265
|switch|p2a: Pidgeotto|Pidgeotto, L90|105\/297 frz
|turn|30
|choice|move 4|move 2
|
|move|p1a: Jynx|Psychic|p2a: Pidgeotto
|-damage|p2a: Pidgeotto|0 fnt
|faint|p2a: Pidgeotto
|
|win|MALESANI
|l|farmertome
|player|p2
|raw|MALESANI's rating: 1439 &rarr; <strong>1452<\/strong><br \/>(+13 for winning)
|raw|farmertome's rating: 1312 &rarr; <strong>1299<\/strong><br \/>(-13 for losing)