|j|Daddy's Milk
|j|Pokeramos
|player|p1|Daddy's Milk|43
|player|p2|Pokeramos|223
|gametype|singles
|gen|1
|tier|[Gen 1] Random Battle
|rated
|seed|38939,63290,16580,45116
|rule|Sleep Clause Mod: Limit one foe put to sleep
|rule|Freeze Clause Mod: Limit one foe frozen
|rule|HP Percentage Mod: HP is shown in percentages
|
|start
|switch|p1a: Charizard|Charizard, L85|306\/306
|switch|p2a: Caterpie|Caterpie, L99|290\/290
|turn|1
|choice|move 3|move String Shot
|
|move|p1a: Charizard|Swords Dance|p1a: Charizard
|-boost|p1a: Charizard|atk|2
|move|p2a: Caterpie|String Shot|p1a: Charizard
|-unboost|p1a: Charizard|spe|1
|
|turn|2
|choice|move 4|move String Shot
|
|move|p2a: Caterpie|String Shot|p1a: Charizard
|-unboost|p1a: Charizard|spe|1
|move|p1a: Charizard|Fire Blast|p2a: Caterpie
|-crit|p2a: Caterpie
|-supereffective|p2a: Caterpie
|-damage|p2a: Caterpie|0 fnt
|faint|p2a: Caterpie
|choice||switch 2
|
|switch|p2a: Rhydon|Rhydon, L79|328\/328
|turn|3
|choice|switch 5|move Rock Slide
|
|switch|p1a: Graveler|Graveler, L85|267\/267
|move|p2a: Rhydon|Rock Slide|p1a: Graveler
|-resisted|p1a: Graveler
|-damage|p1a: Graveler|231\/267
|
|turn|4
|choice|move 2|switch 5
|
|switch|p2a: Slowbro|Slowbro, L79|312\/312
|move|p1a: Graveler|Earthquake|p2a: Slowbro
|-damage|p2a: Slowbro|205\/312
|
|turn|5
|choice|move 1|move Surf
|
|move|p1a: Graveler|Explosion|p2a: Slowbro
|-damage|p2a: Slowbro|0 fnt
|faint|p2a: Slowbro
|faint|p1a: Graveler
|choice|switch 4|switch 5
|
|switch|p1a: Parasect|Parasect, L90|291\/291
|switch|p2a: Rhydon|Rhydon, L79|328\/328
|turn|6
|choice|move 4|move Rock Slide
|
|move|p1a: Parasect|Spore|p2a: Rhydon
|-status|p2a: Rhydon|slp
|-curestatus|p2a: Rhydon|slp
|
|turn|7
|choice|move 4|move Rock Slide
|
|move|p1a: Parasect|Spore|p2a: Rhydon
|-status|p2a: Rhydon|slp
|-curestatus|p2a: Rhydon|slp
|
|turn|8
|choice|move 4|move Rock Slide
|
|move|p1a: Parasect|Spore|p2a: Rhydon
|-status|p2a: Rhydon|slp
|cant|p2a: Rhydon|slp
|
|turn|9
|choice|move 2|switch 6
|
|switch|p2a: Articuno|Articuno, L79|304\/304
|move|p1a: Parasect|Mega Drain|p2a: Articuno
|-resisted|p2a: Articuno
|-damage|p2a: Articuno|286\/304
|
|turn|10
|choice|move 1|move Blizzard
|
|move|p2a: Articuno|Blizzard|p1a: Parasect
|-supereffective|p1a: Parasect
|-damage|p1a: Parasect|24\/291
|move|p1a: Parasect|Body Slam|p2a: Articuno
|-damage|p2a: Articuno|216\/304
|-status|p2a: Articuno|par
|
|turn|11
|choice|move 3|move Blizzard
|
|move|p1a: Parasect|Hyper Beam|p2a: Articuno
|-damage|p2a: Articuno|108\/304 par
|move|p2a: Articuno|Blizzard|p1a: Parasect
|-crit|p1a: Parasect
|-supereffective|p1a: Parasect
|-damage|p1a: Parasect|0 fnt
|faint|p1a: Parasect
|choice|switch 6|
|
|switch|p1a: Electabuzz|Electabuzz, L85|284\/284
|turn|12
|choice|move 4|switch 6
|
|switch|p2a: Rhydon|Rhydon, L79|328\/328 slp
|move|p1a: Electabuzz|Thunderbolt|p2a: Rhydon
|-immune|p2a: Rhydon|[msg]
|
|turn|13
|choice|move 2|switch 4
|
|switch|p2a: Jolteon|Jolteon, L79|265\/265
|move|p1a: Electabuzz|Psychic|p2a: Jolteon
|-damage|p2a: Jolteon|213\/265
|-unboost|p2a: Jolteon|spd|1
|-unboost|p2a: Jolteon|spa|1
|
|turn|14
|choice|move 1|move Thunder Wave
|
|move|p2a: Jolteon|Thunder Wave|p1a: Electabuzz
|-status|p1a: Electabuzz|par
|move|p1a: Electabuzz|Thunder Wave|p2a: Jolteon
|-status|p2a: Jolteon|par
|
|turn|15
|choice|move 2|move Thunderbolt
|
|cant|p2a: Jolteon|par
|move|p1a: Electabuzz|Psychic|p2a: Jolteon
|-damage|p2a: Jolteon|124\/265 par
|
|turn|16
|choice|move 2|move Thunderbolt
|
|cant|p2a: Jolteon|par
|move|p1a: Electabuzz|Psychic|p2a: Jolteon
|-damage|p2a: Jolteon|35\/265 par
|
|turn|17
|choice|move 2|move Thunderbolt
|
|move|p2a: Jolteon|Thunderbolt|p1a: Electabuzz
|-crit|p1a: Electabuzz
|-resisted|p1a: Electabuzz
|-damage|p1a: Electabuzz|182\/284 par
|move|p1a: Electabuzz|Psychic|p2a: Jolteon
|-damage|p2a: Jolteon|0 fnt
|faint|p2a: Jolteon
|choice||switch 3
|
|switch|p2a: Tauros|Tauros, L79|280\/280
|turn|18
|choice|switch 3|move Body Slam
|
|switch|p1a: Articuno|Articuno, L79|304\/304
|move|p2a: Tauros|Body Slam|p1a: Articuno
|-damage|p1a: Articuno|225\/304
|-status|p1a: Articuno|par
|
|turn|19
|choice|move 1|move Body Slam
|
|move|p2a: Tauros|Body Slam|p1a: Articuno
|-crit|p1a: Articuno
|-damage|p1a: Articuno|82\/304 par
|cant|p1a: Articuno|par
|
|turn|20
|c|★Daddy's Milk|holy shit
|choice|move 1|move Body Slam
|
|move|p2a: Tauros|Body Slam|p1a: Articuno
|-crit|p1a: Articuno
|-damage|p1a: Articuno|0 fnt
|faint|p1a: Articuno
|choice|switch 2|
|
|switch|p1a: Voltorb|Voltorb, L96|272\/272
|turn|21
|choice|move 2|switch 4
|
|switch|p2a: Rhydon|Rhydon, L79|328\/328 slp
|move|p1a: Voltorb|Thunder Wave|p2a: Rhydon
|-immune|p2a: Rhydon|[msg]
|
|turn|22
|j|bullettooth tony
|choice|switch 5|move Earthquake
|
|switch|p1a: Charizard|Charizard, L85|306\/306
|-curestatus|p2a: Rhydon|slp
|
|turn|23
|choice|move 4|move Rock Slide
|
|move|p1a: Charizard|Fire Blast|p2a: Rhydon
|-resisted|p2a: Rhydon
|-damage|p2a: Rhydon|240\/328
|-status|p2a: Rhydon|brn
|move|p2a: Rhydon|Rock Slide|p1a: Charizard
|-supereffective|p1a: Charizard
|-damage|p1a: Charizard|107\/306
|-damage|p2a: Rhydon|220\/328 brn|[from] brn|[of] p1a: Charizard
|
|turn|24
|j|trueWario
|choice|switch 3|move Rock Slide
|
|switch|p1a: Electabuzz|Electabuzz, L85|182\/284 par
|move|p2a: Rhydon|Rock Slide|p1a: Electabuzz
|-damage|p1a: Electabuzz|126\/284 par
|-damage|p2a: Rhydon|200\/328 brn|[from] brn|[of] p1a: Electabuzz
|
|turn|25
|choice|move 2|move Body Slam
|
|move|p2a: Rhydon|Body Slam|p1a: Electabuzz
|-damage|p1a: Electabuzz|82\/284 par
|-damage|p2a: Rhydon|180\/328 brn|[from] brn|[of] p1a: Electabuzz
|move|p1a: Electabuzz|Psychic|p2a: Rhydon
|-damage|p2a: Rhydon|94\/328 brn
|
|turn|26
|choice|move 2|move Earthquake
|
|move|p2a: Rhydon|Earthquake|p1a: Electabuzz
|-supereffective|p1a: Electabuzz
|-damage|p1a: Electabuzz|0 fnt
|faint|p1a: Electabuzz
|choice|switch 3|
|
|switch|p1a: Charizard|Charizard, L85|107\/306
|turn|27
|choice|move 1|move Rock Slide
|
|move|p1a: Charizard|Earthquake|p2a: Rhydon
|-supereffective|p2a: Rhydon
|-damage|p2a: Rhydon|0 fnt
|faint|p2a: Rhydon
|choice||switch 4
|
|switch|p2a: Tauros|Tauros, L79|280\/280
|turn|28
|choice|move 4|move Body Slam
|
|move|p1a: Charizard|Fire Blast|p2a: Tauros
|-damage|p2a: Tauros|128\/280
|move|p2a: Tauros|Body Slam|p1a: Charizard
|-damage|p1a: Charizard|22\/306
|-status|p1a: Charizard|par
|
|turn|29
|c|★Daddy's Milk|u and those paras every fuckin time
|choice|move 2|move Body Slam
|
|move|p2a: Tauros|Body Slam|p1a: Charizard
|-damage|p1a: Charizard|0 fnt
|faint|p1a: Charizard
|choice|switch 5|
|
|switch|p1a: Voltorb|Voltorb, L96|272\/272
|turn|30
|j|the jews
|c|★Pokeramos|Hahahaha
|c| the jews|yo wario
|c| the jews|check the rank
|choice|move 3|move Earthquake
|
|move|p1a: Voltorb|Thunderbolt|p2a: Tauros
|-damage|p2a: Tauros|20\/280
|move|p2a: Tauros|Earthquake|p1a: Voltorb
|-supereffective|p1a: Voltorb
|-damage|p1a: Voltorb|114\/272
|
|turn|31
|c| trueWario|hi
|choice|move 3|move Earthquake
|
|move|p1a: Voltorb|Thunderbolt|p2a: Tauros
|-damage|p2a: Tauros|0 fnt
|faint|p2a: Tauros
|choice||switch 6
|
|switch|p2a: Articuno|Articuno, L79|108\/304 par
|turn|32
|c| the jews|im comin
|c| trueWario|uau
|c| trueWario|continue like this
|choice|move 3|move Blizzard
|
|move|p1a: Voltorb|Thunderbolt|p2a: Articuno
|-supereffective|p2a: Articuno
|-damage|p2a: Articuno|0 fnt
|faint|p2a: Articuno
|
|win|Daddy's Milk
|player|p1
|player|p2
|raw|Daddy&apos;s Milk's rating: 1454 &rarr; <strong>1469<\/strong><br \/>(+15 for winning)
|raw|Pokeramos's rating: 1360 &rarr; <strong>1346<\/strong><br \/>(-14 for losing)