|j|shadowist
|j|bishi88
|player|p1|shadowist|269
|player|p2|bishi88|92
|gametype|singles
|gen|1
|tier|[Gen 1] Random Battle
|rated
|seed|19207,21797,51338,65208
|rule|Sleep Clause Mod: Limit one foe put to sleep
|rule|Freeze Clause Mod: Limit one foe frozen
|rule|HP Percentage Mod: HP is shown in percentages
|
|start
|switch|p1a: Seaking|Seaking, L90|327\/327
|switch|p2a: Hitmonlee|Hitmonlee, L90|273\/273
|turn|1
|choice|move 4|switch 4
|
|switch|p2a: Zapdos|Zapdos, L79|304\/304
|move|p1a: Seaking|Double-Edge|p2a: Zapdos
|-crit|p2a: Zapdos
|-damage|p2a: Zapdos|131\/304
|-damage|p1a: Seaking|284\/327|[from] recoil|[of] p2a: Zapdos
|
|turn|2
|choice|switch 4|move Thunderbolt
|
|switch|p1a: Electabuzz|Electabuzz, L85|284\/284
|move|p2a: Zapdos|Thunderbolt|p1a: Electabuzz
|-crit|p1a: Electabuzz
|-resisted|p1a: Electabuzz
|-damage|p1a: Electabuzz|178\/284
|
|turn|3
|choice|move 2|switch 6
|
|switch|p2a: Rhydon|Rhydon, L79|328\/328
|move|p1a: Electabuzz|Thunder Wave|p2a: Rhydon
|-immune|p2a: Rhydon|[msg]
|
|turn|4
|choice|switch 2|move Earthquake
|
|switch|p1a: Dewgong|Dewgong, L85|327\/327
|move|p2a: Rhydon|Earthquake|p1a: Dewgong
|-damage|p1a: Dewgong|216\/327
|
|turn|5
|choice|move 2|switch 4
|
|switch|p2a: Hitmonlee|Hitmonlee, L90|273\/273
|move|p1a: Dewgong|Blizzard|p2a: Hitmonlee
|-damage|p2a: Hitmonlee|66\/273
|
|turn|6
|choice|switch 6|move Seismic Toss
|
|switch|p1a: Zapdos|Zapdos, L79|304\/304
|move|p2a: Hitmonlee|Seismic Toss|p1a: Zapdos
|-damage|p1a: Zapdos|214\/304
|
|turn|7
|choice|move 1|switch 4
|
|switch|p2a: Rhydon|Rhydon, L79|328\/328
|move|p1a: Zapdos|Drill Peck|p2a: Rhydon
|-resisted|p2a: Rhydon
|-damage|p2a: Rhydon|296\/328
|
|turn|8
|choice|switch 4|move Rock Slide
|
|switch|p1a: Seaking|Seaking, L90|284\/327
|move|p2a: Rhydon|Rock Slide|p1a: Seaking
|-damage|p1a: Seaking|190\/327
|
|turn|9
|choice|move 1|switch 6
|
|switch|p2a: Zapdos|Zapdos, L79|131\/304
|move|p1a: Seaking|Blizzard|p2a: Zapdos
|-supereffective|p2a: Zapdos
|-damage|p2a: Zapdos|0 fnt
|faint|p2a: Zapdos
|choice||switch 2
|
|switch|p2a: Ditto|Ditto, L99|296\/296
|turn|10
|choice|move 2|move Transform
|
|move|p1a: Seaking|Surf|p2a: Ditto
|-damage|p2a: Ditto|181\/296
|move|p2a: Ditto|Transform|p1a: Seaking
|-transform|p2a: Ditto|p1a: Seaking
|
|turn|11
|choice|switch 2|move Hyper Beam
|
|switch|p1a: Electabuzz|Electabuzz, L85|178\/284
|move|p2a: Ditto|Hyper Beam|p1a: Electabuzz|[miss]
|-miss|p2a: Ditto
|
|turn|12
|choice|move 4|switch 6
|
|switch|p2a: Rhydon|Rhydon, L79|296\/328
|move|p1a: Electabuzz|Psychic|p2a: Rhydon
|-damage|p2a: Rhydon|200\/328
|
|turn|13
|choice|switch 2|move Rock Slide
|
|switch|p1a: Seaking|Seaking, L90|190\/327
|move|p2a: Rhydon|Rock Slide|p1a: Seaking
|-damage|p1a: Seaking|92\/327
|
|turn|14
|choice|move 2|switch 6
|
|switch|p2a: Ditto|Ditto, L99|181\/296
|move|p1a: Seaking|Surf|p2a: Ditto
|-damage|p2a: Ditto|68\/296
|
|turn|15
|choice|move 2|move Transform
|
|move|p1a: Seaking|Surf|p2a: Ditto
|-damage|p2a: Ditto|0 fnt
|faint|p2a: Ditto
|choice||switch 5
|
|switch|p2a: Tauros|Tauros, L79|280\/280
|turn|16
|choice|move 2|move Body Slam
|
|move|p2a: Tauros|Body Slam|p1a: Seaking
|-damage|p1a: Seaking|6\/327
|move|p1a: Seaking|Surf|p2a: Tauros
|-damage|p2a: Tauros|165\/280
|
|turn|17
|choice|move 1|move Body Slam
|
|move|p2a: Tauros|Body Slam|p1a: Seaking
|-crit|p1a: Seaking
|-damage|p1a: Seaking|0 fnt
|faint|p1a: Seaking
|choice|switch 5|
|
|switch|p1a: Mr. Mime|Mr. Mime, L85|242\/242
|turn|18
|choice|move 2|move Earthquake
|
|move|p2a: Tauros|Earthquake|p1a: Mr. Mime
|-damage|p1a: Mr. Mime|172\/242
|move|p1a: Mr. Mime|Thunder Wave|p2a: Tauros
|-status|p2a: Tauros|par
|
|turn|19
|choice|move 1|move Blizzard
|
|move|p1a: Mr. Mime|Psychic|p2a: Tauros
|-damage|p2a: Tauros|43\/280 par
|move|p2a: Tauros|Blizzard|p1a: Mr. Mime
|-damage|p1a: Mr. Mime|117\/242
|
|turn|20
|choice|move 1|move Hyper Beam
|
|move|p1a: Mr. Mime|Psychic|p2a: Tauros
|-crit|p2a: Tauros
|-damage|p2a: Tauros|0 fnt
|faint|p2a: Tauros
|choice||switch 3
|
|switch|p2a: Mewtwo|Mewtwo, L70|293\/293
|turn|21
|choice|move 2|move Thunder Wave
|
|move|p2a: Mewtwo|Thunder Wave|p1a: Mr. Mime
|-status|p1a: Mr. Mime|par
|cant|p1a: Mr. Mime|par
|
|turn|22
|choice|move 2|move Ice Beam
|
|move|p2a: Mewtwo|Ice Beam|p1a: Mr. Mime
|-damage|p1a: Mr. Mime|58\/242 par
|move|p1a: Mr. Mime|Thunder Wave|p2a: Mewtwo
|-status|p2a: Mewtwo|par
|
|turn|23
|choice|move 4|move Barrier
|
|move|p2a: Mewtwo|Barrier|p2a: Mewtwo
|-boost|p2a: Mewtwo|def|2
|move|p1a: Mr. Mime|Thunderbolt|p2a: Mewtwo
|-damage|p2a: Mewtwo|238\/293 par
|
|turn|24
|choice|move 3|move Ice Beam
|
|cant|p2a: Mewtwo|par
|move|p1a: Mr. Mime|Seismic Toss|p2a: Mewtwo
|-damage|p2a: Mewtwo|153\/293 par
|
|turn|25
|choice|move 3|move Ice Beam
|
|move|p2a: Mewtwo|Ice Beam|p1a: Mr. Mime
|-damage|p1a: Mr. Mime|0 fnt
|faint|p1a: Mr. Mime
|choice|switch 2|
|
|switch|p1a: Electabuzz|Electabuzz, L85|178\/284
|turn|26
|choice|move 1|move Psychic
|
|move|p1a: Electabuzz|Seismic Toss|p2a: Mewtwo
|-damage|p2a: Mewtwo|68\/293 par
|cant|p2a: Mewtwo|par
|
|turn|27
|choice|move 1|move Psychic
|
|move|p1a: Electabuzz|Seismic Toss|p2a: Mewtwo
|-damage|p2a: Mewtwo|0 fnt
|faint|p2a: Mewtwo
|choice||switch 6
|
|switch|p2a: Rhydon|Rhydon, L79|200\/328
|turn|28
|choice|move 4|move Earthquake
|
|move|p1a: Electabuzz|Psychic|p2a: Rhydon
|-crit|p2a: Rhydon
|-damage|p2a: Rhydon|18\/328
|move|p2a: Rhydon|Earthquake|p1a: Electabuzz
|-supereffective|p1a: Electabuzz
|-damage|p1a: Electabuzz|0 fnt
|faint|p1a: Electabuzz
|choice|switch 6|
|
|switch|p1a: Dewgong|Dewgong, L85|216\/327
|turn|29
|choice|move 1|move Body Slam
|
|move|p1a: Dewgong|Surf|p2a: Rhydon
|-supereffective|p2a: Rhydon
|-damage|p2a: Rhydon|0 fnt
|faint|p2a: Rhydon
|choice||switch 4
|
|switch|p2a: Hitmonlee|Hitmonlee, L90|66\/273
|turn|30
|choice|move 1|move High Jump Kick
|
|move|p2a: Hitmonlee|High Jump Kick|p1a: Dewgong
|-supereffective|p1a: Dewgong
|-damage|p1a: Dewgong|0 fnt
|faint|p1a: Dewgong
|choice|switch 4|
|
|switch|p1a: Zapdos|Zapdos, L79|214\/304
|turn|31
|choice|move 1|move Body Slam
|
|move|p2a: Hitmonlee|Body Slam|p1a: Zapdos
|-damage|p1a: Zapdos|121\/304
|move|p1a: Zapdos|Drill Peck|p2a: Hitmonlee
|-supereffective|p2a: Hitmonlee
|-damage|p2a: Hitmonlee|0 fnt
|faint|p2a: Hitmonlee
|
|win|shadowist