|j|condog209
|j|Dazmi
|player|p1|condog209|170
|player|p2|Dazmi|256
|gametype|singles
|gen|1
|tier|[Gen 1] OU
|rated
|seed|
|rule|Sleep Clause Mod: Limit one foe put to sleep
|rule|Freeze Clause Mod: Limit one foe frozen
|rule|Species Clause: Limit one of each Pokémon
|rule|OHKO Clause: OHKO moves are banned
|rule|Evasion Moves Clause: Evasion moves are banned
|rule|HP Percentage Mod: HP is shown in percentages
|
|start
|switch|p1a: Tauros|Tauros|100\/100
|switch|p2a: Starmie|Starmie|100\/100
|turn|1
|choice||
|
|move|p2a: Starmie|Blizzard|p1a: Tauros
|-damage|p1a: Tauros|67\/100
|move|p1a: Tauros|Body Slam|p2a: Starmie
|-damage|p2a: Starmie|65\/100
|-status|p2a: Starmie|par
|
|turn|2
|choice||
|
|move|p1a: Tauros|Body Slam|p2a: Starmie
|-damage|p2a: Starmie|28\/100 par
|move|p2a: Starmie|Blizzard|p1a: Tauros
|-crit|p1a: Tauros
|-damage|p1a: Tauros|7\/100
|-status|p1a: Tauros|frz
|
|turn|3
|choice||
|
|cant|p1a: Tauros|frz
|cant|p2a: Starmie|par
|
|turn|4
|choice||
|
|cant|p1a: Tauros|frz
|move|p2a: Starmie|Recover|p2a: Starmie
|-heal|p2a: Starmie|78\/100 par
|
|turn|5
|choice||
|
|cant|p1a: Tauros|frz
|move|p2a: Starmie|Recover|p2a: Starmie
|-heal|p2a: Starmie|100\/100 par
|
|turn|6
|choice||
|
|cant|p1a: Tauros|frz
|move|p2a: Starmie|Psychic|p1a: Tauros
|-crit|p1a: Tauros
|-damage|p1a: Tauros|0 fnt
|faint|p1a: Tauros
|choice||
|
|switch|p1a: Chansey|Chansey|100\/100
|turn|7
|choice||
|
|switch|p2a: Snorlax|Snorlax|100\/100
|move|p1a: Chansey|Thunder|p2a: Snorlax
|-damage|p2a: Snorlax|77\/100
|
|turn|8
|choice||
|
|move|p1a: Chansey|Psychic|p2a: Snorlax
|-damage|p2a: Snorlax|60\/100
|-unboost|p2a: Snorlax|spd|1
|-unboost|p2a: Snorlax|spa|1
|move|p2a: Snorlax|Body Slam|p1a: Chansey
|-damage|p1a: Chansey|58\/100
|
|turn|9
|choice||
|
|move|p1a: Chansey|Soft-Boiled|p1a: Chansey
|-heal|p1a: Chansey|100\/100
|move|p2a: Snorlax|Self-Destruct|p1a: Chansey
|-damage|p1a: Chansey|0 fnt
|faint|p1a: Chansey
|faint|p2a: Snorlax
|choice||
|
|switch|p2a: Starmie|Starmie|100\/100 par
|switch|p1a: Persian|Persian|100\/100
|turn|10
|choice||
|
|move|p1a: Persian|Slash|p2a: Starmie
|-crit|p2a: Starmie
|-damage|p2a: Starmie|66\/100 par
|move|p2a: Starmie|Blizzard|p1a: Persian
|-crit|p1a: Persian
|-damage|p1a: Persian|30\/100
|
|turn|11
|choice||
|
|move|p1a: Persian|Fury Swipes|p2a: Starmie
|-damage|p2a: Starmie|60\/100 par
|-damage|p2a: Starmie|54\/100 par
|-damage|p2a: Starmie|49\/100 par
|-hitcount|p2a: Starmie|3
|move|p2a: Starmie|Psychic|p1a: Persian
|-crit|p1a: Persian
|-damage|p1a: Persian|0 fnt
|faint|p1a: Persian
|choice||
|
|switch|p1a: Gengar|Gengar|100\/100
|turn|12
|choice||
|
|move|p1a: Gengar|Night Shade|p2a: Starmie
|-damage|p2a: Starmie|18\/100 par
|move|p2a: Starmie|Psychic|p1a: Gengar
|-crit|p1a: Gengar
|-supereffective|p1a: Gengar
|-damage|p1a: Gengar|0 fnt
|faint|p1a: Gengar
|choice||
|
|switch|p1a: Snorlax|Snorlax|100\/100
|turn|13
|choice||
|
|switch|p2a: Chansey|Chansey|100\/100
|move|p1a: Snorlax|Earthquake|p2a: Chansey
|-damage|p2a: Chansey|72\/100
|
|turn|14
|choice||
|
|move|p1a: Snorlax|Earthquake|p2a: Chansey
|-damage|p2a: Chansey|45\/100
|move|p2a: Chansey|Counter|p1a: Snorlax
|-fail|p2a: Chansey
|
|turn|15
|choice||
|
|move|p2a: Chansey|Soft-Boiled|p2a: Chansey
|-heal|p2a: Chansey|95\/100
|move|p1a: Snorlax|Earthquake|p2a: Chansey
|-crit|p2a: Chansey
|-damage|p2a: Chansey|43\/100
|
|turn|16
|choice||
|
|move|p2a: Chansey|Thunder Wave|p1a: Snorlax
|-status|p1a: Snorlax|par
|move|p1a: Snorlax|Earthquake|p2a: Chansey
|-damage|p2a: Chansey|15\/100
|
|turn|17
|choice||
|
|move|p2a: Chansey|Soft-Boiled|p2a: Chansey
|-heal|p2a: Chansey|65\/100
|move|p1a: Snorlax|Earthquake|p2a: Chansey
|-damage|p2a: Chansey|36\/100
|
|turn|18
|choice||
|
|move|p2a: Chansey|Soft-Boiled|p2a: Chansey
|-heal|p2a: Chansey|86\/100
|cant|p1a: Snorlax|par
|
|turn|19
|choice||
|
|switch|p2a: Exeggutor|Exeggutor|100\/100
|move|p1a: Snorlax|Earthquake|p2a: Exeggutor
|-resisted|p2a: Exeggutor
|-damage|p2a: Exeggutor|91\/100
|
|turn|20
|choice||
|
|move|p2a: Exeggutor|Psychic|p1a: Snorlax
|-damage|p1a: Snorlax|71\/100 par
|cant|p1a: Snorlax|par
|
|turn|21
|choice||
|
|move|p2a: Exeggutor|Psychic|p1a: Snorlax
|-damage|p1a: Snorlax|37\/100 par
|move|p1a: Snorlax|Rock Slide|p2a: Exeggutor
|-damage|p2a: Exeggutor|77\/100
|
|turn|22
|choice||
|
|move|p2a: Exeggutor|Psychic|p1a: Snorlax
|-damage|p1a: Snorlax|5\/100 par
|move|p1a: Snorlax|Earthquake|p2a: Exeggutor
|-resisted|p2a: Exeggutor
|-damage|p2a: Exeggutor|68\/100
|
|turn|23
|choice||
|
|move|p2a: Exeggutor|Psychic|p1a: Snorlax
|-damage|p1a: Snorlax|0 fnt
|faint|p1a: Snorlax
|choice||
|
|switch|p1a: Primeape|Primeape|100\/100
|turn|24
|choice||
|
|move|p1a: Primeape|Low Kick|p2a: Exeggutor
|-resisted|p2a: Exeggutor
|-damage|p2a: Exeggutor|62\/100
|move|p2a: Exeggutor|Explosion|p1a: Primeape
|-damage|p1a: Primeape|0 fnt
|faint|p1a: Primeape
|faint|p2a: Exeggutor
|
|win|Dazmi
|player|p1
|player|p2
|raw|condog209's rating: 1077 &rarr; <strong>1065<\/strong><br \/>(-12 for losing)
|raw|Dazmi's rating: 1244 &rarr; <strong>1258<\/strong><br \/>(+14 for winning)