|join|marcoasd
|join|Piexplode
|player|p1|marcoasd|266
|player|p2|Piexplode|32
|gametype|singles
|gen|1
|tier|[Gen 1] OU (beta)
|rule|Sleep Clause Mod: Limit one foe put to sleep
|rule|Species Clause: Limit one of each Pokémon
|rule|OHKO Clause: OHKO moves are banned
|rule|Evasion Moves Clause: Evasion moves are banned
|rule|HP Percentage Mod: HP is shown in percentages
|
|start
|switch|p1a: Cubone|Cubone, L5|24\/24
|switch|p2a: Ekans|Ekans, L5|23\/23
|turn|1
|c|★Piexplode|gl hf
|c|★Piexplode|nice antilead
|c|★marcoasd|neutral luck etc etc asd
|c|★Piexplode|been a while since I've palyed this
|c|★marcoasd|yeah me too
|
|switch|p2a: Zubat|Zubat, L5|23\/23
|move|p1a: Cubone|Blizzard|p2a: Zubat
|-supereffective|p2a: Zubat
|-damage|p2a: Zubat|2\/23
|
|turn|2
|c|★Piexplode|#gotpredicted
|c|★marcoasd|hehe
|
|switch|p1a: Ekans|Ekans, L5|23\/23
|move|p2a: Zubat|Confuse Ray|p1a: Ekans
|-start|p1a: Ekans|confusion
|
|turn|3
|
|switch|p1a: Nidoran-M|Nidoran-M, L5|24\/24
|move|p2a: Zubat|Mimic|p1a: Nidoran-M
|-start|p2a: Zubat|Mimic|Body Slam
|
|turn|4
|
|move|p2a: Zubat|Body Slam|p1a: Nidoran-M
|-damage|p1a: Nidoran-M|16\/24
|-status|p1a: Nidoran-M|par
|move|p1a: Nidoran-M|Body Slam|p2a: Zubat
|-crit|p2a: Zubat
|-damage|p2a: Zubat|0 fnt
|faint|p2a: Zubat
|c|★Piexplode|:]
|c|★marcoasd|asd
|c|★marcoasd|nidoran is garb
|
|switch|p2a: Venonat|Venonat, L5|25\/25
|turn|5
|c|★Piexplode|zubat is better y\/n
|c|★Piexplode|;)
|c|★marcoasd|asd
|c|★marcoasd|maybe yes
|
|move|p2a: Venonat|Psychic|p1a: Nidoran-M
|-supereffective|p1a: Nidoran-M
|-damage|p1a: Nidoran-M|0 fnt
|faint|p1a: Nidoran-M
|
|switch|p1a: Ekans|Ekans, L5|23\/23
|turn|6
|
|switch|p2a: Cubone|Cubone, L5|24\/24
|move|p1a: Ekans|Glare|p2a: Cubone
|-status|p2a: Cubone|par
|
|turn|7
|
|switch|p1a: Venonat|Venonat, L5|25\/25
|move|p2a: Cubone|Earthquake|p1a: Venonat
|-damage|p1a: Venonat|12\/25
|
|turn|8
|
|move|p1a: Venonat|Mega Drain|p2a: Cubone
|-supereffective|p2a: Cubone
|-damage|p2a: Cubone|16\/24 par
|-heal|p1a: Venonat|16\/25|[from] drain|[of] p2a: Cubone
|move|p2a: Cubone|Fire Blast|p1a: Venonat
|-supereffective|p1a: Venonat
|-damage|p1a: Venonat|0 fnt
|faint|p1a: Venonat
|c|★Piexplode|:p
|c|★marcoasd|uh
|c|★marcoasd|not calcing 
|c|★Piexplode|lol
|c|★Piexplode|nor am I
|
|switch|p1a: Goldeen|Goldeen, L5|24\/24
|turn|9
|
|switch|p2a: Venonat|Venonat, L5|25\/25
|move|p1a: Goldeen|Double-Edge|p2a: Venonat
|-damage|p2a: Venonat|16\/25
|-damage|p1a: Goldeen|22\/24|[from] recoil|[of] p2a: Venonat
|
|turn|10
|
|move|p1a: Goldeen|Double-Edge|p2a: Venonat
|-damage|p2a: Venonat|6\/25
|-damage|p1a: Goldeen|19\/24|[from] recoil|[of] p2a: Venonat
|move|p2a: Venonat|Sleep Powder|p1a: Goldeen|[miss]
|-miss|p2a: Venonat
|
|turn|11
|c|★Piexplode|ouch
|c|★marcoasd|uh surf does more
|c|★marcoasd|it's not grass
|c|★marcoasd|lol
|c|★Piexplode|lol
|
|switch|p2a: Goldeen|Goldeen, L5|24\/24
|move|p1a: Goldeen|Surf|p2a: Goldeen
|-resisted|p2a: Goldeen
|-damage|p2a: Goldeen|19\/24
|
|turn|12
|
|switch|p1a: Jigglypuff|Jigglypuff, L5|31\/31
|move|p2a: Goldeen|Double-Edge|p1a: Jigglypuff
|-damage|p1a: Jigglypuff|19\/31
|-damage|p2a: Goldeen|16\/24|[from] recoil|[of] p1a: Jigglypuff
|
|turn|13
|
|move|p2a: Goldeen|Surf|p1a: Jigglypuff
|-damage|p1a: Jigglypuff|6\/31
|move|p1a: Jigglypuff|Thunder Wave|p2a: Goldeen
|-status|p2a: Goldeen|par
|
|turn|14
|
|move|p1a: Jigglypuff|Psychic|p2a: Goldeen
|-damage|p2a: Goldeen|9\/24 par
|cant|p2a: Goldeen|par
|
|turn|15
|
|move|p1a: Jigglypuff|Psychic|p2a: Goldeen
|-damage|p2a: Goldeen|2\/24 par
|move|p2a: Goldeen|Surf|p1a: Jigglypuff
|-damage|p1a: Jigglypuff|0 fnt
|faint|p1a: Jigglypuff
|
|switch|p1a: Ekans|Ekans, L5|23\/23
|turn|16
|
|move|p1a: Ekans|Body Slam|p2a: Goldeen
|-damage|p2a: Goldeen|0 fnt
|faint|p2a: Goldeen
|
|switch|p2a: Cubone|Cubone, L5|16\/24 par
|turn|17
|
|switch|p1a: Cubone|Cubone, L5|24\/24
|move|p2a: Cubone|Earthquake|p1a: Cubone
|-damage|p1a: Cubone|16\/24
|
|turn|18
|
|switch|p2a: Jigglypuff|Jigglypuff, L5|31\/31
|move|p1a: Cubone|Blizzard|p2a: Jigglypuff
|-damage|p2a: Jigglypuff|21\/31
|
|turn|19
|
|move|p1a: Cubone|Earthquake|p2a: Jigglypuff
|-damage|p2a: Jigglypuff|5\/31
|move|p2a: Jigglypuff|Blizzard|p1a: Cubone
|-supereffective|p1a: Cubone
|-damage|p1a: Cubone|0 fnt
|faint|p1a: Cubone
|
|switch|p1a: Goldeen|Goldeen, L5|19\/24
|turn|20
|
|switch|p2a: Venonat|Venonat, L5|6\/25
|move|p1a: Goldeen|Surf|p2a: Venonat
|-damage|p2a: Venonat|0 fnt
|faint|p2a: Venonat
|
|switch|p2a: Ekans|Ekans, L5|23\/23
|turn|21
|c|★Piexplode|this is tight ;)
|c|★marcoasd|hehe
|
|switch|p1a: Ekans|Ekans, L5|23\/23
|move|p2a: Ekans|Glare|p1a: Ekans|[miss]
|-miss|p2a: Ekans
|
|turn|22
|
|switch|p2a: Cubone|Cubone, L5|16\/24 par
|move|p1a: Ekans|Earthquake|p2a: Cubone
|-damage|p2a: Cubone|9\/24 par
|
|turn|23
|
|switch|p1a: Goldeen|Goldeen, L5|19\/24
|switch|p2a: Ekans|Ekans, L5|23\/23
|
|turn|24
|
|switch|p1a: Ekans|Ekans, L5|23\/23
|move|p2a: Ekans|Glare|p1a: Ekans|[miss]
|-miss|p2a: Ekans
|
|turn|25
|c|★marcoasd|mèh
|c|★Piexplode|!_!
|
|move|p2a: Ekans|Glare|p1a: Ekans
|-status|p1a: Ekans|par
|move|p1a: Ekans|Earthquake|p2a: Ekans
|-crit|p2a: Ekans
|-supereffective|p2a: Ekans
|-damage|p2a: Ekans|0 fnt
|faint|p2a: Ekans
|c|★Piexplode|!_!_!_!_!_!_
|c|★Piexplode|!
|c|★Piexplode|gg
|c|★marcoasd|gg since it hits
|
|switch|p2a: Cubone|Cubone, L5|9\/24 par
|turn|26
|
|cant|p1a: Ekans|par
|move|p2a: Cubone|Earthquake|p1a: Ekans
|-supereffective|p1a: Ekans
|-damage|p1a: Ekans|0 fnt
|faint|p1a: Ekans
|
|switch|p1a: Goldeen|Goldeen, L5|19\/24
|turn|27
|
|move|p1a: Goldeen|Surf|p2a: Cubone
|-supereffective|p2a: Cubone
|-damage|p2a: Cubone|0 fnt
|faint|p2a: Cubone
|
|switch|p2a: Jigglypuff|Jigglypuff, L5|5\/31
|turn|28
|
|move|p1a: Goldeen|Surf|p2a: Jigglypuff
|-damage|p2a: Jigglypuff|0 fnt
|faint|p2a: Jigglypuff
|
|win|marcoasd
|c|★Piexplode|those glare misses; gg
|c|★Piexplode|g2