|join|MALESANI
|join|johnnyke9
|player|p1|MALESANI|238
|player|p2|johnnyke9|102
|gametype|singles
|gen|1
|tier|[Gen 1] Random Battle
|rated
|seed|51240,61986,36268,10885
|rule|Sleep Clause Mod: Limit one foe put to sleep
|rule|Freeze Clause Mod: Limit one foe frozen
|rule|HP Percentage Mod: HP is shown in percentages
|
|start
|switch|p1a: Arcanine|Arcanine, L85|327\/327
|switch|p2a: Mew|Mew, L74|300\/300
|turn|1
|choice|move 3|switch 5
|
|switch|p2a: Seaking|Seaking, L90|327\/327
|move|p1a: Arcanine|Body Slam|p2a: Seaking
|-damage|p2a: Seaking|248\/327
|
|turn|2
|choice|switch 3|move 4
|
|switch|p1a: Clefable|Clefable, L85|335\/335
|move|p2a: Seaking|Surf|p1a: Clefable
|-damage|p1a: Clefable|237\/335
|
|turn|3
|choice|move 1|move 4
|
|move|p2a: Seaking|Surf|p1a: Clefable
|-damage|p1a: Clefable|139\/335
|move|p1a: Clefable|Thunder Wave|p2a: Seaking
|-status|p2a: Seaking|par
|
|turn|4
|choice|move 4|move 4
|
|move|p1a: Clefable|Thunder|p2a: Seaking
|-crit|p2a: Seaking
|-supereffective|p2a: Seaking
|-damage|p2a: Seaking|0 fnt
|faint|p2a: Seaking
|choice||switch 2
|
|switch|p2a: Meowth|Meowth, L96|272\/272
|turn|5
|choice|move 1|move 1
|
|move|p2a: Meowth|Slash|p1a: Clefable
|-crit|p1a: Clefable
|-damage|p1a: Clefable|0 fnt
|faint|p1a: Clefable
|choice|switch 2|
|
|switch|p1a: Pinsir|Pinsir, L85|284\/284
|turn|6
|choice|move 4|move 1
|
|move|p2a: Meowth|Slash|p1a: Pinsir
|-crit|p1a: Pinsir
|-damage|p1a: Pinsir|169\/284
|move|p1a: Pinsir|Body Slam|p2a: Meowth
|-damage|p2a: Meowth|160\/272
|
|turn|7
|choice|move 3|move 1
|
|move|p2a: Meowth|Slash|p1a: Pinsir
|-crit|p1a: Pinsir
|-damage|p1a: Pinsir|68\/284
|move|p1a: Pinsir|Submission|p2a: Meowth
|-supereffective|p2a: Meowth
|-damage|p2a: Meowth|0 fnt
|-damage|p1a: Pinsir|28\/284|[from] recoil|[of] p2a: Meowth
|faint|p2a: Meowth
|choice||switch 3
|
|switch|p2a: Eevee|Eevee, L96|300\/300
|turn|8
|choice|move 1|move 1
|
|move|p1a: Pinsir|Hyper Beam|p2a: Eevee
|-crit|p2a: Eevee
|-damage|p2a: Eevee|0 fnt
|faint|p2a: Eevee
|choice||switch 6
|
|switch|p2a: Haunter|Haunter, L85|250\/250
|turn|9
|choice|move 4|move 4
|
|move|p2a: Haunter|Thunderbolt|p1a: Pinsir
|-damage|p1a: Pinsir|0 fnt
|faint|p1a: Pinsir
|choice|switch 5|
|
|switch|p1a: Dugtrio|Dugtrio, L85|233\/233
|turn|10
|choice|move 1|move 1
|
|move|p1a: Dugtrio|Earthquake|p2a: Haunter
|-supereffective|p2a: Haunter
|-damage|p2a: Haunter|0 fnt
|faint|p2a: Haunter
|choice||switch 4
|
|switch|p2a: Aerodactyl|Aerodactyl, L90|327\/327
|turn|11
|choice|switch 6|move 4
|
|switch|p1a: Snorlax|Snorlax, L79|415\/415
|move|p2a: Aerodactyl|Hyper Beam|p1a: Snorlax
|-damage|p1a: Snorlax|260\/415
|
|turn|12
|-mustrecharge|p2a: Aerodactyl
|-mustrecharge|p2a: Aerodactyl
|choice|move 2|move 1
|
|cant|p2a: Aerodactyl|recharge
|move|p1a: Snorlax|Blizzard|p2a: Aerodactyl
|-supereffective|p2a: Aerodactyl
|-damage|p2a: Aerodactyl|193\/327
|
|turn|13
|choice|move 2|move 3
|
|move|p2a: Aerodactyl|Reflect|p2a: Aerodactyl
|-start|p2a: Aerodactyl|Reflect
|move|p1a: Snorlax|Blizzard|p2a: Aerodactyl
|-supereffective|p2a: Aerodactyl
|-damage|p2a: Aerodactyl|45\/327
|
|turn|14
|choice|move 4|move 2
|
|move|p2a: Aerodactyl|Double-Edge|p1a: Snorlax
|-damage|p1a: Snorlax|149\/415
|-damage|p2a: Aerodactyl|18\/327|[from] recoil|[of] p1a: Snorlax
|move|p1a: Snorlax|Hyper Beam|p2a: Aerodactyl
|-resisted|p2a: Aerodactyl
|-damage|p2a: Aerodactyl|0 fnt
|faint|p2a: Aerodactyl
|choice||switch 5
|
|switch|p2a: Mew|Mew, L74|300\/300
|turn|15
|choice|move 2|move 3
|
|move|p2a: Mew|Earthquake|p1a: Snorlax
|-damage|p1a: Snorlax|77\/415
|move|p1a: Snorlax|Blizzard|p2a: Mew
|-damage|p2a: Mew|239\/300
|-status|p2a: Mew|frz
|
|turn|16
|choice|switch 4|move 4
|
|switch|p1a: Poliwrath|Poliwrath, L85|327\/327
|cant|p2a: Mew|frz
|
|turn|17
|choice|move 1|move 4
|
|cant|p2a: Mew|frz
|move|p1a: Poliwrath|Amnesia|p1a: Poliwrath
|-boost|p1a: Poliwrath|spd|2
|-boost|p1a: Poliwrath|spa|2
|
|turn|18
|choice|move 2|move 4
|
|cant|p2a: Mew|frz
|move|p1a: Poliwrath|Surf|p2a: Mew
|-damage|p2a: Mew|51\/300 frz
|
|turn|19
|choice|move 4|move 4
|
|cant|p2a: Mew|frz
|move|p1a: Poliwrath|Submission|p2a: Mew
|-resisted|p2a: Mew
|-damage|p2a: Mew|9\/300 frz
|-damage|p1a: Poliwrath|317\/327|[from] recoil|[of] p2a: Mew
|
|turn|20
|choice|move 4|move 4
|
|cant|p2a: Mew|frz
|move|p1a: Poliwrath|Submission|p2a: Mew
|-resisted|p2a: Mew
|-damage|p2a: Mew|0 fnt
|-damage|p1a: Poliwrath|315\/327|[from] recoil|[of] p2a: Mew
|faint|p2a: Mew
|
|win|MALESANI
|raw|MALESANI's rating: 1204 &rarr; <strong>1218<\/strong><br \/>(+14 for winning)
|raw|johnnyke9's rating: 1047 &rarr; <strong>1037<\/strong><br \/>(-10 for losing)