|j|TheVisualNovel
|j|Shulkish Omnislash
|player|p1|TheVisualNovel|279
|player|p2|Shulkish Omnislash|29
|gametype|singles
|gen|1
|tier|[Gen 1] Random Battle
|rated
|seed|34808,17744,52680,12033
|rule|Sleep Clause Mod: Limit one foe put to sleep
|rule|Freeze Clause Mod: Limit one foe frozen
|rule|HP Percentage Mod: HP is shown in percentages
|
|start
|switch|p1a: Flareon|Flareon, L90|300\/300
|switch|p2a: Venusaur|Venusaur, L85|310\/310
|turn|1
|choice|move 4|switch 2
|
|switch|p2a: Lickitung|Lickitung, L90|345\/345
|move|p1a: Flareon|Fire Blast|p2a: Lickitung|[miss]
|-miss|p1a: Flareon
|
|turn|2
|c|★TheVisualNovel|gl hf
|c|★Shulkish Omnislash|you too
|choice|move 4|move 4
|
|move|p1a: Flareon|Fire Blast|p2a: Lickitung
|-damage|p2a: Lickitung|168\/345
|-status|p2a: Lickitung|brn
|move|p2a: Lickitung|Earthquake|p1a: Flareon
|-supereffective|p1a: Flareon
|-damage|p1a: Flareon|235\/300
|-damage|p2a: Lickitung|147\/345 brn|[from] brn|[of] p1a: Flareon
|
|turn|3
|c|★Shulkish Omnislash|-_-
|choice|move 4|switch 4
|
|switch|p2a: Machamp|Machamp, L90|345\/345
|move|p1a: Flareon|Fire Blast|p2a: Machamp|[miss]
|-miss|p1a: Flareon
|
|turn|4
|j|RobertSaget
|choice|switch 2|move 1
|
|switch|p1a: Zapdos|Zapdos, L79|304\/304
|move|p2a: Machamp|Earthquake|p1a: Zapdos
|-immune|p1a: Zapdos|[msg]
|
|turn|5
|choice|move 4|switch 4
|
|switch|p2a: Lickitung|Lickitung, L90|147\/345 brn
|-damage|p2a: Lickitung|126\/345 brn|[from] brn
|move|p1a: Zapdos|Drill Peck|p2a: Lickitung
|-damage|p2a: Lickitung|54\/345 brn
|
|turn|6
|l|RobertSaget
|choice|move 3|move 1
|
|move|p1a: Zapdos|Thunderbolt|p2a: Lickitung
|-damage|p2a: Lickitung|0 fnt
|faint|p2a: Lickitung
|choice||switch 3
|
|switch|p2a: Zapdos|Zapdos, L79|304\/304
|turn|7
|choice|move 1|move 2
|
|move|p2a: Zapdos|Thunderbolt|p1a: Zapdos
|-crit|p1a: Zapdos
|-damage|p1a: Zapdos|129\/304
|move|p1a: Zapdos|Thunder Wave|p2a: Zapdos
|-status|p2a: Zapdos|par
|
|turn|8
|choice|move 3|move 2
|
|move|p1a: Zapdos|Thunderbolt|p2a: Zapdos
|-damage|p2a: Zapdos|221\/304 par
|cant|p2a: Zapdos|par
|
|turn|9
|choice|move 3|move 2
|
|move|p1a: Zapdos|Thunderbolt|p2a: Zapdos
|-damage|p2a: Zapdos|139\/304 par
|move|p2a: Zapdos|Thunderbolt|p1a: Zapdos
|-damage|p1a: Zapdos|37\/304
|
|turn|10
|choice|move 3|move 2
|
|move|p1a: Zapdos|Thunderbolt|p2a: Zapdos
|-damage|p2a: Zapdos|56\/304 par
|cant|p2a: Zapdos|par
|
|turn|11
|choice|move 3|move 2
|
|move|p1a: Zapdos|Thunderbolt|p2a: Zapdos
|-damage|p2a: Zapdos|0 fnt
|faint|p2a: Zapdos
|choice||switch 5
|
|switch|p2a: Jynx|Jynx, L79|265\/265
|turn|12
|choice|move 4|move 3
|
|move|p1a: Zapdos|Drill Peck|p2a: Jynx
|-damage|p2a: Jynx|143\/265
|move|p2a: Jynx|Psychic|p1a: Zapdos
|-damage|p1a: Zapdos|0 fnt
|faint|p1a: Zapdos
|choice|switch 6|
|
|switch|p1a: Charizard|Charizard, L85|306\/306
|turn|13
|choice|move 3|switch 6
|
|switch|p2a: Chansey|Chansey, L79|557\/557
|move|p1a: Charizard|Fire Blast|p2a: Chansey
|-damage|p2a: Chansey|442\/557
|
|turn|14
|choice|move 2|move 4
|
|move|p1a: Charizard|Body Slam|p2a: Chansey
|-damage|p2a: Chansey|285\/557
|move|p2a: Chansey|Thunder Wave|p1a: Charizard
|-status|p1a: Charizard|par
|
|turn|15
|choice|move 2|move 1
|
|move|p2a: Chansey|Soft-Boiled|p2a: Chansey
|-heal|p2a: Chansey|557\/557
|move|p1a: Charizard|Body Slam|p2a: Chansey
|-damage|p2a: Chansey|399\/557
|
|turn|16
|choice|move 2|move 2
|
|move|p1a: Charizard|Body Slam|p2a: Chansey
|-damage|p2a: Chansey|248\/557
|move|p2a: Chansey|Counter|p1a: Charizard
|-damage|p1a: Charizard|4\/306 par
|
|turn|17
|choice|move 4|move 1
|
|move|p2a: Chansey|Soft-Boiled|p2a: Chansey
|-heal|p2a: Chansey|526\/557
|cant|p1a: Charizard|par
|
|turn|18
|choice|move 2|move 3
|
|move|p2a: Chansey|Ice Beam|p1a: Charizard
|-supereffective|p1a: Charizard
|-damage|p1a: Charizard|0 fnt
|faint|p1a: Charizard
|choice|switch 5|
|
|switch|p1a: Hitmonchan|Hitmonchan, L90|273\/273
|turn|19
|choice|move 3|switch 2
|
|switch|p2a: Venusaur|Venusaur, L85|310\/310
|move|p1a: Hitmonchan|Submission|p2a: Venusaur
|-resisted|p2a: Venusaur
|-damage|p2a: Venusaur|262\/310
|-damage|p1a: Hitmonchan|261\/273|[from] recoil|[of] p2a: Venusaur
|
|turn|20
|choice|move 1|move 2
|
|move|p1a: Hitmonchan|Body Slam|p2a: Venusaur
|-crit|p2a: Venusaur
|-damage|p2a: Venusaur|128\/310
|move|p2a: Venusaur|Leech Seed|p1a: Hitmonchan
|-start|p1a: Hitmonchan|move: Leech Seed
|
|turn|21
|choice|move 1|move 4
|
|move|p1a: Hitmonchan|Body Slam|p2a: Venusaur
|-crit|p2a: Venusaur
|-damage|p2a: Venusaur|0 fnt
|faint|p2a: Venusaur
|choice||switch 6
|
|switch|p2a: Jynx|Jynx, L79|143\/265
|turn|22
|choice|move 3|move 3
|
|move|p2a: Jynx|Psychic|p1a: Hitmonchan
|-supereffective|p1a: Hitmonchan
|-damage|p1a: Hitmonchan|11\/273
|-unboost|p1a: Hitmonchan|spd|1
|-unboost|p1a: Hitmonchan|spa|1
|move|p1a: Hitmonchan|Submission|p2a: Jynx
|-damage|p2a: Jynx|0 fnt
|-damage|p1a: Hitmonchan|0 fnt|[from] recoil|[of] p2a: Jynx
|faint|p2a: Jynx
|faint|p1a: Hitmonchan
|choice|switch 3|switch 4
|
|switch|p1a: Golduck|Golduck, L85|310\/310
|switch|p2a: Machamp|Machamp, L90|345\/345
|turn|23
|choice|move 1|move 3
|
|move|p1a: Golduck|Amnesia|p1a: Golduck
|-boost|p1a: Golduck|spd|2
|-boost|p1a: Golduck|spa|2
|move|p2a: Machamp|Submission|p1a: Golduck|[miss]
|-miss|p2a: Machamp
|
|turn|24
|choice|move 1|move 3
|
|move|p1a: Golduck|Amnesia|p1a: Golduck
|-boost|p1a: Golduck|spd|2
|-boost|p1a: Golduck|spa|2
|move|p2a: Machamp|Submission|p1a: Golduck
|-damage|p1a: Golduck|193\/310
|-damage|p2a: Machamp|316\/345|[from] recoil|[of] p1a: Golduck
|
|turn|25
|choice|move 4|move 3
|
|move|p1a: Golduck|Surf|p2a: Machamp
|-damage|p2a: Machamp|1\/345
|move|p2a: Machamp|Submission|p1a: Golduck
|-damage|p1a: Golduck|67\/310
|-damage|p2a: Machamp|0 fnt|[from] recoil|[of] p1a: Golduck
|faint|p2a: Machamp
|choice||switch 2
|
|switch|p2a: Chansey|Chansey, L79|526\/557
|turn|26
|choice|move 4|move 4
|
|move|p1a: Golduck|Surf|p2a: Chansey
|-crit|p2a: Chansey
|-damage|p2a: Chansey|350\/557
|move|p2a: Chansey|Thunder Wave|p1a: Golduck
|-status|p1a: Golduck|par
|
|turn|27
|choice|move 3|move 1
|
|move|p2a: Chansey|Soft-Boiled|p2a: Chansey
|-heal|p2a: Chansey|557\/557
|move|p1a: Golduck|Blizzard|p2a: Chansey
|-damage|p2a: Chansey|329\/557
|
|turn|28
|choice|move 3|move 1
|
|move|p2a: Chansey|Soft-Boiled|p2a: Chansey
|-heal|p2a: Chansey|557\/557
|move|p1a: Golduck|Blizzard|p2a: Chansey
|-damage|p2a: Chansey|346\/557
|
|turn|29
|choice|move 4|move 1
|
|move|p2a: Chansey|Soft-Boiled|p2a: Chansey
|-heal|p2a: Chansey|557\/557
|move|p1a: Golduck|Surf|p2a: Chansey
|-damage|p2a: Chansey|279\/557
|
|turn|30
|choice|move 3|move 1
|
|move|p2a: Chansey|Soft-Boiled|p2a: Chansey
|-heal|p2a: Chansey|557\/557
|move|p1a: Golduck|Blizzard|p2a: Chansey
|-damage|p2a: Chansey|335\/557
|
|turn|31
|choice|move 4|move 3
|
|move|p2a: Chansey|Ice Beam|p1a: Golduck
|-resisted|p1a: Golduck
|-damage|p1a: Golduck|57\/310 par
|move|p1a: Golduck|Surf|p2a: Chansey
|-damage|p2a: Chansey|57\/557
|
|turn|32
|choice|move 4|move 1
|
|move|p2a: Chansey|Soft-Boiled|p2a: Chansey
|-heal|p2a: Chansey|335\/557
|move|p1a: Golduck|Surf|p2a: Chansey
|-damage|p2a: Chansey|88\/557
|
|turn|33
|choice|move 3|move 1
|
|move|p2a: Chansey|Soft-Boiled|p2a: Chansey
|-heal|p2a: Chansey|366\/557
|cant|p1a: Golduck|par
|
|turn|34
|choice|move 3|move 1
|
|move|p2a: Chansey|Soft-Boiled|p2a: Chansey
|-heal|p2a: Chansey|557\/557
|cant|p1a: Golduck|par
|
|turn|35
|choice|move 3|move 3
|
|move|p2a: Chansey|Ice Beam|p1a: Golduck
|-resisted|p1a: Golduck
|-damage|p1a: Golduck|46\/310 par
|move|p1a: Golduck|Blizzard|p2a: Chansey
|-damage|p2a: Chansey|333\/557
|
|turn|36
|choice|move 3|move 1
|
|move|p2a: Chansey|Soft-Boiled|p2a: Chansey
|-heal|p2a: Chansey|557\/557
|cant|p1a: Golduck|par
|
|turn|37
|choice|move 3|move 3
|
|move|p2a: Chansey|Ice Beam|p1a: Golduck
|-resisted|p1a: Golduck
|-damage|p1a: Golduck|36\/310 par
|move|p1a: Golduck|Blizzard|p2a: Chansey
|-damage|p2a: Chansey|322\/557
|
|turn|38
|choice|move 1|move 3
|
|move|p2a: Chansey|Ice Beam|p1a: Golduck
|-resisted|p1a: Golduck
|-damage|p1a: Golduck|26\/310 par
|move|p1a: Golduck|Amnesia|p1a: Golduck
|-boost|p1a: Golduck|spd|2
|-boost|p1a: Golduck|spa|2
|
|turn|39
|choice|move 3|move 1
|
|move|p2a: Chansey|Soft-Boiled|p2a: Chansey
|-heal|p2a: Chansey|557\/557
|move|p1a: Golduck|Blizzard|p2a: Chansey
|-damage|p2a: Chansey|252\/557
|-status|p2a: Chansey|frz
|
|turn|40
|choice|move 4|move 1
|
|cant|p2a: Chansey|frz
|move|p1a: Golduck|Surf|p2a: Chansey
|-damage|p2a: Chansey|0 fnt
|faint|p2a: Chansey
|
|win|TheVisualNovel
|player|p1
|player|p2
|c|★Shulkish Omnislash|gg.....
|raw|TheVisualNovel's rating: 1290 &rarr; <strong>1299<\/strong><br \/>(+9 for winning)
|raw|Shulkish Omnislash's rating: 1030 &rarr; <strong>1025<\/strong><br \/>(-5 for losing)
|c|★TheVisualNovel|gg, i got lucvky
|c|★TheVisualNovel|fucking chansey stall wars though
|c|★TheVisualNovel|every time haha
|c|★Shulkish Omnislash|yep
|l|TheVisualNovel