|join|ashiemore
|join|kid gf lol
|player|p1|ashiemore|277
|player|p2|kid gf lol|168
|gametype|singles
|gen|1
|tier|[Gen 1] OU (beta)
|rule|Sleep Clause Mod: Limit one foe put to sleep
|rule|Species Clause: Limit one of each Pokemon
|rule|OHKO Clause: OHKO moves are banned
|rule|Moody Clause: Moody is banned
|rule|Evasion Moves Clause: Evasion moves are banned
|rule|Endless Battle Clause: Forcing endless battles is banned.
|rule|HP Percentage Mod: HP is reported as percentages
|
|start
|switch|p1a: Jynx|Jynx|333\/333
|switch|p2a: Zam Lead|Alakazam|313\/313
|turn|1
|
|move|p2a: Zam Lead|Seismic Toss|p1a: Jynx
|-damage|p1a: Jynx|233\/333
|move|p1a: Jynx|Lovely Kiss|p2a: Zam Lead
|-status|p2a: Zam Lead|slp
|
|turn|2
|
|switch|p2a: Mr Mime|Jynx|333\/333
|move|p1a: Jynx|Blizzard|p2a: Mr Mime
|-resisted|p2a: Mr Mime
|-damage|p2a: Mr Mime|269\/333
|
|turn|3
|
|move|p1a: Jynx|Psychic|p2a: Mr Mime
|-crit|p2a: Mr Mime
|-resisted|p2a: Mr Mime
|-damage|p2a: Mr Mime|156\/333
|-unboost|p2a: Mr Mime|spd|1
|-unboost|p2a: Mr Mime|spa|1
|move|p2a: Mr Mime|Lovely Kiss|p1a: Jynx
|-status|p1a: Jynx|slp
|
|turn|4
|chat|ashiemore|sleep tight
|
|switch|p2a: Egg Kangaroo|Chansey|703\/703
|switch|p1a: Alakazam|Alakazam|313\/313
|
|turn|5
|
|move|p1a: Alakazam|Psychic|p2a: Egg Kangaroo
|-damage|p2a: Egg Kangaroo|574\/703
|move|p2a: Egg Kangaroo|Reflect|p2a: Egg Kangaroo
|
|turn|6
|
|switch|p1a: Jynx|Jynx|233\/333 slp
|move|p2a: Egg Kangaroo|Light Screen|p2a: Egg Kangaroo
|
|turn|7
|
|cant|p1a: Jynx|slp
|-curestatus|p1a: Jynx|slp
|move|p2a: Egg Kangaroo|Light Screen|p2a: Egg Kangaroo
|-fail|p2a: Egg Kangaroo
|
|turn|8
|chat|ashiemore|lelw0t
|
|switch|p2a: Clamp Bot|Cloyster|303\/303
|move|p1a: Jynx|Blizzard|p2a: Clamp Bot
|-resisted|p2a: Clamp Bot
|-damage|p2a: Clamp Bot|265\/303
|
|turn|9
|chat|kid gf lol|i'm testing something
|chat|kid gf lol|didnt want to para
|chat|kid gf lol|i guess i dont need to sleep early either
|
|move|p1a: Jynx|Psychic|p2a: Clamp Bot
|-damage|p2a: Clamp Bot|144\/303
|move|p2a: Clamp Bot|Explosion|p1a: Jynx
|-damage|p1a: Jynx|0 fnt
|faint|p1a: Jynx
|faint|p2a: Clamp Bot
|chat|ashiemore|kek
|
|switch|p1a: Exeggutor|Exeggutor|393\/393
|switch|p2a: Egg Kangaroo|Chansey|574\/703
|turn|10
|chat|kid gf lol|yeah no more jynx plz
|
|switch|p2a: Result of Incest|Exeggutor|393\/393
|move|p1a: Exeggutor|Psychic|p2a: Result of Incest
|-resisted|p2a: Result of Incest
|-damage|p2a: Result of Incest|338\/393
|-unboost|p2a: Result of Incest|spd|1
|-unboost|p2a: Result of Incest|spa|1
|
|turn|11
|chat|ashiemore|fek
|
|switch|p1a: Alakazam|Alakazam|313\/313
|move|p2a: Result of Incest|Stun Spore|p1a: Alakazam
|-status|p1a: Alakazam|par
|
|turn|12
|chat|kid gf lol|lel
|
|switch|p2a: Egg Kangaroo|Chansey|574\/703
|cant|p1a: Alakazam|par
|
|turn|13
|chat|ashiemore|:(
|
|switch|p1a: Exeggutor|Exeggutor|393\/393
|move|p2a: Egg Kangaroo|Light Screen|p2a: Egg Kangaroo
|
|turn|14
|
|switch|p2a: Result of Incest|Exeggutor|338\/393
|move|p1a: Exeggutor|Explosion|p2a: Result of Incest
|-damage|p2a: Result of Incest|71\/393
|faint|p1a: Exeggutor
|chat|ashiemore|boom bro
|
|switch|p1a: Tauros|Tauros|353\/353
|turn|15
|
|move|p1a: Tauros|Body Slam|p2a: Result of Incest
|-damage|p2a: Result of Incest|0 fnt
|faint|p2a: Result of Incest
|
|
|switch|p2a: Egg Kangaroo|Chansey|574\/703
|turn|16
|
|switch|p1a: Alakazam|Alakazam|313\/313 par
|move|p2a: Egg Kangaroo|Reflect|p2a: Egg Kangaroo
|
|turn|17
|
|move|p2a: Egg Kangaroo|Bide|p2a: Egg Kangaroo
|-start|p2a: Egg Kangaroo|Bide
|move|p1a: Alakazam|Psychic|p2a: Egg Kangaroo
|-damage|p2a: Egg Kangaroo|453\/703
|
|turn|18
|chat|ashiemore|erm
|chat|ashiemore|k
|
|switch|p1a: Chansey|Chansey|703\/703
|-end|p2a: Egg Kangaroo|Bide
|-damage|p1a: Chansey|461\/703
|
|turn|19
|chat|kid gf lol|lel
|
|move|p1a: Chansey|Thunderbolt|p2a: Egg Kangaroo
|-crit|p2a: Egg Kangaroo
|-damage|p2a: Egg Kangaroo|293\/703
|move|p2a: Egg Kangaroo|Light Screen|p2a: Egg Kangaroo
|
|turn|20
|
|move|p2a: Egg Kangaroo|Soft-Boiled|p2a: Egg Kangaroo
|-heal|p2a: Egg Kangaroo|644\/703
|move|p1a: Chansey|Ice Beam|p2a: Egg Kangaroo
|-damage|p2a: Egg Kangaroo|603\/703
|
|turn|21
|join|DavidXanatos
|chat|kid gf lol|i'm not really trying just seeing what happens when it doesnt have twave
|chat|kid gf lol|and it's pretty bad
|chat|ashiemore|oh
|
|move|p1a: Chansey|Ice Beam|p2a: Egg Kangaroo
|-damage|p2a: Egg Kangaroo|567\/703
|move|p2a: Egg Kangaroo|Bide|p2a: Egg Kangaroo
|-start|p2a: Egg Kangaroo|Bide
|
|turn|22
|
|-fail|p2a: Egg Kangaroo
|move|p1a: Chansey|Ice Beam|p2a: Egg Kangaroo
|-damage|p2a: Egg Kangaroo|528\/703
|
|turn|23
|html|<div class="broadcast-red"><b>The battle crashed<\/b><br \/>You can keep playing but it might crash again.<\/div>
|chat|ashiemore|w0t
|leave|DavidXanatos
|chat|kid gf lol|what
|chat|kid gf lol|the battle crashed?
|chat|ashiemore|idk
|leave|kid gf lol
|player|p2
|join|Catacomb
|chat|Catacomb|Way
|chat|Catacomb|*wat
|join|kid gf lol
|player|p2|kid gf lol|168
|chat|ashiemore|can you join?
|
|cant|p2a: Egg Kangaroo|frz
|move|p1a: Chansey|Ice Beam|p2a: Egg Kangaroo|[from]Bide
|-damage|p2a: Egg Kangaroo|452\/703 frz
|
|turn|24
|chat|ashiemore|k
|chat|ashiemore|wait
|chat|ashiemore|what was that
|
|switch|p1a: Tauros|Tauros|353\/353
|cant|p2a: Egg Kangaroo|frz
|
|turn|25
|chat|kid gf lol|what
|chat|ashiemore|maybe bide is glitched idk
|leave|kid gf lol
|player|p2
|chat|Catacomb|>leaves
|chat|ashiemore|cata
|chat|ashiemore|can you take over
Catacomb was promoted to Room Voice by ashiemore.
|chat|Catacomb|Ok
|chat|ashiemore|hit join
|chat|Catacomb|It doesn't ket me join though
|player|p2|Catacomb|184
|chat|ashiemore|argh
|chat|ashiemore|there
|chat|Catacomb|Wait
|chat|Catacomb|nm
|chat|ashiemore|just do whatever I want to see what happens
|
|move|p1a: Tauros|Body Slam|p2a: Egg Kangaroo|[from]Bide
|-damage|p2a: Egg Kangaroo|320\/703 frz
|cant|p2a: Egg Kangaroo|frz
|
|turn|26
|
|move|p1a: Tauros|Body Slam|p2a: Egg Kangaroo|[from]Bide
|-damage|p2a: Egg Kangaroo|178\/703 frz
|cant|p2a: Egg Kangaroo|frz
|
|turn|27
|
|move|p1a: Tauros|Hyper Beam|p2a: Egg Kangaroo|[from]Bide
|-crit|p2a: Egg Kangaroo
|-damage|p2a: Egg Kangaroo|0 fnt
|faint|p2a: Egg Kangaroo
|
|
|switch|p2a: TNT|Golem|363\/363
|turn|28
|
|move|p1a: Tauros|Blizzard|p2a: TNT|[from]Bide
|-crit|p2a: TNT
|-supereffective|p2a: TNT
|-damage|p2a: TNT|0 fnt
|faint|p2a: TNT
|
|
|switch|p2a: Mr Mime|Jynx|156\/333
|turn|29
|
|move|p1a: Tauros|Body Slam|p2a: Mr Mime|[from]Bide
|-crit|p2a: Mr Mime
|-damage|p2a: Mr Mime|0 fnt
|faint|p2a: Mr Mime
|
|
|switch|p2a: Zam Lead|Alakazam|313\/313 slp
|turn|30
|
|cant|p2a: Zam Lead|slp
|move|p1a: Tauros|Body Slam|p2a: Zam Lead|[from]Bide
|-damage|p2a: Zam Lead|145\/313 slp
|
|turn|31
|chat|ashiemore|there's another one
|
|cant|p2a: Zam Lead|slp
|move|p1a: Tauros|Body Slam|p2a: Zam Lead|[from]Bide
|-damage|p2a: Zam Lead|0 fnt
|faint|p2a: Zam Lead
|
|win|ashiemore
|chat|ashiemore|ok ima report this
|chat|Catacomb|Huh?
|chat|ashiemore|you can leave I got it