|join|Fishing Fishes
|join|spacklez
|player|p1|Fishing Fishes|12
|player|p2|spacklez|283
|gametype|singles
|gen|1
|tier|[Gen 1] Random Battle
|rated
|seed|36121,44066,26989,18993
|rule|Sleep Clause Mod: Limit one foe put to sleep
|rule|Freeze Clause Mod: Limit one foe frozen
|rule|HP Percentage Mod: HP is shown in percentages
|
|start
|switch|p1a: Ditto|Ditto, L99|296\/296
|switch|p2a: Magikarp|Magikarp, L99|240\/240
|turn|1
|c|★spacklez|haha
|choice|switch 5|move 2
|
|switch|p1a: Jolteon|Jolteon, L79|265\/265
|move|p2a: Magikarp|Dragon Rage|p1a: Jolteon
|-damage|p1a: Jolteon|225\/265
|
|turn|2
|choice|move 1|move 2
|
|move|p1a: Jolteon|Thunderbolt|p2a: Magikarp
|-crit|p2a: Magikarp
|-supereffective|p2a: Magikarp
|-damage|p2a: Magikarp|0 fnt
|faint|p2a: Magikarp
|c|★Fishing Fishes|hahaha?
|choice||switch 5
|
|switch|p2a: Rhydon|Rhydon, L79|328\/328
|turn|3
|choice|switch 2|move 3
|
|switch|p1a: Articuno|Articuno, L79|304\/304
|move|p2a: Rhydon|Earthquake|p1a: Articuno
|-immune|p1a: Articuno|[msg]
|
|turn|4
|choice|move 2|move 1
|
|move|p1a: Articuno|Blizzard|p2a: Rhydon
|-crit|p2a: Rhydon
|-supereffective|p2a: Rhydon
|-damage|p2a: Rhydon|0 fnt
|faint|p2a: Rhydon
|choice||switch 4
|
|switch|p2a: Zapdos|Zapdos, L79|304\/304
|turn|5
|choice|move 2|move 4
|
|move|p2a: Zapdos|Thunderbolt|p1a: Articuno
|-supereffective|p1a: Articuno
|-damage|p1a: Articuno|132\/304
|move|p1a: Articuno|Blizzard|p2a: Zapdos
|-supereffective|p2a: Zapdos
|-damage|p2a: Zapdos|98\/304
|-status|p2a: Zapdos|frz
|
|turn|6
|choice|move 4|switch 3
|
|switch|p2a: Lapras|Lapras, L79|367\/367
|move|p1a: Articuno|Reflect|p1a: Articuno
|-start|p1a: Articuno|Reflect
|
|turn|7
|choice|move 3|move 2
|
|move|p1a: Articuno|Mimic|p2a: Lapras
|-start|p1a: Articuno|Mimic|Confuse Ray
|move|p2a: Lapras|Thunderbolt|p1a: Articuno
|-supereffective|p1a: Articuno
|-damage|p1a: Articuno|33\/304
|
|turn|8
|choice|move 3|move 2
|
|move|p1a: Articuno|Confuse Ray|p2a: Lapras
|-start|p2a: Lapras|confusion
|-activate|p2a: Lapras|confusion
|-damage|p2a: Lapras|338\/367|[from] confusion
|
|turn|9
|choice|move 1|move 2
|
|move|p1a: Articuno|Rest|p1a: Articuno
|-status|p1a: Articuno|slp
|-heal|p1a: Articuno|304\/304 slp|[silent]
|-status|p1a: Articuno|slp|[from] move: Rest
|-activate|p2a: Lapras|confusion
|-damage|p2a: Lapras|309\/367|[from] confusion
|
|turn|10
|choice|switch 2|move 2
|
|switch|p1a: Jolteon|Jolteon, L79|225\/265
|-activate|p2a: Lapras|confusion
|move|p2a: Lapras|Thunderbolt|p1a: Jolteon
|-resisted|p1a: Jolteon
|-damage|p1a: Jolteon|201\/265
|
|turn|11
|choice|move 2|switch 2
|
|switch|p2a: Persian|Persian, L79|265\/265
|move|p1a: Jolteon|Thunder Wave|p2a: Persian
|-status|p2a: Persian|par
|
|turn|12
|choice|move 1|move 1
|
|move|p1a: Jolteon|Thunderbolt|p2a: Persian
|-damage|p2a: Persian|137\/265 par
|move|p2a: Persian|Slash|p1a: Jolteon
|-crit|p1a: Jolteon
|-damage|p1a: Jolteon|72\/265
|
|turn|13
|choice|move 1|move 2
|
|move|p1a: Jolteon|Thunderbolt|p2a: Persian
|-damage|p2a: Persian|17\/265 par
|cant|p2a: Persian|par
|
|turn|14
|choice|move 3|move 2
|
|move|p1a: Jolteon|Pin Missile|p2a: Persian|[miss]
|-miss|p1a: Jolteon
|move|p2a: Persian|Hyper Beam|p1a: Jolteon
|-crit|p1a: Jolteon
|-damage|p1a: Jolteon|0 fnt
|faint|p1a: Jolteon
|choice|switch 6|
|
|switch|p1a: Mewtwo|Mewtwo, L70|293\/293
|turn|15
|choice|move 1|move 2
|
|move|p1a: Mewtwo|Psychic|p2a: Persian
|-damage|p2a: Persian|0 fnt
|faint|p2a: Persian
|choice||switch 6
|
|switch|p2a: Chansey|Chansey, L79|557\/557
|turn|16
|choice|move 2|move 2
|
|move|p1a: Mewtwo|Blizzard|p2a: Chansey
|-damage|p2a: Chansey|475\/557
|-message|Freeze Clause activated.
|move|p2a: Chansey|Thunder Wave|p1a: Mewtwo
|-status|p1a: Mewtwo|par
|
|turn|17
|choice|move 2|move 3
|
|move|p2a: Chansey|Reflect|p2a: Chansey
|-start|p2a: Chansey|Reflect
|move|p1a: Mewtwo|Blizzard|p2a: Chansey|[miss]
|-miss|p1a: Mewtwo
|
|turn|18
|choice|move 4|move 4
|
|move|p2a: Chansey|Ice Beam|p1a: Mewtwo
|-damage|p1a: Mewtwo|243\/293 par
|move|p1a: Mewtwo|Barrier|p1a: Mewtwo
|-boost|p1a: Mewtwo|def|2
|
|turn|19
|choice|move 2|move 4
|
|move|p2a: Chansey|Ice Beam|p1a: Mewtwo
|-crit|p1a: Mewtwo
|-damage|p1a: Mewtwo|143\/293 par
|move|p1a: Mewtwo|Blizzard|p2a: Chansey
|-damage|p2a: Chansey|397\/557
|
|turn|20
|choice|move 1|move 4
|
|move|p2a: Chansey|Ice Beam|p1a: Mewtwo
|-crit|p1a: Mewtwo
|-damage|p1a: Mewtwo|41\/293 par
|move|p1a: Mewtwo|Psychic|p2a: Chansey
|-damage|p2a: Chansey|312\/557
|-unboost|p2a: Chansey|spd|1
|-unboost|p2a: Chansey|spa|1
|
|turn|21
|choice|move 1|move 4
|
|move|p2a: Chansey|Ice Beam|p1a: Mewtwo
|-damage|p1a: Mewtwo|5\/293 par
|move|p1a: Mewtwo|Psychic|p2a: Chansey
|-crit|p2a: Chansey
|-damage|p2a: Chansey|155\/557
|
|turn|22
|choice|move 1|move 1
|
|move|p2a: Chansey|Soft-Boiled|p2a: Chansey
|-heal|p2a: Chansey|433\/557
|cant|p1a: Mewtwo|par
|
|turn|23
|choice|move 1|move 4
|
|move|p2a: Chansey|Ice Beam|p1a: Mewtwo
|-damage|p1a: Mewtwo|0 fnt
|faint|p1a: Mewtwo
|choice|switch 5|
|
|switch|p1a: Ditto|Ditto, L99|296\/296
|turn|24
|choice|move 1|move 2
|
|move|p1a: Ditto|Transform|p2a: Chansey
|-transform|p1a: Ditto|p2a: Chansey
|move|p2a: Chansey|Thunder Wave|p1a: Ditto
|-status|p1a: Ditto|par
|
|turn|25
|choice|move 2|move 4
|
|move|p2a: Chansey|Ice Beam|p1a: Ditto
|-damage|p1a: Ditto|245\/296 par
|cant|p1a: Ditto|par
|
|turn|26
|choice|move 2|move 4
|
|move|p2a: Chansey|Ice Beam|p1a: Ditto
|-damage|p1a: Ditto|194\/296 par
|move|p1a: Ditto|Thunder Wave|p2a: Chansey
|-status|p2a: Chansey|par
|
|turn|27
|choice|move 3|move 4
|
|move|p1a: Ditto|Reflect|p1a: Ditto
|-start|p1a: Ditto|Reflect
|move|p2a: Chansey|Ice Beam|p1a: Ditto
|-damage|p1a: Ditto|145\/296 par
|
|turn|28
|choice|move 1|move 4
|
|move|p1a: Ditto|Soft-Boiled|p1a: Ditto
|-heal|p1a: Ditto|293\/296 par
|cant|p2a: Chansey|par
|
|turn|29
|choice|move 4|move 4
|
|move|p1a: Ditto|Ice Beam|p2a: Chansey
|-damage|p2a: Chansey|347\/557 par
|move|p2a: Chansey|Ice Beam|p1a: Ditto
|-damage|p1a: Ditto|241\/296 par
|
|turn|30
|choice|move 4|move 4
|
|move|p1a: Ditto|Ice Beam|p2a: Chansey
|-damage|p2a: Chansey|260\/557 par
|move|p2a: Chansey|Ice Beam|p1a: Ditto
|-damage|p1a: Ditto|188\/296 par
|
|turn|31
|choice|move 4|move 1
|
|move|p1a: Ditto|Ice Beam|p2a: Chansey
|-damage|p2a: Chansey|178\/557 par
|cant|p2a: Chansey|par
|
|turn|32
|choice|move 4|move 1
|
|move|p1a: Ditto|Ice Beam|p2a: Chansey
|-crit|p2a: Chansey
|-damage|p2a: Chansey|44\/557 par
|move|p2a: Chansey|Soft-Boiled|p2a: Chansey
|-heal|p2a: Chansey|322\/557 par
|
|turn|33
|choice|move 4|move 4
|
|move|p1a: Ditto|Ice Beam|p2a: Chansey
|-damage|p2a: Chansey|229\/557 par
|cant|p2a: Chansey|par
|
|turn|34
|choice|move 1|move 1
|
|cant|p1a: Ditto|par
|move|p2a: Chansey|Soft-Boiled|p2a: Chansey
|-heal|p2a: Chansey|507\/557 par
|
|turn|35
|choice|move 1|move 4
|
|move|p1a: Ditto|Soft-Boiled|p1a: Ditto
|-heal|p1a: Ditto|296\/296 par
|cant|p2a: Chansey|par
|
|turn|36
|c|★spacklez|oh my god it has 16 pp
|c|★spacklez|this is going to take forever
|choice|move 1|move 4
|
|move|p1a: Ditto|Soft-Boiled|p1a: Ditto
|-fail|p1a: Ditto
|cant|p2a: Chansey|par
|
|turn|37
|choice|move 1|move 4
|
|move|p1a: Ditto|Soft-Boiled|p1a: Ditto
|-fail|p1a: Ditto
|move|p2a: Chansey|Ice Beam|p1a: Ditto
|-damage|p1a: Ditto|249\/296 par
|
|turn|38
|choice|move 1|move 4
|
|cant|p1a: Ditto|par
|move|p2a: Chansey|Ice Beam|p1a: Ditto
|-damage|p1a: Ditto|199\/296 par
|
|turn|39
|choice|move 1|move 4
|
|move|p1a: Ditto|Soft-Boiled|p1a: Ditto
|-heal|p1a: Ditto|296\/296 par
|cant|p2a: Chansey|par
|
|turn|40
|choice|move 3|move 4
|
|move|p1a: Ditto|Reflect|p1a: Ditto
|-fail|p1a: Ditto
|move|p2a: Chansey|Ice Beam|p1a: Ditto
|-damage|p1a: Ditto|246\/296 par
|
|turn|41
|choice|move 3|move 4
|
|move|p1a: Ditto|Reflect|p1a: Ditto
|-fail|p1a: Ditto
|cant|p2a: Chansey|par
|
|turn|42
|choice|move 3|move 4
|
|move|p1a: Ditto|Reflect|p1a: Ditto
|-fail|p1a: Ditto
|move|p2a: Chansey|Ice Beam|p1a: Ditto
|-damage|p1a: Ditto|194\/296 par
|
|turn|43
|choice|move 3|move 4
|
|move|p1a: Ditto|Reflect|p1a: Ditto
|-fail|p1a: Ditto
|cant|p2a: Chansey|par
|
|turn|44
|choice|move 2|move 4
|
|cant|p1a: Ditto|par
|move|p2a: Chansey|Ice Beam|p1a: Ditto
|-damage|p1a: Ditto|147\/296 par
|
|turn|45
|choice|move 2|move 4
|
|cant|p1a: Ditto|par
|move|p2a: Chansey|Ice Beam|p1a: Ditto
|-damage|p1a: Ditto|96\/296 par
|
|turn|46
|choice|switch 2|switch 2
|
|switch|p1a: Articuno|Articuno, L79|304\/304 slp
|switch|p2a: Lapras|Lapras, L79|309\/367
|
|turn|47
|choice|move 2|move 2
|
|cant|p1a: Articuno|slp
|move|p2a: Lapras|Thunderbolt|p1a: Articuno
|-crit|p1a: Articuno
|-supereffective|p1a: Articuno
|-damage|p1a: Articuno|116\/304 slp
|
|turn|48
|choice|move 2|move 2
|
|-curestatus|p1a: Articuno|slp
|move|p2a: Lapras|Thunderbolt|p1a: Articuno
|-supereffective|p1a: Articuno
|-damage|p1a: Articuno|22\/304
|
|turn|49
|choice|move 2|move 2
|
|move|p1a: Articuno|Blizzard|p2a: Lapras
|-resisted|p2a: Lapras
|-damage|p2a: Lapras|276\/367
|move|p2a: Lapras|Thunderbolt|p1a: Articuno
|-supereffective|p1a: Articuno
|-damage|p1a: Articuno|0 fnt
|faint|p1a: Articuno
|choice|switch 3|
|
|switch|p1a: Starmie|Starmie, L79|257\/257
|turn|50
|choice|move 3|move 2
|
|move|p1a: Starmie|Thunderbolt|p2a: Lapras
|-supereffective|p2a: Lapras
|-damage|p2a: Lapras|161\/367
|move|p2a: Lapras|Thunderbolt|p1a: Starmie
|-supereffective|p1a: Starmie
|-damage|p1a: Starmie|139\/257
|
|turn|51
|choice|move 4|move 2
|
|move|p1a: Starmie|Thunder Wave|p2a: Lapras
|-status|p2a: Lapras|par
|cant|p2a: Lapras|par
|
|turn|52
|choice|move 3|move 2
|
|move|p1a: Starmie|Thunderbolt|p2a: Lapras
|-supereffective|p2a: Lapras
|-damage|p2a: Lapras|39\/367 par
|move|p2a: Lapras|Thunderbolt|p1a: Starmie
|-supereffective|p1a: Starmie
|-damage|p1a: Starmie|25\/257
|
|turn|53
|c|★Fishing Fishes|gg
|choice|move 3|move 2
|
|move|p1a: Starmie|Thunderbolt|p2a: Lapras
|-supereffective|p2a: Lapras
|-damage|p2a: Lapras|0 fnt
|faint|p2a: Lapras
|choice||switch 2
|
|switch|p2a: Chansey|Chansey, L79|507\/557 par
|turn|54
|choice|move 1|move 2
|
|move|p1a: Starmie|Recover|p1a: Starmie
|-heal|p1a: Starmie|153\/257
|cant|p2a: Chansey|par
|
|turn|55
|choice|move 1|move 2
|
|move|p1a: Starmie|Recover|p1a: Starmie
|-heal|p1a: Starmie|257\/257
|move|p2a: Chansey|Thunder Wave|p1a: Starmie
|-status|p1a: Starmie|par
|
|turn|56
|choice|move 3|move 3
|
|move|p1a: Starmie|Thunderbolt|p2a: Chansey
|-damage|p2a: Chansey|453\/557 par
|move|p2a: Chansey|Reflect|p2a: Chansey
|-start|p2a: Chansey|Reflect
|
|turn|57
|choice|switch 4|move 1
|
|switch|p1a: Rhydon|Rhydon, L79|328\/328
|cant|p2a: Chansey|par
|
|turn|58
|choice|move 4|move 2
|
|move|p1a: Rhydon|Earthquake|p2a: Chansey
|-damage|p2a: Chansey|304\/557 par
|move|p2a: Chansey|Thunder Wave|p1a: Rhydon
|-immune|p1a: Rhydon|[msg]
|
|turn|59
|choice|move 4|move 1
|
|move|p1a: Rhydon|Earthquake|p2a: Chansey
|-damage|p2a: Chansey|166\/557 par
|move|p2a: Chansey|Soft-Boiled|p2a: Chansey
|-heal|p2a: Chansey|444\/557 par
|
|turn|60
|choice|move 3|move 1
|
|move|p1a: Rhydon|Body Slam|p2a: Chansey
|-damage|p2a: Chansey|360\/557 par
|move|p2a: Chansey|Soft-Boiled|p2a: Chansey
|-heal|p2a: Chansey|557\/557 par
|
|turn|61
|choice|move 4|move 1
|
|move|p1a: Rhydon|Earthquake|p2a: Chansey
|-damage|p2a: Chansey|405\/557 par
|move|p2a: Chansey|Soft-Boiled|p2a: Chansey
|-heal|p2a: Chansey|557\/557 par
|
|turn|62
|choice|move 4|move 1
|
|move|p1a: Rhydon|Earthquake|p2a: Chansey
|-damage|p2a: Chansey|416\/557 par
|cant|p2a: Chansey|par
|
|turn|63
|choice|move 1|move 1
|
|move|p1a: Rhydon|Rock Slide|p2a: Chansey|[miss]
|-miss|p1a: Rhydon
|move|p2a: Chansey|Soft-Boiled|p2a: Chansey
|-heal|p2a: Chansey|557\/557 par
|
|turn|64
|choice|move 1|move 1
|
|move|p1a: Rhydon|Rock Slide|p2a: Chansey|[miss]
|-miss|p1a: Rhydon
|move|p2a: Chansey|Soft-Boiled|p2a: Chansey
|-fail|p2a: Chansey
|
|turn|65
|choice|move 3|move 2
|
|move|p1a: Rhydon|Body Slam|p2a: Chansey
|-damage|p2a: Chansey|465\/557 par
|move|p2a: Chansey|Thunder Wave|p1a: Rhydon
|-immune|p1a: Rhydon|[msg]
|
|turn|66
|choice|move 3|move 1
|
|move|p1a: Rhydon|Body Slam|p2a: Chansey
|-damage|p2a: Chansey|383\/557 par
|move|p2a: Chansey|Soft-Boiled|p2a: Chansey
|-heal|p2a: Chansey|557\/557 par
|
|turn|67
|choice|move 3|move 3
|
|move|p1a: Rhydon|Body Slam|p2a: Chansey
|-damage|p2a: Chansey|472\/557 par
|move|p2a: Chansey|Reflect|p2a: Chansey
|-fail|p2a: Chansey
|
|turn|68
|choice|move 3|move 1
|
|move|p1a: Rhydon|Body Slam|p2a: Chansey
|-damage|p2a: Chansey|385\/557 par
|move|p2a: Chansey|Soft-Boiled|p2a: Chansey
|-heal|p2a: Chansey|557\/557 par
|
|turn|69
|choice|move 3|move 3
|
|move|p1a: Rhydon|Body Slam|p2a: Chansey
|-damage|p2a: Chansey|473\/557 par
|move|p2a: Chansey|Reflect|p2a: Chansey
|-fail|p2a: Chansey
|
|turn|70
|choice|move 3|move 1
|
|move|p1a: Rhydon|Body Slam|p2a: Chansey
|-damage|p2a: Chansey|381\/557 par
|move|p2a: Chansey|Soft-Boiled|p2a: Chansey
|-heal|p2a: Chansey|557\/557 par
|
|turn|71
|choice|move 3|move 3
|
|move|p1a: Rhydon|Body Slam|p2a: Chansey
|-damage|p2a: Chansey|472\/557 par
|move|p2a: Chansey|Reflect|p2a: Chansey
|-fail|p2a: Chansey
|
|turn|72
|choice|move 3|move 1
|
|move|p1a: Rhydon|Body Slam|p2a: Chansey
|-damage|p2a: Chansey|382\/557 par
|move|p2a: Chansey|Soft-Boiled|p2a: Chansey
|-heal|p2a: Chansey|557\/557 par
|
|turn|73
|choice|move 3|move 3
|
|move|p1a: Rhydon|Body Slam|p2a: Chansey
|-damage|p2a: Chansey|475\/557 par
|move|p2a: Chansey|Reflect|p2a: Chansey
|-fail|p2a: Chansey
|
|turn|74
|choice|move 4|move 1
|
|move|p1a: Rhydon|Earthquake|p2a: Chansey
|-crit|p2a: Chansey
|-damage|p2a: Chansey|0 fnt
|faint|p2a: Chansey
|c|★spacklez|RIP
|c|★Fishing Fishes|ooopppss
|choice||switch 3
|
|switch|p2a: Zapdos|Zapdos, L79|98\/304 frz
|turn|75
|c|★Fishing Fishes|gg
|choice|move 1|move 1
|
|cant|p2a: Zapdos|frz
|move|p1a: Rhydon|Rock Slide|p2a: Zapdos
|-supereffective|p2a: Zapdos
|-damage|p2a: Zapdos|0 fnt
|faint|p2a: Zapdos
|
|win|Fishing Fishes
|raw|Fishing Fishes's rating: 1255 &rarr; <strong>1272<\/strong><br \/>(+17 for winning)
|raw|spacklez's rating: 1139 &rarr; <strong>1122<\/strong><br \/>(-17 for losing)