|j|Ch01W0n5h1n
|j|7_R0
|player|p1|Ch01W0n5h1n|165
|player|p2|7_R0|169
|gametype|singles
|gen|1
|tier|[Gen 1] OU
|rated
|seed|48586,1728,39607,34429
|rule|Sleep Clause Mod: Limit one foe put to sleep
|rule|Freeze Clause Mod: Limit one foe frozen
|rule|Species Clause: Limit one of each Pokémon
|rule|OHKO Clause: OHKO moves are banned
|rule|Evasion Moves Clause: Evasion moves are banned
|rule|HP Percentage Mod: HP is shown in percentages
|
|start
|switch|p1a: Chance E|Chansey|703\/703
|switch|p2a: Gengar|Gengar|323\/323
|turn|1
|choice|move 2|move 1
|
|move|p2a: Gengar|Hypnosis|p1a: Chance E|[miss]
|-miss|p2a: Gengar
|move|p1a: Chance E|Thunder Wave|p2a: Gengar
|-status|p2a: Gengar|par
|
|turn|2
|choice|move 3|move 1
|
|move|p1a: Chance E|Flash|p2a: Gengar|[miss]
|-miss|p1a: Chance E
|move|p2a: Gengar|Hypnosis|p1a: Chance E
|-status|p1a: Chance E|slp
|
|turn|3
|choice|switch 2|switch 4
|
|switch|p1a: Something|Starmie|323\/323
|switch|p2a: Tauros|Tauros|353\/353
|
|turn|4
|choice|move 1|switch 5
|
|switch|p2a: Chansey|Chansey|703\/703
|move|p1a: Something|Thunder Wave|p2a: Chansey
|-status|p2a: Chansey|par
|
|turn|5
|choice|switch 4|move 3
|
|switch|p1a: Golem|Golem|363\/363
|move|p2a: Chansey|Ice Beam|p1a: Golem
|-supereffective|p1a: Golem
|-damage|p1a: Golem|151\/363
|-status|p1a: Golem|frz
|
|turn|6
|choice|switch 6|move 3
|
|switch|p1a: Energy|Tauros|353\/353
|move|p2a: Chansey|Ice Beam|p1a: Energy
|-damage|p1a: Energy|250\/353
|
|turn|7
|choice|move 1|move 2
|
|move|p1a: Energy|Body Slam|p2a: Chansey
|-crit|p2a: Chansey
|-damage|p2a: Chansey|188\/703 par
|move|p2a: Chansey|Thunder Wave|p1a: Energy
|-status|p1a: Energy|par
|
|turn|8
|choice|move 1|switch 4
|
|switch|p2a: Gengar|Gengar|323\/323 par
|cant|p1a: Energy|par
|
|turn|9
|choice|move 4|move 4
|
|move|p1a: Energy|Earthquake|p2a: Gengar
|-supereffective|p2a: Gengar
|-damage|p2a: Gengar|114\/323 par
|move|p2a: Gengar|Psychic|p1a: Energy
|-damage|p1a: Energy|145\/353 par
|
|turn|10
|choice|move 4|move 2
|
|move|p2a: Gengar|Explosion|p1a: Energy
|-crit|p1a: Energy
|-damage|p1a: Energy|0 fnt
|faint|p1a: Energy
|faint|p2a: Gengar
|choice|switch 4|switch 3
|
|switch|p2a: Starmie|Starmie|323\/323
|switch|p1a: Something|Starmie|323\/323
|turn|11
|choice|move 1|move 4
|
|move|p2a: Starmie|Thunder Wave|p1a: Something
|-status|p1a: Something|par
|move|p1a: Something|Thunder Wave|p2a: Starmie
|-status|p2a: Starmie|par
|
|turn|12
|choice|switch 6|move 2
|
|switch|p1a: Golem|Golem|151\/363 frz
|move|p2a: Starmie|Thunderbolt|p1a: Golem
|-immune|p1a: Golem|[msg]
|
|turn|13
|choice|move 2|switch 4
|
|switch|p2a: Chansey|Chansey|188\/703 par
|cant|p1a: Golem|frz
|
|turn|14
|choice|switch 3|move 1
|
|switch|p1a: Mega Gastly|Cloyster|303\/303
|cant|p2a: Chansey|par
|
|turn|15
|choice|move 1|switch 4
|
|switch|p2a: Starmie|Starmie|323\/323 par
|move|p1a: Mega Gastly|Clamp|p2a: Starmie
|-crit|p2a: Starmie
|-resisted|p2a: Starmie
|-damage|p2a: Starmie|286\/323 par
|-activate|p2a: Starmie|move: Clamp|[of] p1a: Mega Gastly
|
|turn|16
|choice|move 1|move 4
|
|move|p1a: Mega Gastly|Clamp|p2a: Starmie
|-damage|p2a: Starmie|249\/323 par
|cant|p2a: Starmie|partiallytrapped
|
|turn|17
|choice|move 1|move 4
|
|move|p1a: Mega Gastly|Clamp|p2a: Starmie
|-damage|p2a: Starmie|212\/323 par
|cant|p2a: Starmie|par
|
|-end|p2a: Starmie|Clamp|[partiallytrapped]
|turn|18
|choice|move 1|move 4
|
|move|p1a: Mega Gastly|Clamp|p2a: Starmie
|-crit|p2a: Starmie
|-resisted|p2a: Starmie
|-damage|p2a: Starmie|177\/323 par
|-activate|p2a: Starmie|move: Clamp|[of] p1a: Mega Gastly
|cant|p2a: Starmie|partiallytrapped
|
|turn|19
|choice|move 1|move 4
|
|move|p1a: Mega Gastly|Clamp|p2a: Starmie
|-damage|p2a: Starmie|142\/323 par
|cant|p2a: Starmie|partiallytrapped
|
|turn|20
|choice|move 1|move 4
|
|move|p1a: Mega Gastly|Clamp|p2a: Starmie
|-damage|p2a: Starmie|107\/323 par
|cant|p2a: Starmie|partiallytrapped
|
|turn|21
|choice|move 1|move 4
|
|move|p1a: Mega Gastly|Clamp|p2a: Starmie
|-damage|p2a: Starmie|72\/323 par
|cant|p2a: Starmie|par
|
|turn|22
|choice|move 1|move 3
|
|move|p1a: Mega Gastly|Clamp|p2a: Starmie
|-damage|p2a: Starmie|37\/323 par
|cant|p2a: Starmie|partiallytrapped
|
|-end|p2a: Starmie|Clamp|[partiallytrapped]
|turn|23
|choice|move 1|move 3
|
|move|p1a: Mega Gastly|Clamp|p2a: Starmie
|-resisted|p2a: Starmie
|-damage|p2a: Starmie|18\/323 par
|-activate|p2a: Starmie|move: Clamp|[of] p1a: Mega Gastly
|cant|p2a: Starmie|par
|
|turn|24
|choice|move 1|move 3
|
|move|p1a: Mega Gastly|Clamp|p2a: Starmie
|-damage|p2a: Starmie|0 fnt
|faint|p2a: Starmie
|choice||switch 5
|
|switch|p2a: Tauros|Tauros|353\/353
|turn|25
|choice|switch 3|move 2
|
|switch|p1a: Golem|Golem|151\/363 frz
|move|p2a: Tauros|Body Slam|p1a: Golem
|-resisted|p1a: Golem
|-damage|p1a: Golem|110\/363 frz
|
|turn|26
|choice|move 2|move 3
|
|move|p2a: Tauros|Earthquake|p1a: Golem
|-supereffective|p1a: Golem
|-damage|p1a: Golem|0 fnt
|faint|p1a: Golem
|choice|switch 5|
|
|switch|p1a: Challenge Accepted|Gengar|323\/323
|turn|27
|choice|move 2|move 3
|
|move|p2a: Tauros|Earthquake|p1a: Challenge Accepted
|-supereffective|p1a: Challenge Accepted
|-damage|p1a: Challenge Accepted|98\/323
|move|p1a: Challenge Accepted|Confuse Ray|p2a: Tauros
|-start|p2a: Tauros|confusion
|
|turn|28
|choice|move 1|switch 4
|
|switch|p2a: Chansey|Chansey|188\/703 par
|move|p1a: Challenge Accepted|Hypnosis|p2a: Chansey
|-fail|p2a: Chansey
|
|turn|29
|choice|move 2|move 1
|
|move|p1a: Challenge Accepted|Confuse Ray|p2a: Chansey
|-start|p2a: Chansey|confusion
|-activate|p2a: Chansey|confusion
|move|p2a: Chansey|Soft-Boiled|p2a: Chansey
|-heal|p2a: Chansey|539\/703 par
|
|turn|30
|choice|move 3|switch 4
|
|switch|p2a: Tauros|Tauros|353\/353
|move|p1a: Challenge Accepted|Thunderbolt|p2a: Tauros
|-damage|p2a: Tauros|244\/353
|
|turn|31
|choice|move 1|move 3
|
|move|p2a: Tauros|Earthquake|p1a: Challenge Accepted
|-supereffective|p1a: Challenge Accepted
|-damage|p1a: Challenge Accepted|0 fnt
|faint|p1a: Challenge Accepted
|choice|switch 6|
|
|switch|p1a: Something|Starmie|323\/323 par
|turn|32
|choice|move 3|switch 4
|
|switch|p2a: Chansey|Chansey|539\/703 par
|move|p1a: Something|Surf|p2a: Chansey
|-damage|p2a: Chansey|426\/703 par
|
|turn|33
|choice|switch 3|move 1
|
|switch|p1a: Mega Gastly|Cloyster|303\/303
|move|p2a: Chansey|Soft-Boiled|p2a: Chansey
|-heal|p2a: Chansey|703\/703 par
|
|turn|34
|choice|move 1|move 2
|
|move|p1a: Mega Gastly|Clamp|p2a: Chansey
|-damage|p2a: Chansey|666\/703 par
|-activate|p2a: Chansey|move: Clamp|[of] p1a: Mega Gastly
|cant|p2a: Chansey|partiallytrapped
|
|turn|35
|choice|move 1|move 2
|
|move|p1a: Mega Gastly|Clamp|p2a: Chansey
|-damage|p2a: Chansey|629\/703 par
|cant|p2a: Chansey|partiallytrapped
|
|turn|36
|choice|move 1|move 2
|
|move|p1a: Mega Gastly|Clamp|p2a: Chansey
|-damage|p2a: Chansey|592\/703 par
|cant|p2a: Chansey|partiallytrapped
|
|turn|37
|choice|move 1|move 2
|
|move|p1a: Mega Gastly|Clamp|p2a: Chansey
|-damage|p2a: Chansey|555\/703 par
|cant|p2a: Chansey|partiallytrapped
|
|turn|38
|choice|move 1|move 2
|
|move|p1a: Mega Gastly|Clamp|p2a: Chansey
|-damage|p2a: Chansey|518\/703 par
|cant|p2a: Chansey|partiallytrapped
|
|-end|p2a: Chansey|Clamp|[partiallytrapped]
|turn|39
|choice|move 1|move 2
|
|move|p1a: Mega Gastly|Clamp|p2a: Chansey
|-damage|p2a: Chansey|480\/703 par
|-activate|p2a: Chansey|move: Clamp|[of] p1a: Mega Gastly
|cant|p2a: Chansey|partiallytrapped
|
|turn|40
|choice|move 1|move 2
|
|move|p1a: Mega Gastly|Clamp|p2a: Chansey
|-damage|p2a: Chansey|442\/703 par
|cant|p2a: Chansey|partiallytrapped
|
|turn|41
|choice|move 1|move 2
|
|move|p1a: Mega Gastly|Clamp|p2a: Chansey
|-damage|p2a: Chansey|404\/703 par
|cant|p2a: Chansey|partiallytrapped
|
|-end|p2a: Chansey|Clamp|[partiallytrapped]
|turn|42
|choice|move 1|move 2
|
|move|p1a: Mega Gastly|Clamp|p2a: Chansey
|-crit|p2a: Chansey
|-damage|p2a: Chansey|330\/703 par
|-activate|p2a: Chansey|move: Clamp|[of] p1a: Mega Gastly
|cant|p2a: Chansey|partiallytrapped
|
|turn|43
|choice|move 1|move 2
|
|move|p1a: Mega Gastly|Clamp|p2a: Chansey
|-damage|p2a: Chansey|256\/703 par
|cant|p2a: Chansey|par
|
|turn|44
|choice|move 1|move 2
|
|move|p1a: Mega Gastly|Clamp|p2a: Chansey
|-damage|p2a: Chansey|182\/703 par
|cant|p2a: Chansey|partiallytrapped
|
|-end|p2a: Chansey|Clamp|[partiallytrapped]
|turn|45
|choice|move 1|move 2
|
|move|p1a: Mega Gastly|Clamp|p2a: Chansey|[miss]
|-miss|p1a: Mega Gastly
|cant|p2a: Chansey|par
|
|turn|46
|choice|move 1|switch 2
|
|switch|p2a: Snorlax|Snorlax|523\/523
|move|p1a: Mega Gastly|Clamp|p2a: Snorlax
|-damage|p2a: Snorlax|469\/523
|-activate|p2a: Snorlax|move: Clamp|[of] p1a: Mega Gastly
|
|turn|47
|choice|move 1|move 1
|
|move|p1a: Mega Gastly|Clamp|p2a: Snorlax
|-damage|p2a: Snorlax|415\/523
|cant|p2a: Snorlax|partiallytrapped
|
|-end|p2a: Snorlax|Clamp|[partiallytrapped]
|turn|48
|choice|move 1|move 1
|
|move|p1a: Mega Gastly|Clamp|p2a: Snorlax
|-damage|p2a: Snorlax|362\/523
|-activate|p2a: Snorlax|move: Clamp|[of] p1a: Mega Gastly
|cant|p2a: Snorlax|partiallytrapped
|
|turn|49
|choice|move 1|move 1
|
|move|p1a: Mega Gastly|Clamp|p2a: Snorlax
|-damage|p2a: Snorlax|309\/523
|cant|p2a: Snorlax|partiallytrapped
|
|-end|p2a: Snorlax|Clamp|[partiallytrapped]
|turn|50
|choice|move 1|move 1
|
|move|p1a: Mega Gastly|Clamp|p2a: Snorlax|[miss]
|-miss|p1a: Mega Gastly
|move|p2a: Snorlax|Body Slam|p1a: Mega Gastly
|-damage|p1a: Mega Gastly|228\/303
|
|turn|51
|choice|move 1|move 1
|
|move|p1a: Mega Gastly|Clamp|p2a: Snorlax
|-damage|p2a: Snorlax|259\/523
|-activate|p2a: Snorlax|move: Clamp|[of] p1a: Mega Gastly
|cant|p2a: Snorlax|partiallytrapped
|
|turn|52
|choice|move 1|move 1
|
|move|p1a: Mega Gastly|Clamp|p2a: Snorlax
|-damage|p2a: Snorlax|209\/523
|cant|p2a: Snorlax|partiallytrapped
|
|turn|53
|choice|move 1|move 1
|
|move|p1a: Mega Gastly|Clamp|p2a: Snorlax
|-damage|p2a: Snorlax|159\/523
|cant|p2a: Snorlax|partiallytrapped
|
|turn|54
|choice|move 1|move 1
|
|move|p1a: Mega Gastly|Clamp|p2a: Snorlax
|-damage|p2a: Snorlax|109\/523
|cant|p2a: Snorlax|partiallytrapped
|
|-end|p2a: Snorlax|Clamp|[partiallytrapped]
|turn|55
|choice|move 1|move 4
|
|move|p1a: Mega Gastly|Clamp|p2a: Snorlax
|-damage|p2a: Snorlax|59\/523
|-activate|p2a: Snorlax|move: Clamp|[of] p1a: Mega Gastly
|cant|p2a: Snorlax|partiallytrapped
|
|turn|56
|choice|move 1|move 4
|
|move|p1a: Mega Gastly|Clamp|p2a: Snorlax
|-damage|p2a: Snorlax|9\/523
|cant|p2a: Snorlax|partiallytrapped
|
|-end|p2a: Snorlax|Clamp|[partiallytrapped]
|turn|57
|choice|move 3|move 4
|
|move|p1a: Mega Gastly|Blizzard|p2a: Snorlax
|-damage|p2a: Snorlax|0 fnt
|faint|p2a: Snorlax
|choice||switch 4
|
|switch|p2a: Tauros|Tauros|244\/353
|turn|58
|choice|move 1|move 2
|
|move|p2a: Tauros|Body Slam|p1a: Mega Gastly
|-damage|p1a: Mega Gastly|165\/303
|move|p1a: Mega Gastly|Clamp|p2a: Tauros|[miss]
|-miss|p1a: Mega Gastly
|
|turn|59
|choice|move 2|move 2
|
|move|p2a: Tauros|Body Slam|p1a: Mega Gastly
|-damage|p1a: Mega Gastly|101\/303
|move|p1a: Mega Gastly|Explosion|p2a: Tauros
|-damage|p2a: Tauros|0 fnt
|faint|p2a: Tauros
|faint|p1a: Mega Gastly
|choice|switch 2|switch 6
|
|switch|p1a: Chance E|Chansey|703\/703 slp
|switch|p2a: Golem|Golem|363\/363
|turn|60
|choice|move 1|move 2
|
|cant|p1a: Chance E|slp
|move|p2a: Golem|Earthquake|p1a: Chance E
|-damage|p1a: Chance E|348\/703 slp
|
|turn|61
|choice|move 1|move 2
|
|cant|p1a: Chance E|slp
|move|p2a: Golem|Earthquake|p1a: Chance E
|-damage|p1a: Chance E|12\/703 slp
|
|turn|62
|choice|move 1|move 1
|
|cant|p1a: Chance E|slp
|move|p2a: Golem|Body Slam|p1a: Chance E
|-damage|p1a: Chance E|0 fnt
|faint|p1a: Chance E
|choice|switch 3|
|
|switch|p1a: Something|Starmie|323\/323 par
|turn|63
|choice|move 3|move 4
|
|move|p2a: Golem|Explosion|p1a: Something
|-damage|p1a: Something|3\/323 par
|faint|p2a: Golem
|choice||switch 2
|
|switch|p2a: Chansey|Chansey|182\/703 par
|turn|64
|choice|move 3|move 3
|
|move|p1a: Something|Surf|p2a: Chansey
|-damage|p2a: Chansey|75\/703 par
|cant|p2a: Chansey|par
|
|turn|65
|choice|move 3|move 3
|
|move|p1a: Something|Surf|p2a: Chansey
|-damage|p2a: Chansey|0 fnt
|faint|p2a: Chansey
|
|win|Ch01W0n5h1n
|raw|Ch01W0n5h1n's rating: 1229 &rarr; <strong>1245<\/strong><br \/>(+16 for winning)
|raw|7_R0's rating: 1097 &rarr; <strong>1081<\/strong><br \/>(-16 for losing)
|c|★7_R0|no luck there
|c|★7_R0|gg
|c|★Ch01W0n5h1n|gg
|c|★Ch01W0n5h1n|so short
|c|★Ch01W0n5h1n|could have gone either way