|join|Rook to e1
|join|Merlin Engine
|player|p1|Rook to e1|50
|player|p2|Merlin Engine|165
|gametype|singles
|gen|1
|tier|[Gen 1] Random Battle
|rated
|rule|Sleep Clause Mod: Limit one foe put to sleep
|rule|Freeze Clause Mod: Limit one foe frozen
|rule|HP Percentage Mod: HP is shown in percentages
|
|start
|switch|p1a: Lapras|Lapras, L82|381\/381
|switch|p2a: Golbat|Golbat, L86|304\/304
|turn|1
|
|move|p2a: Golbat|Confuse Ray|p1a: Lapras
|-start|p1a: Lapras|confusion
|-activate|p1a: Lapras|confusion
|move|p1a: Lapras|Ice Beam|p2a: Golbat
|-supereffective|p2a: Golbat
|-damage|p2a: Golbat|106\/304
|
|turn|2
|
|switch|p2a: Chansey|Chansey, L82|578\/578
|-activate|p1a: Lapras|confusion
|move|p1a: Lapras|Ice Beam|p2a: Chansey
|-damage|p2a: Chansey|495\/578
|
|turn|3
|
|-end|p1a: Lapras|confusion
|move|p1a: Lapras|Confuse Ray|p2a: Chansey
|-start|p2a: Chansey|confusion
|-activate|p2a: Chansey|confusion
|move|p2a: Chansey|Thunderbolt|p1a: Lapras
|-supereffective|p1a: Lapras
|-damage|p1a: Lapras|250\/381
|
|turn|4
|
|switch|p2a: Mewtwo|Mewtwo, L71|297\/297
|move|p1a: Lapras|Body Slam|p2a: Mewtwo
|-damage|p2a: Mewtwo|234\/297
|
|turn|5
|
|switch|p2a: Chansey|Chansey, L82|495\/578
|move|p1a: Lapras|Confuse Ray|p2a: Chansey
|-start|p2a: Chansey|confusion
|
|turn|6
|
|switch|p2a: Mewtwo|Mewtwo, L71|234\/297
|move|p1a: Lapras|Body Slam|p2a: Mewtwo
|-damage|p2a: Mewtwo|172\/297
|
|turn|7
|
|move|p2a: Mewtwo|Psychic|p1a: Lapras
|-damage|p1a: Lapras|162\/381
|move|p1a: Lapras|Ice Beam|p2a: Mewtwo
|-damage|p2a: Mewtwo|95\/297
|
|turn|8
|
|switch|p2a: Chansey|Chansey, L82|495\/578
|move|p1a: Lapras|Confuse Ray|p2a: Chansey
|-start|p2a: Chansey|confusion
|
|turn|9
|
|move|p1a: Lapras|Ice Beam|p2a: Chansey
|-damage|p2a: Chansey|405\/578
|-activate|p2a: Chansey|confusion
|-damage|p2a: Chansey|376\/578|[from] confusion
|
|turn|10
|
|move|p1a: Lapras|Body Slam|p2a: Chansey
|-damage|p2a: Chansey|235\/578
|-activate|p2a: Chansey|confusion
|-damage|p2a: Chansey|206\/578|[from] confusion
|
|turn|11
|
|move|p1a: Lapras|Body Slam|p2a: Chansey
|-damage|p2a: Chansey|65\/578
|-activate|p2a: Chansey|confusion
|-damage|p2a: Chansey|36\/578|[from] confusion
|
|turn|12
|
|switch|p2a: Mewtwo|Mewtwo, L71|95\/297
|move|p1a: Lapras|Ice Beam|p2a: Mewtwo
|-damage|p2a: Mewtwo|27\/297
|
|turn|13
|
|move|p2a: Mewtwo|Rest|p2a: Mewtwo
|-status|p2a: Mewtwo|slp
|-heal|p2a: Mewtwo|297\/297 slp|[silent]
|-status|p2a: Mewtwo|slp|[from] move: Rest
|move|p1a: Lapras|Ice Beam|p2a: Mewtwo
|-damage|p2a: Mewtwo|227\/297 slp
|
|turn|14
|
|switch|p1a: Zapdos|Zapdos, L82|315\/315
|cant|p2a: Mewtwo|slp
|
|turn|15
|
|switch|p2a: Golem|Golem, L82|299\/299
|move|p1a: Zapdos|Thunderbolt|p2a: Golem
|-immune|p2a: Golem|[msg]
|
|turn|16
|
|switch|p1a: Seadra|Seadra, L86|270\/270
|move|p2a: Golem|Rock Slide|p1a: Seadra
|-crit|p1a: Seadra
|-damage|p1a: Seadra|117\/270
|
|turn|17
|
|switch|p2a: Fearow|Fearow, L86|287\/287
|move|p1a: Seadra|Hydro Pump|p2a: Fearow
|-damage|p2a: Fearow|138\/287
|
|turn|18
|
|move|p2a: Fearow|Hyper Beam|p1a: Seadra
|-damage|p1a: Seadra|0 fnt
|faint|p1a: Seadra
|
|switch|p1a: Zapdos|Zapdos, L82|315\/315
|turn|19
|
|switch|p2a: Golem|Golem, L82|299\/299
|move|p1a: Zapdos|Thunderbolt|p2a: Golem
|-immune|p2a: Golem|[msg]
|
|turn|20
|
|switch|p1a: Ivysaur|Ivysaur, L86|279\/279
|move|p2a: Golem|Rock Slide|p1a: Ivysaur
|-damage|p1a: Ivysaur|186\/279
|
|turn|21
|
|move|p1a: Ivysaur|Razor Leaf|p2a: Golem
|-crit|p2a: Golem
|-supereffective|p2a: Golem
|-damage|p2a: Golem|0 fnt
|faint|p2a: Golem
|
|switch|p2a: Magmar|Magmar, L86|287\/287
|turn|22
|
|move|p2a: Magmar|Confuse Ray|p1a: Ivysaur
|-start|p1a: Ivysaur|confusion
|-activate|p1a: Ivysaur|confusion
|move|p1a: Ivysaur|Sleep Powder|p2a: Magmar|[miss]
|-miss|p1a: Ivysaur
|
|turn|23
|
|move|p2a: Magmar|Body Slam|p1a: Ivysaur
|-damage|p1a: Ivysaur|106\/279
|-status|p1a: Ivysaur|par
|cant|p1a: Ivysaur|par
|
|turn|24
|
|move|p2a: Magmar|Body Slam|p1a: Ivysaur
|-damage|p1a: Ivysaur|29\/279 par
|cant|p1a: Ivysaur|par
|
|turn|25
|
|switch|p2a: Chansey|Chansey, L82|36\/578
|-end|p1a: Ivysaur|confusion
|move|p1a: Ivysaur|Sleep Powder|p2a: Chansey
|-status|p2a: Chansey|slp
|
|turn|26
|
|switch|p2a: Magmar|Magmar, L86|287\/287
|cant|p1a: Ivysaur|par
|
|turn|27
|c|★Merlin Engine|so much for the clause
|
|move|p2a: Magmar|Body Slam|p1a: Ivysaur
|-damage|p1a: Ivysaur|0 fnt
|faint|p1a: Ivysaur
|
|switch|p1a: Rhydon|Rhydon, L82|340\/340
|turn|28
|
|switch|p2a: Golbat|Golbat, L86|106\/304
|move|p1a: Rhydon|Rock Slide|p2a: Golbat
|-supereffective|p2a: Golbat
|-damage|p2a: Golbat|0 fnt
|faint|p2a: Golbat
|
|switch|p2a: Mewtwo|Mewtwo, L71|227\/297 slp
|turn|29
|
|cant|p2a: Mewtwo|slp
|-curestatus|p2a: Mewtwo|slp
|move|p1a: Rhydon|Substitute|p1a: Rhydon
|-start|p1a: Rhydon|Substitute
|-damage|p1a: Rhydon|255\/340
|
|turn|30
|
|move|p2a: Mewtwo|Psychic|p1a: Rhydon
|-end|p1a: Rhydon|Substitute
|move|p1a: Rhydon|Earthquake|p2a: Mewtwo
|-crit|p2a: Mewtwo
|-damage|p2a: Mewtwo|0 fnt
|faint|p2a: Mewtwo
|
|switch|p2a: Fearow|Fearow, L86|138\/287
|turn|31
|
|move|p2a: Fearow|Mirror Move|p1a: Rhydon
|move|p2a: Fearow|Earthquake|p1a: Rhydon|[from]Mirror Move
|-supereffective|p1a: Rhydon
|-damage|p1a: Rhydon|148\/340
|move|p1a: Rhydon|Rock Slide|p2a: Fearow
|-supereffective|p2a: Fearow
|-damage|p2a: Fearow|0 fnt
|faint|p2a: Fearow
|
|switch|p2a: Magmar|Magmar, L86|287\/287
|turn|32
|
|move|p2a: Magmar|Confuse Ray|p1a: Rhydon
|-start|p1a: Rhydon|confusion
|-activate|p1a: Rhydon|confusion
|-damage|p1a: Rhydon|118\/340|[from] confusion
|
|turn|33
|
|move|p2a: Magmar|Flamethrower|p1a: Rhydon
|-resisted|p1a: Rhydon
|-damage|p1a: Rhydon|46\/340
|-end|p1a: Rhydon|confusion
|move|p1a: Rhydon|Earthquake|p2a: Magmar
|-supereffective|p2a: Magmar
|-damage|p2a: Magmar|0 fnt
|faint|p2a: Magmar
|
|switch|p2a: Chansey|Chansey, L82|36\/578 slp
|turn|34
|
|cant|p2a: Chansey|slp
|move|p1a: Rhydon|Earthquake|p2a: Chansey
|-damage|p2a: Chansey|0 fnt
|faint|p2a: Chansey
|
|win|Rook to e1
|raw|Ladder updating...
|raw|Rook to e1's rating: 1171 &rarr; <strong>1197<\/strong><br \/>(+26 for winning)
|raw|Merlin Engine's rating: 1180 &rarr; <strong>1154<\/strong><br \/>(-26 for losing)
|c|★Rook to e1|gg
|leave|Rook to e1
|player|p1