|j|Mandelbrot
|j|Vaskey13
|player|p1|Mandelbrot|101
|player|p2|Vaskey13|265
|gametype|singles
|gen|1
|tier|[Gen 1] OU
|rated
|seed|14478,24544,33231,31570
|rule|Sleep Clause Mod: Limit one foe put to sleep
|rule|Freeze Clause Mod: Limit one foe frozen
|rule|Species Clause: Limit one of each Pokémon
|rule|OHKO Clause: OHKO moves are banned
|rule|Evasion Moves Clause: Evasion moves are banned
|rule|HP Percentage Mod: HP is shown in percentages
|
|start
|switch|p1a: Exeggutor|Exeggutor|393\/393
|switch|p2a: Exeggutor|Exeggutor|393\/393
|turn|1
|c|★Mandelbrot|gl hf
|c|★Vaskey13|?
|choice|move 1|move 3
|
|move|p1a: Exeggutor|Sleep Powder|p2a: Exeggutor|[miss]
|-miss|p1a: Exeggutor
|move|p2a: Exeggutor|Sleep Powder|p1a: Exeggutor
|-status|p1a: Exeggutor|slp
|
|turn|2
|c|★Mandelbrot|means good luck have fun
|choice|switch 2|move 2
|
|switch|p1a: Lapras|Lapras|463\/463
|move|p2a: Exeggutor|Psychic|p1a: Lapras
|-crit|p1a: Lapras
|-damage|p1a: Lapras|222\/463
|
|turn|3
|c|★Vaskey13|thanks !
|c|★Mandelbrot|looks like you don't need the luck so far. :)
|choice|move 2|move 4
|
|move|p1a: Lapras|Confuse Ray|p2a: Exeggutor
|-start|p2a: Exeggutor|confusion
|-activate|p2a: Exeggutor|confusion
|-damage|p2a: Exeggutor|355\/393|[from] confusion
|
|turn|4
|choice|move 1|switch 6
|
|switch|p2a: Starmie|Starmie|323\/323
|move|p1a: Lapras|Ice Beam|p2a: Starmie
|-resisted|p2a: Starmie
|-damage|p2a: Starmie|272\/323
|
|turn|5
|choice|switch 3|move 4
|
|switch|p1a: Chansey|Chansey|703\/703
|move|p2a: Starmie|Thunderbolt|p1a: Chansey
|-damage|p1a: Chansey|636\/703
|
|turn|6
|choice|move 4|move 1
|
|move|p2a: Starmie|Blizzard|p1a: Chansey
|-damage|p1a: Chansey|553\/703
|move|p1a: Chansey|Thunder Wave|p2a: Starmie
|-status|p2a: Starmie|par
|
|turn|7
|choice|move 3|move 1
|
|move|p1a: Chansey|Thunderbolt|p2a: Starmie
|-supereffective|p2a: Starmie
|-damage|p2a: Starmie|120\/323 par
|move|p2a: Starmie|Blizzard|p1a: Chansey
|-damage|p1a: Chansey|470\/703
|
|turn|8
|choice|move 3|switch 4
|
|switch|p2a: Golem|Golem|363\/363
|move|p1a: Chansey|Thunderbolt|p2a: Golem
|-immune|p2a: Golem|[msg]
|
|turn|9
|choice|move 2|move 1
|
|move|p1a: Chansey|Ice Beam|p2a: Golem
|-supereffective|p2a: Golem
|-damage|p2a: Golem|125\/363
|move|p2a: Golem|Body Slam|p1a: Chansey
|-damage|p1a: Chansey|274\/703
|
|turn|10
|choice|move 2|move 2
|
|move|p1a: Chansey|Ice Beam|p2a: Golem
|-supereffective|p2a: Golem
|-damage|p2a: Golem|0 fnt
|faint|p2a: Golem
|choice||switch 5
|
|switch|p2a: Tauros|Tauros|353\/353
|turn|11
|choice|switch 2|move 2
|
|switch|p1a: Exeggutor|Exeggutor|393\/393 slp
|move|p2a: Tauros|Body Slam|p1a: Exeggutor
|-crit|p1a: Exeggutor
|-damage|p1a: Exeggutor|165\/393 slp
|
|turn|12
|choice|switch 3|move 2
|
|switch|p1a: Lapras|Lapras|222\/463
|move|p2a: Tauros|Body Slam|p1a: Lapras
|-crit|p1a: Lapras
|-damage|p1a: Lapras|0 fnt
|faint|p1a: Lapras
|choice|switch 6|
|
|switch|p1a: Snorlax|Snorlax|523\/523
|turn|13
|choice|move 2|switch 6
|
|switch|p2a: Exeggutor|Exeggutor|355\/393
|move|p1a: Snorlax|Reflect|p1a: Snorlax
|-start|p1a: Snorlax|Reflect
|
|turn|14
|choice|move 1|move 2
|
|move|p2a: Exeggutor|Psychic|p1a: Snorlax
|-crit|p1a: Snorlax
|-damage|p1a: Snorlax|209\/523
|move|p1a: Snorlax|Amnesia|p1a: Snorlax
|-boost|p1a: Snorlax|spd|2
|-boost|p1a: Snorlax|spa|2
|
|turn|15
|c|★Mandelbrot|Do you ever not crit? lol
|c|★Vaskey13|im lucky as hell
|choice|move 3|move 1
|
|move|p2a: Exeggutor|Explosion|p1a: Snorlax
|-damage|p1a: Snorlax|39\/523
|faint|p2a: Exeggutor
|c|★Vaskey13|oh i taught i kill snor
|c|★Mandelbrot|Well tauros is fast.
|choice||switch 2
|
|switch|p2a: Alakazam|Alakazam|313\/313
|turn|16
|choice|switch 2|move 2
|
|switch|p1a: Chansey|Chansey|274\/703
|move|p2a: Alakazam|Psychic|p1a: Chansey
|-damage|p1a: Chansey|145\/703
|
|turn|17
|choice|move 4|move 2
|
|move|p2a: Alakazam|Psychic|p1a: Chansey
|-damage|p1a: Chansey|10\/703
|-unboost|p1a: Chansey|spd|1
|-unboost|p1a: Chansey|spa|1
|move|p1a: Chansey|Thunder Wave|p2a: Alakazam
|-status|p2a: Alakazam|par
|
|turn|18
|choice|move 1|move 2
|
|move|p1a: Chansey|Soft-Boiled|p1a: Chansey
|-heal|p1a: Chansey|361\/703
|move|p2a: Alakazam|Psychic|p1a: Chansey
|-damage|p1a: Chansey|170\/703
|-unboost|p1a: Chansey|spd|1
|-unboost|p1a: Chansey|spa|1
|
|turn|19
|choice|move 1|move 2
|
|move|p1a: Chansey|Soft-Boiled|p1a: Chansey
|-heal|p1a: Chansey|521\/703
|move|p2a: Alakazam|Psychic|p1a: Chansey
|-damage|p1a: Chansey|244\/703
|
|turn|20
|choice|switch 3|move 2
|
|switch|p1a: Exeggutor|Exeggutor|165\/393 slp
|cant|p2a: Alakazam|par
|
|turn|21
|choice|move 4|move 4
|
|cant|p1a: Exeggutor|slp
|move|p2a: Alakazam|Seismic Toss|p1a: Exeggutor
|-damage|p1a: Exeggutor|65\/393 slp
|
|turn|22
|choice|switch 3|move 4
|
|switch|p1a: Chansey|Chansey|244\/703
|move|p2a: Alakazam|Seismic Toss|p1a: Chansey
|-damage|p1a: Chansey|144\/703
|
|turn|23
|choice|move 1|switch 6
|
|switch|p2a: Tauros|Tauros|353\/353
|move|p1a: Chansey|Soft-Boiled|p1a: Chansey
|-heal|p1a: Chansey|495\/703
|
|turn|24
|choice|move 4|move 2
|
|move|p2a: Tauros|Body Slam|p1a: Chansey
|-damage|p1a: Chansey|219\/703
|move|p1a: Chansey|Thunder Wave|p2a: Tauros
|-status|p2a: Tauros|par
|
|turn|25
|choice|move 1|move 2
|
|move|p1a: Chansey|Soft-Boiled|p1a: Chansey
|-heal|p1a: Chansey|570\/703
|move|p2a: Tauros|Body Slam|p1a: Chansey
|-damage|p1a: Chansey|289\/703
|
|turn|26
|c|★Vaskey13|i cant para a normal ?
|choice|move 1|move 2
|
|move|p1a: Chansey|Soft-Boiled|p1a: Chansey
|-heal|p1a: Chansey|640\/703
|cant|p2a: Tauros|par
|
|turn|27
|c|★Mandelbrot|Well, you've only tried a few times, but no.
|c|★Mandelbrot|It's only a 30% chance anyway.
|choice|move 3|move 1
|
|move|p1a: Chansey|Thunderbolt|p2a: Tauros
|-damage|p2a: Tauros|253\/353 par
|move|p2a: Tauros|Blizzard|p1a: Chansey
|-crit|p1a: Chansey
|-damage|p1a: Chansey|490\/703
|
|turn|28
|c|★Vaskey13|i glitch so it supposed to always para.
|c|★Vaskey13|thats why always crit
|c|★Vaskey13|joke lol
|choice|move 3|switch 3
|
|switch|p2a: Chansey|Chansey|703\/703
|move|p1a: Chansey|Thunderbolt|p2a: Chansey
|-damage|p2a: Chansey|634\/703
|
|turn|29
|choice|move 2|move 2
|
|move|p1a: Chansey|Ice Beam|p2a: Chansey
|-damage|p2a: Chansey|560\/703
|move|p2a: Chansey|Ice Beam|p1a: Chansey
|-damage|p1a: Chansey|421\/703
|
|turn|30
|choice|move 2|move 2
|
|move|p2a: Chansey|Ice Beam|p1a: Chansey
|-damage|p1a: Chansey|348\/703
|move|p1a: Chansey|Ice Beam|p2a: Chansey
|-damage|p2a: Chansey|487\/703
|
|turn|31
|choice|move 2|move 2
|
|move|p1a: Chansey|Ice Beam|p2a: Chansey
|-damage|p2a: Chansey|410\/703
|move|p2a: Chansey|Ice Beam|p1a: Chansey
|-damage|p1a: Chansey|277\/703
|
|turn|32
|choice|move 2|move 2
|
|move|p1a: Chansey|Ice Beam|p2a: Chansey
|-crit|p2a: Chansey
|-damage|p2a: Chansey|271\/703
|move|p2a: Chansey|Ice Beam|p1a: Chansey
|-damage|p1a: Chansey|197\/703
|
|turn|33
|choice|move 1|move 2
|
|move|p1a: Chansey|Soft-Boiled|p1a: Chansey
|-heal|p1a: Chansey|548\/703
|move|p2a: Chansey|Ice Beam|p1a: Chansey
|-damage|p1a: Chansey|469\/703
|
|turn|34
|choice|move 2|move 2
|
|move|p2a: Chansey|Ice Beam|p1a: Chansey
|-damage|p1a: Chansey|400\/703
|move|p1a: Chansey|Ice Beam|p2a: Chansey
|-damage|p2a: Chansey|200\/703
|
|turn|35
|choice|move 2|move 2
|
|move|p2a: Chansey|Ice Beam|p1a: Chansey
|-damage|p1a: Chansey|327\/703
|move|p1a: Chansey|Ice Beam|p2a: Chansey
|-damage|p2a: Chansey|130\/703
|-status|p2a: Chansey|frz
|
|turn|36
|-message|Vaskey13 forfeited.
|
|win|Mandelbrot
|player|p1
|player|p2
|l|Vaskey13
|raw|Mandelbrot's rating: 1341 &rarr; <strong>1356<\/strong><br \/>(+15 for winning)
|raw|Vaskey13's rating: 1255 &rarr; <strong>1236<\/strong><br \/>(-19 for losing)