|join|revrhyz
|join|PickledBeets
|player|p1|revrhyz|102
|player|p2|PickledBeets|162
|gametype|singles
|gen|1
|tier|[Gen 1] Random Battle
|rated
|seed|13916,37017,1714,46148
|rule|Sleep Clause Mod: Limit one foe put to sleep
|rule|Freeze Clause Mod: Limit one foe frozen
|rule|HP Percentage Mod: HP is shown in percentages
|
|start
|switch|p1a: Pinsir|Pinsir, L85|284\/284
|switch|p2a: Seadra|Seadra, L90|282\/282
|turn|1
|choice|move 3|move 2
|
|move|p2a: Seadra|Hydro Pump|p1a: Pinsir
|-damage|p1a: Pinsir|93\/284
|move|p1a: Pinsir|Hyper Beam|p2a: Seadra
|-damage|p2a: Seadra|166\/282
|
|turn|2
|-mustrecharge|p1a: Pinsir
|-mustrecharge|p1a: Pinsir
|choice|move 1|move 3
|
|move|p2a: Seadra|Mimic|p1a: Pinsir
|-start|p2a: Seadra|Mimic|Swords Dance
|cant|p1a: Pinsir|recharge
|
|turn|3
|choice|move 2|move 2
|
|move|p2a: Seadra|Hydro Pump|p1a: Pinsir
|-damage|p1a: Pinsir|0 fnt
|faint|p1a: Pinsir
|choice|switch 5|
|
|switch|p1a: Hypno|Hypno, L85|318\/318
|turn|4
|choice|move 3|move 1
|
|move|p2a: Seadra|Smokescreen|p1a: Hypno
|-unboost|p1a: Hypno|accuracy|1
|move|p1a: Hypno|Hypnosis|p2a: Seadra
|-status|p2a: Seadra|slp
|
|turn|5
|choice|move 1|move 2
|
|cant|p2a: Seadra|slp
|move|p1a: Hypno|Psychic|p2a: Seadra
|-crit|p2a: Seadra
|-damage|p2a: Seadra|0 fnt
|faint|p2a: Seadra
|choice||switch 6
|
|switch|p2a: Kangaskhan|Kangaskhan, L85|352\/352
|turn|6
|choice|move 3|move 1
|
|move|p2a: Kangaskhan|Body Slam|p1a: Hypno
|-crit|p1a: Hypno
|-damage|p1a: Hypno|113\/318
|-status|p1a: Hypno|par
|move|p1a: Hypno|Hypnosis|p2a: Kangaskhan|[miss]
|-miss|p1a: Hypno
|
|turn|7
|choice|move 1|move 1
|
|move|p2a: Kangaskhan|Body Slam|p1a: Hypno
|-damage|p1a: Hypno|18\/318 par
|move|p1a: Hypno|Psychic|p2a: Kangaskhan
|-damage|p2a: Kangaskhan|184\/352
|
|turn|8
|choice|move 1|move 1
|
|move|p2a: Kangaskhan|Body Slam|p1a: Hypno
|-damage|p1a: Hypno|0 fnt
|faint|p1a: Hypno
|choice|switch 3|
|
|switch|p1a: Dewgong|Dewgong, L85|327\/327
|turn|9
|choice|move 2|move 1
|
|move|p2a: Kangaskhan|Body Slam|p1a: Dewgong
|-damage|p1a: Dewgong|226\/327
|move|p1a: Dewgong|Surf|p2a: Kangaskhan
|-damage|p2a: Kangaskhan|32\/352
|
|turn|10
|choice|move 1|move 1
|
|move|p2a: Kangaskhan|Body Slam|p1a: Dewgong
|-crit|p1a: Dewgong
|-damage|p1a: Dewgong|26\/327
|move|p1a: Dewgong|Body Slam|p2a: Kangaskhan
|-damage|p2a: Kangaskhan|0 fnt
|faint|p2a: Kangaskhan
|choice||switch 5
|
|switch|p2a: Flareon|Flareon, L90|300\/300
|turn|11
|choice|move 2|move 2
|
|move|p2a: Flareon|Body Slam|p1a: Dewgong
|-damage|p1a: Dewgong|0 fnt
|faint|p1a: Dewgong
|choice|switch 4|
|
|switch|p1a: Seadra|Seadra, L90|282\/282
|turn|12
|choice|move 1|move 2
|
|move|p1a: Seadra|Surf|p2a: Flareon
|-supereffective|p2a: Flareon
|-damage|p2a: Flareon|130\/300
|move|p2a: Flareon|Body Slam|p1a: Seadra
|-damage|p1a: Seadra|203\/282
|
|turn|13
|choice|move 1|move 2
|
|move|p1a: Seadra|Surf|p2a: Flareon
|-supereffective|p2a: Flareon
|-damage|p2a: Flareon|0 fnt
|faint|p2a: Flareon
|choice||switch 4
|
|switch|p2a: Poliwrath|Poliwrath, L85|327\/327
|turn|14
|choice|switch 6|move 1
|
|switch|p1a: Exeggutor|Exeggutor, L79|312\/312
|move|p2a: Poliwrath|Amnesia|p2a: Poliwrath
|-boost|p2a: Poliwrath|spd|2
|-boost|p2a: Poliwrath|spa|2
|
|turn|15
|choice|move 1|move 3
|
|move|p2a: Poliwrath|Blizzard|p1a: Exeggutor
|-supereffective|p1a: Exeggutor
|-damage|p1a: Exeggutor|88\/312
|move|p1a: Exeggutor|Sleep Powder|p2a: Poliwrath
|-status|p2a: Poliwrath|slp
|
|turn|16
|choice|move 4|move 3
|
|cant|p2a: Poliwrath|slp
|move|p1a: Exeggutor|Mega Drain|p2a: Poliwrath
|-supereffective|p2a: Poliwrath
|-damage|p2a: Poliwrath|278\/327 slp
|-heal|p1a: Exeggutor|112\/312|[from] drain|[of] p2a: Poliwrath
|
|turn|17
|choice|move 3|move 3
|
|cant|p2a: Poliwrath|slp
|move|p1a: Exeggutor|Hyper Beam|p2a: Poliwrath
|-damage|p2a: Poliwrath|192\/327 slp
|
|turn|18
|-mustrecharge|p1a: Exeggutor
|-mustrecharge|p1a: Exeggutor
|choice|move 1|move 3
|
|-curestatus|p2a: Poliwrath|slp
|cant|p1a: Exeggutor|recharge
|
|turn|19
|choice|move 2|move 3
|
|move|p2a: Poliwrath|Blizzard|p1a: Exeggutor
|-crit|p1a: Exeggutor
|-supereffective|p1a: Exeggutor
|-damage|p1a: Exeggutor|0 fnt
|faint|p1a: Exeggutor
|choice|switch 2|
|
|switch|p1a: Gloom|Gloom, L90|291\/291
|turn|20
|choice|move 2|move 3
|
|move|p2a: Poliwrath|Blizzard|p1a: Gloom
|-supereffective|p1a: Gloom
|-damage|p1a: Gloom|31\/291
|-status|p1a: Gloom|frz
|cant|p1a: Gloom|frz
|
|turn|21
|choice|move 1|move 1
|
|move|p2a: Poliwrath|Amnesia|p2a: Poliwrath
|-boost|p2a: Poliwrath|spd|2
|-boost|p2a: Poliwrath|spa|2
|cant|p1a: Gloom|frz
|
|turn|22
|choice|move 1|move 1
|
|move|p2a: Poliwrath|Amnesia|p2a: Poliwrath
|-boost|p2a: Poliwrath|spd|2
|-boost|p2a: Poliwrath|spa|2
|cant|p1a: Gloom|frz
|
|turn|23
|choice|move 1|move 3
|
|move|p2a: Poliwrath|Blizzard|p1a: Gloom
|-supereffective|p1a: Gloom
|-damage|p1a: Gloom|0 fnt
|faint|p1a: Gloom
|choice|switch 6|
|
|switch|p1a: Seadra|Seadra, L90|203\/282
|turn|24
|choice|move 3|move 4
|
|move|p1a: Seadra|Blizzard|p2a: Poliwrath
|-resisted|p2a: Poliwrath
|-damage|p2a: Poliwrath|178\/327
|move|p2a: Poliwrath|Surf|p1a: Seadra
|-resisted|p1a: Seadra
|-damage|p1a: Seadra|59\/282
|
|turn|25
|choice|move 3|move 4
|
|move|p1a: Seadra|Blizzard|p2a: Poliwrath
|-resisted|p2a: Poliwrath
|-damage|p2a: Poliwrath|165\/327
|-status|p2a: Poliwrath|frz
|cant|p2a: Poliwrath|frz
|
|turn|26
|choice|move 3|move 4
|
|move|p1a: Seadra|Blizzard|p2a: Poliwrath
|-resisted|p2a: Poliwrath
|-damage|p2a: Poliwrath|151\/327 frz
|cant|p2a: Poliwrath|frz
|
|turn|27
|choice|move 1|move 4
|
|move|p1a: Seadra|Surf|p2a: Poliwrath
|-resisted|p2a: Poliwrath
|-damage|p2a: Poliwrath|135\/327 frz
|cant|p2a: Poliwrath|frz
|
|turn|28
|choice|move 1|move 4
|
|move|p1a: Seadra|Surf|p2a: Poliwrath
|-resisted|p2a: Poliwrath
|-damage|p2a: Poliwrath|119\/327 frz
|cant|p2a: Poliwrath|frz
|
|turn|29
|choice|move 1|move 4
|
|move|p1a: Seadra|Surf|p2a: Poliwrath
|-crit|p2a: Poliwrath
|-resisted|p2a: Poliwrath
|-damage|p2a: Poliwrath|0 fnt
|faint|p2a: Poliwrath
|choice||switch 3
|
|switch|p2a: Pinsir|Pinsir, L85|284\/284
|turn|30
|choice|move 3|move 4
|
|move|p1a: Seadra|Blizzard|p2a: Pinsir
|-crit|p2a: Pinsir
|-damage|p2a: Pinsir|42\/284
|-status|p2a: Pinsir|frz
|cant|p2a: Pinsir|frz
|
|turn|31
|choice|move 1|move 4
|
|move|p1a: Seadra|Surf|p2a: Pinsir
|-damage|p2a: Pinsir|0 fnt
|faint|p2a: Pinsir
|choice||switch 2
|
|switch|p2a: Rhyhorn|Rhyhorn, L96|348\/348
|turn|32
|choice|move 3|move 1
|
|move|p1a: Seadra|Blizzard|p2a: Rhyhorn
|-supereffective|p2a: Rhyhorn
|-damage|p2a: Rhyhorn|48\/348
|-status|p2a: Rhyhorn|frz
|cant|p2a: Rhyhorn|frz
|
|turn|33
|c|★PickledBeets|go fuck youself
|c|★revrhyz|Yes! Haha!
|c|★revrhyz|It ain't over 'til it's over.
|c|★revrhyz|Don't pussy out on me now.
|-message|PickledBeets forfeited.
|
|win|revrhyz
|leave|PickledBeets
|player|p2
|c|★revrhyz|Twat.