|j|poutrak
|j|Zorage
|player|p1|poutrak|102
|player|p2|Zorage|73
|gametype|singles
|gen|1
|tier|[Gen 1] OU
|rated
|seed|
|rule|Sleep Clause Mod: Limit one foe put to sleep
|rule|Freeze Clause Mod: Limit one foe frozen
|rule|Species Clause: Limit one of each Pokémon
|rule|OHKO Clause: OHKO moves are banned
|rule|Evasion Moves Clause: Evasion moves are banned
|rule|HP Percentage Mod: HP is shown in percentages
|
|start
|switch|p1a: Exeggutor|Exeggutor|100\/100
|switch|p2a: Jynx|Jynx|100\/100
|turn|1
|choice||
|
|move|p2a: Jynx|Lovely Kiss|p1a: Exeggutor
|-status|p1a: Exeggutor|slp
|cant|p1a: Exeggutor|slp
|
|turn|2
|choice||
|
|switch|p1a: Alakazam|Alakazam|100\/100
|move|p2a: Jynx|Ice Beam|p1a: Alakazam
|-damage|p1a: Alakazam|74\/100
|
|turn|3
|choice||
|
|switch|p2a: Chansey|Chansey|100\/100
|move|p1a: Alakazam|Seismic Toss|p2a: Chansey
|-damage|p2a: Chansey|86\/100
|
|turn|4
|j|Rubrik11
|choice||
|
|switch|p1a: Chansey|Chansey|100\/100
|move|p2a: Chansey|Ice Beam|p1a: Chansey
|-damage|p1a: Chansey|91\/100
|
|turn|5
|choice||
|
|switch|p2a: Jynx|Jynx|100\/100
|move|p1a: Chansey|Ice Beam|p2a: Jynx
|-crit|p2a: Jynx
|-resisted|p2a: Jynx
|-damage|p2a: Jynx|78\/100
|
|turn|6
|choice||
|
|switch|p2a: Chansey|Chansey|86\/100
|move|p1a: Chansey|Thunderbolt|p2a: Chansey
|-damage|p2a: Chansey|76\/100
|
|turn|7
|choice||
|
|move|p1a: Chansey|Ice Beam|p2a: Chansey
|-damage|p2a: Chansey|65\/100
|move|p2a: Chansey|Ice Beam|p1a: Chansey
|-damage|p1a: Chansey|81\/100
|
|turn|8
|choice||
|
|switch|p2a: Jynx|Jynx|78\/100
|move|p1a: Chansey|Ice Beam|p2a: Jynx
|-resisted|p2a: Jynx
|-damage|p2a: Jynx|65\/100
|
|turn|9
|choice||
|
|move|p2a: Jynx|Ice Beam|p1a: Chansey
|-damage|p1a: Chansey|67\/100
|move|p1a: Chansey|Ice Beam|p2a: Jynx
|-resisted|p2a: Jynx
|-damage|p2a: Jynx|53\/100
|
|turn|10
|choice||
|
|switch|p1a: Lapras|Lapras|100\/100
|move|p2a: Jynx|Ice Beam|p1a: Lapras
|-crit|p1a: Lapras
|-resisted|p1a: Lapras
|-damage|p1a: Lapras|90\/100
|
|turn|11
|l|Rubrik11
|choice||
|
|switch|p2a: Slowbro|Slowbro|100\/100
|move|p1a: Lapras|Body Slam|p2a: Slowbro
|-damage|p2a: Slowbro|87\/100
|
|turn|12
|choice||
|
|move|p1a: Lapras|Thunderbolt|p2a: Slowbro
|-supereffective|p2a: Slowbro
|-damage|p2a: Slowbro|44\/100
|move|p2a: Slowbro|Amnesia|p2a: Slowbro
|-boost|p2a: Slowbro|spd|2
|-boost|p2a: Slowbro|spa|2
|
|turn|13
|choice||
|
|move|p1a: Lapras|Thunderbolt|p2a: Slowbro
|-supereffective|p2a: Slowbro
|-damage|p2a: Slowbro|22\/100
|-status|p2a: Slowbro|par
|move|p2a: Slowbro|Thunder Wave|p1a: Lapras
|-status|p1a: Lapras|par
|
|turn|14
|choice||
|
|move|p1a: Lapras|Thunderbolt|p2a: Slowbro
|-supereffective|p2a: Slowbro
|-damage|p2a: Slowbro|0 fnt
|faint|p2a: Slowbro
|choice||
|
|switch|p2a: Golem|Golem|100\/100
|turn|15
|choice||
|
|move|p2a: Golem|Rock Slide|p1a: Lapras
|-supereffective|p1a: Lapras
|-damage|p1a: Lapras|43\/100 par
|move|p1a: Lapras|Blizzard|p2a: Golem
|-supereffective|p2a: Golem
|-damage|p2a: Golem|0 fnt
|faint|p2a: Golem
|choice||
|
|switch|p2a: Tauros|Tauros|100\/100
|turn|16
|choice||
|
|move|p2a: Tauros|Hyper Beam|p1a: Lapras
|-damage|p1a: Lapras|0 fnt
|faint|p1a: Lapras
|choice||
|
|switch|p1a: Tauros|Tauros|100\/100
|turn|17
|choice||
|
|move|p1a: Tauros|Body Slam|p2a: Tauros
|-damage|p2a: Tauros|72\/100
|move|p2a: Tauros|Body Slam|p1a: Tauros
|-damage|p1a: Tauros|72\/100
|
|turn|18
|choice||
|
|move|p2a: Tauros|Body Slam|p1a: Tauros
|-damage|p1a: Tauros|42\/100
|move|p1a: Tauros|Body Slam|p2a: Tauros
|-damage|p2a: Tauros|42\/100
|
|turn|19
|choice||
|
|move|p2a: Tauros|Hyper Beam|p1a: Tauros
|-damage|p1a: Tauros|0 fnt
|faint|p1a: Tauros
|choice||
|
|switch|p1a: Alakazam|Alakazam|74\/100
|turn|20
|choice||
|
|switch|p2a: Chansey|Chansey|65\/100
|move|p1a: Alakazam|Psychic|p2a: Chansey
|-crit|p2a: Chansey
|-damage|p2a: Chansey|30\/100
|
|turn|21
|choice||
|
|switch|p1a: Chansey|Chansey|67\/100
|move|p2a: Chansey|Soft-Boiled|p2a: Chansey
|-heal|p2a: Chansey|80\/100
|
|turn|22
|choice||
|
|switch|p2a: Jynx|Jynx|53\/100
|move|p1a: Chansey|Ice Beam|p2a: Jynx
|-resisted|p2a: Jynx
|-damage|p2a: Jynx|41\/100
|
|turn|23
|choice||
|
|move|p2a: Jynx|Ice Beam|p1a: Chansey
|-crit|p1a: Chansey
|-damage|p1a: Chansey|38\/100
|-status|p1a: Chansey|frz
|cant|p1a: Chansey|frz
|
|turn|24
|choice||
|
|switch|p2a: Chansey|Chansey|80\/100
|switch|p1a: Alakazam|Alakazam|74\/100
|
|turn|25
|choice||
|
|move|p1a: Alakazam|Thunder Wave|p2a: Chansey
|-status|p2a: Chansey|par
|cant|p2a: Chansey|par
|
|turn|26
|choice||
|
|move|p1a: Alakazam|Psychic|p2a: Chansey
|-damage|p2a: Chansey|63\/100 par
|move|p2a: Chansey|Thunder Wave|p1a: Alakazam
|-status|p1a: Alakazam|par
|
|turn|27
|choice||
|
|move|p1a: Alakazam|Psychic|p2a: Chansey
|-crit|p2a: Chansey
|-damage|p2a: Chansey|30\/100 par
|move|p2a: Chansey|Soft-Boiled|p2a: Chansey
|-heal|p2a: Chansey|80\/100 par
|
|turn|28
|choice||
|
|switch|p2a: Exeggutor|Exeggutor|100\/100
|move|p1a: Alakazam|Psychic|p2a: Exeggutor
|-crit|p2a: Exeggutor
|-resisted|p2a: Exeggutor
|-damage|p2a: Exeggutor|73\/100
|
|turn|29
|choice||
|
|switch|p1a: Exeggutor|Exeggutor|100\/100 slp
|move|p2a: Exeggutor|Psychic|p1a: Exeggutor
|-resisted|p1a: Exeggutor
|-damage|p1a: Exeggutor|88\/100 slp
|-unboost|p1a: Exeggutor|spd|1
|-unboost|p1a: Exeggutor|spa|1
|
|turn|30
|choice||
|
|switch|p2a: Jynx|Jynx|41\/100
|-curestatus|p1a: Exeggutor|slp
|
|turn|31
|choice||
|
|move|p2a: Jynx|Ice Beam|p1a: Exeggutor
|-supereffective|p1a: Exeggutor
|-damage|p1a: Exeggutor|11\/100
|move|p1a: Exeggutor|Sleep Powder|p2a: Jynx|[miss]
|-miss|p1a: Exeggutor
|
|turn|32
|choice||
|
|move|p2a: Jynx|Ice Beam|p1a: Exeggutor
|-supereffective|p1a: Exeggutor
|-damage|p1a: Exeggutor|0 fnt
|faint|p1a: Exeggutor
|choice||
|
|switch|p1a: Alakazam|Alakazam|74\/100 par
|turn|33
|choice||
|
|move|p2a: Jynx|Psychic|p1a: Alakazam
|-resisted|p1a: Alakazam
|-damage|p1a: Alakazam|60\/100 par
|-unboost|p1a: Alakazam|spd|1
|-unboost|p1a: Alakazam|spa|1
|cant|p1a: Alakazam|par
|
|turn|34
|choice||
|
|move|p2a: Jynx|Ice Beam|p1a: Alakazam
|-crit|p1a: Alakazam
|-damage|p1a: Alakazam|5\/100 par
|move|p1a: Alakazam|Seismic Toss|p2a: Jynx
|-damage|p2a: Jynx|11\/100
|
|turn|35
|c|★poutrak|lol dat hax
|choice||
|
|move|p2a: Jynx|Ice Beam|p1a: Alakazam
|-damage|p1a: Alakazam|0 fnt
|faint|p1a: Alakazam
|choice||
|
|switch|p1a: Rhydon|Rhydon|100\/100
|turn|36
|c|★Zorage|Yes it sucks
|choice||
|
|move|p2a: Jynx|Ice Beam|p1a: Rhydon
|-supereffective|p1a: Rhydon
|-damage|p1a: Rhydon|16\/100
|move|p1a: Rhydon|Earthquake|p2a: Jynx
|-damage|p2a: Jynx|0 fnt
|faint|p2a: Jynx
|choice||
|
|switch|p2a: Tauros|Tauros|42\/100
|turn|37
|-message|poutrak forfeited.
|
|win|Zorage
|player|p1
|player|p2
|l|poutrak
|raw|poutrak's rating: 1411 &rarr; <strong>1377<\/strong><br \/>(-34 for losing)
|raw|Zorage's rating: 1121 &rarr; <strong>1163<\/strong><br \/>(+42 for winning)