|j|flashboy198
|j|SinisterHFigure
|player|p1|flashboy198|281
|player|p2|SinisterHFigure|269
|gametype|singles
|gen|1
|tier|[Gen 1] OU
|rated
|seed|21525,64438,853,61894
|rule|Sleep Clause Mod: Limit one foe put to sleep
|rule|Freeze Clause Mod: Limit one foe frozen
|rule|Species Clause: Limit one of each Pokémon
|rule|OHKO Clause: OHKO moves are banned
|rule|Evasion Moves Clause: Evasion moves are banned
|rule|HP Percentage Mod: HP is shown in percentages
|
|start
|switch|p1a: Gengar|Gengar|323\/323
|switch|p2a: Dragonair|Dragonair|325\/325
|turn|1
|choice|move 4|move 2
|
|move|p1a: Gengar|Hypnosis|p2a: Dragonair|[miss]
|-miss|p1a: Gengar
|move|p2a: Dragonair|Thunder Wave|p1a: Gengar
|-status|p1a: Gengar|par
|
|turn|2
|choice|move 4|move 1
|
|move|p2a: Dragonair|Wrap|p1a: Gengar
|-damage|p1a: Gengar|323\/323 par
|-activate|p1a: Gengar|move: Wrap|[of] p2a: Dragonair
|cant|p1a: Gengar|partiallytrapped
|
|turn|3
|c|★flashboy198|-_-
|choice|move 4|switch 2
|
|switch|p2a: Lickitung|Lickitung|383\/383
|cant|p1a: Gengar|partiallytrapped
|
|-end|p1a: Gengar|Wrap|[partiallytrapped]
|turn|4
|choice|move 4|move 1
|
|move|p2a: Lickitung|Wrap|p1a: Gengar
|-damage|p1a: Gengar|323\/323 par
|-activate|p1a: Gengar|move: Wrap|[of] p2a: Lickitung
|cant|p1a: Gengar|partiallytrapped
|
|turn|5
|c|★flashboy198|what is the point?
|choice|move 4|switch 4
|
|switch|p2a: Arbok|Arbok|323\/323
|cant|p1a: Gengar|partiallytrapped
|
|-end|p1a: Gengar|Wrap|[partiallytrapped]
|turn|6
|choice|move 4|move 3
|
|move|p2a: Arbok|Earthquake|p1a: Gengar
|-supereffective|p1a: Gengar
|-damage|p1a: Gengar|131\/323 par
|move|p1a: Gengar|Hypnosis|p2a: Arbok|[miss]
|-miss|p1a: Gengar
|
|turn|7
|choice|move 3|move 3
|
|move|p2a: Arbok|Earthquake|p1a: Gengar
|-crit|p1a: Gengar
|-supereffective|p1a: Gengar
|-damage|p1a: Gengar|0 fnt
|faint|p1a: Gengar
|choice|switch 5|
|
|switch|p1a: Alakazam|Alakazam|313\/313
|turn|8
|choice|move 3|switch 4
|
|switch|p2a: Lickitung|Lickitung|383\/383
|move|p1a: Alakazam|Thunder Wave|p2a: Lickitung
|-status|p2a: Lickitung|par
|
|turn|9
|choice|move 2|move 3
|
|move|p1a: Alakazam|Substitute|p1a: Alakazam
|-start|p1a: Alakazam|Substitute
|-damage|p1a: Alakazam|235\/313
|move|p2a: Lickitung|Body Slam|p1a: Alakazam
|-end|p1a: Alakazam|Substitute
|
|turn|10
|choice|move 2|move 1
|
|move|p1a: Alakazam|Substitute|p1a: Alakazam
|-start|p1a: Alakazam|Substitute
|-damage|p1a: Alakazam|157\/313
|move|p2a: Lickitung|Wrap|p1a: Alakazam
|-activate|p1a: Alakazam|move: Wrap|[of] p2a: Lickitung
|-activate|p1a: Alakazam|Substitute|[damage]
|
|turn|11
|choice|move 4|switch 4
|
|switch|p2a: Arbok|Arbok|323\/323
|cant|p1a: Alakazam|partiallytrapped
|
|-end|p1a: Alakazam|Wrap|[partiallytrapped]
|turn|12
|choice|move 3|move 1
|
|move|p1a: Alakazam|Thunder Wave|p2a: Arbok
|-status|p2a: Arbok|par
|move|p2a: Arbok|Glare|p1a: Alakazam
|-status|p1a: Alakazam|par
|
|turn|13
|choice|move 4|move 2
|
|move|p1a: Alakazam|Recover|p1a: Alakazam
|-heal|p1a: Alakazam|313\/313 par
|move|p2a: Arbok|Wrap|p1a: Alakazam
|-activate|p1a: Alakazam|move: Wrap|[of] p2a: Arbok
|-activate|p1a: Alakazam|Substitute|[damage]
|
|turn|14
|c|★flashboy198|noob
|choice|move 1|switch 2
|
|switch|p2a: Dragonair|Dragonair|325\/325
|cant|p1a: Alakazam|partiallytrapped
|
|-end|p1a: Alakazam|Wrap|[partiallytrapped]
|turn|15
|choice|move 3|move 1
|
|move|p2a: Dragonair|Wrap|p1a: Alakazam|[miss]
|-miss|p2a: Dragonair
|move|p1a: Alakazam|Thunder Wave|p2a: Dragonair
|-status|p2a: Dragonair|par
|
|turn|16
|choice|move 1|move 4
|
|move|p1a: Alakazam|Psychic|p2a: Dragonair
|-damage|p2a: Dragonair|172\/325 par
|cant|p2a: Dragonair|par
|
|turn|17
|choice|move 1|move 4
|
|move|p1a: Alakazam|Psychic|p2a: Dragonair
|-damage|p2a: Dragonair|8\/325 par
|-unboost|p2a: Dragonair|spd|1
|-unboost|p2a: Dragonair|spa|1
|move|p2a: Dragonair|Agility|p2a: Dragonair
|-boost|p2a: Dragonair|spe|2
|
|turn|18
|choice|move 1|move 1
|
|cant|p2a: Dragonair|par
|move|p1a: Alakazam|Psychic|p2a: Dragonair
|-damage|p2a: Dragonair|0 fnt
|faint|p2a: Dragonair
|choice||switch 3
|
|switch|p2a: Victreebel|Victreebel|363\/363
|turn|19
|choice|move 3|move 2
|
|move|p2a: Victreebel|Wrap|p1a: Alakazam
|-activate|p1a: Alakazam|move: Wrap|[of] p2a: Victreebel
|-activate|p1a: Alakazam|Substitute|[damage]
|cant|p1a: Alakazam|partiallytrapped
|
|turn|20
|choice|move 3|move 2
|
|move|p2a: Victreebel|Wrap|p1a: Alakazam
|-activate|p1a: Alakazam|Substitute|[damage]
|cant|p1a: Alakazam|partiallytrapped
|
|-end|p1a: Alakazam|Wrap|[partiallytrapped]
|turn|21
|c|★flashboy198|you are a noob
|choice|move 3|move 2
|
|move|p2a: Victreebel|Wrap|p1a: Alakazam
|-activate|p1a: Alakazam|move: Wrap|[of] p2a: Victreebel
|-end|p1a: Alakazam|Substitute
|cant|p1a: Alakazam|par
|
|turn|22
|choice|move 3|move 2
|
|move|p2a: Victreebel|Wrap|p1a: Alakazam
|-damage|p1a: Alakazam|307\/313 par
|cant|p1a: Alakazam|partiallytrapped
|
|turn|23
|choice|move 3|move 2
|
|move|p2a: Victreebel|Wrap|p1a: Alakazam
|-damage|p1a: Alakazam|301\/313 par
|cant|p1a: Alakazam|par
|
|-end|p1a: Alakazam|Wrap|[partiallytrapped]
|turn|24
|choice|move 3|move 2
|
|move|p2a: Victreebel|Wrap|p1a: Alakazam
|-crit|p1a: Alakazam
|-damage|p1a: Alakazam|266\/313 par
|-activate|p1a: Alakazam|move: Wrap|[of] p2a: Victreebel
|cant|p1a: Alakazam|par
|
|turn|25
|choice|move 2|move 2
|
|move|p2a: Victreebel|Wrap|p1a: Alakazam
|-damage|p1a: Alakazam|231\/313 par
|cant|p1a: Alakazam|partiallytrapped
|
|-end|p1a: Alakazam|Wrap|[partiallytrapped]
|turn|26
|choice|move 3|move 2
|
|move|p2a: Victreebel|Wrap|p1a: Alakazam
|-damage|p1a: Alakazam|212\/313 par
|-activate|p1a: Alakazam|move: Wrap|[of] p2a: Victreebel
|cant|p1a: Alakazam|par
|
|turn|27
|choice|move 3|move 2
|
|move|p2a: Victreebel|Wrap|p1a: Alakazam
|-damage|p1a: Alakazam|193\/313 par
|cant|p1a: Alakazam|partiallytrapped
|
|turn|28
|choice|move 3|move 2
|
|move|p2a: Victreebel|Wrap|p1a: Alakazam
|-damage|p1a: Alakazam|174\/313 par
|cant|p1a: Alakazam|partiallytrapped
|
|-end|p1a: Alakazam|Wrap|[partiallytrapped]
|turn|29
|choice|move 1|move 2
|
|move|p2a: Victreebel|Wrap|p1a: Alakazam
|-damage|p1a: Alakazam|155\/313 par
|-activate|p1a: Alakazam|move: Wrap|[of] p2a: Victreebel
|cant|p1a: Alakazam|partiallytrapped
|
|turn|30
|choice|move 1|move 2
|
|move|p2a: Victreebel|Wrap|p1a: Alakazam
|-damage|p1a: Alakazam|136\/313 par
|cant|p1a: Alakazam|partiallytrapped
|
|-end|p1a: Alakazam|Wrap|[partiallytrapped]
|turn|31
|choice|move 1|move 2
|
|move|p2a: Victreebel|Wrap|p1a: Alakazam
|-damage|p1a: Alakazam|115\/313 par
|-activate|p1a: Alakazam|move: Wrap|[of] p2a: Victreebel
|cant|p1a: Alakazam|partiallytrapped
|
|turn|32
|c|★flashboy198|noon
|choice|move 1|move 2
|
|move|p2a: Victreebel|Wrap|p1a: Alakazam
|-damage|p1a: Alakazam|94\/313 par
|cant|p1a: Alakazam|par
|
|-end|p1a: Alakazam|Wrap|[partiallytrapped]
|turn|33
|c|★flashboy198|noob
|choice|move 3|move 4
|
|move|p2a: Victreebel|Body Slam|p1a: Alakazam
|-damage|p1a: Alakazam|0 fnt
|faint|p1a: Alakazam
|choice|switch 4|
|
|switch|p1a: Chansey|Chansey|703\/703
|turn|34
|choice|move 4|move 2
|
|move|p2a: Victreebel|Wrap|p1a: Chansey
|-damage|p1a: Chansey|669\/703
|-activate|p1a: Chansey|move: Wrap|[of] p2a: Victreebel
|cant|p1a: Chansey|partiallytrapped
|
|turn|35
|choice|move 4|switch 2
|
|switch|p2a: Arbok|Arbok|323\/323 par
|cant|p1a: Chansey|partiallytrapped
|
|-end|p1a: Chansey|Wrap|[partiallytrapped]
|turn|36
|choice|move 3|move 1
|
|move|p1a: Chansey|Ice Beam|p2a: Arbok
|-damage|p2a: Arbok|214\/323 par
|move|p2a: Arbok|Glare|p1a: Chansey
|-status|p1a: Chansey|par
|
|turn|37
|choice|move 4|move 2
|
|move|p2a: Arbok|Wrap|p1a: Chansey
|-damage|p1a: Chansey|639\/703 par
|-activate|p1a: Chansey|move: Wrap|[of] p2a: Arbok
|cant|p1a: Chansey|partiallytrapped
|
|turn|38
|c|★flashboy198|you are a noob
|choice|move 4|move 2
|
|move|p2a: Arbok|Wrap|p1a: Chansey
|-damage|p1a: Chansey|609\/703 par
|cant|p1a: Chansey|partiallytrapped
|
|-end|p1a: Chansey|Wrap|[partiallytrapped]
|turn|39
|choice|move 4|move 2
|
|move|p2a: Arbok|Wrap|p1a: Chansey|[miss]
|-miss|p2a: Arbok
|move|p1a: Chansey|Fire Blast|p2a: Arbok
|-damage|p2a: Arbok|87\/323 par
|
|turn|40
|choice|move 3|move 2
|
|move|p2a: Arbok|Wrap|p1a: Chansey
|-damage|p1a: Chansey|577\/703 par
|-activate|p1a: Chansey|move: Wrap|[of] p2a: Arbok
|cant|p1a: Chansey|par
|
|turn|41
|choice|move 3|move 2
|
|move|p2a: Arbok|Wrap|p1a: Chansey
|-damage|p1a: Chansey|545\/703 par
|cant|p1a: Chansey|par
|
|-end|p1a: Chansey|Wrap|[partiallytrapped]
|turn|42
|choice|move 3|move 2
|
|move|p2a: Arbok|Wrap|p1a: Chansey
|-damage|p1a: Chansey|515\/703 par
|-activate|p1a: Chansey|move: Wrap|[of] p2a: Arbok
|cant|p1a: Chansey|partiallytrapped
|
|turn|43
|choice|move 3|move 2
|
|cant|p2a: Arbok|par
|cant|p1a: Chansey|partiallytrapped
|
|-end|p1a: Chansey|Wrap|[partiallytrapped]
|turn|44
|choice|move 3|move 2
|
|move|p2a: Arbok|Wrap|p1a: Chansey
|-damage|p1a: Chansey|484\/703 par
|-activate|p1a: Chansey|move: Wrap|[of] p2a: Arbok
|cant|p1a: Chansey|partiallytrapped
|
|turn|45
|choice|move 1|move 2
|
|cant|p2a: Arbok|par
|cant|p1a: Chansey|partiallytrapped
|
|-end|p1a: Chansey|Wrap|[partiallytrapped]
|turn|46
|choice|move 3|move 2
|
|move|p2a: Arbok|Wrap|p1a: Chansey
|-damage|p1a: Chansey|456\/703 par
|-activate|p1a: Chansey|move: Wrap|[of] p2a: Arbok
|cant|p1a: Chansey|partiallytrapped
|
|turn|47
|choice|move 3|move 2
|
|cant|p2a: Arbok|par
|cant|p1a: Chansey|partiallytrapped
|
|-end|p1a: Chansey|Wrap|[partiallytrapped]
|turn|48
|choice|switch 2|move 2
|
|switch|p1a: Slowbro|Slowbro|393\/393
|cant|p2a: Arbok|par
|
|turn|49
|choice|move 2|move 1
|
|move|p1a: Slowbro|Psychic|p2a: Arbok
|-supereffective|p2a: Arbok
|-damage|p2a: Arbok|0 fnt
|faint|p2a: Arbok
|choice||switch 2
|
|switch|p2a: Victreebel|Victreebel|363\/363
|turn|50
|choice|switch 2|move 2
|
|switch|p1a: Chansey|Chansey|456\/703 par
|move|p2a: Victreebel|Wrap|p1a: Chansey
|-damage|p1a: Chansey|425\/703 par
|-activate|p1a: Chansey|move: Wrap|[of] p2a: Victreebel
|
|turn|51
|choice|move 1|move 2
|
|move|p2a: Victreebel|Wrap|p1a: Chansey
|-damage|p1a: Chansey|394\/703 par
|cant|p1a: Chansey|partiallytrapped
|
|turn|52
|choice|move 1|move 2
|
|move|p2a: Victreebel|Wrap|p1a: Chansey
|-damage|p1a: Chansey|363\/703 par
|cant|p1a: Chansey|partiallytrapped
|
|-end|p1a: Chansey|Wrap|[partiallytrapped]
|turn|53
|choice|move 3|move 2
|
|move|p2a: Victreebel|Wrap|p1a: Chansey
|-damage|p1a: Chansey|328\/703 par
|-activate|p1a: Chansey|move: Wrap|[of] p2a: Victreebel
|cant|p1a: Chansey|partiallytrapped
|
|turn|54
|choice|move 3|move 2
|
|move|p2a: Victreebel|Wrap|p1a: Chansey
|-damage|p1a: Chansey|293\/703 par
|cant|p1a: Chansey|partiallytrapped
|
|turn|55
|choice|move 3|move 2
|
|move|p2a: Victreebel|Wrap|p1a: Chansey
|-damage|p1a: Chansey|258\/703 par
|cant|p1a: Chansey|par
|
|-end|p1a: Chansey|Wrap|[partiallytrapped]
|turn|56
|choice|move 3|move 2
|
|move|p2a: Victreebel|Wrap|p1a: Chansey|[miss]
|-miss|p2a: Victreebel
|move|p1a: Chansey|Ice Beam|p2a: Victreebel
|-supereffective|p2a: Victreebel
|-damage|p2a: Victreebel|200\/363
|-status|p2a: Victreebel|frz
|
|turn|57
|choice|move 1|switch 4
|
|switch|p2a: Lickitung|Lickitung|383\/383 par
|move|p1a: Chansey|Soft-Boiled|p1a: Chansey
|-heal|p1a: Chansey|609\/703 par
|
|turn|58
|choice|move 4|move 3
|
|move|p1a: Chansey|Fire Blast|p2a: Lickitung
|-crit|p2a: Lickitung
|-damage|p2a: Lickitung|127\/383 par
|move|p2a: Lickitung|Body Slam|p1a: Chansey
|-damage|p1a: Chansey|419\/703 par
|
|turn|59
|choice|move 4|move 3
|
|move|p1a: Chansey|Fire Blast|p2a: Lickitung
|-damage|p2a: Lickitung|4\/383 par
|move|p2a: Lickitung|Body Slam|p1a: Chansey
|-damage|p1a: Chansey|216\/703 par
|
|turn|60
|c|★flashboy198|you are a noob and that is why you are going to lose
|choice|move 3|move 3
|
|move|p1a: Chansey|Ice Beam|p2a: Lickitung
|-damage|p2a: Lickitung|0 fnt
|faint|p2a: Lickitung
|choice||switch 5
|
|switch|p2a: Dragonite|Dragonite|385\/385
|turn|61
|choice|move 3|move 1
|
|move|p2a: Dragonite|Wrap|p1a: Chansey|[miss]
|-miss|p2a: Dragonite
|cant|p1a: Chansey|par
|
|turn|62
|choice|move 3|move 1
|
|move|p2a: Dragonite|Wrap|p1a: Chansey
|-crit|p1a: Chansey
|-damage|p1a: Chansey|132\/703 par
|-activate|p1a: Chansey|move: Wrap|[of] p2a: Dragonite
|cant|p1a: Chansey|partiallytrapped
|
|turn|63
|choice|move 3|move 1
|
|move|p2a: Dragonite|Wrap|p1a: Chansey
|-damage|p1a: Chansey|48\/703 par
|cant|p1a: Chansey|partiallytrapped
|
|-end|p1a: Chansey|Wrap|[partiallytrapped]
|turn|64
|choice|move 3|move 1
|
|move|p2a: Dragonite|Wrap|p1a: Chansey
|-damage|p1a: Chansey|6\/703 par
|-activate|p1a: Chansey|move: Wrap|[of] p2a: Dragonite
|cant|p1a: Chansey|partiallytrapped
|
|turn|65
|choice|move 3|move 1
|
|move|p2a: Dragonite|Wrap|p1a: Chansey
|-damage|p1a: Chansey|0 fnt
|faint|p1a: Chansey
|choice|switch 6|
|
|switch|p1a: Venusaur|Venusaur|363\/363
|turn|66
|choice|move 1|switch 4
|
|switch|p2a: Victreebel|Victreebel|200\/363 frz
|move|p1a: Venusaur|Toxic|p2a: Victreebel
|-fail|p2a: Victreebel
|
|turn|67
|choice|move 4|move 1
|
|move|p1a: Venusaur|Body Slam|p2a: Victreebel
|-crit|p2a: Victreebel
|-damage|p2a: Victreebel|64\/363 frz
|cant|p2a: Victreebel|frz
|
|turn|68
|choice|move 4|move 1
|
|move|p1a: Venusaur|Body Slam|p2a: Victreebel
|-crit|p2a: Victreebel
|-damage|p2a: Victreebel|0 fnt
|faint|p2a: Victreebel
|choice||switch 4
|
|switch|p2a: Dragonite|Dragonite|385\/385
|turn|69
|choice|move 1|move 1
|
|move|p2a: Dragonite|Wrap|p1a: Venusaur
|-damage|p1a: Venusaur|346\/363
|-activate|p1a: Venusaur|move: Wrap|[of] p2a: Dragonite
|cant|p1a: Venusaur|partiallytrapped
|
|turn|70
|choice|move 1|move 1
|
|cant|p1a: Venusaur|partiallytrapped
|move|p2a: Dragonite|Wrap|p1a: Venusaur
|-damage|p1a: Venusaur|329\/363
|
|turn|71
|choice|move 1|move 1
|
|move|p2a: Dragonite|Wrap|p1a: Venusaur
|-damage|p1a: Venusaur|312\/363
|cant|p1a: Venusaur|partiallytrapped
|
|turn|72
|choice|move 1|move 1
|
|cant|p1a: Venusaur|partiallytrapped
|move|p2a: Dragonite|Wrap|p1a: Venusaur
|-damage|p1a: Venusaur|295\/363
|
|-end|p1a: Venusaur|Wrap|[partiallytrapped]
|turn|73
|choice|move 1|move 1
|
|move|p2a: Dragonite|Wrap|p1a: Venusaur
|-damage|p1a: Venusaur|278\/363
|-activate|p1a: Venusaur|move: Wrap|[of] p2a: Dragonite
|cant|p1a: Venusaur|partiallytrapped
|
|turn|74
|choice|move 1|switch 6
|
|switch|p2a: Cloyster|Cloyster|303\/303
|cant|p1a: Venusaur|partiallytrapped
|
|-end|p1a: Venusaur|Wrap|[partiallytrapped]
|turn|75
|choice|switch 2|move 2
|
|switch|p1a: Slowbro|Slowbro|393\/393
|move|p2a: Cloyster|Blizzard|p1a: Slowbro
|-resisted|p1a: Slowbro
|-damage|p1a: Slowbro|319\/393
|
|turn|76
|choice|move 1|move 1
|
|move|p2a: Cloyster|Clamp|p1a: Slowbro
|-resisted|p1a: Slowbro
|-damage|p1a: Slowbro|297\/393
|-activate|p1a: Slowbro|move: Clamp|[of] p2a: Cloyster
|cant|p1a: Slowbro|partiallytrapped
|
|turn|77
|choice|move 2|switch 6
|
|switch|p2a: Dragonite|Dragonite|385\/385
|cant|p1a: Slowbro|partiallytrapped
|
|-end|p1a: Slowbro|Clamp|[partiallytrapped]
|turn|78
|choice|move 2|move 2
|
|move|p2a: Dragonite|Thunder Wave|p1a: Slowbro
|-status|p1a: Slowbro|par
|move|p1a: Slowbro|Psychic|p2a: Dragonite
|-damage|p2a: Dragonite|286\/385
|-unboost|p2a: Dragonite|spd|1
|-unboost|p2a: Dragonite|spa|1
|
|turn|79
|choice|move 2|move 1
|
|move|p2a: Dragonite|Wrap|p1a: Slowbro
|-damage|p1a: Slowbro|284\/393 par
|-activate|p1a: Slowbro|move: Wrap|[of] p2a: Dragonite
|cant|p1a: Slowbro|partiallytrapped
|
|turn|80
|choice|move 2|switch 6
|
|switch|p2a: Cloyster|Cloyster|303\/303
|cant|p1a: Slowbro|partiallytrapped
|
|-end|p1a: Slowbro|Wrap|[partiallytrapped]
|turn|81
|choice|move 4|move 1
|
|move|p2a: Cloyster|Clamp|p1a: Slowbro
|-resisted|p1a: Slowbro
|-damage|p1a: Slowbro|262\/393 par
|-activate|p1a: Slowbro|move: Clamp|[of] p2a: Cloyster
|cant|p1a: Slowbro|partiallytrapped
|
|turn|82
|choice|move 4|switch 6
|
|switch|p2a: Dragonite|Dragonite|286\/385
|cant|p1a: Slowbro|partiallytrapped
|
|-end|p1a: Slowbro|Clamp|[partiallytrapped]
|turn|83
|choice|move 2|move 4
|
|move|p2a: Dragonite|Agility|p2a: Dragonite
|-boost|p2a: Dragonite|spe|2
|cant|p1a: Slowbro|par
|
|turn|84
|choice|move 2|move 1
|
|move|p2a: Dragonite|Wrap|p1a: Slowbro
|-damage|p1a: Slowbro|248\/393 par
|-activate|p1a: Slowbro|move: Wrap|[of] p2a: Dragonite
|cant|p1a: Slowbro|par
|
|turn|85
|choice|move 2|move 1
|
|move|p2a: Dragonite|Wrap|p1a: Slowbro
|-damage|p1a: Slowbro|234\/393 par
|cant|p1a: Slowbro|par
|
|turn|86
|choice|move 2|move 1
|
|move|p2a: Dragonite|Wrap|p1a: Slowbro
|-damage|p1a: Slowbro|220\/393 par
|cant|p1a: Slowbro|partiallytrapped
|
|turn|87
|choice|move 2|move 1
|
|move|p2a: Dragonite|Wrap|p1a: Slowbro
|-damage|p1a: Slowbro|206\/393 par
|cant|p1a: Slowbro|partiallytrapped
|
|turn|88
|choice|move 2|move 1
|
|move|p2a: Dragonite|Wrap|p1a: Slowbro
|-damage|p1a: Slowbro|192\/393 par
|cant|p1a: Slowbro|partiallytrapped
|
|-end|p1a: Slowbro|Wrap|[partiallytrapped]
|turn|89
|choice|move 2|move 1
|
|move|p2a: Dragonite|Wrap|p1a: Slowbro
|-damage|p1a: Slowbro|178\/393 par
|-activate|p1a: Slowbro|move: Wrap|[of] p2a: Dragonite
|cant|p1a: Slowbro|partiallytrapped
|
|turn|90
|choice|move 2|move 1
|
|move|p2a: Dragonite|Wrap|p1a: Slowbro
|-damage|p1a: Slowbro|164\/393 par
|cant|p1a: Slowbro|par
|
|-end|p1a: Slowbro|Wrap|[partiallytrapped]
|turn|91
|choice|move 2|move 1
|
|move|p2a: Dragonite|Wrap|p1a: Slowbro|[miss]
|-miss|p2a: Dragonite
|move|p1a: Slowbro|Psychic|p2a: Dragonite
|-damage|p2a: Dragonite|201\/385
|-unboost|p2a: Dragonite|spd|1
|-unboost|p2a: Dragonite|spa|1
|
|turn|92
|choice|move 2|move 1
|
|move|p2a: Dragonite|Wrap|p1a: Slowbro|[miss]
|-miss|p2a: Dragonite
|cant|p1a: Slowbro|par
|
|turn|93
|choice|move 2|move 1
|
|move|p2a: Dragonite|Wrap|p1a: Slowbro
|-damage|p1a: Slowbro|151\/393 par
|-activate|p1a: Slowbro|move: Wrap|[of] p2a: Dragonite
|cant|p1a: Slowbro|par
|
|turn|94
|choice|move 2|move 1
|
|move|p2a: Dragonite|Wrap|p1a: Slowbro
|-damage|p1a: Slowbro|138\/393 par
|cant|p1a: Slowbro|partiallytrapped
|
|turn|95
|choice|move 2|move 1
|
|move|p2a: Dragonite|Wrap|p1a: Slowbro
|-damage|p1a: Slowbro|125\/393 par
|cant|p1a: Slowbro|partiallytrapped
|
|-end|p1a: Slowbro|Wrap|[partiallytrapped]
|turn|96
|choice|move 4|move 1
|
|move|p2a: Dragonite|Wrap|p1a: Slowbro
|-damage|p1a: Slowbro|110\/393 par
|-activate|p1a: Slowbro|move: Wrap|[of] p2a: Dragonite
|cant|p1a: Slowbro|par
|
|turn|97
|choice|move 4|move 1
|
|move|p2a: Dragonite|Wrap|p1a: Slowbro
|-damage|p1a: Slowbro|95\/393 par
|cant|p1a: Slowbro|partiallytrapped
|
|turn|98
|choice|move 4|move 1
|
|move|p2a: Dragonite|Wrap|p1a: Slowbro
|-damage|p1a: Slowbro|80\/393 par
|cant|p1a: Slowbro|par
|
|-end|p1a: Slowbro|Wrap|[partiallytrapped]
|turn|99
|choice|move 4|move 1
|
|move|p2a: Dragonite|Wrap|p1a: Slowbro
|-damage|p1a: Slowbro|65\/393 par
|-activate|p1a: Slowbro|move: Wrap|[of] p2a: Dragonite
|cant|p1a: Slowbro|par
|
|turn|100
|choice|move 4|move 1
|
|move|p2a: Dragonite|Wrap|p1a: Slowbro
|-damage|p1a: Slowbro|50\/393 par
|cant|p1a: Slowbro|partiallytrapped
|
|turn|101
|choice|move 4|move 1
|
|move|p2a: Dragonite|Wrap|p1a: Slowbro
|-damage|p1a: Slowbro|35\/393 par
|cant|p1a: Slowbro|par
|
|turn|102
|choice|move 4|move 1
|
|move|p2a: Dragonite|Wrap|p1a: Slowbro
|-damage|p1a: Slowbro|20\/393 par
|cant|p1a: Slowbro|partiallytrapped
|
|-end|p1a: Slowbro|Wrap|[partiallytrapped]
|turn|103
|choice|move 4|move 3
|
|move|p2a: Dragonite|Surf|p1a: Slowbro
|-resisted|p1a: Slowbro
|-damage|p1a: Slowbro|0 fnt
|faint|p1a: Slowbro
|choice|switch 2|
|
|switch|p1a: Venusaur|Venusaur|278\/363
|turn|104
|choice|move 1|move 1
|
|move|p2a: Dragonite|Wrap|p1a: Venusaur
|-damage|p1a: Venusaur|262\/363
|-activate|p1a: Venusaur|move: Wrap|[of] p2a: Dragonite
|cant|p1a: Venusaur|partiallytrapped
|
|turn|105
|choice|move 1|move 1
|
|move|p2a: Dragonite|Wrap|p1a: Venusaur
|-damage|p1a: Venusaur|246\/363
|cant|p1a: Venusaur|partiallytrapped
|
|turn|106
|c|★flashboy198|gg noob
|choice|move 1|move 1
|
|move|p2a: Dragonite|Wrap|p1a: Venusaur
|-damage|p1a: Venusaur|230\/363
|cant|p1a: Venusaur|partiallytrapped
|
|-end|p1a: Venusaur|Wrap|[partiallytrapped]
|turn|107
|choice|move 1|move 1
|
|move|p2a: Dragonite|Wrap|p1a: Venusaur|[miss]
|-miss|p2a: Dragonite
|move|p1a: Venusaur|Toxic|p2a: Dragonite
|-status|p2a: Dragonite|tox
|
|turn|108
|choice|move 3|move 2
|
|move|p2a: Dragonite|Thunder Wave|p1a: Venusaur
|-status|p1a: Venusaur|par
|-damage|p2a: Dragonite|177\/385 tox|[from] tox|[of] p1a: Venusaur
|move|p1a: Venusaur|Reflect|p1a: Venusaur
|-start|p1a: Venusaur|Reflect
|
|turn|109
|choice|move 2|move 1
|
|move|p2a: Dragonite|Wrap|p1a: Venusaur
|-damage|p1a: Venusaur|221\/363 par
|-activate|p1a: Venusaur|move: Wrap|[of] p2a: Dragonite
|-damage|p2a: Dragonite|129\/385 tox|[from] tox|[of] p1a: Venusaur
|cant|p1a: Venusaur|partiallytrapped
|
|turn|110
|choice|move 2|switch 6
|
|switch|p2a: Cloyster|Cloyster|303\/303
|cant|p1a: Venusaur|par
|
|-end|p1a: Venusaur|Wrap|[partiallytrapped]
|turn|111
|choice|move 1|move 2
|
|move|p2a: Cloyster|Blizzard|p1a: Venusaur
|-supereffective|p1a: Venusaur
|-damage|p1a: Venusaur|0 fnt
|faint|p1a: Venusaur
|choice|switch 3|
|
|switch|p1a: Snorlax|Snorlax|523\/523
|turn|112
|choice|move 3|move 1
|
|move|p2a: Cloyster|Clamp|p1a: Snorlax
|-damage|p1a: Snorlax|476\/523
|-activate|p1a: Snorlax|move: Clamp|[of] p2a: Cloyster
|cant|p1a: Snorlax|partiallytrapped
|
|turn|113
|choice|move 3|switch 6
|
|switch|p2a: Dragonite|Dragonite|129\/385 tox
|-status|p2a: Dragonite|psn
|-damage|p2a: Dragonite|105\/385 psn|[from] psn
|cant|p1a: Snorlax|partiallytrapped
|
|-end|p1a: Snorlax|Clamp|[partiallytrapped]
|turn|114
|choice|move 2|move 2
|
|move|p2a: Dragonite|Thunder Wave|p1a: Snorlax
|-status|p1a: Snorlax|par
|-damage|p2a: Dragonite|81\/385 psn|[from] psn|[of] p1a: Snorlax
|move|p1a: Snorlax|Body Slam|p2a: Dragonite
|-damage|p2a: Dragonite|0 fnt
|faint|p2a: Dragonite
|choice||switch 6
|
|switch|p2a: Cloyster|Cloyster|303\/303
|turn|115
|choice|move 3|move 1
|
|move|p2a: Cloyster|Clamp|p1a: Snorlax|[miss]
|-miss|p2a: Cloyster
|move|p1a: Snorlax|Toxic|p2a: Cloyster
|-status|p2a: Cloyster|tox
|
|turn|116
|c|★flashboy198|gg noob
|choice|move 2|move 1
|
|move|p2a: Cloyster|Clamp|p1a: Snorlax
|-damage|p1a: Snorlax|429\/523 par
|-activate|p1a: Snorlax|move: Clamp|[of] p2a: Cloyster
|-damage|p2a: Cloyster|285\/303 tox|[from] tox|[of] p1a: Snorlax
|cant|p1a: Snorlax|par
|
|turn|117
|choice|move 2|move 1
|
|move|p2a: Cloyster|Clamp|p1a: Snorlax
|-damage|p1a: Snorlax|382\/523 par
|-damage|p2a: Cloyster|249\/303 tox|[from] tox|[of] p1a: Snorlax
|cant|p1a: Snorlax|partiallytrapped
|
|-end|p1a: Snorlax|Clamp|[partiallytrapped]
|turn|118
|choice|move 2|move 1
|
|move|p2a: Cloyster|Clamp|p1a: Snorlax
|-damage|p1a: Snorlax|329\/523 par
|-activate|p1a: Snorlax|move: Clamp|[of] p2a: Cloyster
|-damage|p2a: Cloyster|195\/303 tox|[from] tox|[of] p1a: Snorlax
|cant|p1a: Snorlax|partiallytrapped
|
|turn|119
|choice|move 2|move 1
|
|move|p2a: Cloyster|Clamp|p1a: Snorlax
|-damage|p1a: Snorlax|276\/523 par
|-damage|p2a: Cloyster|123\/303 tox|[from] tox|[of] p1a: Snorlax
|cant|p1a: Snorlax|partiallytrapped
|
|turn|120
|choice|move 2|move 1
|
|move|p2a: Cloyster|Clamp|p1a: Snorlax
|-damage|p1a: Snorlax|223\/523 par
|-damage|p2a: Cloyster|33\/303 tox|[from] tox|[of] p1a: Snorlax
|cant|p1a: Snorlax|partiallytrapped
|
|-end|p1a: Snorlax|Clamp|[partiallytrapped]
|turn|121
|c|★flashboy198|NOOB!
|choice|move 2|move 4
|
|move|p2a: Cloyster|Rest|p2a: Cloyster
|-status|p2a: Cloyster|slp
|-heal|p2a: Cloyster|303\/303 slp|[silent]
|-status|p2a: Cloyster|slp|[from] move: Rest
|cant|p1a: Snorlax|par
|
|turn|122
|c|★flashboy198|are you serious
|c|★flashboy198|you are a noob
|choice|move 2|move 1
|
|cant|p2a: Cloyster|slp
|move|p1a: Snorlax|Body Slam|p2a: Cloyster
|-damage|p2a: Cloyster|233\/303 slp
|
|turn|123
|choice|move 2|move 2
|
|-curestatus|p2a: Cloyster|slp
|move|p1a: Snorlax|Body Slam|p2a: Cloyster
|-damage|p2a: Cloyster|166\/303
|-status|p2a: Cloyster|par
|
|turn|124
|choice|move 1|move 3
|
|move|p2a: Cloyster|Surf|p1a: Snorlax
|-damage|p1a: Snorlax|89\/523 par
|move|p1a: Snorlax|Hyper Beam|p2a: Cloyster
|-damage|p2a: Cloyster|41\/303 par
|
|turn|125
|-mustrecharge|p1a: Snorlax
|-mustrecharge|p1a: Snorlax
|choice|move 1|move 3
|
|move|p2a: Cloyster|Surf|p1a: Snorlax
|-damage|p1a: Snorlax|0 fnt
|faint|p1a: Snorlax
|
|win|SinisterHFigure
|raw|flashboy198's rating: 1083 &rarr; <strong>1068<\/strong><br \/>(-15 for losing)
|raw|SinisterHFigure's rating: 1206 &rarr; <strong>1222<\/strong><br \/>(+16 for winning)
|l|flashboy198
|player|p1