|join|MALESANI
|join|Devilknives
|player|p1|MALESANI|238
|player|p2|Devilknives|52
|gametype|singles
|gen|1
|tier|[Gen 1] Random Battle
|rated
|rule|Sleep Clause Mod: Limit one foe put to sleep
|rule|Freeze Clause Mod: Limit one foe frozen
|rule|HP Percentage Mod: HP is shown in percentages
|
|start
|switch|p1a: Farfetch'd|Farfetch'd, L99|304\/304
|switch|p2a: Bellsprout|Bellsprout, L96|291\/291
|turn|1
|
|switch|p2a: Golduck|Golduck, L85|310\/310
|move|p1a: Farfetch'd|Slash|p2a: Golduck
|-crit|p2a: Golduck
|-damage|p2a: Golduck|139\/310
|
|turn|2
|
|move|p2a: Golduck|Ice Beam|p1a: Farfetch'd
|-supereffective|p1a: Farfetch'd
|-damage|p1a: Farfetch'd|172\/304
|move|p1a: Farfetch'd|Slash|p2a: Golduck
|-crit|p2a: Golduck
|-damage|p2a: Golduck|0 fnt
|faint|p2a: Golduck
|
|switch|p2a: Nidorino|Nidorino, L90|293\/293
|turn|3
|
|move|p1a: Farfetch'd|Slash|p2a: Nidorino
|-crit|p2a: Nidorino
|-damage|p2a: Nidorino|121\/293
|move|p2a: Nidorino|Blizzard|p1a: Farfetch'd
|-supereffective|p1a: Farfetch'd
|-damage|p1a: Farfetch'd|14\/304
|
|turn|4
|
|switch|p2a: Chansey|Chansey, L79|557\/557
|move|p1a: Farfetch'd|Slash|p2a: Chansey
|-crit|p2a: Chansey
|-damage|p2a: Chansey|139\/557
|
|turn|5
|
|move|p1a: Farfetch'd|Slash|p2a: Chansey
|-crit|p2a: Chansey
|-damage|p2a: Chansey|0 fnt
|faint|p2a: Chansey
|
|switch|p2a: Nidorino|Nidorino, L90|121\/293
|turn|6
|
|move|p1a: Farfetch'd|Slash|p2a: Nidorino
|-crit|p2a: Nidorino
|-damage|p2a: Nidorino|0 fnt
|faint|p2a: Nidorino
|
|switch|p2a: Dodrio|Dodrio, L85|276\/276
|turn|7
|
|switch|p1a: Caterpie|Caterpie, L99|290\/290
|move|p2a: Dodrio|Drill Peck|p1a: Caterpie
|-crit|p1a: Caterpie
|-supereffective|p1a: Caterpie
|-damage|p1a: Caterpie|0 fnt
|faint|p1a: Caterpie
|
|switch|p1a: Rapidash|Rapidash, L90|300\/300
|turn|8
|
|move|p1a: Rapidash|Toxic|p2a: Dodrio
|-status|p2a: Dodrio|tox
|move|p2a: Dodrio|Drill Peck|p1a: Rapidash
|-damage|p1a: Rapidash|189\/300
|-damage|p2a: Dodrio|259\/276 tox|[from] tox|[of] p1a: Rapidash
|
|turn|9
|
|switch|p2a: Hypno|Hypno, L85|318\/318
|move|p1a: Rapidash|Fire Blast|p2a: Hypno
|-damage|p2a: Hypno|212\/318
|
|turn|10
|
|move|p1a: Rapidash|Toxic|p2a: Hypno|[miss]
|-miss|p1a: Rapidash
|move|p2a: Hypno|Psychic|p1a: Rapidash
|-damage|p1a: Rapidash|75\/300
|
|turn|11
|
|move|p1a: Rapidash|Fire Blast|p2a: Hypno
|-damage|p2a: Hypno|96\/318
|-status|p2a: Hypno|brn
|move|p2a: Hypno|Psychic|p1a: Rapidash
|-damage|p1a: Rapidash|0 fnt
|faint|p1a: Rapidash
|
|switch|p1a: Farfetch'd|Farfetch'd, L99|14\/304
|turn|12
|
|move|p1a: Farfetch'd|Slash|p2a: Hypno
|-crit|p2a: Hypno
|-damage|p2a: Hypno|0 fnt
|faint|p2a: Hypno
|
|switch|p2a: Dodrio|Dodrio, L85|259\/276 tox
|-status|p2a: Dodrio|psn
|turn|13
|
|move|p2a: Dodrio|Drill Peck|p1a: Farfetch'd
|-damage|p1a: Farfetch'd|0 fnt
|faint|p1a: Farfetch'd
|
|switch|p1a: Blastoise|Blastoise, L85|308\/308
|turn|14
|
|switch|p2a: Bellsprout|Bellsprout, L96|291\/291
|move|p1a: Blastoise|Surf|p2a: Bellsprout
|-resisted|p2a: Bellsprout
|-damage|p2a: Bellsprout|243\/291
|
|turn|15
|
|switch|p1a: Hitmonchan|Hitmonchan, L90|273\/273
|move|p2a: Bellsprout|Sleep Powder|p1a: Hitmonchan
|-status|p1a: Hitmonchan|slp
|
|turn|16
|
|switch|p1a: Machamp|Machamp, L90|345\/345
|move|p2a: Bellsprout|Body Slam|p1a: Machamp
|-damage|p1a: Machamp|282\/345
|
|turn|17
|
|move|p1a: Machamp|Body Slam|p2a: Bellsprout
|-damage|p2a: Bellsprout|113\/291
|move|p2a: Bellsprout|Sleep Powder|p1a: Machamp
|-message|Sleep Clause Mod activated.
|
|turn|18
|-message|Devilknives forfeited.
|
|win|MALESANI
|raw|Ladder updating...
|leave|Devilknives
|player|p2
|c|★MALESANI|farfetch'd master race