|j|arafalo2
|j|Fake Laughter
|player|p1|arafalo2|1
|player|p2|Fake Laughter|113
|gametype|singles
|gen|1
|tier|[Gen 1] Random Battle
|rated
|seed|14647,55032,15949,3642
|rule|Sleep Clause Mod: Limit one foe put to sleep
|rule|Freeze Clause Mod: Limit one foe frozen
|rule|HP Percentage Mod: HP is shown in percentages
|
|start
|switch|p1a: Machoke|Machoke, L85|310\/310
|switch|p2a: Victreebel|Victreebel, L85|310\/310
|turn|1
|choice|switch 2|move 1
|
|switch|p1a: Zubat|Zubat, L96|272\/272
|move|p2a: Victreebel|Razor Leaf|p1a: Zubat
|-crit|p1a: Zubat
|-resisted|p1a: Zubat
|-damage|p1a: Zubat|233\/272
|
|turn|2
|choice|move 4|switch 3
|
|switch|p2a: Squirtle|Squirtle, L96|279\/279
|move|p1a: Zubat|Double-Edge|p2a: Squirtle
|-damage|p2a: Squirtle|215\/279
|-damage|p1a: Zubat|217\/272|[from] recoil|[of] p2a: Squirtle
|
|turn|3
|choice|switch 5|move 1
|
|switch|p1a: Jynx|Jynx, L79|265\/265
|move|p2a: Squirtle|Blizzard|p1a: Jynx
|-resisted|p1a: Jynx
|-damage|p1a: Jynx|230\/265
|
|turn|4
|choice|move 3|move 4
|
|move|p1a: Jynx|Lovely Kiss|p2a: Squirtle
|-status|p2a: Squirtle|slp
|cant|p2a: Squirtle|slp
|
|turn|5
|choice|move 2|switch 5
|
|switch|p2a: Alakazam|Alakazam, L79|249\/249
|move|p1a: Jynx|Psychic|p2a: Alakazam
|-resisted|p2a: Alakazam
|-damage|p2a: Alakazam|215\/249
|-unboost|p2a: Alakazam|spd|1
|-unboost|p2a: Alakazam|spa|1
|
|turn|6
|choice|move 4|move 3
|
|move|p2a: Alakazam|Thunder Wave|p1a: Jynx
|-status|p1a: Jynx|par
|cant|p1a: Jynx|par
|
|turn|7
|choice|move 4|switch 5
|
|switch|p2a: Squirtle|Squirtle, L96|215\/279 slp
|move|p1a: Jynx|Blizzard|p2a: Squirtle
|-resisted|p2a: Squirtle
|-damage|p2a: Squirtle|149\/279 slp
|
|turn|8
|choice|move 2|switch 5
|
|switch|p2a: Alakazam|Alakazam, L79|215\/249
|move|p1a: Jynx|Psychic|p2a: Alakazam
|-resisted|p2a: Alakazam
|-damage|p2a: Alakazam|183\/249
|
|turn|9
|choice|move 4|move 1
|
|move|p2a: Alakazam|Psychic|p1a: Jynx
|-resisted|p1a: Jynx
|-damage|p1a: Jynx|174\/265 par
|cant|p1a: Jynx|par
|
|turn|10
|choice|move 4|move 1
|
|move|p2a: Alakazam|Psychic|p1a: Jynx
|-crit|p1a: Jynx
|-resisted|p1a: Jynx
|-damage|p1a: Jynx|78\/265 par
|cant|p1a: Jynx|par
|
|turn|11
|choice|move 4|move 1
|
|move|p2a: Alakazam|Psychic|p1a: Jynx
|-resisted|p1a: Jynx
|-damage|p1a: Jynx|26\/265 par
|move|p1a: Jynx|Blizzard|p2a: Alakazam
|-damage|p2a: Alakazam|95\/249
|-status|p2a: Alakazam|frz
|
|turn|12
|choice|move 2|switch 5
|
|switch|p2a: Squirtle|Squirtle, L96|149\/279 slp
|move|p1a: Jynx|Psychic|p2a: Squirtle
|-damage|p2a: Squirtle|56\/279 slp
|
|turn|13
|choice|move 2|move 2
|
|-curestatus|p2a: Squirtle|slp
|move|p1a: Jynx|Psychic|p2a: Squirtle
|-crit|p2a: Squirtle
|-damage|p2a: Squirtle|0 fnt
|faint|p2a: Squirtle
|choice||switch 2
|
|switch|p2a: Snorlax|Snorlax, L79|415\/415
|turn|14
|choice|move 3|move 1
|
|move|p2a: Snorlax|Amnesia|p2a: Snorlax
|-boost|p2a: Snorlax|spd|2
|-boost|p2a: Snorlax|spa|2
|move|p1a: Jynx|Lovely Kiss|p2a: Snorlax|[miss]
|-miss|p1a: Jynx
|
|turn|15
|choice|move 3|move 4
|
|move|p2a: Snorlax|Body Slam|p1a: Jynx
|-damage|p1a: Jynx|0 fnt
|faint|p1a: Jynx
|choice|switch 2|
|
|switch|p1a: Machoke|Machoke, L85|310\/310
|turn|16
|choice|move 2|switch 3
|
|switch|p2a: Victreebel|Victreebel, L85|310\/310
|move|p1a: Machoke|Submission|p2a: Victreebel
|-resisted|p2a: Victreebel
|-damage|p2a: Victreebel|256\/310
|-damage|p1a: Machoke|297\/310|[from] recoil|[of] p2a: Victreebel
|
|turn|17
|choice|move 1|move 4
|
|move|p2a: Victreebel|Body Slam|p1a: Machoke
|-damage|p1a: Machoke|222\/310
|-status|p1a: Machoke|par
|move|p1a: Machoke|Leer|p2a: Victreebel
|-unboost|p2a: Victreebel|def|1
|
|turn|18
|choice|move 4|move 1
|
|move|p2a: Victreebel|Razor Leaf|p1a: Machoke|[miss]
|-miss|p2a: Victreebel
|cant|p1a: Machoke|par
|
|turn|19
|choice|move 4|move 4
|
|move|p2a: Victreebel|Body Slam|p1a: Machoke
|-damage|p1a: Machoke|154\/310 par
|move|p1a: Machoke|Earthquake|p2a: Victreebel
|-damage|p2a: Victreebel|124\/310
|
|turn|20
|choice|switch 5|move 1
|
|switch|p1a: Zubat|Zubat, L96|217\/272
|move|p2a: Victreebel|Razor Leaf|p1a: Zubat
|-crit|p1a: Zubat
|-resisted|p1a: Zubat
|-damage|p1a: Zubat|177\/272
|
|turn|21
|choice|move 1|switch 5
|
|switch|p2a: Alakazam|Alakazam, L79|95\/249 frz
|move|p1a: Zubat|Leech Life|p2a: Alakazam
|-supereffective|p2a: Alakazam
|-damage|p2a: Alakazam|58\/249 frz
|-heal|p1a: Zubat|195\/272|[from] drain|[of] p2a: Alakazam
|
|turn|22
|choice|move 3|switch 4
|
|switch|p2a: Dodrio|Dodrio, L85|276\/276
|move|p1a: Zubat|Toxic|p2a: Dodrio
|-status|p2a: Dodrio|tox
|
|turn|23
|choice|switch 3|move 4
|
|switch|p1a: Marowak|Marowak, L90|291\/291
|move|p2a: Dodrio|Body Slam|p1a: Marowak
|-damage|p1a: Marowak|215\/291
|-damage|p2a: Dodrio|259\/276 tox|[from] tox|[of] p1a: Marowak
|
|turn|24
|choice|move 3|switch 4
|
|switch|p2a: Alakazam|Alakazam, L79|58\/249 frz
|move|p1a: Marowak|Blizzard|p2a: Alakazam|[miss]
|-miss|p1a: Marowak
|
|turn|25
|choice|switch 3|move 1
|
|switch|p1a: Zubat|Zubat, L96|195\/272
|cant|p2a: Alakazam|frz
|
|turn|26
|choice|move 4|move 1
|
|cant|p2a: Alakazam|frz
|move|p1a: Zubat|Double-Edge|p2a: Alakazam
|-crit|p2a: Alakazam
|-damage|p2a: Alakazam|0 fnt
|-damage|p1a: Zubat|181\/272|[from] recoil|[of] p2a: Alakazam
|faint|p2a: Alakazam
|choice||switch 4
|
|switch|p2a: Dodrio|Dodrio, L85|259\/276 tox
|-status|p2a: Dodrio|psn
|turn|27
|choice|move 4|move 4
|
|move|p2a: Dodrio|Body Slam|p1a: Zubat
|-crit|p1a: Zubat
|-damage|p1a: Zubat|0 fnt
|faint|p1a: Zubat
|choice|switch 3|
|
|switch|p1a: Marowak|Marowak, L90|215\/291
|turn|28
|choice|move 3|switch 3
|
|switch|p2a: Snorlax|Snorlax, L79|415\/415
|move|p1a: Marowak|Blizzard|p2a: Snorlax
|-damage|p2a: Snorlax|325\/415
|-status|p2a: Snorlax|frz
|
|turn|29
|choice|move 3|switch 6
|
|switch|p2a: Pinsir|Pinsir, L85|284\/284
|move|p1a: Marowak|Blizzard|p2a: Pinsir
|-damage|p2a: Pinsir|198\/284
|-message|Freeze Clause activated.
|
|turn|30
|choice|move 1|move 1
|
|move|p2a: Pinsir|Body Slam|p1a: Marowak
|-crit|p1a: Marowak
|-damage|p1a: Marowak|95\/291
|-status|p1a: Marowak|par
|move|p1a: Marowak|Earthquake|p2a: Pinsir
|-resisted|p2a: Pinsir
|-damage|p2a: Pinsir|145\/284
|
|turn|31
|choice|move 4|move 3
|
|move|p2a: Pinsir|Swords Dance|p2a: Pinsir
|-boost|p2a: Pinsir|atk|2
|move|p1a: Marowak|Seismic Toss|p2a: Pinsir
|-damage|p2a: Pinsir|55\/284
|
|turn|32
|choice|move 4|move 1
|
|move|p2a: Pinsir|Body Slam|p1a: Marowak
|-crit|p1a: Marowak
|-damage|p1a: Marowak|0 fnt
|faint|p1a: Marowak
|choice|switch 6|
|
|switch|p1a: Kabutops|Kabutops, L85|276\/276
|turn|33
|choice|move 3|move 4
|
|move|p2a: Pinsir|Submission|p1a: Kabutops
|-supereffective|p1a: Kabutops
|-damage|p1a: Kabutops|20\/276
|-damage|p2a: Pinsir|0 fnt|[from] recoil|[of] p1a: Kabutops
|faint|p2a: Pinsir
|choice||switch 3
|
|switch|p2a: Dodrio|Dodrio, L85|259\/276 psn
|turn|34
|choice|move 1|move 4
|
|move|p2a: Dodrio|Body Slam|p1a: Kabutops
|-crit|p1a: Kabutops
|-resisted|p1a: Kabutops
|-damage|p1a: Kabutops|0 fnt
|faint|p1a: Kabutops
|choice|switch 4|
|
|switch|p1a: Snorlax|Snorlax, L79|415\/415
|turn|35
|choice|move 1|move 4
|
|move|p2a: Dodrio|Body Slam|p1a: Snorlax
|-damage|p1a: Snorlax|293\/415
|-damage|p2a: Dodrio|242\/276 psn|[from] psn|[of] p1a: Snorlax
|move|p1a: Snorlax|Amnesia|p1a: Snorlax
|-boost|p1a: Snorlax|spd|2
|-boost|p1a: Snorlax|spa|2
|
|turn|36
|choice|move 4|move 4
|
|move|p2a: Dodrio|Body Slam|p1a: Snorlax
|-crit|p1a: Snorlax
|-damage|p1a: Snorlax|31\/415
|-damage|p2a: Dodrio|225\/276 psn|[from] psn|[of] p1a: Snorlax
|move|p1a: Snorlax|Surf|p2a: Dodrio
|-damage|p2a: Dodrio|115\/276 psn
|
|turn|37
|choice|move 4|move 4
|
|move|p2a: Dodrio|Body Slam|p1a: Snorlax
|-crit|p1a: Snorlax
|-damage|p1a: Snorlax|0 fnt
|faint|p1a: Snorlax
|choice|switch 5|
|
|switch|p1a: Machoke|Machoke, L85|154\/310 par
|turn|38
|choice|move 3|move 1
|
|move|p2a: Dodrio|Drill Peck|p1a: Machoke
|-supereffective|p1a: Machoke
|-damage|p1a: Machoke|0 fnt
|faint|p1a: Machoke
|
|win|Fake Laughter
|raw|arafalo2's rating: 1293 &rarr; <strong>1268<\/strong><br \/>(-25 for losing)
|raw|Fake Laughter's rating: 1292 &rarr; <strong>1317<\/strong><br \/>(+25 for winning)
|c|★Fake Laughter|gg
|l|arafalo2
|player|p1