|join|ffgghhhhhhh
|join|Dary0903
|player|p1|ffgghhhhhhh|265
|player|p2|Dary0903|1
|gametype|singles
|gen|1
|tier|[Gen 1] Random Battle
|rated
|rule|Sleep Clause Mod: Limit one foe put to sleep
|rule|Freeze Clause Mod: Limit one foe frozen
|rule|HP Percentage Mod: HP is shown in percentages
|
|start
|switch|p1a: Voltorb|Voltorb, L96|272\/272
|switch|p2a: Rattata|Rattata, L96|252\/252
|turn|1
|
|move|p1a: Voltorb|Thunderbolt|p2a: Rattata
|-damage|p2a: Rattata|103\/252
|move|p2a: Rattata|Blizzard|p1a: Voltorb
|-damage|p1a: Voltorb|213\/272
|-status|p1a: Voltorb|frz
|
|turn|2
|
|cant|p1a: Voltorb|frz
|move|p2a: Rattata|Super Fang|p1a: Voltorb|[miss]
|-miss|p2a: Rattata
|
|turn|3
|
|cant|p1a: Voltorb|frz
|move|p2a: Rattata|Super Fang|p1a: Voltorb|[miss]
|-miss|p2a: Rattata
|
|turn|4
|
|cant|p1a: Voltorb|frz
|move|p2a: Rattata|Super Fang|p1a: Voltorb
|-damage|p1a: Voltorb|107\/272 frz
|
|turn|5
|
|cant|p1a: Voltorb|frz
|move|p2a: Rattata|Super Fang|p1a: Voltorb
|-damage|p1a: Voltorb|54\/272 frz
|
|turn|6
|
|cant|p1a: Voltorb|frz
|move|p2a: Rattata|Super Fang|p1a: Voltorb
|-damage|p1a: Voltorb|27\/272 frz
|
|turn|7
|
|cant|p1a: Voltorb|frz
|move|p2a: Rattata|Body Slam|p1a: Voltorb
|-damage|p1a: Voltorb|0 fnt
|faint|p1a: Voltorb
|
|switch|p1a: Gyarados|Gyarados, L85|335\/335
|turn|8
|
|move|p2a: Rattata|Thunderbolt|p1a: Gyarados
|-supereffective|p1a: Gyarados
|-damage|p1a: Gyarados|173\/335
|move|p1a: Gyarados|Surf|p2a: Rattata
|-crit|p2a: Rattata
|-damage|p2a: Rattata|0 fnt
|faint|p2a: Rattata
|
|switch|p2a: Magneton|Magneton, L90|273\/273
|turn|9
|
|move|p1a: Gyarados|Blizzard|p2a: Magneton
|-damage|p2a: Magneton|207\/273
|move|p2a: Magneton|Thunderbolt|p1a: Gyarados
|-supereffective|p1a: Gyarados
|-damage|p1a: Gyarados|0 fnt
|faint|p1a: Gyarados
|
|switch|p1a: Marowak|Marowak, L90|291\/291
|turn|10
|
|move|p2a: Magneton|Hyper Beam|p1a: Marowak
|-damage|p1a: Marowak|222\/291
|move|p1a: Marowak|Earthquake|p2a: Magneton
|-crit|p2a: Magneton
|-supereffective|p2a: Magneton
|-damage|p2a: Magneton|0 fnt
|faint|p2a: Magneton
|
|switch|p2a: Exeggutor|Exeggutor, L79|312\/312
|turn|11
|
|switch|p1a: Arcanine|Arcanine, L85|327\/327
|move|p2a: Exeggutor|Sleep Powder|p1a: Arcanine
|-status|p1a: Arcanine|slp
|
|turn|12
|
|cant|p1a: Arcanine|slp
|move|p2a: Exeggutor|Hyper Beam|p1a: Arcanine
|-damage|p1a: Arcanine|224\/327 slp
|
|turn|13
|-mustrecharge|p2a: Exeggutor
|-mustrecharge|p2a: Exeggutor
|
|-curestatus|p1a: Arcanine|slp
|cant|p2a: Exeggutor|recharge
|
|turn|14
|
|switch|p2a: Muk|Muk, L90|372\/372
|move|p1a: Arcanine|Fire Blast|p2a: Muk
|-damage|p2a: Muk|246\/372
|
|turn|15
|
|move|p1a: Arcanine|Reflect|p1a: Arcanine
|-start|p1a: Arcanine|Reflect
|move|p2a: Muk|Sludge|p1a: Arcanine
|-damage|p1a: Arcanine|182\/327
|
|turn|16
|
|move|p1a: Arcanine|Mimic|p2a: Muk
|-start|p1a: Arcanine|Mimic|Sludge
|move|p2a: Muk|Explosion|p1a: Arcanine
|-crit|p1a: Arcanine
|-damage|p1a: Arcanine|0 fnt
|faint|p1a: Arcanine
|faint|p2a: Muk
|
|switch|p1a: Marowak|Marowak, L90|222\/291
|switch|p2a: Snorlax|Snorlax, L79|415\/415
|turn|17
|
|move|p1a: Marowak|Earthquake|p2a: Snorlax
|-damage|p2a: Snorlax|274\/415
|move|p2a: Snorlax|Surf|p1a: Marowak
|-supereffective|p1a: Marowak
|-damage|p1a: Marowak|109\/291
|
|turn|18
|
|move|p1a: Marowak|Body Slam|p2a: Snorlax|[miss]
|-miss|p1a: Marowak
|move|p2a: Snorlax|Surf|p1a: Marowak
|-supereffective|p1a: Marowak
|-damage|p1a: Marowak|0 fnt
|faint|p1a: Marowak
|
|switch|p1a: Porygon|Porygon, L85|284\/284
|turn|19
|
|move|p1a: Porygon|Psychic|p2a: Snorlax
|-damage|p2a: Snorlax|208\/415
|-unboost|p2a: Snorlax|spd|1
|-unboost|p2a: Snorlax|spa|1
|move|p2a: Snorlax|Thunderbolt|p1a: Porygon
|-damage|p1a: Porygon|248\/284
|
|turn|20
|
|move|p1a: Porygon|Psychic|p2a: Snorlax
|-damage|p2a: Snorlax|104\/415
|move|p2a: Snorlax|Self-Destruct|p1a: Porygon
|-damage|p1a: Porygon|0 fnt
|faint|p1a: Porygon
|faint|p2a: Snorlax
|
|switch|p1a: Pinsir|Pinsir, L85|284\/284
|switch|p2a: Exeggutor|Exeggutor, L79|312\/312
|turn|21
|
|move|p1a: Pinsir|Body Slam|p2a: Exeggutor
|-damage|p2a: Exeggutor|233\/312
|-status|p2a: Exeggutor|par
|cant|p2a: Exeggutor|par
|
|turn|22
|
|move|p1a: Pinsir|Swords Dance|p1a: Pinsir
|-boost|p1a: Pinsir|atk|2
|move|p2a: Exeggutor|Sleep Powder|p1a: Pinsir|[miss]
|-miss|p2a: Exeggutor
|
|turn|23
|
|move|p1a: Pinsir|Hyper Beam|p2a: Exeggutor
|-crit|p2a: Exeggutor
|-damage|p2a: Exeggutor|0 fnt
|faint|p2a: Exeggutor
|
|switch|p2a: Weepinbell|Weepinbell, L85|284\/284
|turn|24
|
|move|p1a: Pinsir|Hyper Beam|p2a: Weepinbell
|-crit|p2a: Weepinbell
|-damage|p2a: Weepinbell|0 fnt
|faint|p2a: Weepinbell
|
|win|ffgghhhhhhh
|raw|Ladder updating...
|leave|Dary0903
|player|p2
|raw|Ladder (probably) updated, but score could not be retrieved (Response not received).