|join|kid gf lol
|join|jb champ
|player|p1|kid gf lol|48
|player|p2|jb champ|150
|gametype|singles
|gen|1
|tier|[Gen 1] OU (beta)
|rated
|rule|Sleep Clause Mod: Limit one foe put to sleep
|rule|Species Clause: Limit one of each Pokemon
|rule|OHKO Clause: OHKO moves are banned
|rule|Moody Clause: Moody is banned
|rule|Evasion Moves Clause: Evasion moves are banned
|rule|Endless Battle Clause: Forcing endless battles is banned.
|rule|HP Percentage Mod: HP is reported as percentages
|
|start
|switch|p1a: Zam Lead|Alakazam|313\/313
|switch|p2a: Gengar|Gengar|323\/323
|turn|1
|
|switch|p2a: Slowbro|Slowbro|393\/393
|move|p1a: Zam Lead|Thunder Wave|p2a: Slowbro
|-status|p2a: Slowbro|par
|
|turn|2
|
|switch|p1a: Egg Kangaroo|Chansey|703\/703
|move|p2a: Slowbro|Thunder Wave|p1a: Egg Kangaroo
|-status|p1a: Egg Kangaroo|par
|
|turn|3
|
|move|p1a: Egg Kangaroo|Thunderbolt|p2a: Slowbro
|-supereffective|p2a: Slowbro
|-damage|p2a: Slowbro|225\/393 par
|move|p2a: Slowbro|Amnesia|p2a: Slowbro
|-boost|p2a: Slowbro|spd|2
|-boost|p2a: Slowbro|spa|2
|
|turn|4
|
|switch|p1a: GhostInaShell|Cloyster|303\/303
|move|p2a: Slowbro|Amnesia|p2a: Slowbro
|-boost|p2a: Slowbro|spd|2
|-boost|p2a: Slowbro|spa|2
|
|turn|5
|
|move|p1a: GhostInaShell|Clamp|p2a: Slowbro
|-resisted|p2a: Slowbro
|-damage|p2a: Slowbro|217\/393 par
|-activate|p2a: Slowbro|move: Clamp|[of] p1a: GhostInaShell
|cant|p2a: Slowbro|partiallytrapped
|
|turn|6
|
|move|p1a: GhostInaShell|Clamp|p2a: Slowbro
|-damage|p2a: Slowbro|209\/393 par
|cant|p2a: Slowbro|partiallytrapped
|
|turn|7
|join|ashiemore
|
|move|p1a: GhostInaShell|Clamp|p2a: Slowbro
|-damage|p2a: Slowbro|201\/393 par
|cant|p2a: Slowbro|partiallytrapped
|
|turn|8
|
|move|p1a: GhostInaShell|Clamp|p2a: Slowbro
|-damage|p2a: Slowbro|193\/393 par
|cant|p2a: Slowbro|par
|
|-end|p2a: Slowbro|Clamp|[partiallytrapped]
|turn|9
|
|move|p1a: GhostInaShell|Clamp|p2a: Slowbro
|-resisted|p2a: Slowbro
|-damage|p2a: Slowbro|185\/393 par
|-activate|p2a: Slowbro|move: Clamp|[of] p1a: GhostInaShell
|cant|p2a: Slowbro|partiallytrapped
|
|turn|10
|
|move|p1a: GhostInaShell|Clamp|p2a: Slowbro
|-damage|p2a: Slowbro|177\/393 par
|cant|p2a: Slowbro|par
|
|turn|11
|
|move|p1a: GhostInaShell|Clamp|p2a: Slowbro
|-damage|p2a: Slowbro|169\/393 par
|cant|p2a: Slowbro|par
|
|-end|p2a: Slowbro|Clamp|[partiallytrapped]
|turn|12
|
|move|p1a: GhostInaShell|Clamp|p2a: Slowbro
|-resisted|p2a: Slowbro
|-damage|p2a: Slowbro|162\/393 par
|-activate|p2a: Slowbro|move: Clamp|[of] p1a: GhostInaShell
|cant|p2a: Slowbro|partiallytrapped
|
|turn|13
|
|move|p1a: GhostInaShell|Clamp|p2a: Slowbro
|-damage|p2a: Slowbro|155\/393 par
|cant|p2a: Slowbro|partiallytrapped
|
|turn|14
|
|move|p1a: GhostInaShell|Clamp|p2a: Slowbro
|-damage|p2a: Slowbro|148\/393 par
|cant|p2a: Slowbro|partiallytrapped
|
|turn|15
|
|move|p1a: GhostInaShell|Clamp|p2a: Slowbro
|-damage|p2a: Slowbro|141\/393 par
|cant|p2a: Slowbro|partiallytrapped
|
|-end|p2a: Slowbro|Clamp|[partiallytrapped]
|turn|16
|
|move|p1a: GhostInaShell|Clamp|p2a: Slowbro
|-crit|p2a: Slowbro
|-resisted|p2a: Slowbro
|-damage|p2a: Slowbro|98\/393 par
|-activate|p2a: Slowbro|move: Clamp|[of] p1a: GhostInaShell
|cant|p2a: Slowbro|partiallytrapped
|
|turn|17
|
|move|p1a: GhostInaShell|Clamp|p2a: Slowbro
|-damage|p2a: Slowbro|55\/393 par
|cant|p2a: Slowbro|partiallytrapped
|
|turn|18
|
|move|p1a: GhostInaShell|Clamp|p2a: Slowbro
|-damage|p2a: Slowbro|12\/393 par
|cant|p2a: Slowbro|par
|
|turn|19
|
|move|p1a: GhostInaShell|Clamp|p2a: Slowbro
|-damage|p2a: Slowbro|0 fnt
|faint|p2a: Slowbro
|
|
|switch|p2a: Alakazam|Alakazam|313\/313
|turn|20
|
|switch|p1a: Egg Kangaroo|Chansey|703\/703 par
|move|p2a: Alakazam|Psychic|p1a: Egg Kangaroo
|-damage|p1a: Egg Kangaroo|581\/703 par
|
|turn|21
|
|switch|p2a: Golem|Golem|363\/363
|switch|p1a: Result of Incest|Exeggutor|393\/393
|
|turn|22
|
|move|p1a: Result of Incest|Sleep Powder|p2a: Golem
|-status|p2a: Golem|slp
|cant|p2a: Golem|slp
|
|turn|23
|
|switch|p1a: Egg Kangaroo|Chansey|581\/703 par
|switch|p2a: Alakazam|Alakazam|313\/313
|
|turn|24
|
|switch|p2a: Golem|Golem|363\/363 slp
|move|p1a: Egg Kangaroo|Ice Beam|p2a: Golem
|-supereffective|p2a: Golem
|-damage|p2a: Golem|150\/363 slp
|
|turn|25
|chat|jb champ|can i ask you a question?
|chat|kid gf lol|what
|chat|kid gf lol|yeah
|chat|jb champ|why did you put a wrap\/clamp user in your team?
|chat|jb champ|i always thought you would not need to use such a tactic
|
|switch|p2a: Kangaskhan|Kangaskhan|413\/413
|move|p1a: Egg Kangaroo|Thunder Wave|p2a: Kangaskhan
|-status|p2a: Kangaskhan|par
|
|turn|26
|chat|kid gf lol|mainly because it's the only thing that can switch into tauros and lax reliably
|chat|jb champ|well yeah, i know its powerfull
|chat|jb champ|but i think its kins of cheap
|chat|jb champ|the whole wrap thing
|
|switch|p1a: Result of Incest|Exeggutor|393\/393
|move|p2a: Kangaskhan|Body Slam|p1a: Result of Incest
|-crit|p1a: Result of Incest
|-damage|p1a: Result of Incest|164\/393
|
|turn|27
|
|move|p1a: Result of Incest|Explosion|p2a: Kangaskhan|[miss]
|-miss|p1a: Result of Incest
|faint|p1a: Result of Incest
|chat|kid gf lol|lol
|chat|jb champ|wow
|
|switch|p1a: Zam Lead|Alakazam|313\/313
|turn|28
|chat|ashiemore|the boomiss is real
|chat|jb champ|never seen that before
|chat|kid gf lol|i had it happen to me a few days ago
|chat|jb champ|i think if i still turn this around it is definitely because of that
|chat|kid gf lol|it seriously sucks when it happens
|
|move|p1a: Zam Lead|Psychic|p2a: Kangaskhan
|-crit|p2a: Kangaskhan
|-damage|p2a: Kangaskhan|0 fnt
|faint|p2a: Kangaskhan
|
|
|switch|p2a: Alakazam|Alakazam|313\/313
|turn|29
|
|switch|p1a: Egg Kangaroo|Chansey|581\/703 par
|move|p2a: Alakazam|Thunder Wave|p1a: Egg Kangaroo
|-fail|p1a: Egg Kangaroo|par
|
|turn|30
|
|switch|p1a: Mr Mime|Jynx|333\/333
|move|p2a: Alakazam|Psychic|p1a: Mr Mime
|-resisted|p1a: Mr Mime
|-damage|p1a: Mr Mime|266\/333
|
|turn|31
|
|move|p2a: Alakazam|Seismic Toss|p1a: Mr Mime
|-damage|p1a: Mr Mime|166\/333
|move|p1a: Mr Mime|Blizzard|p2a: Alakazam
|-crit|p2a: Alakazam
|-damage|p2a: Alakazam|102\/313
|
|turn|32
|
|move|p2a: Alakazam|Recover|p2a: Alakazam
|-heal|p2a: Alakazam|258\/313
|move|p1a: Mr Mime|Blizzard|p2a: Alakazam
|-damage|p2a: Alakazam|144\/313
|
|turn|33
|
|move|p2a: Alakazam|Recover|p2a: Alakazam
|-heal|p2a: Alakazam|300\/313
|move|p1a: Mr Mime|Blizzard|p2a: Alakazam
|-damage|p2a: Alakazam|184\/313
|
|turn|34
|
|switch|p1a: Egg Kangaroo|Chansey|581\/703 par
|move|p2a: Alakazam|Seismic Toss|p1a: Egg Kangaroo
|-damage|p1a: Egg Kangaroo|481\/703 par
|
|turn|35
|
|move|p2a: Alakazam|Recover|p2a: Alakazam
|-heal|p2a: Alakazam|313\/313
|cant|p1a: Egg Kangaroo|par
|
|turn|36
|
|move|p2a: Alakazam|Psychic|p1a: Egg Kangaroo
|-crit|p1a: Egg Kangaroo
|-damage|p1a: Egg Kangaroo|211\/703 par
|-unboost|p1a: Egg Kangaroo|spd|1
|-unboost|p1a: Egg Kangaroo|spa|1
|move|p1a: Egg Kangaroo|Soft-Boiled|p1a: Egg Kangaroo
|-heal|p1a: Egg Kangaroo|562\/703 par
|
|turn|37
|
|switch|p1a: Zam Lead|Alakazam|313\/313
|move|p2a: Alakazam|Psychic|p1a: Zam Lead
|-resisted|p1a: Zam Lead
|-damage|p1a: Zam Lead|258\/313
|
|turn|38
|
|switch|p2a: Tauros|Tauros|353\/353
|switch|p1a: Egg Kangaroo|Chansey|562\/703 par
|
|turn|39
|
|move|p2a: Tauros|Body Slam|p1a: Egg Kangaroo
|-damage|p1a: Egg Kangaroo|282\/703 par
|move|p1a: Egg Kangaroo|Thunder Wave|p2a: Tauros
|-status|p2a: Tauros|par
|
|turn|40
|
|switch|p1a: GhostInaShell|Cloyster|303\/303
|move|p2a: Tauros|Body Slam|p1a: GhostInaShell
|-crit|p1a: GhostInaShell
|-damage|p1a: GhostInaShell|172\/303
|-status|p1a: GhostInaShell|par
|
|turn|41
|chat|ashiemore|>switching tauros into zam
|
|switch|p2a: Gengar|Gengar|323\/323
|move|p1a: GhostInaShell|Explosion|p2a: Gengar
|-immune|p2a: Gengar|[msg]
|faint|p1a: GhostInaShell
|
|switch|p1a: TNT|Golem|363\/363
|turn|42
|chat|jb champ|well i knew he would switch
|chat|jb champ|or rather predicted
|
|switch|p1a: Egg Kangaroo|Chansey|282\/703 par
|move|p2a: Gengar|Hypnosis|p1a: Egg Kangaroo
|-fail|p1a: Egg Kangaroo
|
|turn|43
|
|move|p2a: Gengar|Psychic|p1a: Egg Kangaroo
|-damage|p1a: Egg Kangaroo|207\/703 par
|move|p1a: Egg Kangaroo|Soft-Boiled|p1a: Egg Kangaroo
|-heal|p1a: Egg Kangaroo|558\/703 par
|
|turn|44
|chat|ashiemore|psykick
|
|move|p2a: Gengar|Psychic|p1a: Egg Kangaroo
|-damage|p1a: Egg Kangaroo|471\/703 par
|move|p1a: Egg Kangaroo|Soft-Boiled|p1a: Egg Kangaroo
|-heal|p1a: Egg Kangaroo|703\/703 par
|
|turn|45
|
|switch|p2a: Golem|Golem|150\/363 slp
|move|p1a: Egg Kangaroo|Thunder Wave|p2a: Golem
|-immune|p2a: Golem|[msg]
|
|turn|46
|
|switch|p1a: Mr Mime|Jynx|166\/333
|cant|p2a: Golem|slp
|
|turn|47
|
|switch|p2a: Alakazam|Alakazam|313\/313
|move|p1a: Mr Mime|Blizzard|p2a: Alakazam
|-crit|p2a: Alakazam
|-damage|p2a: Alakazam|88\/313
|
|turn|48
|
|move|p2a: Alakazam|Recover|p2a: Alakazam
|-heal|p2a: Alakazam|244\/313
|move|p1a: Mr Mime|Blizzard|p2a: Alakazam
|-damage|p2a: Alakazam|136\/313
|
|turn|49
|
|move|p2a: Alakazam|Recover|p2a: Alakazam
|-heal|p2a: Alakazam|292\/313
|move|p1a: Mr Mime|Blizzard|p2a: Alakazam
|-damage|p2a: Alakazam|176\/313
|
|turn|50
|
|switch|p1a: Egg Kangaroo|Chansey|703\/703 par
|move|p2a: Alakazam|Recover|p2a: Alakazam
|-heal|p2a: Alakazam|313\/313
|
|turn|51
|
|switch|p2a: Tauros|Tauros|353\/353 par
|move|p1a: Egg Kangaroo|Ice Beam|p2a: Tauros
|-damage|p2a: Tauros|259\/353 par
|
|turn|52
|
|move|p2a: Tauros|Body Slam|p1a: Egg Kangaroo
|-damage|p1a: Egg Kangaroo|408\/703 par
|move|p1a: Egg Kangaroo|Ice Beam|p2a: Tauros
|-crit|p2a: Tauros
|-damage|p2a: Tauros|77\/353 par
|
|turn|53
|
|switch|p1a: TNT|Golem|363\/363
|move|p2a: Tauros|Body Slam|p1a: TNT
|-crit|p1a: TNT
|-resisted|p1a: TNT
|-damage|p1a: TNT|274\/363
|-status|p1a: TNT|par
|
|turn|54
|chat|ashiemore|forl
|
|cant|p2a: Tauros|par
|move|p1a: TNT|Earthquake|p2a: Tauros
|-damage|p2a: Tauros|0 fnt
|faint|p2a: Tauros
|
|
|switch|p2a: Alakazam|Alakazam|313\/313
|turn|55
|
|switch|p1a: Egg Kangaroo|Chansey|408\/703 par
|move|p2a: Alakazam|Psychic|p1a: Egg Kangaroo
|-damage|p1a: Egg Kangaroo|291\/703 par
|
|turn|56
|
|move|p2a: Alakazam|Psychic|p1a: Egg Kangaroo
|-damage|p1a: Egg Kangaroo|165\/703 par
|move|p1a: Egg Kangaroo|Soft-Boiled|p1a: Egg Kangaroo
|-heal|p1a: Egg Kangaroo|516\/703 par
|
|turn|57
|
|move|p2a: Alakazam|Psychic|p1a: Egg Kangaroo
|-crit|p1a: Egg Kangaroo
|-damage|p1a: Egg Kangaroo|249\/703 par
|-unboost|p1a: Egg Kangaroo|spd|1
|-unboost|p1a: Egg Kangaroo|spa|1
|move|p1a: Egg Kangaroo|Soft-Boiled|p1a: Egg Kangaroo
|-heal|p1a: Egg Kangaroo|600\/703 par
|
|turn|58
|
|switch|p1a: Zam Lead|Alakazam|258\/313
|move|p2a: Alakazam|Psychic|p1a: Zam Lead
|-crit|p1a: Zam Lead
|-resisted|p1a: Zam Lead
|-damage|p1a: Zam Lead|146\/313
|-unboost|p1a: Zam Lead|spd|1
|-unboost|p1a: Zam Lead|spa|1
|
|turn|59
|
|switch|p1a: Egg Kangaroo|Chansey|600\/703 par
|switch|p2a: Gengar|Gengar|323\/323
|
|turn|60
|
|move|p2a: Gengar|Psychic|p1a: Egg Kangaroo
|-damage|p1a: Egg Kangaroo|512\/703 par
|-unboost|p1a: Egg Kangaroo|spd|1
|-unboost|p1a: Egg Kangaroo|spa|1
|move|p1a: Egg Kangaroo|Thunder Wave|p2a: Gengar
|-status|p2a: Gengar|par
|
|turn|61
|
|move|p2a: Gengar|Explosion|p1a: Egg Kangaroo
|-damage|p1a: Egg Kangaroo|0 fnt
|faint|p1a: Egg Kangaroo
|faint|p2a: Gengar
|
|switch|p2a: Alakazam|Alakazam|313\/313
|switch|p1a: Zam Lead|Alakazam|146\/313
|turn|62
|
|move|p2a: Alakazam|Thunder Wave|p1a: Zam Lead
|-status|p1a: Zam Lead|par
|move|p1a: Zam Lead|Recover|p1a: Zam Lead
|-heal|p1a: Zam Lead|302\/313 par
|
|turn|63
|
|move|p2a: Alakazam|Seismic Toss|p1a: Zam Lead
|-damage|p1a: Zam Lead|202\/313 par
|cant|p1a: Zam Lead|par
|
|turn|64
|
|move|p2a: Alakazam|Seismic Toss|p1a: Zam Lead
|-damage|p1a: Zam Lead|102\/313 par
|move|p1a: Zam Lead|Thunder Wave|p2a: Alakazam
|-status|p2a: Alakazam|par
|
|turn|65
|
|move|p2a: Alakazam|Seismic Toss|p1a: Zam Lead
|-damage|p1a: Zam Lead|2\/313 par
|move|p1a: Zam Lead|Recover|p1a: Zam Lead
|-heal|p1a: Zam Lead|158\/313 par
|
|turn|66
|
|move|p2a: Alakazam|Seismic Toss|p1a: Zam Lead
|-damage|p1a: Zam Lead|58\/313 par
|move|p1a: Zam Lead|Recover|p1a: Zam Lead
|-fail|p1a: Zam Lead
|
|turn|67
|join|Ah Yueah
|chat|ashiemore|rofl
|chat|jb champ|WHAT
|chat|jb champ|that can happen too??
|chat|ashiemore|he's 255 hp away from max
|chat|kid gf lol|..yes
|chat|kid gf lol|he's litterally rendered useless now
|chat|ashiemore|not really
|chat|kid gf lol|he cant recover without taking damage how is that not useless lol
|chat|jb champ|yeah
|chat|jb champ|so it is gonna miss every time now
|chat|jb champ|?
|chat|kid gf lol|yes
|chat|jb champ|wow
|chat|ashiemore|but you can
|chat|jb champ|so unlucky
|chat|kid gf lol|twave if you want, i'll recover over and over
|chat|ashiemore|go in and psych golem
|chat|ashiemore|which kills
|
|move|p2a: Alakazam|Seismic Toss|p1a: Zam Lead
|-damage|p1a: Zam Lead|0 fnt
|faint|p1a: Zam Lead
|
|chat|jb champ|jynx is probably gonna be enough now anyway
|chat|ashiemore|golem is obv going to be para or crit
|
|switch|p1a: TNT|Golem|274\/363 par
|turn|68
|chat|jb champ|my only hope really
|chat|jb champ|but i guess my luck is used up for this one
|
|move|p2a: Alakazam|Psychic|p1a: TNT
|-damage|p1a: TNT|83\/363 par
|cant|p1a: TNT|par
|
|turn|69
|chat|jb champ|woooooo
|chat|kid gf lol|plz be para'd then
|
|move|p2a: Alakazam|Psychic|p1a: TNT
|-damage|p1a: TNT|0 fnt
|faint|p1a: TNT
|
|
|switch|p1a: Mr Mime|Jynx|166\/333
|turn|70
|chat|jb champ|aw
|chat|jb champ|that was probably my luckiest win yet
|chat|jb champ|even in 1st gen
|
|move|p1a: Mr Mime|Blizzard|p2a: Alakazam
|-damage|p2a: Alakazam|199\/313 par
|move|p2a: Alakazam|Thunder Wave|p1a: Mr Mime
|-status|p1a: Mr Mime|par
|
|turn|71
|chat|kid gf lol|crit
|
|move|p2a: Alakazam|Seismic Toss|p1a: Mr Mime
|-damage|p1a: Mr Mime|66\/333 par
|move|p1a: Mr Mime|Blizzard|p2a: Alakazam|[miss]
|-miss|p1a: Mr Mime
|
|turn|72
|leave|ashiemore
|chat|kid gf lol|ffs
|
|move|p2a: Alakazam|Seismic Toss|p1a: Mr Mime
|-damage|p1a: Mr Mime|0 fnt
|faint|p1a: Mr Mime
|
|win|jb champ
|raw|Ladder updating...
|raw|kid gf lol's rating: 1417 &rarr; <strong>1397<\/strong><br \/>(-20 for losing)
|raw|jb champ's rating: 1417 &rarr; <strong>1437<\/strong><br \/>(+20 for winning)
|leave|kid gf lol
|player|p1
|leave|Ah Yueah