|join|yaldyyyy
|join|ARTHURLUFFY
|player|p1|yaldyyyy|102
|player|p2|ARTHURLUFFY|227
|gametype|singles
|gen|1
|tier|[Gen 1] Random Battle
|rated
|rule|Sleep Clause Mod: Limit one foe put to sleep
|rule|Freeze Clause Mod: Limit one foe frozen
|rule|HP Percentage Mod: HP is shown in percentages
|
|start
|switch|p1a: Rattata|Rattata, L96|252\/252
|switch|p2a: Dewgong|Dewgong, L85|327\/327
|turn|1
|
|move|p1a: Rattata|Super Fang|p2a: Dewgong
|-damage|p2a: Dewgong|164\/327
|move|p2a: Dewgong|Blizzard|p1a: Rattata
|-crit|p1a: Rattata
|-damage|p1a: Rattata|0 fnt
|faint|p1a: Rattata
|
|switch|p1a: Starmie|Starmie, L79|257\/257
|turn|2
|
|move|p1a: Starmie|Thunderbolt|p2a: Dewgong
|-supereffective|p2a: Dewgong
|-damage|p2a: Dewgong|56\/327
|move|p2a: Dewgong|Body Slam|p1a: Starmie
|-crit|p1a: Starmie
|-damage|p1a: Starmie|157\/257
|
|turn|3
|
|switch|p2a: Magneton|Magneton, L85|259\/259
|move|p1a: Starmie|Thunderbolt|p2a: Magneton
|-crit|p2a: Magneton
|-resisted|p2a: Magneton
|-damage|p2a: Magneton|211\/259
|
|turn|4
|
|switch|p1a: Nidoqueen|Nidoqueen, L85|327\/327
|move|p2a: Magneton|Thunderbolt|p1a: Nidoqueen
|-immune|p1a: Nidoqueen|[msg]
|
|turn|5
|
|switch|p2a: Fearow|Fearow, L85|284\/284
|move|p1a: Nidoqueen|Earthquake|p2a: Fearow
|-immune|p2a: Fearow|[msg]
|
|turn|6
|
|move|p2a: Fearow|Drill Peck|p1a: Nidoqueen
|-damage|p1a: Nidoqueen|248\/327
|move|p1a: Nidoqueen|Thunderbolt|p2a: Fearow
|-supereffective|p2a: Fearow
|-damage|p2a: Fearow|137\/284
|
|turn|7
|
|move|p2a: Fearow|Hyper Beam|p1a: Nidoqueen
|-damage|p1a: Nidoqueen|95\/327
|move|p1a: Nidoqueen|Thunderbolt|p2a: Fearow
|-supereffective|p2a: Fearow
|-damage|p2a: Fearow|0 fnt
|faint|p2a: Fearow
|
|switch|p2a: Mewtwo|Mewtwo, L70|293\/293
|turn|8
|
|switch|p1a: Tangela|Tangela, L85|284\/284
|move|p2a: Mewtwo|Psychic|p1a: Tangela
|-crit|p1a: Tangela
|-damage|p1a: Tangela|121\/284
|
|turn|9
|
|move|p2a: Mewtwo|Blizzard|p1a: Tangela
|-crit|p1a: Tangela
|-supereffective|p1a: Tangela
|-damage|p1a: Tangela|0 fnt
|faint|p1a: Tangela
|
|switch|p1a: Hypno|Hypno, L85|318\/318
|turn|10
|
|switch|p2a: Dewgong|Dewgong, L85|56\/327
|move|p1a: Hypno|Hypnosis|p2a: Dewgong
|-status|p2a: Dewgong|slp
|
|turn|11
|
|switch|p2a: Mewtwo|Mewtwo, L70|293\/293
|move|p1a: Hypno|Psychic|p2a: Mewtwo
|-resisted|p2a: Mewtwo
|-damage|p2a: Mewtwo|246\/293
|
|turn|12
|
|move|p2a: Mewtwo|Blizzard|p1a: Hypno
|-damage|p1a: Hypno|243\/318
|move|p1a: Hypno|Counter|p2a: Mewtwo
|-fail|p1a: Hypno
|
|turn|13
|
|move|p2a: Mewtwo|Psychic|p1a: Hypno
|-resisted|p1a: Hypno
|-damage|p1a: Hypno|205\/318
|-unboost|p1a: Hypno|spd|1
|-unboost|p1a: Hypno|spa|1
|move|p1a: Hypno|Psychic|p2a: Mewtwo
|-resisted|p2a: Mewtwo
|-damage|p2a: Mewtwo|217\/293
|
|turn|14
|
|switch|p1a: Starmie|Starmie, L79|157\/257
|move|p2a: Mewtwo|Psychic|p1a: Starmie
|-crit|p1a: Starmie
|-resisted|p1a: Starmie
|-damage|p1a: Starmie|74\/257
|-unboost|p1a: Starmie|spd|1
|-unboost|p1a: Starmie|spa|1
|
|turn|15
|
|move|p1a: Starmie|Recover|p1a: Starmie
|-heal|p1a: Starmie|202\/257
|move|p2a: Mewtwo|Psychic|p1a: Starmie
|-resisted|p1a: Starmie
|-damage|p1a: Starmie|128\/257
|-unboost|p1a: Starmie|spd|1
|-unboost|p1a: Starmie|spa|1
|
|turn|16
|
|move|p1a: Starmie|Recover|p1a: Starmie
|-heal|p1a: Starmie|256\/257
|move|p2a: Mewtwo|Psychic|p1a: Starmie
|-resisted|p1a: Starmie
|-damage|p1a: Starmie|170\/257
|
|turn|17
|
|switch|p1a: Wigglytuff|Wigglytuff, L85|412\/412
|move|p2a: Mewtwo|Psychic|p1a: Wigglytuff
|-crit|p1a: Wigglytuff
|-damage|p1a: Wigglytuff|155\/412
|-unboost|p1a: Wigglytuff|spd|1
|-unboost|p1a: Wigglytuff|spa|1
|
|turn|18
|
|move|p2a: Mewtwo|Psychic|p1a: Wigglytuff
|-damage|p1a: Wigglytuff|0 fnt
|faint|p1a: Wigglytuff
|
|switch|p1a: Hypno|Hypno, L85|205\/318
|turn|19
|
|move|p2a: Mewtwo|Blizzard|p1a: Hypno
|-damage|p1a: Hypno|140\/318
|-status|p1a: Hypno|frz
|cant|p1a: Hypno|frz
|
|turn|20
|
|move|p2a: Mewtwo|Psychic|p1a: Hypno
|-resisted|p1a: Hypno
|-damage|p1a: Hypno|101\/318 frz
|cant|p1a: Hypno|frz
|
|turn|21
|
|move|p2a: Mewtwo|Hyper Beam|p1a: Hypno
|-damage|p1a: Hypno|12\/318 frz
|cant|p1a: Hypno|frz
|
|turn|22
|-mustrecharge|p2a: Mewtwo
|-mustrecharge|p2a: Mewtwo
|
|switch|p1a: Starmie|Starmie, L79|170\/257
|cant|p2a: Mewtwo|recharge
|
|turn|23
|
|switch|p2a: Dewgong|Dewgong, L85|56\/327 slp
|move|p1a: Starmie|Blizzard|p2a: Dewgong
|-resisted|p2a: Dewgong
|-damage|p2a: Dewgong|38\/327 slp
|
|turn|24
|
|move|p1a: Starmie|Thunderbolt|p2a: Dewgong
|-supereffective|p2a: Dewgong
|-damage|p2a: Dewgong|0 fnt
|faint|p2a: Dewgong
|
|switch|p2a: Magneton|Magneton, L85|211\/259
|turn|25
|
|switch|p1a: Nidoqueen|Nidoqueen, L85|95\/327
|move|p2a: Magneton|Hyper Beam|p1a: Nidoqueen
|-damage|p1a: Nidoqueen|12\/327
|
|turn|26
|-mustrecharge|p2a: Magneton
|-mustrecharge|p2a: Magneton
|
|move|p1a: Nidoqueen|Earthquake|p2a: Magneton
|-supereffective|p2a: Magneton
|-damage|p2a: Magneton|15\/259
|cant|p2a: Magneton|recharge
|
|turn|27
|
|move|p1a: Nidoqueen|Earthquake|p2a: Magneton
|-supereffective|p2a: Magneton
|-damage|p2a: Magneton|0 fnt
|faint|p2a: Magneton
|
|switch|p2a: Mewtwo|Mewtwo, L70|217\/293
|turn|28
|
|switch|p2a: Nidorina|Nidorina, L90|309\/309
|move|p1a: Nidoqueen|Earthquake|p2a: Nidorina
|-supereffective|p2a: Nidorina
|-damage|p2a: Nidorina|106\/309
|
|turn|29
|
|move|p1a: Nidoqueen|Earthquake|p2a: Nidorina
|-supereffective|p2a: Nidorina
|-damage|p2a: Nidorina|0 fnt
|faint|p2a: Nidorina
|
|switch|p2a: Mewtwo|Mewtwo, L70|217\/293
|turn|30
|
|move|p2a: Mewtwo|Hyper Beam|p1a: Nidoqueen
|-damage|p1a: Nidoqueen|0 fnt
|faint|p1a: Nidoqueen
|
|switch|p1a: Starmie|Starmie, L79|170\/257
|turn|31
|
|move|p1a: Starmie|Blizzard|p2a: Mewtwo
|-damage|p2a: Mewtwo|152\/293
|move|p2a: Mewtwo|Psychic|p1a: Starmie
|-resisted|p1a: Starmie
|-damage|p1a: Starmie|126\/257
|
|turn|32
|leave|yaldyyyy
|player|p1
|-message|yaldyyyy lost due to inactivity.
|
|win|ARTHURLUFFY
|raw|Ladder updating...
|raw|yaldyyyy's rating: 1278 &rarr; <strong>1245<\/strong><br \/>(-33 for losing)
|raw|ARTHURLUFFY's rating: 1170 &rarr; <strong>1202<\/strong><br \/>(+32 for winning)