|join|RetiredGod
|join|c353
|player|p1|RetiredGod|2
|player|p2|c353|2
|gametype|singles
|gen|1
|tier|[Gen 1] Random Battle
|rated
|seed|56555,25962,52307,39312
|rule|Sleep Clause Mod: Limit one foe put to sleep
|rule|Freeze Clause Mod: Limit one foe frozen
|rule|HP Percentage Mod: HP is shown in percentages
|
|start
|switch|p1a: Metapod|Metapod, L99|300\/300
|switch|p2a: Porygon|Porygon, L85|284\/284
|turn|1
|c|★c353|glhf
|c|★c353|lawl metapd
|c|★RetiredGod|yup lol
|choice|move 2|switch 2
|
|switch|p2a: Dratini|Dratini, L96|274\/274
|move|p1a: Metapod|Harden|p1a: Metapod
|-boost|p1a: Metapod|def|1
|
|turn|2
|choice|move 3|move 4
|
|move|p2a: Dratini|Thunder Wave|p1a: Metapod
|-status|p1a: Metapod|par
|move|p1a: Metapod|String Shot|p2a: Dratini
|-unboost|p2a: Dratini|spe|1
|
|turn|3
|choice|move 2|move 1
|
|move|p2a: Dratini|Ice Beam|p1a: Metapod
|-damage|p1a: Metapod|215\/300 par
|move|p1a: Metapod|Harden|p1a: Metapod
|-boost|p1a: Metapod|def|1
|
|turn|4
|choice|move 1|move 2
|
|move|p2a: Dratini|Surf|p1a: Metapod
|-damage|p1a: Metapod|129\/300 par
|move|p1a: Metapod|Tackle|p2a: Dratini
|-damage|p2a: Dratini|253\/274
|
|turn|5
|choice|move 1|move 1
|
|move|p2a: Dratini|Ice Beam|p1a: Metapod
|-damage|p1a: Metapod|38\/300 par
|move|p1a: Metapod|Tackle|p2a: Dratini
|-damage|p2a: Dratini|233\/274
|
|turn|6
|choice|move 1|move 3
|
|move|p2a: Dratini|Hyper Beam|p1a: Metapod
|-damage|p1a: Metapod|0 fnt
|faint|p1a: Metapod
|choice|switch 4|
|
|switch|p1a: Muk|Muk, L90|372\/372
|turn|7
|choice|move 4|move 4
|
|move|p1a: Muk|Body Slam|p2a: Dratini
|-crit|p2a: Dratini
|-damage|p2a: Dratini|49\/274
|move|p2a: Dratini|Thunder Wave|p1a: Muk
|-status|p1a: Muk|par
|
|turn|8
|choice|move 4|switch 6
|
|switch|p2a: Haunter|Haunter, L85|250\/250
|move|p1a: Muk|Body Slam|p2a: Haunter
|-immune|p2a: Haunter|[msg]
|
|turn|9
|choice|move 2|move 4
|
|move|p2a: Haunter|Psychic|p1a: Muk
|-supereffective|p1a: Muk
|-damage|p1a: Muk|202\/372 par
|-unboost|p1a: Muk|spd|1
|-unboost|p1a: Muk|spa|1
|move|p1a: Muk|Mega Drain|p2a: Haunter
|-resisted|p2a: Haunter
|-damage|p2a: Haunter|244\/250
|-heal|p1a: Muk|205\/372 par|[from] drain|[of] p2a: Haunter
|
|turn|10
|choice|move 3|move 4
|
|move|p2a: Haunter|Psychic|p1a: Muk
|-supereffective|p1a: Muk
|-damage|p1a: Muk|0 fnt
|faint|p1a: Muk
|choice|switch 2|
|
|switch|p1a: Pidgeot|Pidgeot, L90|333\/333
|turn|11
|choice|move 2|move 1
|
|move|p1a: Pidgeot|Mirror Move|p1a: Pidgeot
|move|p1a: Pidgeot|Psychic|p2a: Haunter|[from]Mirror Move
|-crit|p2a: Haunter
|-supereffective|p2a: Haunter
|-damage|p2a: Haunter|57\/250
|move|p2a: Haunter|Hypnosis|p1a: Pidgeot
|-status|p1a: Pidgeot|slp
|
|turn|12
|choice|switch 6|move 4
|
|switch|p1a: Tauros|Tauros, L79|280\/280
|move|p2a: Haunter|Psychic|p1a: Tauros
|-damage|p1a: Tauros|194\/280
|
|turn|13
|choice|move 1|switch 3
|
|switch|p2a: Muk|Muk, L90|372\/372
|move|p1a: Tauros|Blizzard|p2a: Muk
|-damage|p2a: Muk|308\/372
|
|turn|14
|choice|move 4|move 4
|
|move|p1a: Tauros|Earthquake|p2a: Muk
|-supereffective|p2a: Muk
|-damage|p2a: Muk|168\/372
|move|p2a: Muk|Body Slam|p1a: Tauros
|-damage|p1a: Tauros|126\/280
|
|turn|15
|choice|move 4|move 4
|
|move|p1a: Tauros|Earthquake|p2a: Muk
|-supereffective|p2a: Muk
|-damage|p2a: Muk|37\/372
|move|p2a: Muk|Body Slam|p1a: Tauros
|-damage|p1a: Tauros|47\/280
|
|turn|16
|choice|move 1|switch 2
|
|switch|p2a: Porygon|Porygon, L85|284\/284
|move|p1a: Tauros|Blizzard|p2a: Porygon
|-damage|p2a: Porygon|217\/284
|
|turn|17
|choice|move 2|move 2
|
|move|p1a: Tauros|Hyper Beam|p2a: Porygon
|-damage|p2a: Porygon|53\/284
|move|p2a: Porygon|Tri Attack|p1a: Tauros
|-damage|p1a: Tauros|0 fnt
|faint|p1a: Tauros
|choice|switch 5|
|
|switch|p1a: Rapidash|Rapidash, L90|300\/300
|turn|18
|choice|move 2|switch 4
|
|switch|p2a: Marowak|Marowak, L90|291\/291
|move|p1a: Rapidash|Substitute|p1a: Rapidash
|-start|p1a: Rapidash|Substitute
|-damage|p1a: Rapidash|225\/300
|
|turn|19
|choice|move 4|move 1
|
|move|p1a: Rapidash|Body Slam|p2a: Marowak
|-damage|p2a: Marowak|235\/291
|move|p2a: Marowak|Earthquake|p1a: Rapidash
|-supereffective|p1a: Rapidash
|-end|p1a: Rapidash|Substitute
|
|turn|20
|choice|move 3|move 3
|
|move|p1a: Rapidash|Growl|p2a: Marowak
|-unboost|p2a: Marowak|atk|1
|move|p2a: Marowak|Seismic Toss|p1a: Rapidash
|-damage|p1a: Rapidash|135\/300
|
|turn|21
|choice|move 3|move 3
|
|move|p1a: Rapidash|Growl|p2a: Marowak
|-unboost|p2a: Marowak|atk|1
|move|p2a: Marowak|Seismic Toss|p1a: Rapidash
|-damage|p1a: Rapidash|45\/300
|
|turn|22
|choice|move 4|move 3
|
|move|p1a: Rapidash|Body Slam|p2a: Marowak
|-damage|p2a: Marowak|174\/291
|-status|p2a: Marowak|par
|move|p2a: Marowak|Seismic Toss|p1a: Rapidash
|-damage|p1a: Rapidash|0 fnt
|faint|p1a: Rapidash
|choice|switch 6|
|
|switch|p1a: Pidgeot|Pidgeot, L90|333\/333 slp
|turn|23
|choice|move 2|move 4
|
|cant|p1a: Pidgeot|slp
|move|p2a: Marowak|Blizzard|p1a: Pidgeot
|-supereffective|p1a: Pidgeot
|-damage|p1a: Pidgeot|189\/333 slp
|
|turn|24
|choice|move 2|move 4
|
|cant|p1a: Pidgeot|slp
|move|p2a: Marowak|Blizzard|p1a: Pidgeot
|-supereffective|p1a: Pidgeot
|-damage|p1a: Pidgeot|48\/333 slp
|
|turn|25
|choice|move 3|move 4
|
|cant|p1a: Pidgeot|slp
|cant|p2a: Marowak|par
|
|turn|26
|choice|move 3|move 4
|
|cant|p1a: Pidgeot|slp
|cant|p2a: Marowak|par
|
|turn|27
|choice|move 3|move 4
|
|cant|p1a: Pidgeot|slp
|move|p2a: Marowak|Blizzard|p1a: Pidgeot
|-crit|p1a: Pidgeot
|-supereffective|p1a: Pidgeot
|-damage|p1a: Pidgeot|0 fnt
|faint|p1a: Pidgeot
|choice|switch 3|
|
|switch|p1a: Hitmonchan|Hitmonchan, L90|273\/273
|turn|28
|choice|move 4|switch 5
|
|switch|p2a: Dewgong|Dewgong, L85|327\/327
|move|p1a: Hitmonchan|Submission|p2a: Dewgong|[miss]
|-miss|p1a: Hitmonchan
|
|turn|29
|c|★RetiredGod|gg
|choice|move 1|move 1
|
|move|p1a: Hitmonchan|Seismic Toss|p2a: Dewgong
|-damage|p2a: Dewgong|237\/327
|move|p2a: Dewgong|Blizzard|p1a: Hitmonchan
|-damage|p1a: Hitmonchan|87\/273
|
|turn|30
|c|★c353|gg
|choice|move 1|move 1
|
|move|p1a: Hitmonchan|Seismic Toss|p2a: Dewgong
|-damage|p2a: Dewgong|147\/327
|move|p2a: Dewgong|Blizzard|p1a: Hitmonchan|[miss]
|-miss|p2a: Dewgong
|
|turn|31
|choice|move 1|move 4
|
|move|p1a: Hitmonchan|Seismic Toss|p2a: Dewgong
|-damage|p2a: Dewgong|57\/327
|move|p2a: Dewgong|Surf|p1a: Hitmonchan
|-crit|p1a: Hitmonchan
|-damage|p1a: Hitmonchan|0 fnt
|faint|p1a: Hitmonchan
|
|win|c353