|join|MALESANI
|join|ZePretinho
|player|p1|MALESANI|238
|player|p2|ZePretinho|167
|gametype|singles
|gen|1
|tier|[Gen 1] Random Battle
|rated
|seed|59569,32142,1800,22523
|rule|Sleep Clause Mod: Limit one foe put to sleep
|rule|Freeze Clause Mod: Limit one foe frozen
|rule|HP Percentage Mod: HP is shown in percentages
|
|start
|switch|p1a: Ditto|Ditto, L99|296\/296
|switch|p2a: Seel|Seel, L96|320\/320
|turn|1
|choice|move 1|move 1
|
|move|p1a: Ditto|Transform|p2a: Seel
|-transform|p1a: Ditto|p2a: Seel
|move|p2a: Seel|Blizzard|p1a: Ditto
|-resisted|p1a: Ditto
|-damage|p1a: Ditto|241\/296
|
|turn|2
|choice|move 2|move 2
|
|move|p1a: Ditto|Body Slam|p2a: Seel
|-damage|p2a: Seel|256\/320
|move|p2a: Seel|Body Slam|p1a: Ditto
|-damage|p1a: Ditto|177\/296
|
|turn|3
|choice|move 2|move 2
|
|move|p1a: Ditto|Body Slam|p2a: Seel
|-damage|p2a: Seel|188\/320
|move|p2a: Seel|Body Slam|p1a: Ditto
|-damage|p1a: Ditto|120\/296
|
|turn|4
|choice|move 2|move 2
|
|move|p1a: Ditto|Body Slam|p2a: Seel
|-damage|p2a: Seel|121\/320
|-status|p2a: Seel|par
|move|p2a: Seel|Body Slam|p1a: Ditto
|-damage|p1a: Ditto|60\/296
|-status|p1a: Ditto|par
|
|turn|5
|choice|move 1|move 2
|
|cant|p1a: Ditto|par
|cant|p2a: Seel|par
|
|turn|6
|choice|move 3|move 2
|
|move|p1a: Ditto|Surf|p2a: Seel
|-resisted|p2a: Seel
|-damage|p2a: Seel|76\/320 par
|cant|p2a: Seel|par
|
|turn|7
|-message|ZePretinho lost due to inactivity.
|
|win|MALESANI
|raw|MALESANI's rating: 1334 &rarr; <strong>1345<\/strong><br \/>(+11 for winning)
|raw|ZePretinho's rating: 1165 &rarr; <strong>1152<\/strong><br \/>(-13 for losing)