|join|Honig
|join|kid gf lol
|player|p1|Honig|170
|player|p2|kid gf lol|184
|gametype|singles
|gen|1
|tier|[Gen 1] OU (beta)
|rated
|rule|Sleep Clause Mod: Limit one foe put to sleep
|rule|Species Clause: Limit one of each Pokemon
|rule|OHKO Clause: OHKO moves are banned
|rule|Moody Clause: Moody is banned
|rule|Evasion Moves Clause: Evasion moves are banned
|rule|Endless Battle Clause: Forcing endless battles is banned.
|rule|HP Percentage Mod: HP is reported as percentages
|
|start
|switch|p1a: Alakazam|Alakazam|313\/313
|switch|p2a: Zam Lead|Alakazam|313\/313
|turn|1
|
|switch|p2a: Breakfast Pouch|Chansey|703\/703
|move|p1a: Alakazam|Thunder Wave|p2a: Breakfast Pouch
|-status|p2a: Breakfast Pouch|par
|
|turn|2
|
|switch|p1a: Snorlax|Snorlax|523\/523
|switch|p2a: Result Of Incest|Exeggutor|393\/393
|
|turn|3
|
|switch|p1a: Zapdos|Zapdos|383\/383
|move|p2a: Result Of Incest|Sleep Powder|p1a: Zapdos
|-status|p1a: Zapdos|slp
|
|turn|4
|
|switch|p1a: Gengar|Gengar|323\/323
|move|p2a: Result Of Incest|Psychic|p1a: Gengar
|-supereffective|p1a: Gengar
|-damage|p1a: Gengar|108\/323
|
|turn|5
|
|switch|p2a: Breakfast Pouch|Chansey|703\/703 par
|move|p1a: Gengar|Hypnosis|p2a: Breakfast Pouch
|-fail|p2a: Breakfast Pouch
|
|turn|6
|
|switch|p2a: Result Of Incest|Exeggutor|393\/393
|move|p1a: Gengar|Confuse Ray|p2a: Result Of Incest
|-start|p2a: Result Of Incest|confusion
|
|turn|7
|
|switch|p2a: Breakfast Pouch|Chansey|703\/703 par
|move|p1a: Gengar|Hypnosis|p2a: Breakfast Pouch
|-fail|p2a: Breakfast Pouch
|
|turn|8
|
|move|p1a: Gengar|Confuse Ray|p2a: Breakfast Pouch
|-start|p2a: Breakfast Pouch|confusion
|cant|p2a: Breakfast Pouch|par
|
|turn|9
|
|switch|p1a: Alakazam|Alakazam|313\/313
|switch|p2a: Result Of Incest|Exeggutor|393\/393
|
|turn|10
|
|move|p1a: Alakazam|Psychic|p2a: Result Of Incest
|-crit|p2a: Result Of Incest
|-resisted|p2a: Result Of Incest
|-damage|p2a: Result Of Incest|288\/393
|move|p2a: Result Of Incest|Stun Spore|p1a: Alakazam
|-status|p1a: Alakazam|par
|
|turn|11
|
|switch|p2a: Zam Lead|Alakazam|313\/313
|move|p1a: Alakazam|Thunder Wave|p2a: Zam Lead
|-status|p2a: Zam Lead|par
|
|turn|12
|
|move|p2a: Zam Lead|Seismic Toss|p1a: Alakazam
|-damage|p1a: Alakazam|213\/313 par
|move|p1a: Alakazam|Psychic|p2a: Zam Lead
|-crit|p2a: Zam Lead
|-resisted|p2a: Zam Lead
|-damage|p2a: Zam Lead|207\/313 par
|
|turn|13
|
|cant|p1a: Alakazam|par
|move|p2a: Zam Lead|Seismic Toss|p1a: Alakazam
|-damage|p1a: Alakazam|113\/313 par
|
|turn|14
|
|move|p2a: Zam Lead|Seismic Toss|p1a: Alakazam
|-damage|p1a: Alakazam|13\/313 par
|move|p1a: Alakazam|Recover|p1a: Alakazam
|-heal|p1a: Alakazam|169\/313 par
|
|turn|15
|
|switch|p2a: Ghastly In Shell|Cloyster|303\/303
|move|p1a: Alakazam|Recover|p1a: Alakazam
|-heal|p1a: Alakazam|313\/313 par
|
|turn|16
|
|move|p2a: Ghastly In Shell|Clamp|p1a: Alakazam|[miss]
|-miss|p2a: Ghastly In Shell
|move|p1a: Alakazam|Thunder Wave|p2a: Ghastly In Shell
|-status|p2a: Ghastly In Shell|par
|
|turn|17
|
|move|p1a: Alakazam|Psychic|p2a: Ghastly In Shell
|-crit|p2a: Ghastly In Shell
|-damage|p2a: Ghastly In Shell|14\/303 par
|move|p2a: Ghastly In Shell|Explosion|p1a: Alakazam
|-damage|p1a: Alakazam|0 fnt
|faint|p1a: Alakazam
|faint|p2a: Ghastly In Shell
|
|switch|p1a: Gengar|Gengar|108\/323
|switch|p2a: Result Of Incest|Exeggutor|288\/393
|turn|18
|
|switch|p2a: Zam Lead|Alakazam|207\/313 par
|move|p1a: Gengar|Hypnosis|p2a: Zam Lead
|-fail|p2a: Zam Lead
|
|turn|19
|
|switch|p2a: Result Of Incest|Exeggutor|288\/393
|move|p1a: Gengar|Confuse Ray|p2a: Result Of Incest
|-start|p2a: Result Of Incest|confusion
|
|turn|20
|
|move|p1a: Gengar|Confuse Ray|p2a: Result Of Incest
|-activate|p2a: Result Of Incest|confusion
|-damage|p2a: Result Of Incest|252\/393|[from] confusion
|
|turn|21
|
|switch|p2a: Zam Lead|Alakazam|207\/313 par
|move|p1a: Gengar|Hypnosis|p2a: Zam Lead|[miss]
|-miss|p1a: Gengar
|
|turn|22
|
|move|p1a: Gengar|Confuse Ray|p2a: Zam Lead
|-start|p2a: Zam Lead|confusion
|-activate|p2a: Zam Lead|confusion
|move|p2a: Zam Lead|Psychic|p1a: Gengar
|-crit|p1a: Gengar
|-supereffective|p1a: Gengar
|-damage|p1a: Gengar|0 fnt
|faint|p1a: Gengar
|
|
|switch|p1a: Tauros|Tauros|353\/353
|turn|23
|
|switch|p2a: Mvp Tbh|Snorlax|523\/523
|move|p1a: Tauros|Body Slam|p2a: Mvp Tbh
|-damage|p2a: Mvp Tbh|401\/523
|
|turn|24
|
|move|p1a: Tauros|Body Slam|p2a: Mvp Tbh
|-damage|p2a: Mvp Tbh|265\/523
|-status|p2a: Mvp Tbh|par
|cant|p2a: Mvp Tbh|par
|
|turn|25
|
|move|p1a: Tauros|Body Slam|p2a: Mvp Tbh
|-damage|p2a: Mvp Tbh|139\/523 par
|cant|p2a: Mvp Tbh|par
|
|turn|26
|
|switch|p2a: Result Of Incest|Exeggutor|252\/393
|move|p1a: Tauros|Body Slam|p2a: Result Of Incest
|-crit|p2a: Result Of Incest
|-damage|p2a: Result Of Incest|31\/393
|
|turn|27
|
|move|p1a: Tauros|Body Slam|p2a: Result Of Incest
|-crit|p2a: Result Of Incest
|-damage|p2a: Result Of Incest|0 fnt
|faint|p2a: Result Of Incest
|
|
|switch|p2a: Future Steak|Tauros|353\/353
|turn|28
|
|move|p2a: Future Steak|Body Slam|p1a: Tauros
|-crit|p1a: Tauros
|-damage|p1a: Tauros|142\/353
|move|p1a: Tauros|Body Slam|p2a: Future Steak
|-damage|p2a: Future Steak|256\/353
|
|turn|29
|
|move|p1a: Tauros|Body Slam|p2a: Future Steak
|-damage|p2a: Future Steak|146\/353
|move|p2a: Future Steak|Hyper Beam|p1a: Tauros
|-damage|p1a: Tauros|0 fnt
|faint|p1a: Tauros
|
|
|switch|p1a: Rhydon|Rhydon|413\/413
|turn|30
|
|move|p2a: Future Steak|Blizzard|p1a: Rhydon
|-supereffective|p1a: Rhydon
|-damage|p1a: Rhydon|181\/413
|move|p1a: Rhydon|Body Slam|p2a: Future Steak
|-crit|p2a: Future Steak
|-damage|p2a: Future Steak|0 fnt
|faint|p2a: Future Steak
|
|
|switch|p2a: Breakfast Pouch|Chansey|703\/703 par
|turn|31
|
|move|p1a: Rhydon|Earthquake|p2a: Breakfast Pouch
|-damage|p2a: Breakfast Pouch|334\/703 par
|cant|p2a: Breakfast Pouch|par
|
|turn|32
|
|move|p1a: Rhydon|Earthquake|p2a: Breakfast Pouch
|-damage|p2a: Breakfast Pouch|0 fnt
|faint|p2a: Breakfast Pouch
|
|
|switch|p2a: Zam Lead|Alakazam|207\/313 par
|turn|33
|
|move|p1a: Rhydon|Earthquake|p2a: Zam Lead
|-damage|p2a: Zam Lead|0 fnt
|faint|p2a: Zam Lead
|
|
|switch|p2a: Mvp Tbh|Snorlax|139\/523 par
|turn|34
|
|move|p1a: Rhydon|Earthquake|p2a: Mvp Tbh
|-crit|p2a: Mvp Tbh
|-damage|p2a: Mvp Tbh|0 fnt
|faint|p2a: Mvp Tbh
|
|win|Honig
|raw|Ladder updating...
|raw|Honig's rating: 1290 &rarr; <strong>1312<\/strong><br \/>(+22 for winning)
|raw|kid gf lol's rating: 1252 &rarr; <strong>1230<\/strong><br \/>(-22 for losing)
|leave|kid gf lol
|player|p2