|j|WHYWHOWHAT
|j|MALESANI
|player|p1|WHYWHOWHAT|29
|player|p2|MALESANI|238
|gametype|singles
|gen|1
|tier|[Gen 1] Random Battle
|rated
|seed|58982,553,25345,53510
|rule|Sleep Clause Mod: Limit one foe put to sleep
|rule|Freeze Clause Mod: Limit one foe frozen
|rule|HP Percentage Mod: HP is shown in percentages
|
|start
|switch|p1a: Kakuna|Kakuna, L99|290\/290
|switch|p2a: Butterfree|Butterfree, L90|291\/291
|turn|1
|choice|move 3|move 3
|
|move|p2a: Butterfree|Psychic|p1a: Kakuna
|-supereffective|p1a: Kakuna
|-damage|p1a: Kakuna|97\/290
|-unboost|p1a: Kakuna|spd|1
|-unboost|p1a: Kakuna|spa|1
|move|p1a: Kakuna|Poison Sting|p2a: Butterfree
|-supereffective|p2a: Butterfree
|-damage|p2a: Butterfree|258\/291
|
|turn|2
|choice|move 3|move 3
|
|move|p2a: Butterfree|Psychic|p1a: Kakuna
|-supereffective|p1a: Kakuna
|-damage|p1a: Kakuna|0 fnt
|faint|p1a: Kakuna
|choice|switch 5|
|
|switch|p1a: Rhydon|Rhydon, L79|328\/328
|turn|3
|choice|move 2|move 4
|
|move|p2a: Butterfree|Sleep Powder|p1a: Rhydon
|-status|p1a: Rhydon|slp
|cant|p1a: Rhydon|slp
|
|turn|4
|choice|switch 3|move 1
|
|switch|p1a: Starmie|Starmie, L79|257\/257
|move|p2a: Butterfree|Mega Drain|p1a: Starmie
|-supereffective|p1a: Starmie
|-damage|p1a: Starmie|200\/257
|-heal|p2a: Butterfree|286\/291|[from] drain|[of] p1a: Starmie
|
|turn|5
|choice|move 2|move 2
|
|move|p1a: Starmie|Blizzard|p2a: Butterfree
|-supereffective|p2a: Butterfree
|-damage|p2a: Butterfree|145\/291
|move|p2a: Butterfree|Stun Spore|p1a: Starmie
|-status|p1a: Starmie|par
|
|turn|6
|choice|move 2|move 1
|
|move|p2a: Butterfree|Mega Drain|p1a: Starmie
|-supereffective|p1a: Starmie
|-damage|p1a: Starmie|147\/257 par
|-heal|p2a: Butterfree|171\/291|[from] drain|[of] p1a: Starmie
|move|p1a: Starmie|Blizzard|p2a: Butterfree
|-crit|p2a: Butterfree
|-supereffective|p2a: Butterfree
|-damage|p2a: Butterfree|0 fnt
|faint|p2a: Butterfree
|choice||switch 4
|
|switch|p2a: Jolteon|Jolteon, L79|265\/265
|turn|7
|choice|switch 3|move 2
|
|switch|p1a: Rhydon|Rhydon, L79|328\/328 slp
|move|p2a: Jolteon|Pin Missile|p1a: Rhydon
|-damage|p1a: Rhydon|321\/328 slp
|-damage|p1a: Rhydon|314\/328 slp
|-hitcount|p1a: Rhydon|2
|
|turn|8
|choice|move 3|switch 2
|
|switch|p2a: Mewtwo|Mewtwo, L70|293\/293
|cant|p1a: Rhydon|slp
|
|turn|9
|choice|switch 3|move 1
|
|switch|p1a: Starmie|Starmie, L79|147\/257 par
|move|p2a: Mewtwo|Psychic|p1a: Starmie
|-resisted|p1a: Starmie
|-damage|p1a: Starmie|105\/257 par
|
|turn|10
|choice|move 4|move 4
|
|move|p2a: Mewtwo|Hyper Beam|p1a: Starmie
|-damage|p1a: Starmie|11\/257 par
|move|p1a: Starmie|Thunder Wave|p2a: Mewtwo
|-status|p2a: Mewtwo|par
|
|turn|11
|-mustrecharge|p2a: Mewtwo
|-mustrecharge|p2a: Mewtwo
|choice|switch 2|move 1
|
|switch|p1a: Tauros|Tauros, L79|280\/280
|cant|p2a: Mewtwo|recharge
|
|turn|12
|choice|move 4|switch 3
|
|switch|p2a: Weedle|Weedle, L99|280\/280
|move|p1a: Tauros|Body Slam|p2a: Weedle
|-damage|p2a: Weedle|163\/280
|
|turn|13
|choice|move 3|move 2
|
|move|p1a: Tauros|Hyper Beam|p2a: Weedle
|-damage|p2a: Weedle|0 fnt
|faint|p2a: Weedle
|choice||switch 2
|
|switch|p2a: Jolteon|Jolteon, L79|265\/265
|turn|14
|choice|switch 3|move 1
|
|switch|p1a: Rhydon|Rhydon, L79|314\/328 slp
|move|p2a: Jolteon|Thunderbolt|p1a: Rhydon
|-immune|p1a: Rhydon|[msg]
|
|turn|15
|choice|switch 3|switch 6
|
|switch|p2a: Snorlax|Snorlax, L79|415\/415
|switch|p1a: Tauros|Tauros, L79|280\/280
|
|turn|16
|choice|move 4|move 2
|
|move|p1a: Tauros|Body Slam|p2a: Snorlax
|-damage|p2a: Snorlax|305\/415
|move|p2a: Snorlax|Ice Beam|p1a: Tauros
|-damage|p1a: Tauros|226\/280
|
|turn|17
|choice|move 4|move 1
|
|move|p1a: Tauros|Body Slam|p2a: Snorlax
|-damage|p2a: Snorlax|203\/415
|move|p2a: Snorlax|Amnesia|p2a: Snorlax
|-boost|p2a: Snorlax|spd|2
|-boost|p2a: Snorlax|spa|2
|
|turn|18
|choice|move 3|move 4
|
|move|p1a: Tauros|Hyper Beam|p2a: Snorlax
|-crit|p2a: Snorlax
|-damage|p2a: Snorlax|0 fnt
|faint|p2a: Snorlax
|choice||switch 6
|
|switch|p2a: Jolteon|Jolteon, L79|265\/265
|turn|19
|choice|switch 3|move 4
|
|switch|p1a: Rhydon|Rhydon, L79|314\/328 slp
|move|p2a: Jolteon|Double Kick|p1a: Rhydon
|-crit|p1a: Rhydon
|-supereffective|p1a: Rhydon
|-damage|p1a: Rhydon|259\/328 slp
|-damage|p1a: Rhydon|204\/328 slp
|-hitcount|p1a: Rhydon|2
|
|turn|20
|choice|move 3|move 4
|
|move|p2a: Jolteon|Double Kick|p1a: Rhydon
|-supereffective|p1a: Rhydon
|-damage|p1a: Rhydon|176\/328 slp
|-damage|p1a: Rhydon|148\/328 slp
|-hitcount|p1a: Rhydon|2
|cant|p1a: Rhydon|slp
|
|turn|21
|choice|switch 2|move 4
|
|switch|p1a: Starmie|Starmie, L79|11\/257 par
|move|p2a: Jolteon|Double Kick|p1a: Starmie
|-crit|p1a: Starmie
|-resisted|p1a: Starmie
|-damage|p1a: Starmie|0 fnt
|-hitcount|p1a: Starmie|1
|faint|p1a: Starmie
|choice|switch 4|
|
|switch|p1a: Jolteon|Jolteon, L79|265\/265
|turn|22
|choice|move 3|switch 3
|
|switch|p2a: Mewtwo|Mewtwo, L70|293\/293 par
|move|p1a: Jolteon|Thunder Wave|p2a: Mewtwo
|-fail|p2a: Mewtwo|par
|
|turn|23
|choice|move 1|move 1
|
|move|p1a: Jolteon|Thunderbolt|p2a: Mewtwo
|-damage|p2a: Mewtwo|213\/293 par
|move|p2a: Mewtwo|Psychic|p1a: Jolteon
|-damage|p1a: Jolteon|178\/265
|
|turn|24
|choice|move 1|move 1
|
|move|p1a: Jolteon|Thunderbolt|p2a: Mewtwo
|-crit|p2a: Mewtwo
|-damage|p2a: Mewtwo|65\/293 par
|move|p2a: Mewtwo|Psychic|p1a: Jolteon
|-crit|p1a: Jolteon
|-damage|p1a: Jolteon|6\/265
|-unboost|p1a: Jolteon|spd|1
|-unboost|p1a: Jolteon|spa|1
|
|turn|25
|choice|move 4|move 2
|
|move|p1a: Jolteon|Pin Missile|p2a: Mewtwo
|-supereffective|p2a: Mewtwo
|-damage|p2a: Mewtwo|48\/293 par
|-damage|p2a: Mewtwo|31\/293 par
|-damage|p2a: Mewtwo|14\/293 par
|-hitcount|p2a: Mewtwo|3
|move|p2a: Mewtwo|Recover|p2a: Mewtwo
|-heal|p2a: Mewtwo|160\/293 par
|
|turn|26
|choice|switch 3|move 2
|
|switch|p1a: Tauros|Tauros, L79|226\/280
|cant|p2a: Mewtwo|par
|
|turn|27
|choice|move 4|move 1
|
|move|p1a: Tauros|Body Slam|p2a: Mewtwo
|-crit|p2a: Mewtwo
|-damage|p2a: Mewtwo|0 fnt
|faint|p2a: Mewtwo
|choice||switch 3
|
|switch|p2a: Jolteon|Jolteon, L79|265\/265
|turn|28
|choice|move 2|move 1
|
|move|p2a: Jolteon|Thunderbolt|p1a: Tauros
|-crit|p1a: Tauros
|-damage|p1a: Tauros|0 fnt
|faint|p1a: Tauros
|choice|switch 3|
|
|switch|p1a: Jolteon|Jolteon, L79|6\/265
|turn|29
|choice|move 3|move 4
|
|move|p2a: Jolteon|Double Kick|p1a: Jolteon|[miss]
|-miss|p2a: Jolteon
|move|p1a: Jolteon|Thunder Wave|p2a: Jolteon
|-status|p2a: Jolteon|par
|
|turn|30
|choice|move 1|move 2
|
|move|p1a: Jolteon|Thunderbolt|p2a: Jolteon
|-resisted|p2a: Jolteon
|-damage|p2a: Jolteon|219\/265 par
|cant|p2a: Jolteon|par
|
|turn|31
|choice|move 1|move 2
|
|move|p1a: Jolteon|Thunderbolt|p2a: Jolteon
|-resisted|p2a: Jolteon
|-damage|p2a: Jolteon|178\/265 par
|move|p2a: Jolteon|Pin Missile|p1a: Jolteon
|-damage|p1a: Jolteon|0 fnt
|-hitcount|p1a: Jolteon|1
|faint|p1a: Jolteon
|choice|switch 6|
|
|switch|p1a: Articuno|Articuno, L79|304\/304
|turn|32
|choice|move 3|move 3
|
|move|p1a: Articuno|Blizzard|p2a: Jolteon
|-damage|p2a: Jolteon|62\/265 par
|move|p2a: Jolteon|Thunder Wave|p1a: Articuno
|-status|p1a: Articuno|par
|
|turn|33
|choice|move 3|move 1
|
|move|p2a: Jolteon|Thunderbolt|p1a: Articuno
|-supereffective|p1a: Articuno
|-damage|p1a: Articuno|144\/304 par
|cant|p1a: Articuno|par
|
|turn|34
|choice|move 3|move 1
|
|move|p2a: Jolteon|Thunderbolt|p1a: Articuno
|-supereffective|p1a: Articuno
|-damage|p1a: Articuno|0 fnt
|faint|p1a: Articuno
|choice|switch 2|
|
|switch|p1a: Rhydon|Rhydon, L79|148\/328 slp
|turn|35
|choice|move 3|move 4
|
|cant|p1a: Rhydon|slp
|move|p2a: Jolteon|Double Kick|p1a: Rhydon
|-supereffective|p1a: Rhydon
|-damage|p1a: Rhydon|118\/328 slp
|-damage|p1a: Rhydon|88\/328 slp
|-hitcount|p1a: Rhydon|2
|
|turn|36
|choice|move 3|move 4
|
|cant|p1a: Rhydon|slp
|move|p2a: Jolteon|Double Kick|p1a: Rhydon
|-crit|p1a: Rhydon
|-supereffective|p1a: Rhydon
|-damage|p1a: Rhydon|34\/328 slp
|-damage|p1a: Rhydon|0 fnt
|-hitcount|p1a: Rhydon|2
|faint|p1a: Rhydon
|
|win|MALESANI
|raw|WHYWHOWHAT's rating: 1356 &rarr; <strong>1342<\/strong><br \/>(-14 for losing)
|raw|MALESANI's rating: 1461 &rarr; <strong>1475<\/strong><br \/>(+14 for winning)
|l|WHYWHOWHAT
|player|p1