|j|Giory
|j|DisgracefulDude
|player|p1|Giory|234
|player|p2|DisgracefulDude|163
|gametype|singles
|gen|1
|tier|[Gen 1] Random Battle
|rated
|seed|57690,39076,44151,53024
|rule|Sleep Clause Mod: Limit one foe put to sleep
|rule|Freeze Clause Mod: Limit one foe frozen
|rule|HP Percentage Mod: HP is shown in percentages
|
|start
|switch|p1a: Zapdos|Zapdos, L79|304\/304
|switch|p2a: Kadabra|Kadabra, L85|242\/242
|turn|1
|c|★DisgracefulDude|Good game
|c|★Giory|gl bro
|c|★Giory|wut?
|c|★DisgracefulDude|?
|c|★Giory|the battle isn't finish
|choice|move 4|move 3
|
|move|p2a: Kadabra|Reflect|p2a: Kadabra
|-start|p2a: Kadabra|Reflect
|move|p1a: Zapdos|Thunder Wave|p2a: Kadabra
|-status|p2a: Kadabra|par
|
|turn|2
|c|★DisgracefulDude|oh yes
|c|★DisgracefulDude|i tell it at the start
|choice|move 1|move 1
|
|move|p1a: Zapdos|Agility|p1a: Zapdos
|-boost|p1a: Zapdos|spe|2
|move|p2a: Kadabra|Psychic|p1a: Zapdos
|-damage|p1a: Zapdos|208\/304
|
|turn|3
|c|★Giory|That sounds a little disrespectful
|choice|move 3|move 4
|
|move|p1a: Zapdos|Drill Peck|p2a: Kadabra
|-damage|p2a: Kadabra|180\/242 par
|move|p2a: Kadabra|Thunder Wave|p1a: Zapdos
|-status|p1a: Zapdos|par
|
|turn|4
|choice|move 3|move 1
|
|move|p1a: Zapdos|Drill Peck|p2a: Kadabra
|-damage|p2a: Kadabra|115\/242 par
|cant|p2a: Kadabra|par
|
|turn|5
|c|★DisgracefulDude|sorry didnt mean it
|choice|move 3|move 1
|
|move|p1a: Zapdos|Drill Peck|p2a: Kadabra
|-damage|p2a: Kadabra|52\/242 par
|move|p2a: Kadabra|Psychic|p1a: Zapdos
|-damage|p1a: Zapdos|113\/304 par
|
|turn|6
|choice|move 3|move 1
|
|move|p1a: Zapdos|Drill Peck|p2a: Kadabra
|-damage|p2a: Kadabra|0 fnt
|faint|p2a: Kadabra
|c|★Giory|I accept your apology
|choice||switch 2
|
|switch|p2a: Aerodactyl|Aerodactyl, L90|327\/327
|turn|7
|choice|move 2|move 2
|
|move|p2a: Aerodactyl|Double-Edge|p1a: Zapdos
|-damage|p1a: Zapdos|20\/304 par
|-damage|p2a: Aerodactyl|304\/327|[from] recoil|[of] p1a: Zapdos
|move|p1a: Zapdos|Thunderbolt|p2a: Aerodactyl
|-crit|p2a: Aerodactyl
|-supereffective|p2a: Aerodactyl
|-damage|p2a: Aerodactyl|0 fnt
|faint|p2a: Aerodactyl
|c|★Giory|Yes!
|c|★DisgracefulDude|i thought i was immune
|choice||switch 3
|
|switch|p2a: Dugtrio|Dugtrio, L85|233\/233
|turn|8
|c|★Giory|Sorry for critic
|c|★DisgracefulDude|but its rock, not ground
|choice|move 3|move 3
|
|move|p2a: Dugtrio|Slash|p1a: Zapdos
|-crit|p1a: Zapdos
|-damage|p1a: Zapdos|0 fnt
|faint|p1a: Zapdos
|c|★DisgracefulDude|and ground is immune to lightining
|c|★DisgracefulDude|not rick
|c|★DisgracefulDude|rock*
|c|★DisgracefulDude|moreover aerodactyl is flying
|c|★DisgracefulDude|and you also had STAB
|c|★Giory|SO
|c|★DisgracefulDude|so you killed it
|choice|switch 4|
|
|switch|p1a: Machamp|Machamp, L90|345\/345
|turn|9
|c|★Giory|That's right
|choice|move 4|move 1
|
|move|p2a: Dugtrio|Earthquake|p1a: Machamp
|-crit|p1a: Machamp
|-damage|p1a: Machamp|148\/345
|move|p1a: Machamp|Body Slam|p2a: Dugtrio
|-damage|p2a: Dugtrio|110\/233
|
|turn|10
|c|★DisgracefulDude|Its a shame because he could have been a good pokemone
|c|★DisgracefulDude|i basically handwaived a pokemon
|c|★Giory|That's a Shame
|c|★DisgracefulDude|totally
|choice|move 1|move 1
|
|move|p2a: Dugtrio|Earthquake|p1a: Machamp
|-crit|p1a: Machamp
|-damage|p1a: Machamp|0 fnt
|faint|p1a: Machamp
|choice|switch 3|
|
|switch|p1a: Seadra|Seadra, L90|282\/282
|turn|11
|choice|move 3|switch 5
|
|switch|p2a: Dewgong|Dewgong, L85|327\/327
|move|p1a: Seadra|Hydro Pump|p2a: Dewgong
|-resisted|p2a: Dewgong
|-damage|p2a: Dewgong|261\/327
|
|turn|12
|c|★DisgracefulDude|does Noramle resist to Psychic?
|choice|move 4|move 2
|
|move|p1a: Seadra|Smokescreen|p2a: Dewgong
|-unboost|p2a: Dewgong|accuracy|1
|move|p2a: Dewgong|Blizzard|p1a: Seadra|[miss]
|-miss|p2a: Dewgong
|
|turn|13
|c|★Giory|Nope
|choice|move 2|move 2
|
|move|p1a: Seadra|Mimic|p2a: Dewgong
|-start|p1a: Seadra|Mimic|Surf
|move|p2a: Dewgong|Blizzard|p1a: Seadra
|-resisted|p1a: Seadra
|-damage|p1a: Seadra|224\/282
|
|turn|14
|c|★DisgracefulDude|Dragon resists to Psichyc?
|c|★Giory|In this Gen, the Psychic type was the overpowered type
|c|★Giory|Neither
|choice|move 4|move 2
|
|move|p1a: Seadra|Smokescreen|p2a: Dewgong
|-unboost|p2a: Dewgong|accuracy|1
|move|p2a: Dewgong|Blizzard|p1a: Seadra
|-resisted|p1a: Seadra
|-damage|p1a: Seadra|170\/282
|
|turn|15
|c|★DisgracefulDude|ok but were using the rules of the new gen, right?
|c|★DisgracefulDude|I was born in 90 :)
|c|★Giory|Nope
|c|★Giory|This is Gen 1
|choice|move 1|move 2
|
|move|p1a: Seadra|Blizzard|p2a: Dewgong
|-crit|p2a: Dewgong
|-resisted|p2a: Dewgong
|-damage|p2a: Dewgong|220\/327
|move|p2a: Dewgong|Blizzard|p1a: Seadra|[miss]
|-miss|p2a: Dewgong
|
|turn|16
|c|★DisgracefulDude|oh ok. But the effects of the attacks are those of the present gen, nor not?
|choice|move 3|move 2
|
|move|p1a: Seadra|Hydro Pump|p2a: Dewgong
|-resisted|p2a: Dewgong
|-damage|p2a: Dewgong|156\/327
|move|p2a: Dewgong|Blizzard|p1a: Seadra|[miss]
|-miss|p2a: Dewgong
|
|turn|17
|c|★Giory|Some of them
|choice|move 3|move 2
|
|move|p1a: Seadra|Hydro Pump|p2a: Dewgong
|-resisted|p2a: Dewgong
|-damage|p2a: Dewgong|86\/327
|move|p2a: Dewgong|Blizzard|p1a: Seadra|[miss]
|-miss|p2a: Dewgong
|
|turn|18
|choice|move 3|move 2
|
|move|p1a: Seadra|Hydro Pump|p2a: Dewgong
|-crit|p2a: Dewgong
|-resisted|p2a: Dewgong
|-damage|p2a: Dewgong|0 fnt
|faint|p2a: Dewgong
|c|★Giory|If you get freeze
|choice||switch 6
|
|switch|p2a: Porygon|Porygon, L85|284\/284
|turn|19
|c|★Giory|You couldn't get free, unless you get hit by a fire type
|c|★Giory|By a fire attack, I mean
|choice|move 1|move 2
|
|move|p1a: Seadra|Blizzard|p2a: Porygon
|-crit|p2a: Porygon
|-damage|p2a: Porygon|69\/284
|move|p2a: Porygon|Tri Attack|p1a: Seadra
|-crit|p1a: Seadra
|-damage|p1a: Seadra|51\/282
|
|turn|20
|c|★DisgracefulDude|this is in this game
|c|★DisgracefulDude|or not?
|choice|move 3|move 4
|
|move|p1a: Seadra|Hydro Pump|p2a: Porygon
|-damage|p2a: Porygon|0 fnt
|faint|p2a: Porygon
|choice||switch 4
|
|switch|p2a: Lickitung|Lickitung, L90|345\/345
|turn|21
|c|★Giory|In this gen
|c|★DisgracefulDude|and in this game how does it work
|choice|move 3|move 4
|
|move|p1a: Seadra|Hydro Pump|p2a: Lickitung
|-damage|p2a: Lickitung|174\/345
|move|p2a: Lickitung|Body Slam|p1a: Seadra
|-damage|p1a: Seadra|0 fnt
|faint|p1a: Seadra
|c|★Giory|The same way
|choice|switch 2|
|
|switch|p1a: Arcanine|Arcanine, L85|327\/327
|turn|22
|c|★DisgracefulDude|so if you get frozen you lost your pokemon
|c|★Giory|Yeah
|c|★DisgracefulDude|because opponent wont use fire attacks, simple as that
|c|★DisgracefulDude|richt
|c|★DisgracefulDude|right*?
|choice|move 4|move 3
|
|move|p1a: Arcanine|Reflect|p1a: Arcanine
|-start|p1a: Arcanine|Reflect
|move|p2a: Lickitung|Earthquake|p1a: Arcanine
|-supereffective|p1a: Arcanine
|-damage|p1a: Arcanine|265\/327
|
|turn|23
|c|★Giory|And the fire attacks were almost inexistent
|choice|move 1|move 1
|
|move|p1a: Arcanine|Hyper Beam|p2a: Lickitung
|-damage|p2a: Lickitung|50\/345
|move|p2a: Lickitung|Swords Dance|p2a: Lickitung
|-boost|p2a: Lickitung|atk|2
|
|turn|24
|-mustrecharge|p1a: Arcanine
|c|★DisgracefulDude|no why are you sayhing that
|-mustrecharge|p1a: Arcanine
|choice|move 1|move 3
|
|cant|p1a: Arcanine|recharge
|move|p2a: Lickitung|Earthquake|p1a: Arcanine
|-supereffective|p1a: Arcanine
|-damage|p1a: Arcanine|151\/327
|
|turn|25
|c|★Giory|Because the burn wasn't important in this gen
|c|★DisgracefulDude|ok
|choice|move 1|move 3
|
|move|p1a: Arcanine|Hyper Beam|p2a: Lickitung
|-damage|p2a: Lickitung|0 fnt
|faint|p2a: Lickitung
|c|★DisgracefulDude|it seems that in this game there is a burn effect
|choice||switch 5
|
|switch|p2a: Dugtrio|Dugtrio, L85|110\/233
|turn|26
|choice|move 1|move 4
|
|move|p2a: Dugtrio|Substitute|p2a: Dugtrio
|-start|p2a: Dugtrio|Substitute
|-damage|p2a: Dugtrio|52\/233
|move|p1a: Arcanine|Hyper Beam|p2a: Dugtrio
|-end|p2a: Dugtrio|Substitute
|
|turn|27
|c|★Giory|Yeah, but it doesn't matter really
|choice|move 1|move 1
|
|move|p2a: Dugtrio|Earthquake|p1a: Arcanine
|-crit|p1a: Arcanine
|-supereffective|p1a: Arcanine
|-damage|p1a: Arcanine|0 fnt
|faint|p1a: Arcanine
|c|★DisgracefulDude|why
|choice|switch 6|
|
|switch|p1a: Kadabra|Kadabra, L85|242\/242
|turn|28
|choice|move 1|move 1
|
|move|p2a: Dugtrio|Earthquake|p1a: Kadabra
|-damage|p1a: Kadabra|88\/242
|move|p1a: Kadabra|Psychic|p2a: Dugtrio
|-damage|p2a: Dugtrio|0 fnt
|faint|p2a: Dugtrio
|
|win|Giory
|raw|Giory's rating: 1174 &rarr; <strong>1193<\/strong><br \/>(+19 for winning)
|raw|DisgracefulDude's rating: 1084 &rarr; <strong>1067<\/strong><br \/>(-17 for losing)
|c|★Giory|gg
|c|★Giory|Well
|c|★DisgracefulDude|earthquake is really strong
|c|★DisgracefulDude|gg
|c|★DisgracefulDude|thanks
|c|★Giory|Because sweepers wasn't that common
|c|★Giory|Pokémon like Alakazam, Gengar, etc  was the most importants
|c|★Giory|Because they were Special Sweepers
|c|★DisgracefulDude|whats sweepers
|c|★Giory|And the Special stat covers both Special Attack and Special Defense
|c|★DisgracefulDude|But in this game there is only one Special or bothspecials ?
|c|★Giory|One Special
|c|★Giory|So, a Pokémon like Chansey has a high Special Attack
|c|★Giory|Because of the Special Stat
|c|★DisgracefulDude|ok
|c|★Giory|And, the paralysis was very important in this gen
|c|★DisgracefulDude|i see
|c|★Giory|Because the critical hits were based in the speed of the Pokémon
|c|★Giory|That means, a faster Pokémon can score many critics
|c|★Giory|Like Dugtrio
|c|★DisgracefulDude|does paralisis jhave an effect on speed?
|c|★Giory|Yeah, it splits the speed in half
|c|★Giory|A slow Pokémon can't score critics
|c|★Giory|And is easy to defeat
|c|★DisgracefulDude|didnt know
|c|★DisgracefulDude|also in gen 2?
|c|★Giory|In every single Gen
|c|★Giory|But the critic formula changes in Gen 2
|c|★DisgracefulDude|thx
|c|★Giory|Ok
|c|★Giory|Bye