|j|IBIREVER ♥爱♥
|j|Peasounay
|player|p1|IBIREVER ♥爱♥|129
|player|p2|Peasounay|80
|gametype|singles
|gen|1
|tier|[Gen 1] OU
|seed|
|rule|Sleep Clause Mod: Limit one foe put to sleep
|rule|Freeze Clause Mod: Limit one foe frozen
|rule|Species Clause: Limit one of each Pokémon
|rule|OHKO Clause: OHKO moves are banned
|rule|Evasion Moves Clause: Evasion moves are banned
|rule|HP Percentage Mod: HP is shown in percentages
|
|start
|switch|p1a: Jynx|Jynx|100\/100
|switch|p2a: Jynx|Jynx|100\/100
|turn|1
|c|★Peasounay|gl hf
|choice||
|
|move|p2a: Jynx|Lovely Kiss|p1a: Jynx|[miss]
|-miss|p2a: Jynx
|move|p1a: Jynx|Lovely Kiss|p2a: Jynx
|-status|p2a: Jynx|slp
|
|turn|2
|choice||
|
|cant|p2a: Jynx|slp
|move|p1a: Jynx|Psychic|p2a: Jynx
|-resisted|p2a: Jynx
|-damage|p2a: Jynx|85\/100 slp
|
|turn|3
|choice||
|
|move|p1a: Jynx|Psychic|p2a: Jynx
|-resisted|p2a: Jynx
|-damage|p2a: Jynx|70\/100 slp
|-curestatus|p2a: Jynx|slp
|
|turn|4
|choice||
|
|move|p1a: Jynx|Lovely Kiss|p2a: Jynx|[miss]
|-miss|p1a: Jynx
|move|p2a: Jynx|Lovely Kiss|p1a: Jynx
|-status|p1a: Jynx|slp
|
|turn|5
|choice||
|
|switch|p2a: Snorlax|Snorlax|100\/100
|cant|p1a: Jynx|slp
|
|turn|6
|choice||
|
|switch|p1a: Golem|Golem|100\/100
|move|p2a: Snorlax|Body Slam|p1a: Golem
|-resisted|p1a: Golem
|-damage|p1a: Golem|88\/100
|-status|p1a: Golem|par
|
|turn|7
|choice||
|
|move|p2a: Snorlax|Reflect|p2a: Snorlax
|-start|p2a: Snorlax|Reflect
|move|p1a: Golem|Explosion|p2a: Snorlax
|-damage|p2a: Snorlax|65\/100
|faint|p1a: Golem
|choice||
|
|switch|p1a: Exeggutor|Exeggutor|100\/100
|turn|8
|choice||
|
|switch|p2a: Jynx|Jynx|70\/100
|move|p1a: Exeggutor|Sleep Powder|p2a: Jynx|[miss]
|-miss|p1a: Exeggutor
|
|turn|9
|j|smilzo
|choice||
|
|switch|p1a: Jynx|Jynx|100\/100 slp
|move|p2a: Jynx|Blizzard|p1a: Jynx
|-crit|p1a: Jynx
|-resisted|p1a: Jynx
|-damage|p1a: Jynx|59\/100 slp
|
|turn|10
|choice||
|
|switch|p2a: Snorlax|Snorlax|65\/100
|cant|p1a: Jynx|slp
|
|turn|11
|choice||
|
|switch|p1a: Exeggutor|Exeggutor|100\/100
|move|p2a: Snorlax|Body Slam|p1a: Exeggutor
|-damage|p1a: Exeggutor|71\/100
|
|turn|12
|l|smilzo
|choice||
|
|switch|p2a: Jynx|Jynx|70\/100
|move|p1a: Exeggutor|Sleep Powder|p2a: Jynx
|-status|p2a: Jynx|slp
|
|turn|13
|choice||
|
|cant|p2a: Jynx|slp
|move|p1a: Exeggutor|Psychic|p2a: Jynx
|-resisted|p2a: Jynx
|-damage|p2a: Jynx|52\/100 slp
|
|turn|14
|choice||
|
|switch|p2a: Exeggutor|Exeggutor|100\/100
|move|p1a: Exeggutor|Psychic|p2a: Exeggutor
|-resisted|p2a: Exeggutor
|-damage|p2a: Exeggutor|88\/100
|
|turn|15
|choice||
|
|switch|p1a: Jynx|Jynx|59\/100 slp
|move|p2a: Exeggutor|Stun Spore|p1a: Jynx
|-fail|p1a: Jynx
|
|turn|16
|choice||
|
|-curestatus|p1a: Jynx|slp
|move|p2a: Exeggutor|Psychic|p1a: Jynx
|-resisted|p1a: Jynx
|-damage|p1a: Jynx|41\/100
|
|turn|17
|choice||
|
|switch|p2a: Chansey|Chansey|100\/100
|move|p1a: Jynx|Blizzard|p2a: Chansey
|-damage|p2a: Chansey|81\/100
|
|turn|18
|choice||
|
|switch|p1a: Chansey|Chansey|100\/100
|move|p2a: Chansey|Ice Beam|p1a: Chansey
|-damage|p1a: Chansey|91\/100
|
|turn|19
|choice||
|
|switch|p2a: Jynx|Jynx|52\/100 slp
|switch|p1a: Jynx|Jynx|41\/100
|
|turn|20
|choice||
|
|cant|p2a: Jynx|slp
|move|p1a: Jynx|Blizzard|p2a: Jynx
|-resisted|p2a: Jynx
|-damage|p2a: Jynx|31\/100 slp
|
|turn|21
|choice||
|
|switch|p2a: Chansey|Chansey|81\/100
|move|p1a: Jynx|Psychic|p2a: Chansey
|-damage|p2a: Chansey|67\/100
|-unboost|p2a: Chansey|spd|1
|-unboost|p2a: Chansey|spa|1
|
|turn|22
|choice||
|
|move|p1a: Jynx|Blizzard|p2a: Chansey
|-damage|p2a: Chansey|39\/100
|-status|p2a: Chansey|frz
|cant|p2a: Chansey|frz
|
|turn|23
|j|RemoteControlLemon
|choice||
|
|move|p1a: Jynx|Psychic|p2a: Chansey
|-damage|p2a: Chansey|18\/100 frz
|cant|p2a: Chansey|frz
|
|turn|24
|choice||
|
|move|p1a: Jynx|Psychic|p2a: Chansey
|-damage|p2a: Chansey|0 fnt
|faint|p2a: Chansey
|choice||
|
|switch|p2a: Tauros|Tauros|100\/100
|turn|25
|choice||
|
|move|p2a: Tauros|Body Slam|p1a: Jynx
|-damage|p1a: Jynx|0 fnt
|faint|p1a: Jynx
|j|Groudon80
|choice||
|
|switch|p1a: Exeggutor|Exeggutor|71\/100
|turn|26
|l|Groudon80
|l|RemoteControlLemon
|choice||
|
|switch|p2a: Exeggutor|Exeggutor|88\/100
|move|p1a: Exeggutor|Stun Spore|p2a: Exeggutor|[miss]
|-miss|p1a: Exeggutor
|
|turn|27
|choice||
|
|switch|p1a: Chansey|Chansey|91\/100
|switch|p2a: Jynx|Jynx|31\/100 slp
|
|turn|28
|choice||
|
|switch|p1a: Tauros|Tauros|100\/100
|-curestatus|p2a: Jynx|slp
|
|turn|29
|choice||
|
|switch|p2a: Exeggutor|Exeggutor|88\/100
|move|p1a: Tauros|Body Slam|p2a: Exeggutor
|-damage|p2a: Exeggutor|60\/100
|-status|p2a: Exeggutor|par
|
|turn|30
|choice||
|
|switch|p1a: Exeggutor|Exeggutor|71\/100
|move|p2a: Exeggutor|Sleep Powder|p1a: Exeggutor
|-status|p1a: Exeggutor|slp
|
|turn|31
|choice||
|
|switch|p1a: Chansey|Chansey|91\/100
|switch|p2a: Tauros|Tauros|100\/100
|
|turn|32
|choice||
|
|switch|p2a: Jynx|Jynx|31\/100
|move|p1a: Chansey|Thunder Wave|p2a: Jynx
|-status|p2a: Jynx|par
|
|turn|33
|choice||
|
|move|p1a: Chansey|Thunderbolt|p2a: Jynx
|-damage|p2a: Jynx|5\/100 par
|move|p2a: Jynx|Rest|p2a: Jynx
|-status|p2a: Jynx|slp
|-heal|p2a: Jynx|100\/100 slp|[silent]
|-status|p2a: Jynx|slp|[from] move: Rest
|
|turn|34
|choice||
|
|switch|p1a: Tauros|Tauros|100\/100
|switch|p2a: Snorlax|Snorlax|65\/100
|
|turn|35
|choice||
|
|move|p1a: Tauros|Body Slam|p2a: Snorlax
|-damage|p2a: Snorlax|39\/100
|move|p2a: Snorlax|Reflect|p2a: Snorlax
|-start|p2a: Snorlax|Reflect
|
|turn|36
|choice||
|
|switch|p1a: Dragonite|Dragonite|100\/100
|move|p2a: Snorlax|Body Slam|p1a: Dragonite
|-damage|p1a: Dragonite|72\/100
|
|turn|37
|choice||
|
|move|p1a: Dragonite|Wrap|p2a: Snorlax
|-crit|p2a: Snorlax
|-damage|p2a: Snorlax|32\/100
|cant|p2a: Snorlax|partiallytrapped
|
|turn|38
|choice||
|
|switch|p2a: Jolteon|Jolteon|100\/100
|move|p1a: Dragonite|Wrap|p2a: Jolteon
|-damage|p2a: Jolteon|94\/100
|
|turn|39
|choice||
|
|switch|p1a: Chansey|Chansey|91\/100
|cant|p2a: Jolteon|partiallytrapped
|
|turn|40
|choice||
|
|switch|p2a: Exeggutor|Exeggutor|60\/100 par
|move|p1a: Chansey|Thunder Wave|p2a: Exeggutor
|-fail|p2a: Exeggutor|par
|
|turn|41
|choice||
|
|switch|p1a: Exeggutor|Exeggutor|71\/100 slp
|move|p2a: Exeggutor|Stun Spore|p1a: Exeggutor
|-fail|p1a: Exeggutor
|
|turn|42
|choice||
|
|switch|p1a: Tauros|Tauros|100\/100
|switch|p2a: Tauros|Tauros|100\/100
|
|turn|43
|choice||
|
|move|p1a: Tauros|Body Slam|p2a: Tauros
|-damage|p2a: Tauros|72\/100
|move|p2a: Tauros|Body Slam|p1a: Tauros
|-damage|p1a: Tauros|73\/100
|
|turn|44
|choice||
|
|move|p2a: Tauros|Body Slam|p1a: Tauros
|-damage|p1a: Tauros|42\/100
|move|p1a: Tauros|Body Slam|p2a: Tauros
|-damage|p2a: Tauros|41\/100
|
|turn|45
|choice||
|
|move|p2a: Tauros|Hyper Beam|p1a: Tauros
|-damage|p1a: Tauros|0 fnt
|faint|p1a: Tauros
|choice||
|
|switch|p1a: Chansey|Chansey|91\/100
|turn|46
|choice||
|
|switch|p2a: Jynx|Jynx|100\/100 slp
|switch|p1a: Dragonite|Dragonite|72\/100
|
|turn|47
|choice||
|
|switch|p2a: Jolteon|Jolteon|94\/100
|move|p1a: Dragonite|Agility|p1a: Dragonite
|-boost|p1a: Dragonite|spe|2
|
|turn|48
|choice||
|
|move|p1a: Dragonite|Wrap|p2a: Jolteon
|-damage|p2a: Jolteon|88\/100
|cant|p2a: Jolteon|partiallytrapped
|
|turn|49
|choice||
|
|move|p1a: Dragonite|Wrap|p2a: Jolteon|[from]Wrap
|-damage|p2a: Jolteon|82\/100
|cant|p2a: Jolteon|partiallytrapped
|
|turn|50
|choice||
|
|move|p1a: Dragonite|Wrap|p2a: Jolteon|[from]Wrap
|-damage|p2a: Jolteon|76\/100
|cant|p2a: Jolteon|partiallytrapped
|
|turn|51
|choice||
|
|move|p1a: Dragonite|Wrap|p2a: Jolteon
|-damage|p2a: Jolteon|69\/100
|cant|p2a: Jolteon|partiallytrapped
|
|turn|52
|choice||
|
|move|p1a: Dragonite|Wrap|p2a: Jolteon|[from]Wrap
|-damage|p2a: Jolteon|63\/100
|cant|p2a: Jolteon|partiallytrapped
|
|turn|53
|choice||
|
|move|p1a: Dragonite|Wrap|p2a: Jolteon
|-damage|p2a: Jolteon|56\/100
|cant|p2a: Jolteon|partiallytrapped
|
|turn|54
|choice||
|
|move|p1a: Dragonite|Wrap|p2a: Jolteon|[from]Wrap
|-damage|p2a: Jolteon|50\/100
|cant|p2a: Jolteon|partiallytrapped
|
|turn|55
|choice||
|
|move|p1a: Dragonite|Wrap|p2a: Jolteon|[from]Wrap
|-damage|p2a: Jolteon|43\/100
|cant|p2a: Jolteon|partiallytrapped
|
|turn|56
|choice||
|
|move|p1a: Dragonite|Hyper Beam|p2a: Jolteon
|-damage|p2a: Jolteon|0 fnt
|faint|p2a: Jolteon
|choice||
|
|switch|p2a: Exeggutor|Exeggutor|60\/100 par
|turn|57
|choice||
|
|move|p1a: Dragonite|Wrap|p2a: Exeggutor
|-damage|p2a: Exeggutor|55\/100 par
|cant|p2a: Exeggutor|partiallytrapped
|
|turn|58
|choice||
|
|move|p1a: Dragonite|Wrap|p2a: Exeggutor|[from]Wrap
|-damage|p2a: Exeggutor|50\/100 par
|cant|p2a: Exeggutor|partiallytrapped
|
|turn|59
|choice||
|
|move|p1a: Dragonite|Wrap|p2a: Exeggutor
|-damage|p2a: Exeggutor|46\/100 par
|cant|p2a: Exeggutor|partiallytrapped
|
|turn|60
|choice||
|
|switch|p2a: Jynx|Jynx|100\/100 slp
|move|p1a: Dragonite|Wrap|p2a: Jynx
|-damage|p2a: Jynx|92\/100 slp
|
|turn|61
|choice||
|
|move|p1a: Dragonite|Wrap|p2a: Jynx|[from]Wrap
|-damage|p2a: Jynx|83\/100 slp
|cant|p2a: Jynx|slp
|
|turn|62
|choice||
|
|move|p1a: Dragonite|Wrap|p2a: Jynx|[from]Wrap
|-damage|p2a: Jynx|74\/100 slp
|-curestatus|p2a: Jynx|slp
|
|turn|63
|choice||
|
|move|p1a: Dragonite|Wrap|p2a: Jynx|[from]Wrap
|-damage|p2a: Jynx|66\/100
|cant|p2a: Jynx|partiallytrapped
|
|turn|64
|choice||
|
|move|p1a: Dragonite|Wrap|p2a: Jynx|[from]Wrap
|-damage|p2a: Jynx|57\/100
|cant|p2a: Jynx|partiallytrapped
|
|turn|65
|choice||
|
|move|p1a: Dragonite|Hyper Beam|p2a: Jynx
|-damage|p2a: Jynx|0 fnt
|faint|p2a: Jynx
|choice||
|
|switch|p2a: Tauros|Tauros|41\/100
|turn|66
|choice||
|
|move|p1a: Dragonite|Wrap|p2a: Tauros
|-damage|p2a: Tauros|37\/100
|cant|p2a: Tauros|partiallytrapped
|
|turn|67
|choice||
|
|move|p1a: Dragonite|Wrap|p2a: Tauros|[from]Wrap
|-damage|p2a: Tauros|33\/100
|cant|p2a: Tauros|partiallytrapped
|
|turn|68
|choice||
|
|move|p1a: Dragonite|Wrap|p2a: Tauros|[from]Wrap
|-damage|p2a: Tauros|29\/100
|cant|p2a: Tauros|partiallytrapped
|
|turn|69
|choice||
|
|move|p1a: Dragonite|Hyper Beam|p2a: Tauros
|-crit|p2a: Tauros
|-damage|p2a: Tauros|0 fnt
|faint|p2a: Tauros
|choice||
|
|switch|p2a: Exeggutor|Exeggutor|46\/100 par
|turn|70
|choice||
|
|move|p1a: Dragonite|Wrap|p2a: Exeggutor|[miss]
|-miss|p1a: Dragonite
|move|p2a: Exeggutor|Stun Spore|p1a: Dragonite|[miss]
|-miss|p2a: Exeggutor
|
|turn|71
|choice||
|
|move|p1a: Dragonite|Wrap|p2a: Exeggutor
|-damage|p2a: Exeggutor|41\/100 par
|cant|p2a: Exeggutor|partiallytrapped
|
|turn|72
|choice||
|
|move|p1a: Dragonite|Wrap|p2a: Exeggutor|[from]Wrap
|-damage|p2a: Exeggutor|36\/100 par
|cant|p2a: Exeggutor|partiallytrapped
|
|turn|73
|choice||
|
|move|p1a: Dragonite|Wrap|p2a: Exeggutor|[from]Wrap
|-damage|p2a: Exeggutor|31\/100 par
|cant|p2a: Exeggutor|partiallytrapped
|
|turn|74
|choice||
|
|move|p1a: Dragonite|Hyper Beam|p2a: Exeggutor|[miss]
|-miss|p1a: Dragonite
|cant|p2a: Exeggutor|par
|
|turn|75
|choice||
|
|move|p1a: Dragonite|Hyper Beam|p2a: Exeggutor
|-crit|p2a: Exeggutor
|-damage|p2a: Exeggutor|0 fnt
|faint|p2a: Exeggutor
|choice||
|
|switch|p2a: Snorlax|Snorlax|32\/100
|turn|76
|choice||
|
|move|p1a: Dragonite|Wrap|p2a: Snorlax
|-damage|p2a: Snorlax|28\/100
|cant|p2a: Snorlax|partiallytrapped
|
|turn|77
|choice||
|
|move|p1a: Dragonite|Wrap|p2a: Snorlax|[from]Wrap
|-damage|p2a: Snorlax|25\/100
|cant|p2a: Snorlax|partiallytrapped
|
|turn|78
|choice||
|
|move|p1a: Dragonite|Wrap|p2a: Snorlax|[from]Wrap
|-damage|p2a: Snorlax|21\/100
|cant|p2a: Snorlax|partiallytrapped
|
|turn|79
|choice||
|
|move|p1a: Dragonite|Wrap|p2a: Snorlax|[from]Wrap
|-damage|p2a: Snorlax|17\/100
|cant|p2a: Snorlax|partiallytrapped
|
|turn|80
|choice||
|
|move|p1a: Dragonite|Wrap|p2a: Snorlax|[from]Wrap
|-damage|p2a: Snorlax|14\/100
|cant|p2a: Snorlax|partiallytrapped
|
|turn|81
|choice||
|
|move|p1a: Dragonite|Wrap|p2a: Snorlax
|-damage|p2a: Snorlax|10\/100
|cant|p2a: Snorlax|partiallytrapped
|
|turn|82
|choice||
|
|move|p1a: Dragonite|Wrap|p2a: Snorlax|[from]Wrap
|-damage|p2a: Snorlax|7\/100
|cant|p2a: Snorlax|partiallytrapped
|
|turn|83
|choice||
|
|move|p1a: Dragonite|Wrap|p2a: Snorlax|[from]Wrap
|-damage|p2a: Snorlax|3\/100
|cant|p2a: Snorlax|partiallytrapped
|
|turn|84
|choice||
|
|move|p1a: Dragonite|Wrap|p2a: Snorlax
|-damage|p2a: Snorlax|0 fnt
|faint|p2a: Snorlax
|
|win|IBIREVER ♥爱♥
|player|p1
|player|p2
|c|★Peasounay|gg
|c|★IBIREVER ♥爱♥|Gg
|l|Peasounay
|j|Rakyan Costa
|l|Rakyan Costa