|join|Vultur
|join|uibfhdsifbdshj
|player|p1|Vultur|170
|player|p2|uibfhdsifbdshj|169
|gametype|singles
|gen|1
|tier|[Gen 1] Random Battle
|rated
|seed|48387,20084,41432,45157
|rule|Sleep Clause Mod: Limit one foe put to sleep
|rule|Freeze Clause Mod: Limit one foe frozen
|rule|HP Percentage Mod: HP is shown in percentages
|
|start
|switch|p1a: Slowbro|Slowbro, L79|312\/312
|switch|p2a: Articuno|Articuno, L79|304\/304
|turn|1
|choice|move 3|switch 5
|
|switch|p2a: Mewtwo|Mewtwo, L68|285\/285
|move|p1a: Slowbro|Amnesia|p1a: Slowbro
|-boost|p1a: Slowbro|spd|2
|-boost|p1a: Slowbro|spa|2
|
|turn|2
|choice|move 3|move 1
|
|move|p2a: Mewtwo|Psychic|p1a: Slowbro
|-resisted|p1a: Slowbro
|-damage|p1a: Slowbro|287\/312
|move|p1a: Slowbro|Amnesia|p1a: Slowbro
|-boost|p1a: Slowbro|spd|2
|-boost|p1a: Slowbro|spa|2
|
|turn|3
|choice|move 1|move 4
|
|move|p2a: Mewtwo|Body Slam|p1a: Slowbro
|-damage|p1a: Slowbro|246\/312
|-status|p1a: Slowbro|par
|cant|p1a: Slowbro|par
|
|turn|4
|choice|move 1|switch 6
|
|switch|p2a: Tauros|Tauros, L79|280\/280
|move|p1a: Slowbro|Thunder Wave|p2a: Tauros
|-status|p2a: Tauros|par
|
|turn|5
|choice|move 3|move 3
|
|cant|p2a: Tauros|par
|move|p1a: Slowbro|Amnesia|p1a: Slowbro
|-boost|p1a: Slowbro|spd|2
|-boost|p1a: Slowbro|spa|2
|
|turn|6
|choice|move 2|move 3
|
|move|p1a: Slowbro|Surf|p2a: Tauros
|-damage|p2a: Tauros|0 fnt
|faint|p2a: Tauros
|choice||switch 4
|
|switch|p2a: Cloyster|Cloyster, L83|253\/253
|turn|7
|choice|move 1|move 4
|
|move|p2a: Cloyster|Hyper Beam|p1a: Slowbro
|-damage|p1a: Slowbro|148\/312 par
|move|p1a: Slowbro|Thunder Wave|p2a: Cloyster
|-status|p2a: Cloyster|par
|
|turn|8
|-mustrecharge|p2a: Cloyster
|-mustrecharge|p2a: Cloyster
|choice|move 2|move 1
|
|cant|p2a: Cloyster|recharge
|move|p1a: Slowbro|Surf|p2a: Cloyster
|-resisted|p2a: Cloyster
|-damage|p2a: Cloyster|97\/253 par
|
|turn|9
|choice|move 4|move 4
|
|cant|p2a: Cloyster|par
|move|p1a: Slowbro|Rest|p1a: Slowbro
|-status|p1a: Slowbro|slp
|-heal|p1a: Slowbro|312\/312 slp|[silent]
|-status|p1a: Slowbro|slp|[from] move: Rest
|
|turn|10
|choice|move 2|move 1
|
|move|p2a: Cloyster|Toxic|p1a: Slowbro
|-fail|p1a: Slowbro
|cant|p1a: Slowbro|slp
|
|turn|11
|choice|move 2|move 4
|
|move|p2a: Cloyster|Hyper Beam|p1a: Slowbro
|-crit|p1a: Slowbro
|-damage|p1a: Slowbro|122\/312 slp
|-curestatus|p1a: Slowbro|slp
|
|turn|12
|-mustrecharge|p2a: Cloyster
|-mustrecharge|p2a: Cloyster
|choice|move 2|move 1
|
|cant|p2a: Cloyster|recharge
|move|p1a: Slowbro|Surf|p2a: Cloyster
|-resisted|p2a: Cloyster
|-damage|p2a: Cloyster|0 fnt
|faint|p2a: Cloyster
|choice||switch 2
|
|switch|p2a: Metapod|Metapod, L99|300\/300
|turn|13
|choice|move 4|move 2
|
|move|p2a: Metapod|Tackle|p1a: Slowbro|[miss]
|-miss|p2a: Metapod
|move|p1a: Slowbro|Rest|p1a: Slowbro
|-status|p1a: Slowbro|slp
|-heal|p1a: Slowbro|312\/312 slp|[silent]
|-status|p1a: Slowbro|slp|[from] move: Rest
|
|turn|14
|choice|move 2|move 2
|
|move|p2a: Metapod|Tackle|p1a: Slowbro
|-damage|p1a: Slowbro|297\/312 slp
|cant|p1a: Slowbro|slp
|
|turn|15
|choice|move 2|move 2
|
|move|p2a: Metapod|Tackle|p1a: Slowbro
|-damage|p1a: Slowbro|281\/312 slp
|-curestatus|p1a: Slowbro|slp
|
|turn|16
|choice|move 2|switch 3
|
|switch|p2a: Exeggutor|Exeggutor, L79|312\/312
|move|p1a: Slowbro|Surf|p2a: Exeggutor
|-resisted|p2a: Exeggutor
|-damage|p2a: Exeggutor|174\/312
|
|turn|17
|choice|move 2|move 2
|
|move|p2a: Exeggutor|Mega Drain|p1a: Slowbro
|-supereffective|p1a: Slowbro
|-damage|p1a: Slowbro|255\/312
|-heal|p2a: Exeggutor|187\/312|[from] drain|[of] p1a: Slowbro
|move|p1a: Slowbro|Surf|p2a: Exeggutor
|-resisted|p2a: Exeggutor
|-damage|p2a: Exeggutor|64\/312
|
|turn|18
|choice|move 2|move 2
|
|move|p2a: Exeggutor|Mega Drain|p1a: Slowbro
|-crit|p1a: Slowbro
|-supereffective|p1a: Slowbro
|-damage|p1a: Slowbro|56\/312
|-heal|p2a: Exeggutor|163\/312|[from] drain|[of] p1a: Slowbro
|move|p1a: Slowbro|Surf|p2a: Exeggutor
|-resisted|p2a: Exeggutor
|-damage|p2a: Exeggutor|26\/312
|
|turn|19
|choice|move 4|move 2
|
|move|p2a: Exeggutor|Mega Drain|p1a: Slowbro
|-supereffective|p1a: Slowbro
|-damage|p1a: Slowbro|31\/312
|-heal|p2a: Exeggutor|38\/312|[from] drain|[of] p1a: Slowbro
|move|p1a: Slowbro|Rest|p1a: Slowbro
|-status|p1a: Slowbro|slp
|-heal|p1a: Slowbro|312\/312 slp|[silent]
|-status|p1a: Slowbro|slp|[from] move: Rest
|
|turn|20
|choice|move 2|move 4
|
|move|p2a: Exeggutor|Explosion|p1a: Slowbro
|-damage|p1a: Slowbro|118\/312 slp
|faint|p2a: Exeggutor
|choice||switch 5
|
|switch|p2a: Articuno|Articuno, L79|304\/304
|turn|21
|choice|move 1|move 1
|
|move|p2a: Articuno|Blizzard|p1a: Slowbro
|-resisted|p1a: Slowbro
|-damage|p1a: Slowbro|101\/312 slp
|cant|p1a: Slowbro|slp
|
|turn|22
|choice|move 1|move 4
|
|move|p2a: Articuno|Mimic|p1a: Slowbro
|-start|p2a: Articuno|Mimic|Rest
|-curestatus|p1a: Slowbro|slp
|
|turn|23
|choice|move 1|move 3
|
|move|p2a: Articuno|Reflect|p2a: Articuno
|-start|p2a: Articuno|Reflect
|move|p1a: Slowbro|Thunder Wave|p2a: Articuno
|-status|p2a: Articuno|par
|
|turn|24
|choice|move 4|move 1
|
|move|p2a: Articuno|Blizzard|p1a: Slowbro
|-resisted|p1a: Slowbro
|-damage|p1a: Slowbro|82\/312
|move|p1a: Slowbro|Rest|p1a: Slowbro
|-status|p1a: Slowbro|slp
|-heal|p1a: Slowbro|312\/312 slp|[silent]
|-status|p1a: Slowbro|slp|[from] move: Rest
|
|turn|25
|choice|move 2|move 3
|
|cant|p2a: Articuno|par
|cant|p1a: Slowbro|slp
|
|turn|26
|choice|move 2|move 1
|
|move|p2a: Articuno|Blizzard|p1a: Slowbro
|-resisted|p1a: Slowbro
|-damage|p1a: Slowbro|294\/312 slp
|-curestatus|p1a: Slowbro|slp
|
|turn|27
|choice|move 2|move 2
|
|cant|p2a: Articuno|par
|move|p1a: Slowbro|Surf|p2a: Articuno
|-damage|p2a: Articuno|33\/304 par
|
|turn|28
|choice|move 2|move 1
|
|move|p2a: Articuno|Blizzard|p1a: Slowbro|[miss]
|-miss|p2a: Articuno
|move|p1a: Slowbro|Surf|p2a: Articuno
|-damage|p2a: Articuno|0 fnt
|faint|p2a: Articuno
|choice||switch 3
|
|switch|p2a: Metapod|Metapod, L99|300\/300
|turn|29
|choice|move 2|move 2
|
|move|p2a: Metapod|Tackle|p1a: Slowbro
|-damage|p1a: Slowbro|279\/312
|move|p1a: Slowbro|Surf|p2a: Metapod
|-damage|p2a: Metapod|0 fnt
|faint|p2a: Metapod
|choice||switch 6
|
|switch|p2a: Mewtwo|Mewtwo, L68|285\/285
|turn|30
|choice|move 2|move 1
|
|move|p2a: Mewtwo|Psychic|p1a: Slowbro
|-crit|p1a: Slowbro
|-resisted|p1a: Slowbro
|-damage|p1a: Slowbro|183\/312
|move|p1a: Slowbro|Surf|p2a: Mewtwo
|-damage|p2a: Mewtwo|12\/285
|
|turn|31
|choice|move 2|move 1
|
|move|p2a: Mewtwo|Psychic|p1a: Slowbro
|-resisted|p1a: Slowbro
|-damage|p1a: Slowbro|172\/312
|move|p1a: Slowbro|Surf|p2a: Mewtwo
|-damage|p2a: Mewtwo|0 fnt
|faint|p2a: Mewtwo
|
|win|Vultur
|raw|Vultur's rating: 1130 &rarr; <strong>1146<\/strong><br \/>(+16 for winning)
|raw|uibfhdsifbdshj's rating: 1000 &rarr; <strong>1000<\/strong><br \/>(+0 for losing)
|leave|uibfhdsifbdshj
|player|p2