|join|Truedrew
|join|andrewandres
|player|p1|Truedrew|170
|player|p2|andrewandres|265
|gametype|singles
|gen|1
|tier|[Gen 1] Random Battle
|rated
|rule|Sleep Clause Mod: Limit one foe put to sleep
|rule|Freeze Clause Mod: Limit one foe frozen
|rule|HP Percentage Mod: HP is shown in percentages
|
|start
|switch|p1a: Muk|Muk, L90|372\/372
|switch|p2a: Hitmonlee|Hitmonlee, L90|273\/273
|turn|1
|
|move|p2a: Hitmonlee|Seismic Toss|p1a: Muk
|-damage|p1a: Muk|282\/372
|move|p1a: Muk|Sludge|p2a: Hitmonlee
|-damage|p2a: Hitmonlee|165\/273
|
|turn|2
|
|move|p2a: Hitmonlee|High Jump Kick|p1a: Muk
|-resisted|p1a: Muk
|-damage|p1a: Muk|224\/372
|move|p1a: Muk|Mega Drain|p2a: Hitmonlee
|-damage|p2a: Hitmonlee|123\/273
|-heal|p1a: Muk|245\/372|[from] drain|[of] p2a: Hitmonlee
|
|turn|3
|
|move|p2a: Hitmonlee|Body Slam|p1a: Muk
|-damage|p1a: Muk|168\/372
|-status|p1a: Muk|par
|move|p1a: Muk|Sludge|p2a: Hitmonlee
|-damage|p2a: Hitmonlee|18\/273
|
|turn|4
|
|move|p2a: Hitmonlee|Body Slam|p1a: Muk
|-crit|p1a: Muk
|-damage|p1a: Muk|10\/372 par
|move|p1a: Muk|Sludge|p2a: Hitmonlee
|-damage|p2a: Hitmonlee|0 fnt
|faint|p2a: Hitmonlee
|
|switch|p2a: Paras|Paras, L96|262\/262
|turn|5
|
|move|p2a: Paras|Slash|p1a: Muk
|-crit|p1a: Muk
|-damage|p1a: Muk|0 fnt
|faint|p1a: Muk
|
|switch|p1a: Jynx|Jynx, L79|265\/265
|turn|6
|
|move|p1a: Jynx|Blizzard|p2a: Paras
|-supereffective|p2a: Paras
|-damage|p2a: Paras|20\/262
|move|p2a: Paras|Spore|p1a: Jynx
|-status|p1a: Jynx|slp
|
|turn|7
|
|switch|p1a: Nidorina|Nidorina, L90|309\/309
|move|p2a: Paras|Slash|p1a: Nidorina
|-damage|p1a: Nidorina|251\/309
|
|turn|8
|
|switch|p2a: Nidorina|Nidorina, L90|309\/309
|move|p1a: Nidorina|Substitute|p1a: Nidorina
|-start|p1a: Nidorina|Substitute
|-damage|p1a: Nidorina|174\/309
|
|turn|9
|leave|Truedrew
|player|p1
|join|Truedrew
|player|p1|Truedrew|170
|
|move|p1a: Nidorina|Body Slam|p2a: Nidorina
|-damage|p2a: Nidorina|248\/309
|move|p2a: Nidorina|Body Slam|p1a: Nidorina
|-activate|p1a: Nidorina|Substitute|[damage]
|
|turn|10
|
|move|p1a: Nidorina|Body Slam|p2a: Nidorina
|-damage|p2a: Nidorina|194\/309
|move|p2a: Nidorina|Body Slam|p1a: Nidorina
|-end|p1a: Nidorina|Substitute
|
|turn|11
|
|move|p1a: Nidorina|Substitute|p1a: Nidorina
|-start|p1a: Nidorina|Substitute
|-damage|p1a: Nidorina|97\/309
|move|p2a: Nidorina|Leer|p1a: Nidorina
|-fail|p1a: Nidorina
|
|turn|12
|
|move|p1a: Nidorina|Leer|p2a: Nidorina
|-unboost|p2a: Nidorina|def|1
|move|p2a: Nidorina|Body Slam|p1a: Nidorina
|-crit|p1a: Nidorina
|-end|p1a: Nidorina|Substitute
|
|turn|13
|
|move|p1a: Nidorina|Substitute|p1a: Nidorina
|-start|p1a: Nidorina|Substitute
|-damage|p1a: Nidorina|20\/309
|move|p2a: Nidorina|Body Slam|p1a: Nidorina
|-crit|p1a: Nidorina
|-end|p1a: Nidorina|Substitute
|
|turn|14
|c|★Truedrew|....
|
|move|p2a: Nidorina|Body Slam|p1a: Nidorina
|-damage|p1a: Nidorina|0 fnt
|faint|p1a: Nidorina
|
|switch|p1a: Sandslash|Sandslash, L85|301\/301
|turn|15
|c|★Truedrew|............
|
|move|p1a: Sandslash|Earthquake|p2a: Nidorina
|-supereffective|p2a: Nidorina
|-damage|p2a: Nidorina|0 fnt
|faint|p2a: Nidorina
|
|switch|p2a: Omastar|Omastar, L90|309\/309
|turn|16
|
|move|p1a: Sandslash|Earthquake|p2a: Omastar
|-supereffective|p2a: Omastar
|-damage|p2a: Omastar|132\/309
|move|p2a: Omastar|Hydro Pump|p1a: Sandslash
|-supereffective|p1a: Sandslash
|-damage|p1a: Sandslash|0 fnt
|faint|p1a: Sandslash
|
|switch|p1a: Electrode|Electrode, L90|291\/291
|turn|17
|
|switch|p2a: Paras|Paras, L96|20\/262
|move|p1a: Electrode|Thunderbolt|p2a: Paras
|-resisted|p2a: Paras
|-damage|p2a: Paras|0 fnt
|faint|p2a: Paras
|
|switch|p2a: Raichu|Raichu, L85|276\/276
|turn|18
|
|move|p1a: Electrode|Flash|p2a: Raichu|[miss]
|-miss|p1a: Electrode
|move|p2a: Raichu|Thunderbolt|p1a: Electrode
|-crit|p1a: Electrode
|-resisted|p1a: Electrode
|-damage|p1a: Electrode|195\/291
|
|turn|19
|
|move|p1a: Electrode|Thunderbolt|p2a: Raichu
|-crit|p2a: Raichu
|-resisted|p2a: Raichu
|-damage|p2a: Raichu|184\/276
|move|p2a: Raichu|Thunderbolt|p1a: Electrode
|-resisted|p1a: Electrode
|-damage|p1a: Electrode|143\/291
|
|turn|20
|
|move|p1a: Electrode|Thunderbolt|p2a: Raichu
|-resisted|p2a: Raichu
|-damage|p2a: Raichu|135\/276
|move|p2a: Raichu|Surf|p1a: Electrode
|-damage|p1a: Electrode|78\/291
|
|turn|21
|
|switch|p2a: Omastar|Omastar, L90|132\/309
|move|p1a: Electrode|Thunderbolt|p2a: Omastar
|-supereffective|p2a: Omastar
|-damage|p2a: Omastar|0 fnt
|faint|p2a: Omastar
|
|switch|p2a: Doduo|Doduo, L96|262\/262
|turn|22
|
|move|p1a: Electrode|Thunderbolt|p2a: Doduo
|-supereffective|p2a: Doduo
|-damage|p2a: Doduo|0 fnt
|faint|p2a: Doduo
|
|switch|p2a: Raichu|Raichu, L85|135\/276
|turn|23
|c|★Truedrew|gg
|c|★Truedrew|ALLAH HU AKBAR
|c|★Truedrew|ALLAH HU AKBAR
|c|★Truedrew|ALLAH HU AKBAR
|
|move|p1a: Electrode|Explosion|p2a: Raichu
|-damage|p2a: Raichu|0 fnt
|faint|p2a: Raichu
|faint|p1a: Electrode
|
|win|Truedrew
|raw|Ladder updating...
|c|★Truedrew|ALLAH HU AKBAR
|raw|Truedrew's rating: 1142 &rarr; <strong>1181<\/strong><br \/>(+39 for winning)
|raw|andrewandres's rating: 1353 &rarr; <strong>1322<\/strong><br \/>(-31 for losing)
|c|★Truedrew|ALLAH HU AKBAR
|c|★Truedrew|ALLAH HU AKBAR
|leave|Truedrew
|player|p1