|join|kid gf lol
|join|AlsoRocknlol
|player|p1|kid gf lol|167
|player|p2|AlsoRocknlol|121
|gametype|singles
|gen|1
|tier|[Gen 1] OU (beta)
|rated
|rule|Sleep Clause Mod: Limit one foe put to sleep
|rule|Species Clause: Limit one of each Pokemon
|rule|OHKO Clause: OHKO moves are banned
|rule|Moody Clause: Moody is banned
|rule|Evasion Moves Clause: Evasion moves are banned
|rule|Endless Battle Clause: Forcing endless battles is banned.
|rule|HP Percentage Mod: HP is reported as percentages
|
|start
|switch|p1a: Zam Lead|Alakazam|313\/313
|switch|p2a: Alakazam|Alakazam|313\/313
|turn|1
|
|switch|p1a: Result of Incest|Exeggutor|393\/393
|move|p2a: Alakazam|Psychic|p1a: Result of Incest
|-resisted|p1a: Result of Incest
|-damage|p1a: Result of Incest|341\/393
|-unboost|p1a: Result of Incest|spd|1
|-unboost|p1a: Result of Incest|spa|1
|
|turn|2
|
|move|p2a: Alakazam|Thunder Wave|p1a: Result of Incest
|-status|p1a: Result of Incest|par
|move|p1a: Result of Incest|Stun Spore|p2a: Alakazam
|-status|p2a: Alakazam|par
|
|turn|3
|
|move|p2a: Alakazam|Psychic|p1a: Result of Incest
|-resisted|p1a: Result of Incest
|-damage|p1a: Result of Incest|259\/393 par
|-unboost|p1a: Result of Incest|spd|1
|-unboost|p1a: Result of Incest|spa|1
|move|p1a: Result of Incest|Explosion|p2a: Alakazam
|-damage|p2a: Alakazam|0 fnt
|faint|p2a: Alakazam
|faint|p1a: Result of Incest
|chat|kid gf lol|gg
|
|switch|p1a: Mr Mime|Jynx|333\/333
|switch|p2a: Exeggutor|Exeggutor|393\/393
|turn|4
|chat|kid gf lol|no more alakazam!!
|
|move|p1a: Mr Mime|Lovely Kiss|p2a: Exeggutor
|-status|p2a: Exeggutor|slp
|cant|p2a: Exeggutor|slp
|
|turn|5
|chat|kid gf lol|no more exeggutor@@@@@
|
|switch|p2a: Chansey|Chansey|703\/703
|move|p1a: Mr Mime|Ice Beam|p2a: Chansey
|-damage|p2a: Chansey|594\/703
|
|turn|6
|
|switch|p1a: Breakfast Pouch|Chansey|703\/703
|move|p2a: Chansey|Thunder Wave|p1a: Breakfast Pouch
|-status|p1a: Breakfast Pouch|par
|
|turn|7
|
|switch|p2a: Tauros|Tauros|353\/353
|switch|p1a: Mr Mime|Jynx|333\/333
|
|turn|8
|
|switch|p1a: Cleffable|Gengar|323\/323
|move|p2a: Tauros|Earthquake|p1a: Cleffable
|-crit|p1a: Cleffable
|-supereffective|p1a: Cleffable
|-damage|p1a: Cleffable|0 fnt
|faint|p1a: Cleffable
|
|
|switch|p1a: That's Bull|Tauros|353\/353
|turn|9
|
|move|p1a: That's Bull|Body Slam|p2a: Tauros
|-crit|p2a: Tauros
|-damage|p2a: Tauros|151\/353
|move|p2a: Tauros|Body Slam|p1a: That's Bull
|-crit|p1a: That's Bull
|-damage|p1a: That's Bull|128\/353
|-status|p1a: That's Bull|par
|
|turn|10
|
|move|p2a: Tauros|Body Slam|p1a: That's Bull
|-crit|p1a: That's Bull
|-damage|p1a: That's Bull|0 fnt
|faint|p1a: That's Bull
|
|
|switch|p1a: Zam Lead|Alakazam|313\/313
|turn|11
|
|move|p1a: Zam Lead|Psychic|p2a: Tauros
|-crit|p2a: Tauros
|-damage|p2a: Tauros|0 fnt
|faint|p2a: Tauros
|
|chat|kid gf lol|no more tauros!!!
|
|switch|p2a: Chansey|Chansey|594\/703
|turn|12
|
|switch|p1a: Breakfast Pouch|Chansey|703\/703 par
|move|p2a: Chansey|Ice Beam|p1a: Breakfast Pouch
|-damage|p1a: Breakfast Pouch|631\/703 par
|
|turn|13
|
|switch|p2a: Snorlax|Snorlax|523\/523
|move|p1a: Breakfast Pouch|Ice Beam|p2a: Snorlax
|-damage|p2a: Snorlax|430\/523
|
|turn|14
|
|move|p2a: Snorlax|Body Slam|p1a: Breakfast Pouch
|-damage|p1a: Breakfast Pouch|329\/703 par
|move|p1a: Breakfast Pouch|Thunder Wave|p2a: Snorlax
|-status|p2a: Snorlax|par
|
|turn|15
|
|move|p1a: Breakfast Pouch|Thunderbolt|p2a: Snorlax
|-damage|p2a: Snorlax|333\/523 par
|move|p2a: Snorlax|Body Slam|p1a: Breakfast Pouch
|-crit|p1a: Breakfast Pouch
|-damage|p1a: Breakfast Pouch|0 fnt
|faint|p1a: Breakfast Pouch
|
|
|switch|p1a: Zam Lead|Alakazam|313\/313
|turn|16
|
|move|p1a: Zam Lead|Psychic|p2a: Snorlax
|-crit|p2a: Snorlax
|-damage|p2a: Snorlax|0 fnt
|faint|p2a: Snorlax
|
|chat|kid gf lol|no more snorlax!
|
|switch|p2a: Chansey|Chansey|594\/703
|turn|17
|
|move|p1a: Zam Lead|Psychic|p2a: Chansey
|-damage|p2a: Chansey|472\/703
|move|p2a: Chansey|Thunder Wave|p1a: Zam Lead
|-status|p1a: Zam Lead|par
|
|turn|18
|
|move|p2a: Chansey|Thunderbolt|p1a: Zam Lead
|-damage|p1a: Zam Lead|253\/313 par
|move|p1a: Zam Lead|Psychic|p2a: Chansey
|-damage|p2a: Chansey|352\/703
|
|turn|19
|
|move|p2a: Chansey|Soft-Boiled|p2a: Chansey
|-heal|p2a: Chansey|703\/703
|cant|p1a: Zam Lead|par
|
|turn|20
|
|move|p2a: Chansey|Thunderbolt|p1a: Zam Lead
|-damage|p1a: Zam Lead|193\/313 par
|move|p1a: Zam Lead|Psychic|p2a: Chansey
|-damage|p2a: Chansey|578\/703
|
|turn|21
|
|move|p2a: Chansey|Thunderbolt|p1a: Zam Lead
|-crit|p1a: Zam Lead
|-damage|p1a: Zam Lead|66\/313 par
|move|p1a: Zam Lead|Recover|p1a: Zam Lead
|-heal|p1a: Zam Lead|222\/313 par
|
|turn|22
|
|move|p2a: Chansey|Thunderbolt|p1a: Zam Lead
|-damage|p1a: Zam Lead|161\/313 par
|move|p1a: Zam Lead|Psychic|p2a: Chansey
|-damage|p2a: Chansey|457\/703
|
|turn|23
|
|move|p2a: Chansey|Thunderbolt|p1a: Zam Lead
|-crit|p1a: Zam Lead
|-damage|p1a: Zam Lead|40\/313 par
|move|p1a: Zam Lead|Recover|p1a: Zam Lead
|-heal|p1a: Zam Lead|196\/313 par
|
|turn|24
|
|move|p2a: Chansey|Thunderbolt|p1a: Zam Lead
|-damage|p1a: Zam Lead|130\/313 par
|move|p1a: Zam Lead|Recover|p1a: Zam Lead
|-heal|p1a: Zam Lead|286\/313 par
|
|turn|25
|
|move|p2a: Chansey|Thunderbolt|p1a: Zam Lead
|-damage|p1a: Zam Lead|227\/313 par
|move|p1a: Zam Lead|Psychic|p2a: Chansey
|-damage|p2a: Chansey|321\/703
|
|turn|26
|
|move|p2a: Chansey|Soft-Boiled|p2a: Chansey
|-heal|p2a: Chansey|672\/703
|move|p1a: Zam Lead|Psychic|p2a: Chansey
|-damage|p2a: Chansey|552\/703
|
|turn|27
|
|move|p2a: Chansey|Thunderbolt|p1a: Zam Lead
|-damage|p1a: Zam Lead|166\/313 par
|cant|p1a: Zam Lead|par
|
|turn|28
|
|move|p2a: Chansey|Thunderbolt|p1a: Zam Lead
|-damage|p1a: Zam Lead|101\/313 par
|move|p1a: Zam Lead|Recover|p1a: Zam Lead
|-heal|p1a: Zam Lead|257\/313 par
|
|turn|29
|
|move|p2a: Chansey|Thunderbolt|p1a: Zam Lead
|-damage|p1a: Zam Lead|198\/313 par
|move|p1a: Zam Lead|Recover|p1a: Zam Lead
|-heal|p1a: Zam Lead|313\/313 par
|
|turn|30
|chat|kid gf lol|send your informants i bet they leave bust
|
|move|p2a: Chansey|Thunderbolt|p1a: Zam Lead
|-damage|p1a: Zam Lead|248\/313 par
|move|p1a: Zam Lead|Psychic|p2a: Chansey
|-crit|p2a: Chansey
|-damage|p2a: Chansey|285\/703
|
|turn|31
|
|move|p2a: Chansey|Soft-Boiled|p2a: Chansey
|-heal|p2a: Chansey|636\/703
|move|p1a: Zam Lead|Psychic|p2a: Chansey
|-crit|p2a: Chansey
|-damage|p2a: Chansey|372\/703
|-unboost|p2a: Chansey|spd|1
|-unboost|p2a: Chansey|spa|1
|
|turn|32
|
|move|p2a: Chansey|Soft-Boiled|p2a: Chansey
|-heal|p2a: Chansey|703\/703
|move|p1a: Zam Lead|Psychic|p2a: Chansey
|-damage|p2a: Chansey|498\/703
|
|turn|33
|
|switch|p2a: Exeggutor|Exeggutor|393\/393 slp
|move|p1a: Zam Lead|Psychic|p2a: Exeggutor
|-crit|p2a: Exeggutor
|-resisted|p2a: Exeggutor
|-damage|p2a: Exeggutor|289\/393 slp
|-unboost|p2a: Exeggutor|spd|1
|-unboost|p2a: Exeggutor|spa|1
|
|turn|34
|
|switch|p2a: Golem|Golem|363\/363
|move|p1a: Zam Lead|Seismic Toss|p2a: Golem
|-damage|p2a: Golem|263\/363
|
|turn|35
|
|switch|p1a: Mr Mime|Jynx|333\/333
|move|p2a: Golem|Explosion|p1a: Mr Mime
|-damage|p1a: Mr Mime|0 fnt
|faint|p1a: Mr Mime
|faint|p2a: Golem
|
|switch|p1a: Zam Lead|Alakazam|248\/313 par
|switch|p2a: Exeggutor|Exeggutor|289\/393 slp
|turn|36
|
|switch|p2a: Chansey|Chansey|498\/703
|move|p1a: Zam Lead|Seismic Toss|p2a: Chansey
|-damage|p2a: Chansey|398\/703
|
|turn|37
|
|move|p2a: Chansey|Soft-Boiled|p2a: Chansey
|-heal|p2a: Chansey|703\/703
|cant|p1a: Zam Lead|par
|
|turn|38
|
|move|p2a: Chansey|Thunderbolt|p1a: Zam Lead
|-damage|p1a: Zam Lead|187\/313 par
|move|p1a: Zam Lead|Psychic|p2a: Chansey
|-damage|p2a: Chansey|583\/703
|
|turn|39
|
|move|p2a: Chansey|Thunderbolt|p1a: Zam Lead
|-damage|p1a: Zam Lead|125\/313 par
|move|p1a: Zam Lead|Recover|p1a: Zam Lead
|-heal|p1a: Zam Lead|281\/313 par
|
|turn|40
|
|move|p2a: Chansey|Thunderbolt|p1a: Zam Lead
|-damage|p1a: Zam Lead|219\/313 par
|move|p1a: Zam Lead|Psychic|p2a: Chansey
|-damage|p2a: Chansey|461\/703
|
|turn|41
|
|move|p2a: Chansey|Thunderbolt|p1a: Zam Lead
|-damage|p1a: Zam Lead|156\/313 par
|move|p1a: Zam Lead|Recover|p1a: Zam Lead
|-heal|p1a: Zam Lead|312\/313 par
|
|turn|42
|
|move|p2a: Chansey|Thunderbolt|p1a: Zam Lead
|-damage|p1a: Zam Lead|253\/313 par
|move|p1a: Zam Lead|Psychic|p2a: Chansey
|-crit|p2a: Chansey
|-damage|p2a: Chansey|221\/703
|
|turn|43
|
|move|p2a: Chansey|Soft-Boiled|p2a: Chansey
|-heal|p2a: Chansey|572\/703
|move|p1a: Zam Lead|Psychic|p2a: Chansey
|-crit|p2a: Chansey
|-damage|p2a: Chansey|302\/703
|
|turn|44
|
|move|p2a: Chansey|Soft-Boiled|p2a: Chansey
|-heal|p2a: Chansey|653\/703
|cant|p1a: Zam Lead|par
|
|turn|45
|
|move|p2a: Chansey|Thunderbolt|p1a: Zam Lead
|-damage|p1a: Zam Lead|185\/313 par
|move|p1a: Zam Lead|Seismic Toss|p2a: Chansey
|-damage|p2a: Chansey|553\/703
|
|turn|46
|
|move|p2a: Chansey|Thunderbolt|p1a: Zam Lead
|-damage|p1a: Zam Lead|124\/313 par
|move|p1a: Zam Lead|Recover|p1a: Zam Lead
|-heal|p1a: Zam Lead|280\/313 par
|
|turn|47
|
|move|p2a: Chansey|Thunderbolt|p1a: Zam Lead
|-damage|p1a: Zam Lead|216\/313 par
|cant|p1a: Zam Lead|par
|
|turn|48
|
|move|p2a: Chansey|Thunderbolt|p1a: Zam Lead
|-damage|p1a: Zam Lead|154\/313 par
|move|p1a: Zam Lead|Recover|p1a: Zam Lead
|-heal|p1a: Zam Lead|310\/313 par
|
|turn|49
|
|move|p2a: Chansey|Thunderbolt|p1a: Zam Lead
|-damage|p1a: Zam Lead|245\/313 par
|cant|p1a: Zam Lead|par
|
|turn|50
|
|move|p2a: Chansey|Thunderbolt|p1a: Zam Lead
|-damage|p1a: Zam Lead|180\/313 par
|move|p1a: Zam Lead|Recover|p1a: Zam Lead
|-heal|p1a: Zam Lead|313\/313 par
|
|turn|51
|
|move|p2a: Chansey|Thunderbolt|p1a: Zam Lead
|-damage|p1a: Zam Lead|252\/313 par
|move|p1a: Zam Lead|Seismic Toss|p2a: Chansey
|-damage|p2a: Chansey|453\/703
|
|turn|52
|
|move|p2a: Chansey|Thunderbolt|p1a: Zam Lead
|-damage|p1a: Zam Lead|190\/313 par
|cant|p1a: Zam Lead|par
|
|turn|53
|
|move|p2a: Chansey|Ice Beam|p1a: Zam Lead
|-damage|p1a: Zam Lead|125\/313 par
|cant|p1a: Zam Lead|par
|
|turn|54
|
|move|p2a: Chansey|Ice Beam|p1a: Zam Lead
|-damage|p1a: Zam Lead|65\/313 par
|move|p1a: Zam Lead|Recover|p1a: Zam Lead
|-heal|p1a: Zam Lead|221\/313 par
|
|turn|55
|
|move|p2a: Chansey|Ice Beam|p1a: Zam Lead
|-damage|p1a: Zam Lead|161\/313 par
|move|p1a: Zam Lead|Recover|p1a: Zam Lead
|-heal|p1a: Zam Lead|313\/313 par
|
|turn|56
|
|move|p2a: Chansey|Ice Beam|p1a: Zam Lead
|-damage|p1a: Zam Lead|252\/313 par
|move|p1a: Zam Lead|Seismic Toss|p2a: Chansey
|-damage|p2a: Chansey|353\/703
|
|turn|57
|
|move|p2a: Chansey|Ice Beam|p1a: Zam Lead
|-damage|p1a: Zam Lead|193\/313 par
|move|p1a: Zam Lead|Seismic Toss|p2a: Chansey
|-damage|p2a: Chansey|253\/703
|
|turn|58
|
|move|p2a: Chansey|Soft-Boiled|p2a: Chansey
|-heal|p2a: Chansey|604\/703
|move|p1a: Zam Lead|Recover|p1a: Zam Lead
|-heal|p1a: Zam Lead|313\/313 par
|
|turn|59
|
|move|p2a: Chansey|Ice Beam|p1a: Zam Lead
|-damage|p1a: Zam Lead|250\/313 par
|move|p1a: Zam Lead|Seismic Toss|p2a: Chansey
|-damage|p2a: Chansey|504\/703
|
|turn|60
|
|move|p2a: Chansey|Ice Beam|p1a: Zam Lead
|-damage|p1a: Zam Lead|189\/313 par
|move|p1a: Zam Lead|Recover|p1a: Zam Lead
|-heal|p1a: Zam Lead|313\/313 par
|
|turn|61
|
|move|p2a: Chansey|Ice Beam|p1a: Zam Lead
|-damage|p1a: Zam Lead|254\/313 par
|move|p1a: Zam Lead|Seismic Toss|p2a: Chansey
|-damage|p2a: Chansey|404\/703
|
|turn|62
|
|move|p2a: Chansey|Ice Beam|p1a: Zam Lead
|-crit|p1a: Zam Lead
|-damage|p1a: Zam Lead|120\/313 par
|cant|p1a: Zam Lead|par
|
|turn|63
|
|move|p2a: Chansey|Ice Beam|p1a: Zam Lead
|-damage|p1a: Zam Lead|61\/313 par
|cant|p1a: Zam Lead|par
|
|turn|64
|
|move|p2a: Chansey|Ice Beam|p1a: Zam Lead
|-damage|p1a: Zam Lead|0 fnt
|faint|p1a: Zam Lead
|
|win|AlsoRocknlol
|raw|Ladder updating...
|chat|AlsoRocknlol|No more anything
|chat|AlsoRocknlol|gg
|leave|kid gf lol
|player|p1
|raw|Ladder (probably) updated, but score could not be retrieved (timeout).
|raw|Ladder (probably) updated, but score could not be retrieved (Error: socket hang up).