|join|byyste
|join|yaldyyyy
|player|p1|byyste|101
|player|p2|yaldyyyy|1
|gametype|singles
|gen|1
|tier|[Gen 1] Random Battle
|rated
|rule|Sleep Clause Mod: Limit one foe put to sleep
|rule|Freeze Clause Mod: Limit one foe frozen
|rule|HP Percentage Mod: HP is shown in percentages
|
|start
|switch|p1a: Caterpie|Caterpie, L99|290\/290
|switch|p2a: Rapidash|Rapidash, L90|300\/300
|turn|1
|
|switch|p1a: Slowbro|Slowbro, L79|312\/312
|move|p2a: Rapidash|Fire Blast|p1a: Slowbro
|-crit|p1a: Slowbro
|-resisted|p1a: Slowbro
|-damage|p1a: Slowbro|173\/312
|-status|p1a: Slowbro|brn
|
|turn|2
|c|★byyste|nice hit crit burn fgt
|
|switch|p2a: Zapdos|Zapdos, L79|304\/304
|move|p1a: Slowbro|Thunder Wave|p2a: Zapdos
|-status|p2a: Zapdos|par
|-damage|p1a: Slowbro|154\/312 brn|[from] brn|[of] p2a: Zapdos
|
|turn|3
|
|switch|p1a: Wigglytuff|Wigglytuff, L90|435\/435
|cant|p2a: Zapdos|par
|
|turn|4
|c|★yaldyyyy|fite me irl
|
|switch|p2a: Weedle|Weedle, L99|280\/280
|move|p1a: Wigglytuff|Blizzard|p2a: Weedle
|-crit|p2a: Weedle
|-damage|p2a: Weedle|58\/280
|
|turn|5
|
|switch|p1a: Slowbro|Slowbro, L79|154\/312 brn
|-damage|p1a: Slowbro|135\/312 brn|[from] brn
|move|p2a: Weedle|String Shot|p1a: Slowbro
|-unboost|p1a: Slowbro|spe|1
|
|turn|6
|
|switch|p2a: Lapras|Lapras, L79|367\/367
|move|p1a: Slowbro|Rest|p1a: Slowbro
|-status|p1a: Slowbro|slp
|-heal|p1a: Slowbro|312\/312 slp|[silent]
|-status|p1a: Slowbro|slp|[from] move: Rest
|
|turn|7
|
|move|p2a: Lapras|Thunderbolt|p1a: Slowbro
|-crit|p1a: Slowbro
|-supereffective|p1a: Slowbro
|-damage|p1a: Slowbro|48\/312 slp
|cant|p1a: Slowbro|slp
|
|turn|8
|c|★byyste|my god get luckier
|
|move|p2a: Lapras|Body Slam|p1a: Slowbro
|-damage|p1a: Slowbro|3\/312 slp
|-curestatus|p1a: Slowbro|slp
|
|turn|9
|
|switch|p1a: Wigglytuff|Wigglytuff, L90|435\/435
|move|p2a: Lapras|Body Slam|p1a: Wigglytuff
|-damage|p1a: Wigglytuff|364\/435
|
|turn|10
|
|move|p2a: Lapras|Ice Beam|p1a: Wigglytuff
|-damage|p1a: Wigglytuff|256\/435
|move|p1a: Wigglytuff|Body Slam|p2a: Lapras
|-damage|p2a: Lapras|267\/367
|
|turn|11
|
|move|p2a: Lapras|Ice Beam|p1a: Wigglytuff
|-damage|p1a: Wigglytuff|150\/435
|move|p1a: Wigglytuff|Body Slam|p2a: Lapras
|-damage|p2a: Lapras|167\/367
|
|turn|12
|
|move|p2a: Lapras|Body Slam|p1a: Wigglytuff
|-damage|p1a: Wigglytuff|82\/435
|move|p1a: Wigglytuff|Hyper Beam|p2a: Lapras
|-damage|p2a: Lapras|0 fnt
|faint|p2a: Lapras
|
|switch|p2a: Rapidash|Rapidash, L90|300\/300
|turn|13
|
|move|p2a: Rapidash|Fire Blast|p1a: Wigglytuff
|-damage|p1a: Wigglytuff|0 fnt
|faint|p1a: Wigglytuff
|
|switch|p1a: Zapdos|Zapdos, L79|304\/304
|turn|14
|
|move|p2a: Rapidash|Fire Blast|p1a: Zapdos|[miss]
|-miss|p2a: Rapidash
|move|p1a: Zapdos|Thunderbolt|p2a: Rapidash
|-damage|p2a: Rapidash|199\/300
|
|turn|15
|
|move|p2a: Rapidash|Fire Blast|p1a: Zapdos
|-damage|p1a: Zapdos|195\/304
|move|p1a: Zapdos|Thunder Wave|p2a: Rapidash
|-status|p2a: Rapidash|par
|
|turn|16
|
|move|p1a: Zapdos|Thunderbolt|p2a: Rapidash
|-damage|p2a: Rapidash|102\/300 par
|move|p2a: Rapidash|Fire Blast|p1a: Zapdos
|-damage|p1a: Zapdos|79\/304
|
|turn|17
|
|switch|p2a: Weedle|Weedle, L99|58\/280
|move|p1a: Zapdos|Thunderbolt|p2a: Weedle
|-damage|p2a: Weedle|0 fnt
|faint|p2a: Weedle
|
|switch|p2a: Mewtwo|Mewtwo, L70|293\/293
|turn|18
|c|★byyste|lol nice fucking team
|c|★byyste|my god
|c|★byyste|hax and godly team
|
|move|p2a: Mewtwo|Psychic|p1a: Zapdos
|-damage|p1a: Zapdos|0 fnt
|faint|p1a: Zapdos
|
|switch|p1a: Farfetch'd|Farfetch'd, L99|304\/304
|turn|19
|
|move|p2a: Mewtwo|Psychic|p1a: Farfetch'd
|-crit|p1a: Farfetch'd
|-damage|p1a: Farfetch'd|104\/304
|-unboost|p1a: Farfetch'd|spd|1
|-unboost|p1a: Farfetch'd|spa|1
|move|p1a: Farfetch'd|Body Slam|p2a: Mewtwo
|-damage|p2a: Mewtwo|176\/293
|-status|p2a: Mewtwo|par
|
|turn|20
|
|move|p1a: Farfetch'd|Slash|p2a: Mewtwo
|-crit|p2a: Mewtwo
|-damage|p2a: Mewtwo|0 fnt
|faint|p2a: Mewtwo
|
|switch|p2a: Zapdos|Zapdos, L79|304\/304 par
|turn|21
|
|move|p1a: Farfetch'd|Substitute|p1a: Farfetch'd
|-start|p1a: Farfetch'd|Substitute
|-damage|p1a: Farfetch'd|28\/304
|cant|p2a: Zapdos|par
|
|turn|22
|
|move|p1a: Farfetch'd|Slash|p2a: Zapdos
|-crit|p2a: Zapdos
|-damage|p2a: Zapdos|133\/304 par
|move|p2a: Zapdos|Thunderbolt|p1a: Farfetch'd
|-supereffective|p1a: Farfetch'd
|-end|p1a: Farfetch'd|Substitute
|
|turn|23
|
|move|p1a: Farfetch'd|Slash|p2a: Zapdos
|-crit|p2a: Zapdos
|-damage|p2a: Zapdos|0 fnt
|faint|p2a: Zapdos
|c|★yaldyyyy|and yet i'm undone by a farfetch;d
|
|switch|p2a: Ditto|Ditto, L99|296\/296
|turn|24
|c|★byyste|well yeah, because youre complete trash
|c|★yaldyyyy|hahaha
|
|move|p1a: Farfetch'd|Slash|p2a: Ditto
|-crit|p2a: Ditto
|-damage|p2a: Ditto|98\/296
|move|p2a: Ditto|Transform|p1a: Farfetch'd
|-transform|p2a: Ditto|p1a: Farfetch'd
|
|turn|25
|
|move|p1a: Farfetch'd|Slash|p2a: Ditto
|-crit|p2a: Ditto
|-damage|p2a: Ditto|0 fnt
|faint|p2a: Ditto
|
|switch|p2a: Rapidash|Rapidash, L90|102\/300 par
|turn|26
|
|move|p1a: Farfetch'd|Slash|p2a: Rapidash
|-damage|p2a: Rapidash|14\/300 par
|cant|p2a: Rapidash|par
|
|turn|27
|c|★yaldyyyy|"ohh get luckier grrrr"
|c|★byyste|....
|c|★byyste|i didnt crit my slash
|c|★byyste|so fuck off
|c|★yaldyyyy|hahaha
|c|★yaldyyyy|:((((
|c|★byyste|its fine, now you get to see for sure that your team was better
|c|★byyste|im switching to my last
|c|★yaldyyyy|:(((((
|c|★yaldyyyy|:(
|c|★yaldyyyy|only 120 seconds left before i meet my doom
|-message|yaldyyyy lost due to inactivity.
|
|win|byyste
|raw|Ladder updating...
|c|★yaldyyyy|well done friend
|c|★yaldyyyy|have a lovely day
|leave|yaldyyyy
|player|p2
|raw|byyste's rating: 1357 &rarr; <strong>1372<\/strong><br \/>(+15 for winning)
|raw|yaldyyyy's rating: 1258 &rarr; <strong>1240<\/strong><br \/>(-18 for losing)