|join|erik1erik
|join|sdflksjjij
|player|p1|erik1erik|1
|player|p2|sdflksjjij|102
|gametype|singles
|gen|1
|tier|[Gen 1] Random Battle
|rated
|rule|Sleep Clause Mod: Limit one foe put to sleep
|rule|Freeze Clause Mod: Limit one foe frozen
|rule|HP Percentage Mod: HP is shown in percentages
|
|start
|switch|p1a: Bulbasaur|Bulbasaur, L95|278\/278
|switch|p2a: Rhydon|Rhydon, L80|332\/332
|turn|1
|
|switch|p2a: Grimer|Grimer, L95|345\/345
|move|p1a: Bulbasaur|Sleep Powder|p2a: Grimer
|-status|p2a: Grimer|slp
|
|turn|2
|
|switch|p2a: Ninetales|Ninetales, L86|301\/301
|move|p1a: Bulbasaur|Razor Leaf|p2a: Ninetales
|-crit|p2a: Ninetales
|-resisted|p2a: Ninetales
|-damage|p2a: Ninetales|250\/301
|
|turn|3
|
|switch|p1a: Nidorino|Nidorino, L92|299\/299
|move|p2a: Ninetales|Fire Blast|p1a: Nidorino
|-damage|p1a: Nidorino|124\/299
|
|turn|4
|c|★erik1erik|idiot
|
|move|p2a: Ninetales|Fire Blast|p1a: Nidorino
|-crit|p1a: Nidorino
|-damage|p1a: Nidorino|0 fnt
|faint|p1a: Nidorino
|c|★sdflksjjij|you suck erik
|
|switch|p1a: Persian|Persian, L80|268\/268
|turn|5
|
|move|p1a: Persian|Bubble Beam|p2a: Ninetales
|-supereffective|p2a: Ninetales
|-damage|p2a: Ninetales|190\/301
|move|p2a: Ninetales|Fire Blast|p1a: Persian
|-crit|p1a: Persian
|-damage|p1a: Persian|0 fnt
|faint|p1a: Persian
|c|★sdflksjjij|nice bubblebeam moron
|c|★sdflksjjij|you're so stupid
|
|switch|p1a: Magneton|Magneton, L86|261\/261
|turn|6
|
|switch|p2a: Rhydon|Rhydon, L80|332\/332
|move|p1a: Magneton|Thunderbolt|p2a: Rhydon
|-immune|p2a: Rhydon|[msg]
|
|turn|7
|c|★sdflksjjij|lool
|c|★sdflksjjij|you SUCK
|c|★erik1erik|cancerboy
|
|switch|p1a: Bulbasaur|Bulbasaur, L95|278\/278
|move|p2a: Rhydon|Earthquake|p1a: Bulbasaur
|-damage|p1a: Bulbasaur|141\/278
|
|turn|8
|c|★sdflksjjij|you are really fucking bad
|
|switch|p2a: Moltres|Moltres, L86|330\/330
|move|p1a: Bulbasaur|Sleep Powder|p2a: Moltres
|-message|Sleep Clause Mod activated.
|
|turn|9
|c|★sdflksjjij|moron
|
|move|p2a: Moltres|Toxic|p1a: Bulbasaur
|move|p1a: Bulbasaur|Sleep Powder|p2a: Moltres
|-message|Sleep Clause Mod activated.
|
|turn|10
|
|switch|p2a: Ninetales|Ninetales, L86|190\/301
|move|p1a: Bulbasaur|Sleep Powder|p2a: Ninetales
|-message|Sleep Clause Mod activated.
|
|turn|11
|c|★sdflksjjij|you are stupid beyond words
|
|move|p2a: Ninetales|Flamethrower|p1a: Bulbasaur
|-crit|p1a: Bulbasaur
|-supereffective|p1a: Bulbasaur
|-damage|p1a: Bulbasaur|0 fnt
|faint|p1a: Bulbasaur
|c|★sdflksjjij|try sleep powder again
|c|★sdflksjjij|dumbshit
|
|switch|p1a: Rattata|Rattata, L95|250\/250
|turn|12
|c|★erik1erik|zzzzzzzzzzzzzzzzzzzzzzzzz
|c|★sdflksjjij|hurry up and lose
|c|★sdflksjjij|noob
|c|★erik1erik|ok
|c|★sdflksjjij|stay mad
|
|move|p2a: Ninetales|Flamethrower|p1a: Rattata
|-crit|p1a: Rattata
|-damage|p1a: Rattata|0 fnt
|faint|p1a: Rattata
|c|★sdflksjjij|nice play
|c|★sdflksjjij|btw are you aware that you have to kill my pokemon? not just have yours die?
|
|switch|p1a: Charmeleon|Charmeleon, L86|275\/275
|turn|13
|c|★sdflksjjij|not sure if you know how the game works
|
|move|p2a: Ninetales|Toxic|p1a: Charmeleon
|-status|p1a: Charmeleon|tox
|move|p1a: Charmeleon|Seismic Toss|p2a: Ninetales
|-damage|p2a: Ninetales|104\/301
|-damage|p1a: Charmeleon|258\/275 tox|[from] tox|[of] p2a: Ninetales
|
|turn|14
|
|switch|p2a: Chansey|Chansey, L80|564\/564
|move|p1a: Charmeleon|Body Slam|p2a: Chansey
|-damage|p2a: Chansey|435\/564
|-damage|p1a: Charmeleon|224\/275 tox|[from] tox|[of] p2a: Chansey
|
|turn|15
|
|move|p1a: Charmeleon|Flamethrower|p2a: Chansey
|-damage|p2a: Chansey|357\/564
|-damage|p1a: Charmeleon|173\/275 tox|[from] tox|[of] p2a: Chansey
|move|p2a: Chansey|Soft-Boiled|p2a: Chansey
|-heal|p2a: Chansey|564\/564
|
|turn|16
|c|★sdflksjjij|get 6-0d
|
|move|p1a: Charmeleon|Seismic Toss|p2a: Chansey
|-damage|p2a: Chansey|478\/564
|-damage|p1a: Charmeleon|105\/275 tox|[from] tox|[of] p2a: Chansey
|move|p2a: Chansey|Reflect|p2a: Chansey
|
|turn|17
|c|★sdflksjjij|you didnt even kill one
|c|★sdflksjjij|that's fucking pathetic
|
|move|p1a: Charmeleon|Submission|p2a: Chansey|[miss]
|-miss|p1a: Charmeleon
|-damage|p1a: Charmeleon|20\/275 tox|[from] tox|[of] p2a: Chansey
|move|p2a: Chansey|Soft-Boiled|p2a: Chansey
|-heal|p2a: Chansey|564\/564
|
|turn|18
|
|switch|p2a: Moltres|Moltres, L86|330\/330
|move|p1a: Charmeleon|Submission|p2a: Moltres
|-crit|p2a: Moltres
|-resisted|p2a: Moltres
|-damage|p2a: Moltres|290\/330
|-damage|p1a: Charmeleon|10\/275 tox|[from] recoil|[of] p2a: Moltres
|-damage|p1a: Charmeleon|0 fnt|[from] tox|[of] p2a: Moltres
|faint|p1a: Charmeleon
|c|★sdflksjjij|fail
|
|switch|p1a: Magneton|Magneton, L86|261\/261
|turn|19
|
|switch|p2a: Rhydon|Rhydon, L80|332\/332
|move|p1a: Magneton|Thunderbolt|p2a: Rhydon
|-immune|p2a: Rhydon|[msg]
|
|turn|20
|c|★sdflksjjij|fail
|
|move|p1a: Magneton|Hyper Beam|p2a: Rhydon
|-resisted|p2a: Rhydon
|-damage|p2a: Rhydon|296\/332
|move|p2a: Rhydon|Substitute|p2a: Rhydon
|-start|p2a: Rhydon|Substitute
|-damage|p2a: Rhydon|213\/332
|
|turn|21
|c|★sdflksjjij|fail
|
|cant|p1a: Magneton|recharge
|move|p2a: Rhydon|Earthquake|p1a: Magneton
|-crit|p1a: Magneton
|-supereffective|p1a: Magneton
|-damage|p1a: Magneton|0 fnt
|faint|p1a: Magneton
|
|win|sdflksjjij
|raw|Ladder updating...
|c|★sdflksjjij|wrecked
|c|★sdflksjjij|gtfo
|raw|erik1erik's rating: 1202 &rarr; <strong>1164<\/strong><br \/>(-38 for losing)
|raw|sdflksjjij's rating: 1000 &rarr; <strong>1061<\/strong><br \/>(+61 for winning)
|c|★sdflksjjij|easy
|c|★erik1erik|nice rating
|c|★sdflksjjij|im 1 in the ladder scrub
|c|★erik1erik|loser
|c| gen 1 is gay|oops
|c| gen 1 is gay|you failed again
|leave|erik1erik
|player|p2|gen 1 is gay|102
|player|p1