|j|MyNameIsHeracross
|j|Ch01W0n5h1n
|player|p1|MyNameIsHeracross|161
|player|p2|Ch01W0n5h1n|165
|gametype|singles
|gen|1
|tier|[Gen 1] OU
|rated
|seed|58536,64524,41588,63892
|rule|Sleep Clause Mod: Limit one foe put to sleep
|rule|Freeze Clause Mod: Limit one foe frozen
|rule|Species Clause: Limit one of each Pokémon
|rule|OHKO Clause: OHKO moves are banned
|rule|Evasion Moves Clause: Evasion moves are banned
|rule|HP Percentage Mod: HP is shown in percentages
|
|start
|switch|p1a: Starmie|Starmie|323\/323
|switch|p2a: Cut.Exe|Exeggutor|393\/393
|turn|1
|choice|move 2|switch 2
|
|switch|p2a: Chance E|Chansey|703\/703
|move|p1a: Starmie|Blizzard|p2a: Chance E
|-damage|p2a: Chance E|606\/703
|
|turn|2
|choice|switch 4|switch 2
|
|switch|p1a: Chansey|Chansey|703\/703
|switch|p2a: Cut.Exe|Exeggutor|393\/393
|
|turn|3
|choice|switch 6|move 1
|
|switch|p1a: Golem|Golem|363\/363
|move|p2a: Cut.Exe|Sleep Powder|p1a: Golem
|-status|p1a: Golem|slp
|
|turn|4
|choice|switch 6|switch 3
|
|switch|p2a: Mega Gastly|Cloyster|303\/303
|switch|p1a: Chansey|Chansey|703\/703
|
|turn|5
|choice|move 3|switch 2
|
|switch|p2a: Chance E|Chansey|606\/703
|move|p1a: Chansey|Thunder Wave|p2a: Chance E
|-status|p2a: Chance E|par
|
|turn|6
|choice|switch 2|move 1
|
|switch|p1a: Snorlax|Snorlax|523\/523
|move|p2a: Chance E|Ice Beam|p1a: Snorlax|[miss]
|-miss|p2a: Chance E
|
|turn|7
|choice|move 1|switch 2
|
|switch|p2a: Mega Gastly|Cloyster|303\/303
|move|p1a: Snorlax|Body Slam|p2a: Mega Gastly
|-damage|p2a: Mega Gastly|232\/303
|-status|p2a: Mega Gastly|par
|
|turn|8
|choice|move 1|move 2
|
|move|p1a: Snorlax|Body Slam|p2a: Mega Gastly
|-damage|p2a: Mega Gastly|158\/303 par
|move|p2a: Mega Gastly|Explosion|p1a: Snorlax
|-crit|p1a: Snorlax
|-damage|p1a: Snorlax|0 fnt
|faint|p1a: Snorlax
|faint|p2a: Mega Gastly
|choice|switch 3|switch 2
|
|switch|p1a: Tauros|Tauros|353\/353
|switch|p2a: Chance E|Chansey|606\/703 par
|turn|9
|choice|move 1|move 1
|
|move|p1a: Tauros|Body Slam|p2a: Chance E
|-damage|p2a: Chance E|314\/703 par
|move|p2a: Chance E|Ice Beam|p1a: Tauros
|-damage|p1a: Tauros|261\/353
|
|turn|10
|choice|move 1|switch 3
|
|switch|p2a: Cut.Exe|Exeggutor|393\/393
|move|p1a: Tauros|Body Slam|p2a: Cut.Exe
|-damage|p2a: Cut.Exe|289\/393
|
|turn|11
|choice|switch 2|move 2
|
|switch|p1a: Chansey|Chansey|703\/703
|move|p2a: Cut.Exe|Explosion|p1a: Chansey
|-damage|p1a: Chansey|11\/703
|faint|p2a: Cut.Exe
|choice||switch 4
|
|switch|p2a: Hungry|Alakazam|313\/313
|turn|12
|choice|switch 4|move 2
|
|switch|p1a: Starmie|Starmie|323\/323
|move|p2a: Hungry|Psychic|p1a: Starmie
|-resisted|p1a: Starmie
|-damage|p1a: Starmie|256\/323
|
|turn|13
|choice|move 3|move 1
|
|move|p2a: Hungry|Thunder Wave|p1a: Starmie
|-status|p1a: Starmie|par
|move|p1a: Starmie|Thunder Wave|p2a: Hungry
|-status|p2a: Hungry|par
|
|turn|14
|choice|move 4|move 3
|
|move|p2a: Hungry|Kinesis|p1a: Starmie
|-unboost|p1a: Starmie|accuracy|1
|move|p1a: Starmie|Recover|p1a: Starmie
|-heal|p1a: Starmie|323\/323 par
|
|turn|15
|choice|move 1|switch 5
|
|switch|p2a: Tauros|Tauros|353\/353
|move|p1a: Starmie|Psychic|p2a: Tauros|[miss]
|-miss|p1a: Starmie
|
|turn|16
|choice|move 3|move 1
|
|move|p2a: Tauros|Body Slam|p1a: Starmie
|-damage|p1a: Starmie|218\/323 par
|move|p1a: Starmie|Thunder Wave|p2a: Tauros
|-status|p2a: Tauros|par
|
|turn|17
|choice|switch 5|move 1
|
|switch|p1a: Exeggutor|Exeggutor|393\/393
|cant|p2a: Tauros|par
|
|turn|18
|choice|move 1|switch 6
|
|switch|p2a: Zapdos|Zapdos|383\/383
|move|p1a: Exeggutor|Psychic|p2a: Zapdos
|-damage|p2a: Zapdos|271\/383
|
|turn|19
|choice|switch 6|switch 6
|
|switch|p2a: Tauros|Tauros|353\/353 par
|switch|p1a: Golem|Golem|363\/363 slp
|
|turn|20
|choice|switch 6|move 3
|
|switch|p1a: Exeggutor|Exeggutor|393\/393
|move|p2a: Tauros|Earthquake|p1a: Exeggutor
|-resisted|p1a: Exeggutor
|-damage|p1a: Exeggutor|348\/393
|
|turn|21
|choice|move 1|move 4
|
|move|p1a: Exeggutor|Psychic|p2a: Tauros
|-damage|p2a: Tauros|198\/353 par
|move|p2a: Tauros|Blizzard|p1a: Exeggutor
|-supereffective|p1a: Exeggutor
|-damage|p1a: Exeggutor|228\/393
|
|turn|22
|choice|move 1|switch 6
|
|switch|p2a: Zapdos|Zapdos|271\/383
|move|p1a: Exeggutor|Psychic|p2a: Zapdos
|-crit|p2a: Zapdos
|-damage|p2a: Zapdos|69\/383
|
|turn|23
|choice|switch 6|move 1
|
|switch|p1a: Golem|Golem|363\/363 slp
|move|p2a: Zapdos|Drill Peck|p1a: Golem
|-resisted|p1a: Golem
|-damage|p1a: Golem|327\/363 slp
|
|turn|24
|choice|move 3|move 1
|
|move|p2a: Zapdos|Drill Peck|p1a: Golem
|-crit|p1a: Golem
|-resisted|p1a: Golem
|-damage|p1a: Golem|261\/363 slp
|cant|p1a: Golem|slp
|
|turn|25
|choice|move 3|switch 6
|
|switch|p2a: Tauros|Tauros|198\/353 par
|cant|p1a: Golem|slp
|
|turn|26
|choice|switch 6|move 4
|
|switch|p1a: Exeggutor|Exeggutor|228\/393
|move|p2a: Tauros|Blizzard|p1a: Exeggutor|[miss]
|-miss|p2a: Tauros
|
|turn|27
|choice|move 1|move 4
|
|move|p1a: Exeggutor|Psychic|p2a: Tauros
|-damage|p2a: Tauros|53\/353 par
|move|p2a: Tauros|Blizzard|p1a: Exeggutor
|-supereffective|p1a: Exeggutor
|-damage|p1a: Exeggutor|101\/393
|-status|p1a: Exeggutor|frz
|
|turn|28
|choice|move 4|switch 6
|
|switch|p2a: Zapdos|Zapdos|69\/383
|cant|p1a: Exeggutor|frz
|
|turn|29
|choice|switch 6|move 1
|
|switch|p1a: Golem|Golem|261\/363 slp
|move|p2a: Zapdos|Drill Peck|p1a: Golem
|-resisted|p1a: Golem
|-damage|p1a: Golem|225\/363 slp
|
|turn|30
|choice|move 3|switch 6
|
|switch|p2a: Tauros|Tauros|53\/353 par
|cant|p1a: Golem|slp
|
|turn|31
|choice|switch 6|move 3
|
|switch|p1a: Exeggutor|Exeggutor|101\/393 frz
|cant|p2a: Tauros|par
|
|turn|32
|choice|move 2|switch 6
|
|switch|p2a: Zapdos|Zapdos|69\/383
|cant|p1a: Exeggutor|frz
|
|turn|33
|choice|switch 6|move 1
|
|switch|p1a: Golem|Golem|225\/363 slp
|move|p2a: Zapdos|Drill Peck|p1a: Golem
|-resisted|p1a: Golem
|-damage|p1a: Golem|186\/363 slp
|
|turn|34
|choice|move 3|switch 6
|
|switch|p2a: Tauros|Tauros|53\/353 par
|cant|p1a: Golem|slp
|
|turn|35
|choice|switch 6|move 3
|
|switch|p1a: Exeggutor|Exeggutor|101\/393 frz
|cant|p2a: Tauros|par
|
|turn|36
|choice|move 2|move 3
|
|cant|p1a: Exeggutor|frz
|move|p2a: Tauros|Earthquake|p1a: Exeggutor
|-resisted|p1a: Exeggutor
|-damage|p1a: Exeggutor|61\/393 frz
|
|turn|37
|choice|move 2|switch 6
|
|switch|p2a: Zapdos|Zapdos|69\/383
|cant|p1a: Exeggutor|frz
|
|turn|38
|choice|switch 6|move 1
|
|switch|p1a: Golem|Golem|186\/363 slp
|move|p2a: Zapdos|Drill Peck|p1a: Golem
|-resisted|p1a: Golem
|-damage|p1a: Golem|152\/363 slp
|
|turn|39
|choice|move 3|switch 6
|
|switch|p2a: Tauros|Tauros|53\/353 par
|cant|p1a: Golem|slp
|
|turn|40
|choice|switch 6|move 3
|
|switch|p1a: Exeggutor|Exeggutor|61\/393 frz
|move|p2a: Tauros|Earthquake|p1a: Exeggutor
|-resisted|p1a: Exeggutor
|-damage|p1a: Exeggutor|20\/393 frz
|
|turn|41
|choice|move 3|switch 6
|
|switch|p2a: Zapdos|Zapdos|69\/383
|cant|p1a: Exeggutor|frz
|
|turn|42
|choice|switch 6|move 1
|
|switch|p1a: Golem|Golem|152\/363 slp
|move|p2a: Zapdos|Drill Peck|p1a: Golem
|-crit|p1a: Golem
|-resisted|p1a: Golem
|-damage|p1a: Golem|87\/363 slp
|
|turn|43
|choice|move 3|move 1
|
|move|p2a: Zapdos|Drill Peck|p1a: Golem
|-resisted|p1a: Golem
|-damage|p1a: Golem|52\/363 slp
|-curestatus|p1a: Golem|slp
|
|turn|44
|choice|move 3|move 1
|
|move|p2a: Zapdos|Drill Peck|p1a: Golem
|-crit|p1a: Golem
|-resisted|p1a: Golem
|-damage|p1a: Golem|0 fnt
|faint|p1a: Golem
|choice|switch 2|
|
|switch|p1a: Tauros|Tauros|261\/353
|turn|45
|choice|move 1|switch 6
|
|switch|p2a: Tauros|Tauros|53\/353 par
|move|p1a: Tauros|Body Slam|p2a: Tauros
|-damage|p2a: Tauros|0 fnt
|faint|p2a: Tauros
|choice||switch 5
|
|switch|p2a: Hungry|Alakazam|313\/313 par
|turn|46
|choice|switch 6|move 1
|
|switch|p1a: Exeggutor|Exeggutor|20\/393 frz
|move|p2a: Hungry|Thunder Wave|p1a: Exeggutor
|-fail|p1a: Exeggutor
|
|turn|47
|choice|move 1|move 3
|
|cant|p1a: Exeggutor|frz
|move|p2a: Hungry|Kinesis|p1a: Exeggutor
|-unboost|p1a: Exeggutor|accuracy|1
|
|turn|48
|choice|move 2|switch 6
|
|switch|p2a: Zapdos|Zapdos|69\/383
|cant|p1a: Exeggutor|frz
|
|turn|49
|choice|move 1|move 4
|
|move|p2a: Zapdos|Agility|p2a: Zapdos
|-boost|p2a: Zapdos|spe|2
|cant|p1a: Exeggutor|frz
|
|turn|50
|choice|move 1|move 1
|
|move|p2a: Zapdos|Drill Peck|p1a: Exeggutor
|-supereffective|p1a: Exeggutor
|-damage|p1a: Exeggutor|0 fnt
|faint|p1a: Exeggutor
|choice|switch 6|
|
|switch|p1a: Tauros|Tauros|261\/353
|turn|51
|choice|move 1|move 2
|
|move|p2a: Zapdos|Thunderbolt|p1a: Tauros
|-damage|p1a: Tauros|104\/353
|move|p1a: Tauros|Body Slam|p2a: Zapdos
|-crit|p2a: Zapdos
|-damage|p2a: Zapdos|0 fnt
|faint|p2a: Zapdos
|choice||switch 6
|
|switch|p2a: Hungry|Alakazam|313\/313 par
|turn|52
|choice|switch 5|move 2
|
|switch|p1a: Starmie|Starmie|218\/323 par
|move|p2a: Hungry|Psychic|p1a: Starmie
|-crit|p1a: Starmie
|-resisted|p1a: Starmie
|-damage|p1a: Starmie|99\/323 par
|
|turn|53
|choice|move 4|switch 3
|
|switch|p2a: Chance E|Chansey|314\/703 par
|cant|p1a: Starmie|par
|
|turn|54
|choice|move 4|move 4
|
|move|p1a: Starmie|Recover|p1a: Starmie
|-heal|p1a: Starmie|260\/323 par
|move|p2a: Chance E|Soft-Boiled|p2a: Chance E
|-heal|p2a: Chance E|665\/703 par
|
|turn|55
|choice|move 1|move 3
|
|move|p1a: Starmie|Psychic|p2a: Chance E
|-damage|p2a: Chance E|561\/703 par
|move|p2a: Chance E|Thunderbolt|p1a: Starmie
|-crit|p1a: Starmie
|-supereffective|p1a: Starmie
|-damage|p1a: Starmie|0 fnt
|faint|p1a: Starmie
|choice|switch 4|
|
|switch|p1a: Chansey|Chansey|11\/703
|turn|56
|choice|move 4|move 2
|
|move|p1a: Chansey|Soft-Boiled|p1a: Chansey
|-heal|p1a: Chansey|362\/703
|move|p2a: Chance E|Thunder Wave|p1a: Chansey
|-status|p1a: Chansey|par
|
|turn|57
|choice|move 4|switch 3
|
|switch|p2a: Hungry|Alakazam|313\/313 par
|move|p1a: Chansey|Soft-Boiled|p1a: Chansey
|-heal|p1a: Chansey|703\/703 par
|
|turn|58
|choice|move 2|move 3
|
|move|p2a: Hungry|Kinesis|p1a: Chansey
|-unboost|p1a: Chansey|accuracy|1
|move|p1a: Chansey|Thunderbolt|p2a: Hungry
|-damage|p2a: Hungry|255\/313 par
|
|turn|59
|choice|move 2|move 4
|
|move|p2a: Hungry|Recover|p2a: Hungry
|-heal|p2a: Hungry|313\/313 par
|move|p1a: Chansey|Thunderbolt|p2a: Hungry|[miss]
|-miss|p1a: Chansey
|
|turn|60
|choice|move 2|switch 3
|
|switch|p2a: Chance E|Chansey|561\/703 par
|move|p1a: Chansey|Thunderbolt|p2a: Chance E
|-damage|p2a: Chance E|490\/703 par
|
|turn|61
|choice|switch 5|move 3
|
|switch|p1a: Tauros|Tauros|104\/353
|move|p2a: Chance E|Thunderbolt|p1a: Tauros
|-damage|p1a: Tauros|11\/353
|
|turn|62
|choice|move 2|move 3
|
|move|p1a: Tauros|Hyper Beam|p2a: Chance E
|-damage|p2a: Chance E|15\/703 par
|move|p2a: Chance E|Thunderbolt|p1a: Tauros
|-crit|p1a: Tauros
|-damage|p1a: Tauros|0 fnt
|faint|p1a: Tauros
|choice|switch 5|
|
|switch|p1a: Chansey|Chansey|703\/703 par
|turn|63
|choice|move 2|move 4
|
|cant|p2a: Chance E|par
|move|p1a: Chansey|Thunderbolt|p2a: Chance E
|-damage|p2a: Chance E|0 fnt
|faint|p2a: Chance E
|choice||switch 3
|
|switch|p2a: Hungry|Alakazam|313\/313 par
|turn|64
|choice|move 2|move 3
|
|move|p2a: Hungry|Kinesis|p1a: Chansey
|-unboost|p1a: Chansey|accuracy|1
|cant|p1a: Chansey|par
|
|turn|65
|choice|move 3|move 3
|
|cant|p2a: Hungry|par
|move|p1a: Chansey|Thunder Wave|p2a: Hungry
|-fail|p2a: Hungry|par
|
|turn|66
|choice|move 3|move 3
|
|cant|p2a: Hungry|par
|cant|p1a: Chansey|par
|
|turn|67
|choice|move 3|move 3
|
|move|p2a: Hungry|Kinesis|p1a: Chansey
|-unboost|p1a: Chansey|accuracy|1
|move|p1a: Chansey|Thunder Wave|p2a: Hungry
|-fail|p2a: Hungry|par
|
|turn|68
|choice|move 3|move 3
|
|move|p2a: Hungry|Kinesis|p1a: Chansey
|-unboost|p1a: Chansey|accuracy|1
|move|p1a: Chansey|Thunder Wave|p2a: Hungry
|-fail|p2a: Hungry|par
|
|turn|69
|choice|move 3|move 3
|
|move|p2a: Hungry|Kinesis|p1a: Chansey
|-unboost|p1a: Chansey|accuracy|1
|move|p1a: Chansey|Thunder Wave|p2a: Hungry|[miss]
|-miss|p1a: Chansey
|
|turn|70
|choice|move 3|move 3
|
|move|p2a: Hungry|Kinesis|p1a: Chansey
|-unboost|p1a: Chansey|accuracy|1
|cant|p1a: Chansey|par
|
|turn|71
|choice|move 3|move 3
|
|move|p2a: Hungry|Kinesis|p1a: Chansey
|-unboost|p1a: Chansey|accuracy|1
|move|p1a: Chansey|Thunder Wave|p2a: Hungry|[miss]
|-miss|p1a: Chansey
|
|turn|72
|choice|move 3|move 3
|
|cant|p2a: Hungry|par
|cant|p1a: Chansey|par
|
|turn|73
|choice|move 3|move 3
|
|cant|p2a: Hungry|par
|move|p1a: Chansey|Thunder Wave|p2a: Hungry
|-fail|p2a: Hungry|par
|
|turn|74
|choice|move 3|move 3
|
|cant|p2a: Hungry|par
|move|p1a: Chansey|Thunder Wave|p2a: Hungry
|-fail|p2a: Hungry|par
|
|turn|75
|choice|move 3|move 3
|
|move|p2a: Hungry|Kinesis|p1a: Chansey
|-unboost|p1a: Chansey|accuracy|1
|move|p1a: Chansey|Thunder Wave|p2a: Hungry
|-fail|p2a: Hungry|par
|
|turn|76
|choice|move 3|move 3
|
|cant|p2a: Hungry|par
|cant|p1a: Chansey|par
|
|turn|77
|choice|move 3|move 3
|
|move|p2a: Hungry|Kinesis|p1a: Chansey
|-unboost|p1a: Chansey|accuracy|1
|move|p1a: Chansey|Thunder Wave|p2a: Hungry
|-fail|p2a: Hungry|par
|
|turn|78
|choice|move 3|move 3
|
|move|p2a: Hungry|Kinesis|p1a: Chansey
|-unboost|p1a: Chansey|accuracy|1
|move|p1a: Chansey|Thunder Wave|p2a: Hungry
|-fail|p2a: Hungry|par
|
|turn|79
|choice|move 3|move 3
|
|move|p2a: Hungry|Kinesis|p1a: Chansey|[miss]
|-miss|p2a: Hungry
|move|p1a: Chansey|Thunder Wave|p2a: Hungry|[miss]
|-miss|p1a: Chansey
|
|turn|80
|choice|move 3|move 3
|
|cant|p2a: Hungry|par
|move|p1a: Chansey|Thunder Wave|p2a: Hungry|[miss]
|-miss|p1a: Chansey
|
|turn|81
|choice|move 3|move 3
|
|move|p2a: Hungry|Kinesis|p1a: Chansey
|-unboost|p1a: Chansey|accuracy|1
|cant|p1a: Chansey|par
|
|turn|82
|choice|move 3|move 3
|
|move|p2a: Hungry|Kinesis|p1a: Chansey
|-unboost|p1a: Chansey|accuracy|1
|move|p1a: Chansey|Thunder Wave|p2a: Hungry|[miss]
|-miss|p1a: Chansey
|
|turn|83
|choice|move 3|move 3
|
|move|p2a: Hungry|Kinesis|p1a: Chansey
|-unboost|p1a: Chansey|accuracy|1
|move|p1a: Chansey|Thunder Wave|p2a: Hungry
|-fail|p2a: Hungry|par
|
|turn|84
|choice|move 3|move 3
|
|move|p2a: Hungry|Kinesis|p1a: Chansey
|-unboost|p1a: Chansey|accuracy|1
|move|p1a: Chansey|Thunder Wave|p2a: Hungry
|-fail|p2a: Hungry|par
|
|turn|85
|choice|move 3|move 3
|
|move|p2a: Hungry|Kinesis|p1a: Chansey
|-unboost|p1a: Chansey|accuracy|1
|move|p1a: Chansey|Thunder Wave|p2a: Hungry|[miss]
|-miss|p1a: Chansey
|
|turn|86
|choice|move 3|move 3
|
|cant|p2a: Hungry|par
|move|p1a: Chansey|Thunder Wave|p2a: Hungry|[miss]
|-miss|p1a: Chansey
|
|turn|87
|choice|move 3|move 3
|
|move|p2a: Hungry|Kinesis|p1a: Chansey
|-unboost|p1a: Chansey|accuracy|1
|move|p1a: Chansey|Thunder Wave|p2a: Hungry|[miss]
|-miss|p1a: Chansey
|
|turn|88
|c|★Ch01W0n5h1n|i have that time as well
|choice|move 3|move 3
|
|move|p2a: Hungry|Kinesis|p1a: Chansey
|-unboost|p1a: Chansey|accuracy|1
|move|p1a: Chansey|Thunder Wave|p2a: Hungry
|-fail|p2a: Hungry|par
|
|turn|89
|choice|move 3|move 3
|
|move|p2a: Hungry|Kinesis|p1a: Chansey|[miss]
|-miss|p2a: Hungry
|move|p1a: Chansey|Thunder Wave|p2a: Hungry|[miss]
|-miss|p1a: Chansey
|
|turn|90
|choice|move 3|move 3
|
|move|p2a: Hungry|Kinesis|p1a: Chansey
|-unboost|p1a: Chansey|accuracy|1
|move|p1a: Chansey|Thunder Wave|p2a: Hungry|[miss]
|-miss|p1a: Chansey
|
|turn|91
|choice|move 3|move 3
|
|move|p2a: Hungry|Kinesis|p1a: Chansey
|-unboost|p1a: Chansey|accuracy|1
|move|p1a: Chansey|Thunder Wave|p2a: Hungry
|-fail|p2a: Hungry|par
|
|turn|92
|choice|move 3|move 3
|
|move|p2a: Hungry|Kinesis|p1a: Chansey
|-unboost|p1a: Chansey|accuracy|1
|move|p1a: Chansey|Thunder Wave|p2a: Hungry|[miss]
|-miss|p1a: Chansey
|
|turn|93
|choice|move 3|move 1
|
|move|p2a: Hungry|Thunder Wave|p1a: Chansey
|-fail|p1a: Chansey|par
|move|p1a: Chansey|Thunder Wave|p2a: Hungry|[miss]
|-miss|p1a: Chansey
|
|turn|94
|c|★Ch01W0n5h1n|will be fun to watch that replay
|choice|move 3|move 1
|
|move|p2a: Hungry|Thunder Wave|p1a: Chansey
|-fail|p1a: Chansey|par
|move|p1a: Chansey|Thunder Wave|p2a: Hungry
|-fail|p2a: Hungry|par
|
|turn|95
|choice|move 3|move 1
|
|cant|p2a: Hungry|par
|move|p1a: Chansey|Thunder Wave|p2a: Hungry|[miss]
|-miss|p1a: Chansey
|
|turn|96
|choice|move 3|move 1
|
|cant|p2a: Hungry|par
|move|p1a: Chansey|Thunder Wave|p2a: Hungry|[miss]
|-miss|p1a: Chansey
|
|turn|97
|choice|move 3|move 1
|
|move|p2a: Hungry|Thunder Wave|p1a: Chansey
|-fail|p1a: Chansey|par
|move|p1a: Chansey|Thunder Wave|p2a: Hungry|[miss]
|-miss|p1a: Chansey
|
|turn|98
|choice|move 3|move 1
|
|cant|p2a: Hungry|par
|move|p1a: Chansey|Thunder Wave|p2a: Hungry
|-fail|p2a: Hungry|par
|
|turn|99
|choice|move 3|move 1
|
|move|p2a: Hungry|Thunder Wave|p1a: Chansey
|-fail|p1a: Chansey|par
|move|p1a: Chansey|Thunder Wave|p2a: Hungry
|-fail|p2a: Hungry|par
|
|turn|100
|choice|move 3|move 1
|
|move|p2a: Hungry|Thunder Wave|p1a: Chansey
|-fail|p1a: Chansey|par
|move|p1a: Chansey|Thunder Wave|p2a: Hungry|[miss]
|-miss|p1a: Chansey
|
|turn|101
|choice|move 2|move 1
|
|move|p2a: Hungry|Thunder Wave|p1a: Chansey
|-fail|p1a: Chansey|par
|move|p1a: Chansey|Thunderbolt|p2a: Hungry|[miss]
|-miss|p1a: Chansey
|
|turn|102
|choice|move 2|move 1
|
|cant|p2a: Hungry|par
|move|p1a: Chansey|Thunderbolt|p2a: Hungry
|-damage|p2a: Hungry|252\/313 par
|
|turn|103
|choice|move 2|move 1
|
|move|p2a: Hungry|Thunder Wave|p1a: Chansey
|-fail|p1a: Chansey|par
|move|p1a: Chansey|Thunderbolt|p2a: Hungry|[miss]
|-miss|p1a: Chansey
|
|turn|104
|choice|move 2|move 1
|
|move|p2a: Hungry|Thunder Wave|p1a: Chansey
|-fail|p1a: Chansey|par
|move|p1a: Chansey|Thunderbolt|p2a: Hungry
|-damage|p2a: Hungry|186\/313 par
|
|turn|105
|choice|move 2|move 1
|
|move|p2a: Hungry|Thunder Wave|p1a: Chansey
|-fail|p1a: Chansey|par
|move|p1a: Chansey|Thunderbolt|p2a: Hungry|[miss]
|-miss|p1a: Chansey
|
|turn|106
|choice|move 2|move 1
|
|move|p2a: Hungry|Thunder Wave|p1a: Chansey
|-fail|p1a: Chansey|par
|move|p1a: Chansey|Thunderbolt|p2a: Hungry|[miss]
|-miss|p1a: Chansey
|
|turn|107
|choice|move 2|move 1
|
|cant|p2a: Hungry|par
|cant|p1a: Chansey|par
|
|turn|108
|choice|move 2|move 1
|
|move|p2a: Hungry|Thunder Wave|p1a: Chansey
|-fail|p1a: Chansey|par
|move|p1a: Chansey|Thunderbolt|p2a: Hungry
|-damage|p2a: Hungry|128\/313 par
|
|turn|109
|choice|move 2|move 4
|
|move|p2a: Hungry|Recover|p2a: Hungry
|-heal|p2a: Hungry|284\/313 par
|cant|p1a: Chansey|par
|
|turn|110
|choice|move 2|move 1
|
|move|p2a: Hungry|Thunder Wave|p1a: Chansey
|-fail|p1a: Chansey|par
|move|p1a: Chansey|Thunderbolt|p2a: Hungry|[miss]
|-miss|p1a: Chansey
|
|turn|111
|choice|move 2|move 1
|
|move|p2a: Hungry|Thunder Wave|p1a: Chansey
|-fail|p1a: Chansey|par
|move|p1a: Chansey|Thunderbolt|p2a: Hungry
|-damage|p2a: Hungry|218\/313 par
|
|turn|112
|choice|move 2|move 1
|
|move|p2a: Hungry|Thunder Wave|p1a: Chansey
|-fail|p1a: Chansey|par
|move|p1a: Chansey|Thunderbolt|p2a: Hungry|[miss]
|-miss|p1a: Chansey
|
|turn|113
|choice|move 2|move 1
|
|move|p2a: Hungry|Thunder Wave|p1a: Chansey
|-fail|p1a: Chansey|par
|move|p1a: Chansey|Thunderbolt|p2a: Hungry
|-damage|p2a: Hungry|157\/313 par
|
|turn|114
|choice|move 2|move 1
|
|cant|p2a: Hungry|par
|move|p1a: Chansey|Thunderbolt|p2a: Hungry|[miss]
|-miss|p1a: Chansey
|
|turn|115
|choice|move 2|move 4
|
|move|p2a: Hungry|Recover|p2a: Hungry
|-heal|p2a: Hungry|313\/313 par
|move|p1a: Chansey|Thunderbolt|p2a: Hungry|[miss]
|-miss|p1a: Chansey
|
|turn|116
|choice|move 2|move 1
|
|move|p2a: Hungry|Thunder Wave|p1a: Chansey
|-fail|p1a: Chansey|par
|move|p1a: Chansey|Thunderbolt|p2a: Hungry|[miss]
|-miss|p1a: Chansey
|
|turn|117
|choice|move 2|move 1
|
|move|p2a: Hungry|Thunder Wave|p1a: Chansey
|-fail|p1a: Chansey|par
|move|p1a: Chansey|Thunderbolt|p2a: Hungry|[miss]
|-miss|p1a: Chansey
|
|turn|118
|choice|move 2|move 1
|
|move|p2a: Hungry|Thunder Wave|p1a: Chansey
|-fail|p1a: Chansey|par
|move|p1a: Chansey|Thunderbolt|p2a: Hungry|[miss]
|-miss|p1a: Chansey
|
|turn|119
|choice|move 2|move 1
|
|move|p2a: Hungry|Thunder Wave|p1a: Chansey
|-fail|p1a: Chansey|par
|cant|p1a: Chansey|par
|
|turn|120
|choice|move 2|move 1
|
|cant|p2a: Hungry|par
|cant|p1a: Chansey|par
|
|turn|121
|choice|move 2|move 1
|
|move|p2a: Hungry|Thunder Wave|p1a: Chansey
|-fail|p1a: Chansey|par
|cant|p1a: Chansey|par
|
|turn|122
|choice|move 2|move 1
|
|cant|p2a: Hungry|par
|move|p1a: Chansey|Thunderbolt|p2a: Hungry|[miss]
|-miss|p1a: Chansey
|
|turn|123
|choice|move 2|move 1
|
|move|p2a: Hungry|Thunder Wave|p1a: Chansey
|-fail|p1a: Chansey|par
|move|p1a: Chansey|Thunderbolt|p2a: Hungry|[miss]
|-miss|p1a: Chansey
|
|turn|124
|choice|move 2|move 1
|
|move|p2a: Hungry|Thunder Wave|p1a: Chansey
|-fail|p1a: Chansey|par
|move|p1a: Chansey|Thunderbolt|p2a: Hungry
|-damage|p2a: Hungry|251\/313 par
|
|turn|125
|choice|move 2|move 1
|
|move|p2a: Hungry|Thunder Wave|p1a: Chansey
|-fail|p1a: Chansey|par
|move|p1a: Chansey|Thunderbolt|p2a: Hungry
|-damage|p2a: Hungry|193\/313 par
|
|turn|126
|choice|move 1|move 1
|
|cant|p2a: Hungry|par
|cant|p1a: Chansey|par
|
|turn|127
|choice|move 1|move 1
|
|move|p2a: Hungry|Thunder Wave|p1a: Chansey
|-fail|p1a: Chansey|par
|cant|p1a: Chansey|par
|
|turn|128
|choice|move 1|move 1
|
|move|p2a: Hungry|Thunder Wave|p1a: Chansey
|-fail|p1a: Chansey|par
|move|p1a: Chansey|Ice Beam|p2a: Hungry|[miss]
|-miss|p1a: Chansey
|
|turn|129
|choice|move 1|move 1
|
|cant|p2a: Hungry|par
|cant|p1a: Chansey|par
|
|turn|130
|choice|move 1|move 1
|
|move|p2a: Hungry|Thunder Wave|p1a: Chansey
|-fail|p1a: Chansey|par
|cant|p1a: Chansey|par
|
|turn|131
|choice|move 1|move 1
|
|move|p2a: Hungry|Thunder Wave|p1a: Chansey
|-fail|p1a: Chansey|par
|move|p1a: Chansey|Ice Beam|p2a: Hungry
|-damage|p2a: Hungry|133\/313 par
|
|turn|132
|choice|move 1|move 4
|
|move|p2a: Hungry|Recover|p2a: Hungry
|-heal|p2a: Hungry|289\/313 par
|move|p1a: Chansey|Ice Beam|p2a: Hungry|[miss]
|-miss|p1a: Chansey
|
|turn|133
|choice|move 1|move 1
|
|move|p2a: Hungry|Thunder Wave|p1a: Chansey
|-fail|p1a: Chansey|par
|move|p1a: Chansey|Ice Beam|p2a: Hungry|[miss]
|-miss|p1a: Chansey
|
|turn|134
|choice|move 1|move 1
|
|move|p2a: Hungry|Thunder Wave|p1a: Chansey
|-fail|p1a: Chansey|par
|cant|p1a: Chansey|par
|
|turn|135
|choice|move 1|move 1
|
|move|p2a: Hungry|Thunder Wave|p1a: Chansey
|-fail|p1a: Chansey|par
|move|p1a: Chansey|Ice Beam|p2a: Hungry|[miss]
|-miss|p1a: Chansey
|
|turn|136
|choice|move 1|move 4
|
|move|p2a: Hungry|Recover|p2a: Hungry
|-heal|p2a: Hungry|313\/313 par
|move|p1a: Chansey|Ice Beam|p2a: Hungry|[miss]
|-miss|p1a: Chansey
|
|turn|137
|choice|move 1|move 4
|
|move|p2a: Hungry|Recover|p2a: Hungry
|-fail|p2a: Hungry
|move|p1a: Chansey|Ice Beam|p2a: Hungry|[miss]
|-miss|p1a: Chansey
|
|turn|138
|choice|move 1|move 4
|
|move|p2a: Hungry|Recover|p2a: Hungry
|-fail|p2a: Hungry
|cant|p1a: Chansey|par
|
|turn|139
|choice|move 1|move 4
|
|move|p2a: Hungry|Recover|p2a: Hungry
|-fail|p2a: Hungry
|move|p1a: Chansey|Ice Beam|p2a: Hungry
|-damage|p2a: Hungry|256\/313 par
|
|turn|140
|choice|move 1|move 4
|
|move|p2a: Hungry|Recover|p2a: Hungry
|-heal|p2a: Hungry|313\/313 par
|move|p1a: Chansey|Ice Beam|p2a: Hungry|[miss]
|-miss|p1a: Chansey
|
|turn|141
|choice|move 1|move 4
|
|move|p2a: Hungry|Recover|p2a: Hungry
|-fail|p2a: Hungry
|move|p1a: Chansey|Ice Beam|p2a: Hungry
|-damage|p2a: Hungry|254\/313 par
|
|turn|142
|choice|move 1|move 4
|
|move|p2a: Hungry|Recover|p2a: Hungry
|-heal|p2a: Hungry|313\/313 par
|cant|p1a: Chansey|par
|
|turn|143
|choice|move 1|move 4
|
|move|p2a: Hungry|Recover|p2a: Hungry
|-fail|p2a: Hungry
|move|p1a: Chansey|Ice Beam|p2a: Hungry
|-damage|p2a: Hungry|250\/313 par
|
|turn|144
|choice|move 1|move 4
|
|move|p2a: Hungry|Recover|p2a: Hungry
|-heal|p2a: Hungry|313\/313 par
|move|p1a: Chansey|Ice Beam|p2a: Hungry|[miss]
|-miss|p1a: Chansey
|
|turn|145
|choice|move 1|move 4
|
|move|p2a: Hungry|Recover|p2a: Hungry
|-fail|p2a: Hungry
|move|p1a: Chansey|Ice Beam|p2a: Hungry
|-damage|p2a: Hungry|251\/313 par
|
|turn|146
|choice|move 1|move 4
|
|move|p2a: Hungry|Recover|p2a: Hungry
|-heal|p2a: Hungry|313\/313 par
|move|p1a: Chansey|Ice Beam|p2a: Hungry
|-damage|p2a: Hungry|247\/313 par
|
|turn|147
|choice|move 1|move 4
|
|move|p2a: Hungry|Recover|p2a: Hungry
|-heal|p2a: Hungry|313\/313 par
|move|p1a: Chansey|Ice Beam|p2a: Hungry|[miss]
|-miss|p1a: Chansey
|
|turn|148
|choice|move 1|move 4
|
|move|p2a: Hungry|Recover|p2a: Hungry
|-fail|p2a: Hungry
|cant|p1a: Chansey|par
|
|turn|149
|choice|move 1|move 4
|
|move|p2a: Hungry|Recover|p2a: Hungry
|-fail|p2a: Hungry
|move|p1a: Chansey|Ice Beam|p2a: Hungry|[miss]
|-miss|p1a: Chansey
|
|turn|150
|choice|move 4|move 4
|
|cant|p2a: Hungry|par
|move|p1a: Chansey|Soft-Boiled|p1a: Chansey
|-fail|p1a: Chansey
|
|turn|151
|choice|move 4|move 4
|
|move|p2a: Hungry|Recover|p2a: Hungry
|-fail|p2a: Hungry
|cant|p1a: Chansey|par
|
|turn|152
|choice|move 4|move 4
|
|move|p2a: Hungry|Recover|p2a: Hungry
|-fail|p2a: Hungry
|move|p1a: Chansey|Soft-Boiled|p1a: Chansey
|-fail|p1a: Chansey
|
|turn|153
|choice|move 4|move 4
|
|move|p2a: Hungry|Recover|p2a: Hungry
|-fail|p2a: Hungry
|move|p1a: Chansey|Soft-Boiled|p1a: Chansey
|-fail|p1a: Chansey
|
|turn|154
|c|★MyNameIsHeracross|i hope that u and ur family have cancer brain
|choice|move 4|move 4
|
|cant|p2a: Hungry|par
|move|p1a: Chansey|Soft-Boiled|p1a: Chansey
|-fail|p1a: Chansey
|
|turn|155
|choice|move 4|move 4
|
|move|p2a: Hungry|Recover|p2a: Hungry
|-fail|p2a: Hungry
|move|p1a: Chansey|Soft-Boiled|p1a: Chansey
|-fail|p1a: Chansey
|
|turn|156
|c|★Ch01W0n5h1n|i hope that ur able to build sentences with proper grammar
|choice|move 4|move 4
|
|move|p2a: Hungry|Recover|p2a: Hungry
|-fail|p2a: Hungry
|move|p1a: Chansey|Soft-Boiled|p1a: Chansey
|-fail|p1a: Chansey
|
|turn|157
|c|★MyNameIsHeracross|ur mom is a fuccking bicth
|choice|move 4|move 4
|
|cant|p2a: Hungry|par
|move|p1a: Chansey|Soft-Boiled|p1a: Chansey
|-fail|p1a: Chansey
|
|turn|158
|choice|move 4|move 4
|
|cant|p2a: Hungry|par
|move|p1a: Chansey|Soft-Boiled|p1a: Chansey
|-fail|p1a: Chansey
|
|turn|159
|choice|move 4|move 4
|
|move|p2a: Hungry|Recover|p2a: Hungry
|-fail|p2a: Hungry
|move|p1a: Chansey|Soft-Boiled|p1a: Chansey
|-fail|p1a: Chansey
|
|turn|160
|choice|move 4|move 4
|
|move|p2a: Hungry|Recover|p2a: Hungry
|-fail|p2a: Hungry
|cant|p1a: Chansey|par
|
|turn|161
|choice|move 4|move 4
|
|cant|p2a: Hungry|par
|move|p1a: Chansey|Soft-Boiled|p1a: Chansey
|-fail|p1a: Chansey
|
|turn|162
|choice|move 4|move 4
|
|cant|p2a: Hungry|par
|cant|p1a: Chansey|par
|
|turn|163
|choice|move 4|move 4
|
|move|p2a: Hungry|Recover|p2a: Hungry
|-fail|p2a: Hungry
|cant|p1a: Chansey|par
|
|turn|164
|choice|move 4|move 4
|
|move|p2a: Hungry|Recover|p2a: Hungry
|-fail|p2a: Hungry
|move|p1a: Chansey|Soft-Boiled|p1a: Chansey
|-fail|p1a: Chansey
|
|turn|165
|choice|move 4|move 4
|
|move|p2a: Hungry|Recover|p2a: Hungry
|-fail|p2a: Hungry
|move|p1a: Chansey|Soft-Boiled|p1a: Chansey
|-fail|p1a: Chansey
|
|turn|166
|choice|move 4|move 4
|
|cant|p2a: Hungry|par
|move|p1a: Chansey|Soft-Boiled|p1a: Chansey
|-fail|p1a: Chansey
|
|turn|167
|choice|move 4|move 4
|
|move|p2a: Hungry|Recover|p2a: Hungry
|-fail|p2a: Hungry
|move|p1a: Chansey|Soft-Boiled|p1a: Chansey
|-fail|p1a: Chansey
|
|turn|168
|choice|move 1|move 4
|
|move|p2a: Hungry|Recover|p2a: Hungry
|-fail|p2a: Hungry
|cant|p1a: Chansey|par
|
|turn|169
|choice|move 1|move 4
|
|cant|p2a: Hungry|par
|cant|p1a: Chansey|par
|
|turn|170
|choice|move 1|move 4
|
|move|p2a: Hungry|Recover|p2a: Hungry
|-fail|p2a: Hungry
|move|p1a: Chansey|Struggle|p2a: Hungry|[miss]
|-miss|p1a: Chansey
|
|turn|171
|choice|move 1|move 4
|
|move|p2a: Hungry|Recover|p2a: Hungry
|-fail|p2a: Hungry
|cant|p1a: Chansey|par
|
|turn|172
|choice|move 1|move 2
|
|move|p2a: Hungry|Psychic|p1a: Chansey
|-damage|p1a: Chansey|571\/703 par
|-unboost|p1a: Chansey|spd|1
|-unboost|p1a: Chansey|spa|1
|move|p1a: Chansey|Struggle|p2a: Hungry
|-crit|p2a: Hungry
|-damage|p2a: Hungry|242\/313 par
|-damage|p1a: Chansey|536\/703 par|[from] recoil|[of] p2a: Hungry
|
|turn|173
|j|cris0333
|choice|move 1|move 2
|
|move|p2a: Hungry|Psychic|p1a: Chansey
|-damage|p1a: Chansey|347\/703 par
|cant|p1a: Chansey|par
|
|turn|174
|choice|move 1|move 2
|
|move|p2a: Hungry|Psychic|p1a: Chansey
|-damage|p1a: Chansey|156\/703 par
|-unboost|p1a: Chansey|spd|1
|-unboost|p1a: Chansey|spa|1
|move|p1a: Chansey|Struggle|p2a: Hungry|[miss]
|-miss|p1a: Chansey
|
|turn|175
|l|cris0333
|c|★MyNameIsHeracross|ur family need die this evening
|choice|move 1|move 2
|
|cant|p2a: Hungry|par
|cant|p1a: Chansey|par
|
|turn|176
|choice|move 1|move 2
|
|cant|p2a: Hungry|par
|cant|p1a: Chansey|par
|
|turn|177
|choice|move 1|move 2
|
|move|p2a: Hungry|Psychic|p1a: Chansey
|-crit|p1a: Chansey
|-damage|p1a: Chansey|0 fnt
|faint|p1a: Chansey
|
|win|Ch01W0n5h1n
|player|p1
|player|p2