|join|champ_dab
|join|Ryuseinho Yukinho
|player|p1|champ_dab|163
|player|p2|Ryuseinho Yukinho|164
|gametype|singles
|gen|1
|tier|[Gen 1] OU (beta)
|rated
|rule|Sleep Clause Mod: Limit one foe put to sleep
|rule|Species Clause: Limit one of each Pokémon
|rule|OHKO Clause: OHKO moves are banned
|rule|Moody Clause: Moody is banned
|rule|Evasion Moves Clause: Evasion moves are banned
|rule|Endless Battle Clause: Forcing endless battles is banned
|rule|HP Percentage Mod: HP is reported as percentages
|
|start
|switch|p1a: Gengar|Gengar|323\/323
|switch|p2a: Jynx|Jynx|333\/333
|turn|1
|
|move|p1a: Gengar|Hypnosis|p2a: Jynx
|-status|p2a: Jynx|slp
|cant|p2a: Jynx|slp
|-curestatus|p2a: Jynx|slp
|
|turn|2
|
|move|p1a: Gengar|Hypnosis|p2a: Jynx|[miss]
|-miss|p1a: Gengar
|move|p2a: Jynx|Lovely Kiss|p1a: Gengar|[miss]
|-miss|p2a: Jynx
|
|turn|3
|
|switch|p2a: Cloyster|Cloyster|303\/303
|move|p1a: Gengar|Hypnosis|p2a: Cloyster|[miss]
|-miss|p1a: Gengar
|
|turn|4
|
|move|p1a: Gengar|Thunder|p2a: Cloyster|[miss]
|-miss|p1a: Gengar
|move|p2a: Cloyster|Blizzard|p1a: Gengar
|-damage|p1a: Gengar|213\/323
|
|turn|5
|
|switch|p2a: Snorlax|Snorlax|523\/523
|move|p1a: Gengar|Thunder|p2a: Snorlax
|-damage|p2a: Snorlax|381\/523
|
|turn|6
|
|switch|p1a: Snorlax|Snorlax|523\/523
|move|p2a: Snorlax|Earthquake|p1a: Snorlax
|-damage|p1a: Snorlax|408\/523
|
|turn|7
|
|move|p2a: Snorlax|Body Slam|p1a: Snorlax
|-crit|p1a: Snorlax
|-damage|p1a: Snorlax|112\/523
|move|p1a: Snorlax|Body Slam|p2a: Snorlax
|-damage|p2a: Snorlax|235\/523
|
|turn|8
|
|move|p2a: Snorlax|Earthquake|p1a: Snorlax
|-damage|p1a: Snorlax|3\/523
|move|p1a: Snorlax|Body Slam|p2a: Snorlax
|-damage|p2a: Snorlax|86\/523
|
|turn|9
|
|move|p1a: Snorlax|Body Slam|p2a: Snorlax
|-damage|p2a: Snorlax|0 fnt
|faint|p2a: Snorlax
|
|
|switch|p2a: Alakazam|Alakazam|313\/313
|turn|10
|
|move|p2a: Alakazam|Psychic|p1a: Snorlax
|-damage|p1a: Snorlax|0 fnt
|faint|p1a: Snorlax
|
|
|switch|p1a: Chansey|Chansey|703\/703
|turn|11
|join|Bacon & Cheese
|
|switch|p2a: Jynx|Jynx|333\/333
|move|p1a: Chansey|Thunder Wave|p2a: Jynx
|-status|p2a: Jynx|par
|
|turn|12
|leave|Bacon & Cheese
|
|move|p1a: Chansey|Thunderbolt|p2a: Jynx
|-damage|p2a: Jynx|246\/333 par
|cant|p2a: Jynx|par
|
|turn|13
|
|move|p1a: Chansey|Thunderbolt|p2a: Jynx
|-crit|p2a: Jynx
|-damage|p2a: Jynx|97\/333 par
|move|p2a: Jynx|Blizzard|p1a: Chansey
|-crit|p1a: Chansey
|-damage|p1a: Chansey|433\/703
|
|turn|14
|
|move|p1a: Chansey|Thunderbolt|p2a: Jynx
|-damage|p2a: Jynx|12\/333 par
|move|p2a: Jynx|Blizzard|p1a: Chansey|[miss]
|-miss|p2a: Jynx
|
|turn|15
|
|move|p1a: Chansey|Thunderbolt|p2a: Jynx
|-damage|p2a: Jynx|0 fnt
|faint|p2a: Jynx
|
|
|switch|p2a: Tauros|Tauros|353\/353
|turn|16
|
|move|p2a: Tauros|Hyper Beam|p1a: Chansey
|-damage|p1a: Chansey|0 fnt
|faint|p1a: Chansey
|
|
|switch|p1a: Jolteon|Jolteon|333\/333
|turn|17
|
|switch|p2a: Gengar|Gengar|323\/323
|move|p1a: Jolteon|Thunder Wave|p2a: Gengar
|-status|p2a: Gengar|par
|
|turn|18
|
|switch|p1a: Rhydon|Rhydon|413\/413
|move|p2a: Gengar|Hypnosis|p1a: Rhydon|[miss]
|-miss|p2a: Gengar
|
|turn|19
|
|switch|p2a: Cloyster|Cloyster|303\/303
|move|p1a: Rhydon|Earthquake|p2a: Cloyster
|-damage|p2a: Cloyster|203\/303
|
|turn|20
|
|switch|p1a: Gengar|Gengar|213\/323
|move|p2a: Cloyster|Blizzard|p1a: Gengar
|-damage|p1a: Gengar|112\/323
|
|turn|21
|
|switch|p2a: Gengar|Gengar|323\/323 par
|move|p1a: Gengar|Hypnosis|p2a: Gengar|[miss]
|-miss|p1a: Gengar
|
|turn|22
|
|switch|p1a: Tauros|Tauros|353\/353
|move|p2a: Gengar|Hypnosis|p1a: Tauros|[miss]
|-miss|p2a: Gengar
|
|turn|23
|
|move|p1a: Tauros|Earthquake|p2a: Gengar
|-supereffective|p2a: Gengar
|-damage|p2a: Gengar|112\/323 par
|move|p2a: Gengar|Hypnosis|p1a: Tauros
|-status|p1a: Tauros|slp
|
|turn|24
|
|cant|p1a: Tauros|slp
|move|p2a: Gengar|Psychic|p1a: Tauros
|-crit|p1a: Tauros
|-damage|p1a: Tauros|149\/353 slp
|
|turn|25
|
|switch|p1a: Rhydon|Rhydon|413\/413
|move|p2a: Gengar|Psychic|p1a: Rhydon
|-crit|p1a: Rhydon
|-damage|p1a: Rhydon|141\/413
|-unboost|p1a: Rhydon|spd|1
|-unboost|p1a: Rhydon|spa|1
|
|turn|26
|
|move|p1a: Rhydon|Earthquake|p2a: Gengar
|-supereffective|p2a: Gengar
|-damage|p2a: Gengar|0 fnt
|faint|p2a: Gengar
|
|
|switch|p2a: Cloyster|Cloyster|203\/303
|turn|27
|join|DavidXanatos
|
|switch|p1a: Gengar|Gengar|112\/323
|move|p2a: Cloyster|Clamp|p1a: Gengar
|-damage|p1a: Gengar|77\/323
|-activate|p1a: Gengar|move: Clamp|[of] p2a: Cloyster
|
|turn|28
|
|cant|p1a: Gengar|partiallytrapped
|move|p2a: Cloyster|Clamp|p1a: Gengar
|-damage|p1a: Gengar|42\/323
|
|turn|29
|
|cant|p1a: Gengar|partiallytrapped
|move|p2a: Cloyster|Clamp|p1a: Gengar
|-damage|p1a: Gengar|7\/323
|
|-end|p1a: Gengar|Clamp|[partiallytrapped]
|turn|30
|
|move|p1a: Gengar|Explosion|p2a: Cloyster
|-damage|p2a: Cloyster|68\/303
|faint|p1a: Gengar
|
|switch|p1a: Jolteon|Jolteon|333\/333
|turn|31
|
|move|p1a: Jolteon|Thunderbolt|p2a: Cloyster
|-supereffective|p2a: Cloyster
|-damage|p2a: Cloyster|0 fnt
|faint|p2a: Cloyster
|
|
|switch|p2a: Tauros|Tauros|353\/353
|turn|32
|
|move|p1a: Jolteon|Thunder Wave|p2a: Tauros
|-status|p2a: Tauros|par
|move|p2a: Tauros|Earthquake|p1a: Jolteon
|-supereffective|p1a: Jolteon
|-damage|p1a: Jolteon|104\/333
|
|turn|33
|
|switch|p1a: Tauros|Tauros|149\/353 slp
|cant|p2a: Tauros|par
|
|turn|34
|
|cant|p1a: Tauros|slp
|-curestatus|p1a: Tauros|slp
|cant|p2a: Tauros|par
|
|turn|35
|
|move|p1a: Tauros|Body Slam|p2a: Tauros
|-damage|p2a: Tauros|256\/353 par
|move|p2a: Tauros|Hyper Beam|p1a: Tauros
|-damage|p1a: Tauros|0 fnt
|faint|p1a: Tauros
|
|
|switch|p1a: Rhydon|Rhydon|141\/413
|turn|36
|
|move|p1a: Rhydon|Substitute|p1a: Rhydon
|-start|p1a: Rhydon|Substitute
|-damage|p1a: Rhydon|38\/413
|move|p2a: Tauros|Blizzard|p1a: Rhydon
|-supereffective|p1a: Rhydon
|-end|p1a: Rhydon|Substitute
|
|turn|37
|
|move|p1a: Rhydon|Earthquake|p2a: Tauros
|-damage|p2a: Tauros|113\/353 par
|move|p2a: Tauros|Earthquake|p1a: Rhydon
|-crit|p1a: Rhydon
|-supereffective|p1a: Rhydon
|-damage|p1a: Rhydon|0 fnt
|faint|p1a: Rhydon
|
|
|switch|p1a: Jolteon|Jolteon|104\/333
|turn|38
|
|move|p1a: Jolteon|Double Kick|p2a: Tauros
|-supereffective|p2a: Tauros
|-damage|p2a: Tauros|74\/353 par
|-damage|p2a: Tauros|35\/353 par
|-hitcount|p2a: Tauros|2
|cant|p2a: Tauros|par
|
|turn|39
|
|move|p1a: Jolteon|Double Kick|p2a: Tauros
|-crit|p2a: Tauros
|-supereffective|p2a: Tauros
|-damage|p2a: Tauros|0 fnt
|-hitcount|p2a: Tauros|1
|faint|p2a: Tauros
|
|
|switch|p2a: Alakazam|Alakazam|313\/313
|turn|40
|
|move|p1a: Jolteon|Thunder Wave|p2a: Alakazam
|-status|p2a: Alakazam|par
|move|p2a: Alakazam|Psychic|p1a: Jolteon
|-crit|p1a: Jolteon
|-damage|p1a: Jolteon|0 fnt
|faint|p1a: Jolteon
|
|win|Ryuseinho Yukinho
|raw|Ladder updating...
|raw|champ_dab's rating: 1229 &rarr; <strong>1211<\/strong><br \/>(-18 for losing)
|raw|Ryuseinho Yukinho's rating: 1318 &rarr; <strong>1333<\/strong><br \/>(+15 for winning)
|leave|Ryuseinho Yukinho
|player|p2
|chat|champ_dab|gg