|join|Dark Shout
|join|jb champ
|player|p1|Dark Shout|40
|player|p2|jb champ|150
|gametype|singles
|gen|1
|tier|[Gen 1] Random Battle
|rated
|rule|Sleep Clause Mod: Limit one foe put to sleep
|rule|Freeze Clause Mod: Limit one foe frozen
|rule|HP Percentage Mod: HP is shown in percentages
|
|start
|switch|p1a: Jigglypuff|Jigglypuff, L99|428\/428
|switch|p2a: Kangaskhan|Kangaskhan, L86|356\/356
|turn|1
|
|switch|p2a: Golbat|Golbat, L86|304\/304
|move|p1a: Jigglypuff|Thunder Wave|p2a: Golbat
|-status|p2a: Golbat|par
|
|turn|2
|
|move|p1a: Jigglypuff|Defense Curl|p1a: Jigglypuff
|-boost|p1a: Jigglypuff|def|1
|cant|p2a: Golbat|par
|
|turn|3
|
|switch|p2a: Poliwhirl|Poliwhirl, L86|287\/287
|move|p1a: Jigglypuff|Bubble Beam|p2a: Poliwhirl
|-resisted|p2a: Poliwhirl
|-damage|p2a: Poliwhirl|267\/287
|
|turn|4
|
|move|p2a: Poliwhirl|Hypnosis|p1a: Jigglypuff|[miss]
|-miss|p2a: Poliwhirl
|move|p1a: Jigglypuff|Thunder Wave|p2a: Poliwhirl
|-status|p2a: Poliwhirl|par
|
|turn|5
|
|move|p1a: Jigglypuff|Disable|p2a: Poliwhirl|[miss]
|-miss|p1a: Jigglypuff
|cant|p2a: Poliwhirl|par
|
|turn|6
|
|switch|p1a: Snorlax|Snorlax, L80|420\/420
|cant|p2a: Poliwhirl|par
|
|turn|7
|
|move|p1a: Snorlax|Amnesia|p1a: Snorlax
|-boost|p1a: Snorlax|spd|2
|-boost|p1a: Snorlax|spa|2
|move|p2a: Poliwhirl|Hypnosis|p1a: Snorlax
|-status|p1a: Snorlax|slp
|
|turn|8
|
|switch|p2a: Scyther|Scyther, L86|296\/296
|cant|p1a: Snorlax|slp
|
|turn|9
|
|switch|p1a: Zapdos|Zapdos, L80|308\/308
|move|p2a: Scyther|Slash|p1a: Zapdos
|-crit|p1a: Zapdos
|-damage|p1a: Zapdos|186\/308
|
|turn|10
|
|move|p2a: Scyther|Slash|p1a: Zapdos
|-crit|p1a: Zapdos
|-damage|p1a: Zapdos|72\/308
|move|p1a: Zapdos|Thunder Wave|p2a: Scyther
|-status|p2a: Scyther|par
|
|turn|11
|
|move|p1a: Zapdos|Thunderbolt|p2a: Scyther
|-supereffective|p2a: Scyther
|-damage|p2a: Scyther|26\/296 par
|cant|p2a: Scyther|par
|
|turn|12
|
|move|p1a: Zapdos|Drill Peck|p2a: Scyther
|-supereffective|p2a: Scyther
|-damage|p2a: Scyther|0 fnt
|faint|p2a: Scyther
|
|switch|p2a: Kangaskhan|Kangaskhan, L86|356\/356
|turn|13
|
|switch|p1a: Zubat|Zubat, L95|269\/269
|move|p2a: Kangaskhan|Body Slam|p1a: Zubat
|-crit|p1a: Zubat
|-damage|p1a: Zubat|4\/269
|
|turn|14
|
|move|p2a: Kangaskhan|Body Slam|p1a: Zubat
|-damage|p1a: Zubat|0 fnt
|faint|p1a: Zubat
|
|switch|p1a: Jigglypuff|Jigglypuff, L99|428\/428
|turn|15
|
|switch|p2a: Poliwhirl|Poliwhirl, L86|267\/287 par
|move|p1a: Jigglypuff|Thunder Wave|p2a: Poliwhirl
|-fail|p2a: Poliwhirl|par
|
|turn|16
|
|switch|p1a: Snorlax|Snorlax, L80|420\/420 slp
|cant|p2a: Poliwhirl|par
|
|turn|17
|
|cant|p1a: Snorlax|slp
|move|p2a: Poliwhirl|Amnesia|p2a: Poliwhirl
|-boost|p2a: Poliwhirl|spd|2
|-boost|p2a: Poliwhirl|spa|2
|
|turn|18
|
|cant|p1a: Snorlax|slp
|-curestatus|p1a: Snorlax|slp
|cant|p2a: Poliwhirl|par
|
|turn|19
|
|move|p1a: Snorlax|Amnesia|p1a: Snorlax
|-boost|p1a: Snorlax|spd|2
|-boost|p1a: Snorlax|spa|2
|cant|p2a: Poliwhirl|par
|
|turn|20
|
|move|p1a: Snorlax|Amnesia|p1a: Snorlax
|-boost|p1a: Snorlax|spd|2
|-boost|p1a: Snorlax|spa|2
|cant|p2a: Poliwhirl|par
|
|turn|21
|c|★jb champ|is this game serious?
|c|★jb champ|i am getting more para thank attacking turns
|
|move|p1a: Snorlax|Thunderbolt|p2a: Poliwhirl
|-supereffective|p2a: Poliwhirl
|-damage|p2a: Poliwhirl|69\/287 par
|move|p2a: Poliwhirl|Hypnosis|p1a: Snorlax
|-status|p1a: Snorlax|slp
|
|turn|22
|
|switch|p2a: Kangaskhan|Kangaskhan, L86|356\/356
|cant|p1a: Snorlax|slp
|
|turn|23
|
|move|p2a: Kangaskhan|Body Slam|p1a: Snorlax
|-damage|p1a: Snorlax|300\/420 slp
|cant|p1a: Snorlax|slp
|
|turn|24
|
|move|p2a: Kangaskhan|Body Slam|p1a: Snorlax
|-damage|p1a: Snorlax|177\/420 slp
|cant|p1a: Snorlax|slp
|-curestatus|p1a: Snorlax|slp
|
|turn|25
|
|move|p2a: Kangaskhan|Hyper Beam|p1a: Snorlax
|-damage|p1a: Snorlax|0 fnt
|faint|p1a: Snorlax
|
|switch|p1a: Jigglypuff|Jigglypuff, L99|428\/428
|turn|26
|
|switch|p2a: Poliwhirl|Poliwhirl, L86|69\/287 par
|move|p1a: Jigglypuff|Thunder Wave|p2a: Poliwhirl
|-fail|p2a: Poliwhirl|par
|
|turn|27
|
|switch|p1a: Dewgong|Dewgong, L86|330\/330
|move|p2a: Poliwhirl|Surf|p1a: Dewgong
|-resisted|p1a: Dewgong
|-damage|p1a: Dewgong|295\/330
|
|turn|28
|
|switch|p2a: Muk|Muk, L86|356\/356
|move|p1a: Dewgong|Body Slam|p2a: Muk
|-damage|p2a: Muk|297\/356
|
|turn|29
|
|move|p1a: Dewgong|Surf|p2a: Muk
|-damage|p2a: Muk|170\/356
|move|p2a: Muk|Body Slam|p1a: Dewgong
|-damage|p1a: Dewgong|221\/330
|-status|p1a: Dewgong|par
|
|turn|30
|
|move|p2a: Muk|Sludge|p1a: Dewgong
|-damage|p1a: Dewgong|142\/330 par
|cant|p1a: Dewgong|par
|
|turn|31
|
|move|p2a: Muk|Sludge|p1a: Dewgong
|-damage|p1a: Dewgong|62\/330 par
|move|p1a: Dewgong|Surf|p2a: Muk
|-damage|p2a: Muk|55\/356
|
|turn|32
|
|switch|p1a: Jigglypuff|Jigglypuff, L99|428\/428
|move|p2a: Muk|Sludge|p1a: Jigglypuff
|-damage|p1a: Jigglypuff|298\/428
|-status|p1a: Jigglypuff|psn
|
|turn|33
|
|switch|p2a: Poliwhirl|Poliwhirl, L86|69\/287 par
|move|p1a: Jigglypuff|Bubble Beam|p2a: Poliwhirl
|-resisted|p2a: Poliwhirl
|-damage|p2a: Poliwhirl|49\/287 par
|-damage|p1a: Jigglypuff|272\/428 psn|[from] psn|[of] p2a: Poliwhirl
|
|turn|34
|
|move|p1a: Jigglypuff|Bubble Beam|p2a: Poliwhirl
|-resisted|p2a: Poliwhirl
|-damage|p2a: Poliwhirl|28\/287 par
|-damage|p1a: Jigglypuff|246\/428 psn|[from] psn|[of] p2a: Poliwhirl
|move|p2a: Poliwhirl|Psychic|p1a: Jigglypuff
|-damage|p1a: Jigglypuff|174\/428 psn
|
|turn|35
|
|move|p1a: Jigglypuff|Bubble Beam|p2a: Poliwhirl
|-resisted|p2a: Poliwhirl
|-damage|p2a: Poliwhirl|8\/287 par
|-damage|p1a: Jigglypuff|148\/428 psn|[from] psn|[of] p2a: Poliwhirl
|move|p2a: Poliwhirl|Psychic|p1a: Jigglypuff
|-crit|p1a: Jigglypuff
|-damage|p1a: Jigglypuff|15\/428 psn
|
|turn|36
|
|switch|p2a: Golbat|Golbat, L86|304\/304 par
|move|p1a: Jigglypuff|Bubble Beam|p2a: Golbat
|-damage|p2a: Golbat|268\/304 par
|-damage|p1a: Jigglypuff|0 fnt|[from] psn|[of] p2a: Golbat
|faint|p1a: Jigglypuff
|
|switch|p1a: Zapdos|Zapdos, L80|72\/308
|turn|37
|
|move|p1a: Zapdos|Thunderbolt|p2a: Golbat
|-crit|p2a: Golbat
|-supereffective|p2a: Golbat
|-damage|p2a: Golbat|0 fnt
|faint|p2a: Golbat
|
|switch|p2a: Kangaskhan|Kangaskhan, L86|356\/356
|turn|38
|
|move|p2a: Kangaskhan|Body Slam|p1a: Zapdos
|-damage|p1a: Zapdos|0 fnt
|faint|p1a: Zapdos
|
|switch|p1a: Dewgong|Dewgong, L86|62\/330 par
|turn|39
|
|move|p2a: Kangaskhan|Body Slam|p1a: Dewgong
|-damage|p1a: Dewgong|0 fnt
|faint|p1a: Dewgong
|
|switch|p1a: Metapod|Metapod, L99|300\/300
|turn|40
|
|move|p2a: Kangaskhan|Body Slam|p1a: Metapod
|-damage|p1a: Metapod|202\/300
|-status|p1a: Metapod|par
|move|p1a: Metapod|String Shot|p2a: Kangaskhan
|-unboost|p2a: Kangaskhan|spe|1
|
|turn|41
|c|★jb champ|gg
|
|move|p2a: Kangaskhan|Body Slam|p1a: Metapod
|-damage|p1a: Metapod|92\/300 par
|move|p1a: Metapod|Tackle|p2a: Kangaskhan
|-damage|p2a: Kangaskhan|339\/356
|
|turn|42
|
|move|p2a: Kangaskhan|Body Slam|p1a: Metapod
|-damage|p1a: Metapod|0 fnt
|faint|p1a: Metapod
|
|win|jb champ
|raw|Ladder updating...
|raw|Dark Shout's rating: 1365 &rarr; <strong>1341<\/strong><br \/>(-24 for losing)
|raw|jb champ's rating: 1297 &rarr; <strong>1327<\/strong><br \/>(+30 for winning)
|leave|Dark Shout