|j|YStramrood
|j|MALESANI
|player|p1|YStramrood|162
|player|p2|MALESANI|238
|gametype|singles
|gen|1
|tier|[Gen 1] Random Battle
|rated
|seed|47004,50993,12177,19739
|rule|Sleep Clause Mod: Limit one foe put to sleep
|rule|Freeze Clause Mod: Limit one foe frozen
|rule|HP Percentage Mod: HP is shown in percentages
|
|start
|switch|p1a: Rapidash|Rapidash, L90|300\/300
|switch|p2a: Poliwag|Poliwag, L96|272\/272
|turn|1
|choice|move 2|move 4
|
|move|p1a: Rapidash|Reflect|p1a: Rapidash
|-start|p1a: Rapidash|Reflect
|move|p2a: Poliwag|Hypnosis|p1a: Rapidash
|-status|p1a: Rapidash|slp
|
|turn|2
|choice|move 4|move 1
|
|cant|p1a: Rapidash|slp
|move|p2a: Poliwag|Amnesia|p2a: Poliwag
|-boost|p2a: Poliwag|spd|2
|-boost|p2a: Poliwag|spa|2
|
|turn|3
|choice|move 4|move 1
|
|cant|p1a: Rapidash|slp
|move|p2a: Poliwag|Amnesia|p2a: Poliwag
|-boost|p2a: Poliwag|spd|2
|-boost|p2a: Poliwag|spa|2
|
|turn|4
|choice|move 4|move 2
|
|cant|p1a: Rapidash|slp
|move|p2a: Poliwag|Surf|p1a: Rapidash
|-crit|p1a: Rapidash
|-supereffective|p1a: Rapidash
|-damage|p1a: Rapidash|0 fnt
|faint|p1a: Rapidash
|choice|switch 5|
|
|switch|p1a: Nidorina|Nidorina, L90|309\/309
|turn|5
|choice|move 3|move 3
|
|move|p2a: Poliwag|Psychic|p1a: Nidorina
|-crit|p1a: Nidorina
|-supereffective|p1a: Nidorina
|-damage|p1a: Nidorina|86\/309
|-unboost|p1a: Nidorina|spd|1
|-unboost|p1a: Nidorina|spa|1
|move|p1a: Nidorina|Thunder|p2a: Poliwag|[miss]
|-miss|p1a: Nidorina
|
|turn|6
|choice|move 3|move 2
|
|move|p2a: Poliwag|Surf|p1a: Nidorina
|-damage|p1a: Nidorina|0 fnt
|faint|p1a: Nidorina
|choice|switch 4|
|
|switch|p1a: Primeape|Primeape, L90|300\/300
|turn|7
|choice|move 2|move 2
|
|move|p2a: Poliwag|Surf|p1a: Primeape
|-damage|p1a: Primeape|6\/300
|move|p1a: Primeape|Submission|p2a: Poliwag|[miss]
|-miss|p1a: Primeape
|
|turn|8
|choice|move 1|move 3
|
|move|p2a: Poliwag|Psychic|p1a: Primeape
|-supereffective|p1a: Primeape
|-damage|p1a: Primeape|0 fnt
|faint|p1a: Primeape
|choice|switch 3|
|
|switch|p1a: Pinsir|Pinsir, L85|284\/284
|turn|9
|choice|move 3|move 1
|
|move|p2a: Poliwag|Amnesia|p2a: Poliwag
|-boost|p2a: Poliwag|spd|2
|-boost|p2a: Poliwag|spa|2
|move|p1a: Pinsir|Body Slam|p2a: Poliwag
|-damage|p2a: Poliwag|177\/272
|
|turn|10
|choice|move 3|move 2
|
|move|p2a: Poliwag|Surf|p1a: Pinsir
|-damage|p1a: Pinsir|0 fnt
|faint|p1a: Pinsir
|choice|switch 2|
|
|switch|p1a: Charmeleon|Charmeleon, L85|272\/272
|turn|11
|choice|move 2|move 2
|
|move|p2a: Poliwag|Surf|p1a: Charmeleon
|-supereffective|p1a: Charmeleon
|-damage|p1a: Charmeleon|0 fnt
|faint|p1a: Charmeleon
|choice|switch 6|
|
|switch|p1a: Kabutops|Kabutops, L85|276\/276
|turn|12
|choice|move 2|move 2
|
|move|p2a: Poliwag|Surf|p1a: Kabutops
|-damage|p1a: Kabutops|0 fnt
|faint|p1a: Kabutops
|
|win|MALESANI
|raw|YStramrood's rating: 1162 &rarr; <strong>1148<\/strong><br \/>(-14 for losing)
|raw|MALESANI's rating: 1327 &rarr; <strong>1338<\/strong><br \/>(+11 for winning)
|c|★YStramrood|omg