|join|jhkjlkj
|join|erik1erik
|player|p1|jhkjlkj|2
|player|p2|erik1erik|266
|gametype|singles
|gen|1
|tier|[Gen 1] Random Battle
|rated
|rule|Sleep Clause Mod: Limit one foe put to sleep
|rule|Freeze Clause Mod: Limit one foe frozen
|rule|HP Percentage Mod: HP is shown in percentages
|
|start
|switch|p1a: Poliwrath|Poliwrath, L85|327\/327
|switch|p2a: Scyther|Scyther, L85|293\/293
|turn|1
|
|move|p2a: Scyther|Slash|p1a: Poliwrath
|-crit|p1a: Poliwrath
|-damage|p1a: Poliwrath|226\/327
|move|p1a: Poliwrath|Hypnosis|p2a: Scyther
|-status|p2a: Scyther|slp
|
|turn|2
|
|switch|p2a: Zapdos|Zapdos, L79|304\/304
|move|p1a: Poliwrath|Amnesia|p1a: Poliwrath
|-boost|p1a: Poliwrath|spd|2
|-boost|p1a: Poliwrath|spa|2
|
|turn|3
|
|move|p2a: Zapdos|Thunderbolt|p1a: Poliwrath
|-supereffective|p1a: Poliwrath
|-damage|p1a: Poliwrath|102\/327
|move|p1a: Poliwrath|Blizzard|p2a: Zapdos
|-supereffective|p2a: Zapdos
|-damage|p2a: Zapdos|82\/304
|
|turn|4
|
|switch|p1a: Nidoking|Nidoking, L85|311\/311
|move|p2a: Zapdos|Thunderbolt|p1a: Nidoking
|-immune|p1a: Nidoking|[msg]
|
|turn|5
|
|switch|p2a: Seadra|Seadra, L85|267\/267
|move|p1a: Nidoking|Body Slam|p2a: Seadra
|-damage|p2a: Seadra|214\/267
|
|turn|6
|
|switch|p1a: Golduck|Golduck, L85|310\/310
|move|p2a: Seadra|Hydro Pump|p1a: Golduck
|-resisted|p1a: Golduck
|-damage|p1a: Golduck|243\/310
|
|turn|7
|
|move|p2a: Seadra|Smokescreen|p1a: Golduck
|-unboost|p1a: Golduck|accuracy|1
|move|p1a: Golduck|Ice Beam|p2a: Seadra
|-resisted|p2a: Seadra
|-damage|p2a: Seadra|188\/267
|
|turn|8
|
|switch|p1a: Magneton|Magneton, L85|259\/259
|move|p2a: Seadra|Hydro Pump|p1a: Magneton
|-damage|p1a: Magneton|155\/259
|
|turn|9
|
|switch|p2a: Magnemite|Magnemite, L96|243\/243
|move|p1a: Magneton|Thunderbolt|p2a: Magnemite
|-resisted|p2a: Magnemite
|-damage|p2a: Magnemite|191\/243
|
|turn|10
|
|switch|p1a: Nidoking|Nidoking, L85|311\/311
|move|p2a: Magnemite|Double-Edge|p1a: Nidoking
|-damage|p1a: Nidoking|256\/311
|-damage|p2a: Magnemite|178\/243|[from] recoil|[of] p1a: Nidoking
|
|turn|11
|
|switch|p2a: Primeape|Primeape, L85|284\/284
|move|p1a: Nidoking|Body Slam|p2a: Primeape
|-damage|p2a: Primeape|212\/284
|
|turn|12
|
|switch|p1a: Fearow|Fearow, L85|284\/284
|move|p2a: Primeape|Body Slam|p1a: Fearow
|-damage|p1a: Fearow|210\/284
|
|turn|13
|
|switch|p2a: Magnemite|Magnemite, L96|178\/243
|move|p1a: Fearow|Double-Edge|p2a: Magnemite
|-crit|p2a: Magnemite
|-damage|p2a: Magnemite|0 fnt
|-damage|p1a: Fearow|166\/284|[from] recoil|[of] p2a: Magnemite
|faint|p2a: Magnemite
|
|switch|p2a: Primeape|Primeape, L85|212\/284
|turn|14
|
|move|p1a: Fearow|Drill Peck|p2a: Primeape
|-supereffective|p2a: Primeape
|-damage|p2a: Primeape|0 fnt
|faint|p2a: Primeape
|c|★jhkjlkj|?
|leave|erik1erik
|player|p2
|-message|erik1erik lost due to inactivity.
|
|win|jhkjlkj
|raw|Ladder updating...
|raw|jhkjlkj's rating: 1133 &rarr; <strong>1170<\/strong><br \/>(+37 for winning)
|raw|erik1erik's rating: 1315 &rarr; <strong>1285<\/strong><br \/>(-30 for losing)