|join|Avos5
|join|DinoPark
|player|p1|Avos5|266
|player|p2|DinoPark|292
|gametype|singles
|gen|1
|tier|[Gen 1] Random Battle
|rated
|rule|Sleep Clause Mod: Limit one foe put to sleep
|rule|Freeze Clause Mod: Limit one foe frozen
|rule|HP Percentage Mod: HP is shown in percentages
|
|start
|switch|p1a: Vaporeon|Vaporeon, L86|399\/399
|switch|p2a: Aerodactyl|Aerodactyl, L86|313\/313
|turn|1
|
|switch|p2a: Exeggutor|Exeggutor, L80|316\/316
|move|p1a: Vaporeon|Surf|p2a: Exeggutor
|-resisted|p2a: Exeggutor
|-damage|p2a: Exeggutor|266\/316
|
|turn|2
|
|move|p1a: Vaporeon|Blizzard|p2a: Exeggutor
|-supereffective|p2a: Exeggutor
|-damage|p2a: Exeggutor|101\/316
|move|p2a: Exeggutor|Sleep Powder|p1a: Vaporeon|[miss]
|-miss|p2a: Exeggutor
|
|turn|3
|
|move|p1a: Vaporeon|Blizzard|p2a: Exeggutor
|-supereffective|p2a: Exeggutor
|-damage|p2a: Exeggutor|0 fnt
|faint|p2a: Exeggutor
|
|switch|p2a: Mr. Mime|Mr. Mime, L86|244\/244
|turn|4
|
|move|p2a: Mr. Mime|Thunder Wave|p1a: Vaporeon
|-status|p1a: Vaporeon|par
|cant|p1a: Vaporeon|par
|
|turn|5
|
|move|p2a: Mr. Mime|Thunderbolt|p1a: Vaporeon
|-crit|p1a: Vaporeon
|-supereffective|p1a: Vaporeon
|-damage|p1a: Vaporeon|154\/399 par
|move|p1a: Vaporeon|Surf|p2a: Mr. Mime
|-damage|p2a: Mr. Mime|148\/244
|
|turn|6
|
|move|p2a: Mr. Mime|Thunderbolt|p1a: Vaporeon
|-supereffective|p1a: Vaporeon
|-damage|p1a: Vaporeon|25\/399 par
|move|p1a: Vaporeon|Mimic|p2a: Mr. Mime
|-start|p1a: Vaporeon|Mimic|Thunderbolt
|
|turn|7
|
|switch|p1a: Weezing|Weezing, L86|287\/287
|move|p2a: Mr. Mime|Thunderbolt|p1a: Weezing
|-damage|p1a: Weezing|213\/287
|
|turn|8
|
|move|p2a: Mr. Mime|Thunder Wave|p1a: Weezing
|-status|p1a: Weezing|par
|move|p1a: Weezing|Sludge|p2a: Mr. Mime
|-damage|p2a: Mr. Mime|73\/244
|
|turn|9
|
|move|p2a: Mr. Mime|Psychic|p1a: Weezing
|-supereffective|p1a: Weezing
|-damage|p1a: Weezing|0 fnt
|faint|p1a: Weezing
|
|switch|p1a: Persian|Persian, L80|268\/268
|turn|10
|
|move|p1a: Persian|Slash|p2a: Mr. Mime
|-crit|p2a: Mr. Mime
|-damage|p2a: Mr. Mime|0 fnt
|faint|p2a: Mr. Mime
|
|switch|p2a: Aerodactyl|Aerodactyl, L86|313\/313
|turn|11
|c|★Avos5|99.6% chance to crit that one i think
|
|switch|p1a: Vaporeon|Vaporeon, L86|25\/399 par
|move|p2a: Aerodactyl|Hyper Beam|p1a: Vaporeon
|-damage|p1a: Vaporeon|0 fnt
|faint|p1a: Vaporeon
|
|switch|p1a: Kingler|Kingler, L86|270\/270
|turn|12
|
|move|p2a: Aerodactyl|Hyper Beam|p1a: Kingler
|-damage|p1a: Kingler|178\/270
|move|p1a: Kingler|Crabhammer|p2a: Aerodactyl
|-crit|p2a: Aerodactyl
|-supereffective|p2a: Aerodactyl
|-damage|p2a: Aerodactyl|0 fnt
|faint|p2a: Aerodactyl
|
|switch|p2a: Lickitung|Lickitung, L86|330\/330
|turn|13
|
|move|p1a: Kingler|Crabhammer|p2a: Lickitung
|-crit|p2a: Lickitung
|-damage|p2a: Lickitung|178\/330
|move|p2a: Lickitung|Earthquake|p1a: Kingler
|-damage|p1a: Kingler|134\/270
|
|turn|14
|
|move|p1a: Kingler|Body Slam|p2a: Lickitung
|-crit|p2a: Lickitung
|-damage|p2a: Lickitung|20\/330
|move|p2a: Lickitung|Body Slam|p1a: Kingler
|-damage|p1a: Kingler|81\/270
|
|turn|15
|
|move|p1a: Kingler|Hyper Beam|p2a: Lickitung|[miss]
|-miss|p1a: Kingler
|move|p2a: Lickitung|Hyper Beam|p1a: Kingler
|-damage|p1a: Kingler|0 fnt
|faint|p1a: Kingler
|
|switch|p1a: Persian|Persian, L80|268\/268
|turn|16
|
|move|p1a: Persian|Slash|p2a: Lickitung
|-crit|p2a: Lickitung
|-damage|p2a: Lickitung|0 fnt
|faint|p2a: Lickitung
|
|switch|p2a: Arcanine|Arcanine, L86|330\/330
|turn|17
|
|move|p1a: Persian|Bubble Beam|p2a: Arcanine
|-supereffective|p2a: Arcanine
|-damage|p2a: Arcanine|256\/330
|move|p2a: Arcanine|Fire Blast|p1a: Persian
|-damage|p1a: Persian|119\/268
|
|turn|18
|
|move|p1a: Persian|Slash|p2a: Arcanine
|-crit|p2a: Arcanine
|-damage|p2a: Arcanine|145\/330
|move|p2a: Arcanine|Fire Blast|p1a: Persian
|-damage|p1a: Persian|0 fnt
|faint|p1a: Persian
|
|switch|p1a: Ditto|Ditto, L99|296\/296
|turn|19
|
|move|p2a: Arcanine|Fire Blast|p1a: Ditto|[miss]
|-miss|p2a: Arcanine
|move|p1a: Ditto|Transform|p2a: Arcanine
|-transform|p1a: Ditto|p2a: Arcanine
|
|turn|20
|
|move|p1a: Ditto|Hyper Beam|p2a: Arcanine
|-damage|p2a: Arcanine|5\/330
|move|p2a: Arcanine|Hyper Beam|p1a: Ditto|[miss]
|-miss|p2a: Arcanine
|
|turn|21
|
|cant|p1a: Ditto|recharge
|move|p2a: Arcanine|Body Slam|p1a: Ditto
|-damage|p1a: Ditto|221\/296
|
|turn|22
|c|★Avos5|dammit.i was so close on that mental calc
|
|move|p2a: Arcanine|Body Slam|p1a: Ditto
|-damage|p1a: Ditto|156\/296
|move|p1a: Ditto|Body Slam|p2a: Arcanine
|-damage|p2a: Arcanine|0 fnt
|faint|p2a: Arcanine
|
|switch|p2a: Flareon|Flareon, L86|287\/287
|turn|23
|
|move|p1a: Ditto|Body Slam|p2a: Flareon
|-damage|p2a: Flareon|192\/287
|-status|p2a: Flareon|par
|move|p2a: Flareon|Hyper Beam|p1a: Ditto
|-damage|p1a: Ditto|8\/296
|
|turn|24
|
|move|p1a: Ditto|Body Slam|p2a: Flareon
|-damage|p2a: Flareon|97\/287 par
|cant|p2a: Flareon|par
|
|turn|25
|
|move|p2a: Flareon|Quick Attack|p1a: Ditto
|-crit|p1a: Ditto
|-damage|p1a: Ditto|0 fnt
|faint|p1a: Ditto
|
|switch|p1a: Flareon|Flareon, L86|287\/287
|turn|26
|
|move|p1a: Flareon|Hyper Beam|p2a: Flareon
|-damage|p2a: Flareon|0 fnt
|faint|p2a: Flareon
|
|win|Avos5
|raw|Ladder updating...
|raw|Avos5's rating: 1066 &rarr; <strong>1103<\/strong><br \/>(+37 for winning)
|raw|DinoPark's rating: 1152 &rarr; <strong>1121<\/strong><br \/>(-31 for losing)