|join|kid gf lol
|join|dramlamb
|player|p1|kid gf lol|45
|player|p2|dramlamb|239
|gametype|singles
|gen|1
|tier|[Gen 1] OU (beta)
|rated
|rule|Sleep Clause Mod: Limit one foe put to sleep
|rule|Species Clause: Limit one of each Pokémon
|rule|OHKO Clause: OHKO moves are banned
|rule|Evasion Moves Clause: Evasion moves are banned
|
|start
|switch|p1a: Alakazam|Alakazam|313\/313
|switch|p2a: Alakazam|Alakazam|313\/313
|turn|1
|c|★dramlamb|glhr
|c|★dramlamb|fun
|
|switch|p1a: Chansey|Chansey|703\/703
|switch|p2a: Snorlax|Snorlax|523\/523
|
|turn|2
|
|move|p1a: Chansey|Ice Beam|p2a: Snorlax
|-damage|p2a: Snorlax|423\/523
|move|p2a: Snorlax|Body Slam|p1a: Chansey
|-damage|p1a: Chansey|398\/703
|
|turn|3
|
|move|p1a: Chansey|Ice Beam|p2a: Snorlax
|-damage|p2a: Snorlax|318\/523
|-status|p2a: Snorlax|frz
|cant|p2a: Snorlax|frz
|
|turn|4
|
|switch|p1a: Cloyster|Cloyster|303\/303
|switch|p2a: Exeggutor|Exeggutor|393\/393
|
|turn|5
|c|★dramlamb|o you
|
|switch|p2a: Alakazam|Alakazam|313\/313
|move|p1a: Cloyster|Blizzard|p2a: Alakazam
|-crit|p2a: Alakazam
|-damage|p2a: Alakazam|113\/313
|
|turn|6
|
|move|p2a: Alakazam|Recover|p2a: Alakazam
|-heal|p2a: Alakazam|269\/313
|move|p1a: Cloyster|Blizzard|p2a: Alakazam
|-damage|p2a: Alakazam|172\/313
|
|turn|7
|
|switch|p1a: Chansey|Chansey|398\/703
|move|p2a: Alakazam|Psychic|p1a: Chansey
|-damage|p1a: Chansey|260\/703
|
|turn|8
|
|move|p2a: Alakazam|Thunder Wave|p1a: Chansey
|-status|p1a: Chansey|par
|move|p1a: Chansey|Ice Beam|p2a: Alakazam
|-damage|p2a: Alakazam|108\/313
|
|turn|9
|
|move|p2a: Alakazam|Psychic|p1a: Chansey
|-damage|p1a: Chansey|129\/703 par
|-unboost|p1a: Chansey|spd|1
|-unboost|p1a: Chansey|spa|1
|move|p1a: Chansey|Soft-Boiled|p1a: Chansey
|-heal|p1a: Chansey|480\/703 par
|
|turn|10
|
|move|p2a: Alakazam|Recover|p2a: Alakazam
|-heal|p2a: Alakazam|264\/313
|move|p1a: Chansey|Soft-Boiled|p1a: Chansey
|-heal|p1a: Chansey|703\/703 par
|
|turn|11
|
|move|p2a: Alakazam|Psychic|p1a: Chansey
|-damage|p1a: Chansey|523\/703 par
|move|p1a: Chansey|Ice Beam|p2a: Alakazam
|-damage|p2a: Alakazam|224\/313
|
|turn|12
|
|switch|p1a: Alakazam|Alakazam|313\/313
|move|p2a: Alakazam|Psychic|p1a: Alakazam
|-resisted|p1a: Alakazam
|-damage|p1a: Alakazam|263\/313
|-unboost|p1a: Alakazam|spd|1
|-unboost|p1a: Alakazam|spa|1
|
|turn|13
|
|switch|p1a: Chansey|Chansey|523\/703 par
|move|p2a: Alakazam|Thunder Wave|p1a: Chansey
|-fail|p1a: Chansey|par
|
|turn|14
|
|move|p2a: Alakazam|Psychic|p1a: Chansey
|-crit|p1a: Chansey
|-damage|p1a: Chansey|264\/703 par
|cant|p1a: Chansey|par
|
|turn|15
|
|move|p2a: Alakazam|Psychic|p1a: Chansey
|-damage|p1a: Chansey|131\/703 par
|move|p1a: Chansey|Soft-Boiled|p1a: Chansey
|-heal|p1a: Chansey|482\/703 par
|
|turn|16
|
|move|p2a: Alakazam|Psychic|p1a: Chansey
|-damage|p1a: Chansey|364\/703 par
|move|p1a: Chansey|Soft-Boiled|p1a: Chansey
|-heal|p1a: Chansey|703\/703 par
|
|turn|17
|
|switch|p2a: Jynx|Jynx|333\/333
|move|p1a: Chansey|Ice Beam|p2a: Jynx
|-resisted|p2a: Jynx
|-damage|p2a: Jynx|295\/333
|
|turn|18
|
|move|p2a: Jynx|Mimic|p1a: Chansey
|-start|p2a: Jynx|Mimic|Soft-Boiled
|move|p1a: Chansey|Thunder Wave|p2a: Jynx
|-status|p2a: Jynx|par
|
|turn|19
|
|move|p2a: Jynx|Blizzard|p1a: Chansey
|-damage|p1a: Chansey|574\/703 par
|cant|p1a: Chansey|par
|
|turn|20
|
|move|p2a: Jynx|Psychic|p1a: Chansey
|-damage|p1a: Chansey|477\/703 par
|cant|p1a: Chansey|par
|
|turn|21
|
|move|p2a: Jynx|Psychic|p1a: Chansey
|-damage|p1a: Chansey|369\/703 par
|move|p1a: Chansey|Soft-Boiled|p1a: Chansey
|-heal|p1a: Chansey|703\/703 par
|
|turn|22
|
|move|p2a: Jynx|Psychic|p1a: Chansey
|-damage|p1a: Chansey|601\/703 par
|move|p1a: Chansey|Thunderbolt|p2a: Jynx
|-damage|p2a: Jynx|222\/333 par
|
|turn|23
|
|move|p2a: Jynx|Psychic|p1a: Chansey
|-damage|p1a: Chansey|502\/703 par
|move|p1a: Chansey|Thunderbolt|p2a: Jynx
|-damage|p2a: Jynx|145\/333 par
|
|turn|24
|
|switch|p1a: Tauros|Tauros|353\/353
|move|p2a: Jynx|Soft-Boiled|p2a: Jynx
|-heal|p2a: Jynx|311\/333 par
|
|turn|25
|
|switch|p1a: Chansey|Chansey|502\/703 par
|cant|p2a: Jynx|par
|
|turn|26
|
|move|p2a: Jynx|Blizzard|p1a: Chansey
|-damage|p1a: Chansey|370\/703 par
|move|p1a: Chansey|Thunderbolt|p2a: Jynx
|-damage|p2a: Jynx|227\/333 par
|
|turn|27
|
|move|p2a: Jynx|Soft-Boiled|p2a: Jynx
|-heal|p2a: Jynx|333\/333 par
|move|p1a: Chansey|Soft-Boiled|p1a: Chansey
|-heal|p1a: Chansey|703\/703 par
|
|turn|28
|
|cant|p2a: Jynx|par
|move|p1a: Chansey|Thunderbolt|p2a: Jynx
|-damage|p2a: Jynx|250\/333 par
|
|turn|29
|
|move|p2a: Jynx|Psychic|p1a: Chansey
|-damage|p1a: Chansey|606\/703 par
|cant|p1a: Chansey|par
|
|turn|30
|
|move|p2a: Jynx|Psychic|p1a: Chansey
|-damage|p1a: Chansey|501\/703 par
|cant|p1a: Chansey|par
|
|turn|31
|
|move|p2a: Jynx|Psychic|p1a: Chansey
|-damage|p1a: Chansey|398\/703 par
|move|p1a: Chansey|Soft-Boiled|p1a: Chansey
|-heal|p1a: Chansey|703\/703 par
|
|turn|32
|
|move|p2a: Jynx|Psychic|p1a: Chansey
|-damage|p1a: Chansey|595\/703 par
|move|p1a: Chansey|Thunderbolt|p2a: Jynx
|-damage|p2a: Jynx|168\/333 par
|
|turn|33
|
|cant|p2a: Jynx|par
|cant|p1a: Chansey|par
|
|turn|34
|
|move|p2a: Jynx|Soft-Boiled|p2a: Jynx
|-heal|p2a: Jynx|333\/333 par
|move|p1a: Chansey|Thunderbolt|p2a: Jynx
|-damage|p2a: Jynx|258\/333 par
|
|turn|35
|
|move|p2a: Jynx|Psychic|p1a: Chansey
|-damage|p1a: Chansey|492\/703 par
|move|p1a: Chansey|Thunderbolt|p2a: Jynx
|-damage|p2a: Jynx|172\/333 par
|
|turn|36
|
|move|p2a: Jynx|Soft-Boiled|p2a: Jynx
|-heal|p2a: Jynx|333\/333 par
|move|p1a: Chansey|Thunderbolt|p2a: Jynx
|-damage|p2a: Jynx|253\/333 par
|
|turn|37
|
|switch|p2a: Golem|Golem|363\/363
|move|p1a: Chansey|Thunderbolt|p2a: Golem
|-immune|p2a: Golem|[msg]
|
|turn|38
|
|switch|p1a: Exeggutor|Exeggutor|393\/393
|move|p2a: Golem|Earthquake|p1a: Exeggutor
|-resisted|p1a: Exeggutor
|-damage|p1a: Exeggutor|329\/393
|
|turn|39
|
|switch|p2a: Exeggutor|Exeggutor|393\/393
|move|p1a: Exeggutor|Psychic|p2a: Exeggutor
|-resisted|p2a: Exeggutor
|-damage|p2a: Exeggutor|339\/393
|-unboost|p2a: Exeggutor|spd|1
|-unboost|p2a: Exeggutor|spa|1
|
|turn|40
|
|switch|p1a: Chansey|Chansey|492\/703 par
|move|p2a: Exeggutor|Explosion|p1a: Chansey
|-damage|p1a: Chansey|0 fnt
|faint|p1a: Chansey
|faint|p2a: Exeggutor
|
|switch|p1a: Tauros|Tauros|353\/353
|switch|p2a: Jynx|Jynx|253\/333 par
|turn|41
|
|switch|p2a: Golem|Golem|363\/363
|move|p1a: Tauros|Hyper Beam|p2a: Golem|[miss]
|-miss|p1a: Tauros
|
|turn|42
|
|move|p1a: Tauros|Blizzard|p2a: Golem
|-supereffective|p2a: Golem
|-damage|p2a: Golem|134\/363
|move|p2a: Golem|Body Slam|p1a: Tauros
|-damage|p1a: Tauros|274\/353
|-status|p1a: Tauros|par
|
|turn|43
|
|switch|p1a: Golem|Golem|363\/363
|move|p2a: Golem|Explosion|p1a: Golem
|-crit|p1a: Golem
|-resisted|p1a: Golem
|-damage|p1a: Golem|119\/363
|faint|p2a: Golem
|
|switch|p2a: Tauros|Tauros|353\/353
|turn|44
|
|move|p2a: Tauros|Earthquake|p1a: Golem
|-supereffective|p1a: Golem
|-damage|p1a: Golem|0 fnt
|faint|p1a: Golem
|
|switch|p1a: Cloyster|Cloyster|303\/303
|turn|45
|
|move|p2a: Tauros|Body Slam|p1a: Cloyster
|-crit|p1a: Cloyster
|-damage|p1a: Cloyster|167\/303
|move|p1a: Cloyster|Clamp|p2a: Tauros|[miss]
|-miss|p1a: Cloyster
|
|turn|46
|
|move|p2a: Tauros|Body Slam|p1a: Cloyster
|-damage|p1a: Cloyster|95\/303
|move|p1a: Cloyster|Explosion|p2a: Tauros
|-damage|p2a: Tauros|72\/353
|faint|p1a: Cloyster
|
|switch|p1a: Tauros|Tauros|274\/353 par
|turn|47
|
|move|p2a: Tauros|Hyper Beam|p1a: Tauros
|-crit|p1a: Tauros
|-damage|p1a: Tauros|0 fnt
|faint|p1a: Tauros
|
|switch|p1a: Alakazam|Alakazam|263\/313
|turn|48
|
|move|p1a: Alakazam|Seismic Toss|p2a: Tauros
|-damage|p2a: Tauros|0 fnt
|faint|p2a: Tauros
|
|switch|p2a: Jynx|Jynx|253\/333 par
|turn|49
|
|switch|p1a: Exeggutor|Exeggutor|329\/393
|move|p2a: Jynx|Lovely Kiss|p1a: Exeggutor|[miss]
|-miss|p2a: Jynx
|
|turn|50
|
|switch|p1a: Alakazam|Alakazam|263\/313
|move|p2a: Jynx|Blizzard|p1a: Alakazam
|-damage|p1a: Alakazam|155\/313
|-status|p1a: Alakazam|frz
|
|turn|51
|
|switch|p1a: Exeggutor|Exeggutor|329\/393
|cant|p2a: Jynx|par
|
|turn|52
|
|switch|p1a: Alakazam|Alakazam|155\/313 frz
|move|p2a: Jynx|Blizzard|p1a: Alakazam
|-damage|p1a: Alakazam|51\/313 frz
|
|turn|53
|
|cant|p1a: Alakazam|frz
|move|p2a: Jynx|Mimic|p1a: Alakazam
|-start|p2a: Jynx|Mimic|Thunder Wave
|
|turn|54
|
|cant|p1a: Alakazam|frz
|move|p2a: Jynx|Blizzard|p1a: Alakazam
|-crit|p1a: Alakazam
|-damage|p1a: Alakazam|0 fnt
|faint|p1a: Alakazam
|
|switch|p1a: Exeggutor|Exeggutor|329\/393
|turn|55
|
|move|p1a: Exeggutor|Psychic|p2a: Jynx
|-resisted|p2a: Jynx
|-damage|p2a: Jynx|193\/333 par
|move|p2a: Jynx|Blizzard|p1a: Exeggutor
|-supereffective|p1a: Exeggutor
|-damage|p1a: Exeggutor|81\/393
|-status|p1a: Exeggutor|frz
|
|turn|56
|
|cant|p1a: Exeggutor|frz
|move|p2a: Jynx|Blizzard|p1a: Exeggutor
|-supereffective|p1a: Exeggutor
|-damage|p1a: Exeggutor|0 fnt
|faint|p1a: Exeggutor
|
|win|dramlamb
|raw|Ladder updating...
|raw|kid gf lol's rating: 1524 &rarr; <strong>1494<\/strong><br \/>(-30 for losing)
|raw|dramlamb's rating: 1342 &rarr; <strong>1371<\/strong><br \/>(+29 for winning)
|leave|kid gf lol
|player|p1