|join|XianJu
|join|Shaymin303
|player|p1|XianJu|130
|player|p2|Shaymin303|25
|gametype|singles
|gen|1
|tier|[Gen 1] OU
|rated
|seed|62624,58682,40504,35616
|rule|Sleep Clause Mod: Limit one foe put to sleep
|rule|Freeze Clause Mod: Limit one foe frozen
|rule|Species Clause: Limit one of each Pokémon
|rule|OHKO Clause: OHKO moves are banned
|rule|Evasion Moves Clause: Evasion moves are banned
|rule|HP Percentage Mod: HP is shown in percentages
|
|start
|switch|p1a: Alakazam|Alakazam|313\/313
|switch|p2a: Chansey|Chansey|703\/703
|turn|1
|choice|switch 3|move 3
|
|switch|p1a: Chansey|Chansey|703\/703
|move|p2a: Chansey|Thunder Wave|p1a: Chansey
|-status|p1a: Chansey|par
|
|turn|2
|choice|move 1|move 1
|
|move|p2a: Chansey|Ice Beam|p1a: Chansey
|-damage|p1a: Chansey|633\/703 par
|move|p1a: Chansey|Ice Beam|p2a: Chansey
|-damage|p2a: Chansey|633\/703
|
|turn|3
|choice|move 1|move 1
|
|move|p2a: Chansey|Ice Beam|p1a: Chansey
|-damage|p1a: Chansey|564\/703 par
|move|p1a: Chansey|Ice Beam|p2a: Chansey
|-damage|p2a: Chansey|554\/703
|
|turn|4
|choice|move 1|move 1
|
|move|p2a: Chansey|Ice Beam|p1a: Chansey
|-damage|p1a: Chansey|495\/703 par
|move|p1a: Chansey|Ice Beam|p2a: Chansey
|-damage|p2a: Chansey|480\/703
|
|turn|5
|choice|move 1|move 1
|
|move|p2a: Chansey|Ice Beam|p1a: Chansey
|-damage|p1a: Chansey|420\/703 par
|move|p1a: Chansey|Ice Beam|p2a: Chansey
|-damage|p2a: Chansey|408\/703
|
|turn|6
|choice|move 2|move 1
|
|move|p2a: Chansey|Ice Beam|p1a: Chansey
|-damage|p1a: Chansey|345\/703 par
|move|p1a: Chansey|Soft-Boiled|p1a: Chansey
|-heal|p1a: Chansey|696\/703 par
|
|turn|7
|choice|move 1|move 2
|
|move|p2a: Chansey|Soft-Boiled|p2a: Chansey
|-heal|p2a: Chansey|703\/703
|move|p1a: Chansey|Ice Beam|p2a: Chansey
|-damage|p2a: Chansey|630\/703
|
|turn|8
|choice|move 1|switch 2
|
|switch|p2a: Slowbro|Slowbro|393\/393
|cant|p1a: Chansey|par
|
|turn|9
|choice|move 4|move 1
|
|move|p2a: Slowbro|Amnesia|p2a: Slowbro
|-boost|p2a: Slowbro|spd|2
|-boost|p2a: Slowbro|spa|2
|move|p1a: Chansey|Thunderbolt|p2a: Slowbro
|-supereffective|p2a: Slowbro
|-damage|p2a: Slowbro|306\/393
|
|turn|10
|choice|move 4|move 1
|
|move|p2a: Slowbro|Amnesia|p2a: Slowbro
|-boost|p2a: Slowbro|spd|2
|-boost|p2a: Slowbro|spa|2
|move|p1a: Chansey|Thunderbolt|p2a: Slowbro
|-crit|p2a: Slowbro
|-supereffective|p2a: Slowbro
|-damage|p2a: Slowbro|0 fnt
|faint|p2a: Slowbro
|choice||switch 5
|
|switch|p2a: Tauros|Tauros|353\/353
|turn|11
|choice|move 3|move 1
|
|move|p2a: Tauros|Body Slam|p1a: Chansey
|-damage|p1a: Chansey|412\/703 par
|move|p1a: Chansey|Thunder Wave|p2a: Tauros
|-status|p2a: Tauros|par
|
|turn|12
|choice|switch 6|move 2
|
|switch|p1a: Gengar|Gengar|323\/323
|move|p2a: Tauros|Hyper Beam|p1a: Gengar
|-immune|p1a: Gengar|[msg]
|
|turn|13
|choice|move 2|move 3
|
|move|p1a: Gengar|Thunderbolt|p2a: Tauros
|-damage|p2a: Tauros|243\/353 par
|move|p2a: Tauros|Earthquake|p1a: Gengar
|-supereffective|p1a: Gengar
|-damage|p1a: Gengar|92\/323
|
|turn|14
|choice|switch 5|move 3
|
|switch|p1a: Starmie|Starmie|323\/323
|move|p2a: Tauros|Earthquake|p1a: Starmie
|-damage|p1a: Starmie|243\/323
|
|turn|15
|choice|move 1|switch 2
|
|switch|p2a: Chansey|Chansey|630\/703
|move|p1a: Starmie|Surf|p2a: Chansey
|-damage|p2a: Chansey|519\/703
|
|turn|16
|choice|switch 6|move 3
|
|switch|p1a: Chansey|Chansey|412\/703 par
|move|p2a: Chansey|Thunder Wave|p1a: Chansey
|-fail|p1a: Chansey|par
|
|turn|17
|choice|move 2|switch 2
|
|switch|p2a: Tauros|Tauros|243\/353 par
|cant|p1a: Chansey|par
|
|turn|18
|choice|switch 6|move 3
|
|switch|p1a: Starmie|Starmie|243\/323
|move|p2a: Tauros|Earthquake|p1a: Starmie
|-damage|p1a: Starmie|156\/323
|
|turn|19
|choice|move 3|switch 2
|
|switch|p2a: Chansey|Chansey|519\/703
|move|p1a: Starmie|Recover|p1a: Starmie
|-heal|p1a: Starmie|317\/323
|
|turn|20
|choice|switch 6|switch 6
|
|switch|p1a: Chansey|Chansey|412\/703 par
|switch|p2a: Dragonite|Dragonite|385\/385
|
|turn|21
|choice|move 1|move 2
|
|move|p2a: Dragonite|Wrap|p1a: Chansey
|-damage|p1a: Chansey|375\/703 par
|-activate|p1a: Chansey|move: Wrap|[of] p2a: Dragonite
|cant|p1a: Chansey|partiallytrapped
|
|turn|22
|choice|move 2|move 2
|
|move|p2a: Dragonite|Wrap|p1a: Chansey
|-damage|p1a: Chansey|338\/703 par
|cant|p1a: Chansey|partiallytrapped
|
|turn|23
|choice|move 1|move 2
|
|move|p2a: Dragonite|Wrap|p1a: Chansey
|-damage|p1a: Chansey|301\/703 par
|cant|p1a: Chansey|partiallytrapped
|
|-end|p1a: Chansey|Wrap|[partiallytrapped]
|turn|24
|choice|switch 5|move 2
|
|switch|p1a: Gengar|Gengar|92\/323
|move|p2a: Dragonite|Wrap|p1a: Gengar
|-damage|p1a: Gengar|92\/323
|-activate|p1a: Gengar|move: Wrap|[of] p2a: Dragonite
|
|turn|25
|choice|move 1|move 2
|
|cant|p1a: Gengar|partiallytrapped
|move|p2a: Dragonite|Wrap|p1a: Gengar
|-damage|p1a: Gengar|92\/323
|
|turn|26
|choice|move 1|switch 4
|
|switch|p2a: Exeggutor|Exeggutor|393\/393
|cant|p1a: Gengar|partiallytrapped
|
|-end|p1a: Gengar|Wrap|[partiallytrapped]
|turn|27
|choice|move 1|move 2
|
|move|p1a: Gengar|Hypnosis|p2a: Exeggutor|[miss]
|-miss|p1a: Gengar
|move|p2a: Exeggutor|Psychic|p1a: Gengar
|-supereffective|p1a: Gengar
|-damage|p1a: Gengar|0 fnt
|faint|p1a: Gengar
|choice|switch 3|
|
|switch|p1a: Alakazam|Alakazam|313\/313
|turn|28
|choice|move 1|switch 6
|
|switch|p2a: Chansey|Chansey|519\/703
|move|p1a: Alakazam|Psychic|p2a: Chansey
|-crit|p2a: Chansey
|-damage|p2a: Chansey|263\/703
|
|turn|29
|choice|switch 5|move 2
|
|switch|p1a: Chansey|Chansey|301\/703 par
|move|p2a: Chansey|Soft-Boiled|p2a: Chansey
|-heal|p2a: Chansey|614\/703
|
|turn|30
|choice|move 2|switch 2
|
|switch|p2a: Tauros|Tauros|243\/353 par
|move|p1a: Chansey|Soft-Boiled|p1a: Chansey
|-heal|p1a: Chansey|652\/703 par
|
|turn|31
|choice|move 1|move 1
|
|move|p2a: Tauros|Body Slam|p1a: Chansey
|-damage|p1a: Chansey|371\/703 par
|move|p1a: Chansey|Ice Beam|p2a: Tauros
|-damage|p2a: Tauros|141\/353 par
|
|turn|32
|choice|switch 2|move 2
|
|switch|p1a: Rhydon|Rhydon|413\/413
|move|p2a: Tauros|Hyper Beam|p1a: Rhydon
|-resisted|p1a: Rhydon
|-damage|p1a: Rhydon|338\/413
|
|turn|33
|-mustrecharge|p2a: Tauros
|-mustrecharge|p2a: Tauros
|choice|move 1|move 1
|
|move|p1a: Rhydon|Earthquake|p2a: Tauros
|-damage|p2a: Tauros|3\/353 par
|cant|p2a: Tauros|recharge
|
|turn|34
|choice|move 4|switch 6
|
|switch|p2a: Exeggutor|Exeggutor|393\/393
|move|p1a: Rhydon|Body Slam|p2a: Exeggutor
|-damage|p2a: Exeggutor|305\/393
|-status|p2a: Exeggutor|par
|
|turn|35
|choice|switch 2|move 4
|
|switch|p1a: Chansey|Chansey|371\/703 par
|move|p2a: Exeggutor|Stun Spore|p1a: Chansey
|-fail|p1a: Chansey|par
|
|turn|36
|choice|switch 2|switch 2
|
|switch|p2a: Chansey|Chansey|614\/703
|switch|p1a: Rhydon|Rhydon|338\/413
|
|turn|37
|choice|switch 2|move 4
|
|switch|p1a: Chansey|Chansey|371\/703 par
|move|p2a: Chansey|Counter|p1a: Chansey
|-damage|p1a: Chansey|195\/703 par
|
|turn|38
|choice|move 2|move 1
|
|move|p2a: Chansey|Ice Beam|p1a: Chansey
|-damage|p1a: Chansey|118\/703 par
|move|p1a: Chansey|Soft-Boiled|p1a: Chansey
|-heal|p1a: Chansey|469\/703 par
|
|turn|39
|choice|move 2|move 1
|
|move|p2a: Chansey|Ice Beam|p1a: Chansey
|-damage|p1a: Chansey|396\/703 par
|move|p1a: Chansey|Soft-Boiled|p1a: Chansey
|-heal|p1a: Chansey|703\/703 par
|
|turn|40
|choice|move 1|move 1
|
|move|p2a: Chansey|Ice Beam|p1a: Chansey
|-damage|p1a: Chansey|633\/703 par
|cant|p1a: Chansey|par
|
|turn|41
|choice|move 1|move 1
|
|move|p2a: Chansey|Ice Beam|p1a: Chansey
|-damage|p1a: Chansey|556\/703 par
|move|p1a: Chansey|Ice Beam|p2a: Chansey
|-damage|p2a: Chansey|545\/703
|
|turn|42
|choice|move 1|switch 6
|
|switch|p2a: Tauros|Tauros|3\/353 par
|cant|p1a: Chansey|par
|
|turn|43
|choice|move 2|move 1
|
|cant|p2a: Tauros|par
|move|p1a: Chansey|Soft-Boiled|p1a: Chansey
|-heal|p1a: Chansey|703\/703 par
|
|turn|44
|choice|move 2|move 1
|
|move|p2a: Tauros|Body Slam|p1a: Chansey
|-crit|p1a: Chansey
|-damage|p1a: Chansey|152\/703 par
|move|p1a: Chansey|Soft-Boiled|p1a: Chansey
|-heal|p1a: Chansey|503\/703 par
|
|turn|45
|choice|switch 2|move 1
|
|switch|p1a: Rhydon|Rhydon|338\/413
|cant|p2a: Tauros|par
|
|turn|46
|choice|move 2|switch 2
|
|switch|p2a: Exeggutor|Exeggutor|305\/393 par
|move|p1a: Rhydon|Rock Slide|p2a: Exeggutor
|-damage|p2a: Exeggutor|196\/393 par
|
|turn|47
|choice|move 2|move 3
|
|move|p1a: Rhydon|Rock Slide|p2a: Exeggutor
|-damage|p2a: Exeggutor|88\/393 par
|cant|p2a: Exeggutor|par
|
|turn|48
|choice|move 2|switch 3
|
|switch|p2a: Gengar|Gengar|323\/323
|move|p1a: Rhydon|Rock Slide|p2a: Gengar
|-damage|p2a: Gengar|166\/323
|
|turn|49
|choice|switch 2|move 4
|
|switch|p1a: Chansey|Chansey|503\/703 par
|move|p2a: Gengar|Mega Drain|p1a: Chansey
|-crit|p1a: Chansey
|-damage|p1a: Chansey|433\/703 par
|-heal|p2a: Gengar|201\/323|[from] drain|[of] p1a: Chansey
|
|turn|50
|choice|move 1|switch 3
|
|switch|p2a: Exeggutor|Exeggutor|88\/393 par
|move|p1a: Chansey|Ice Beam|p2a: Exeggutor
|-supereffective|p2a: Exeggutor
|-damage|p2a: Exeggutor|0 fnt
|faint|p2a: Exeggutor
|choice||switch 2
|
|switch|p2a: Tauros|Tauros|3\/353 par
|turn|51
|choice|switch 2|move 4
|
|switch|p1a: Rhydon|Rhydon|338\/413
|move|p2a: Tauros|Blizzard|p1a: Rhydon
|-supereffective|p1a: Rhydon
|-damage|p1a: Rhydon|86\/413
|
|turn|52
|choice|move 4|move 4
|
|move|p1a: Rhydon|Body Slam|p2a: Tauros
|-damage|p2a: Tauros|0 fnt
|faint|p2a: Tauros
|choice||switch 4
|
|switch|p2a: Dragonite|Dragonite|385\/385
|turn|53
|choice|move 2|move 4
|
|move|p2a: Dragonite|Blizzard|p1a: Rhydon
|-crit|p1a: Rhydon
|-supereffective|p1a: Rhydon
|-damage|p1a: Rhydon|0 fnt
|faint|p1a: Rhydon
|choice|switch 5|
|
|switch|p1a: Alakazam|Alakazam|313\/313
|turn|54
|choice|move 1|switch 6
|
|switch|p2a: Chansey|Chansey|545\/703
|move|p1a: Alakazam|Psychic|p2a: Chansey
|-damage|p2a: Chansey|414\/703
|-unboost|p2a: Chansey|spd|1
|-unboost|p2a: Chansey|spa|1
|
|turn|55
|choice|switch 2|move 3
|
|switch|p1a: Chansey|Chansey|433\/703 par
|move|p2a: Chansey|Thunder Wave|p1a: Chansey
|-fail|p1a: Chansey|par
|
|turn|56
|choice|move 1|move 2
|
|move|p2a: Chansey|Soft-Boiled|p2a: Chansey
|-heal|p2a: Chansey|703\/703
|move|p1a: Chansey|Ice Beam|p2a: Chansey
|-damage|p2a: Chansey|587\/703
|
|turn|57
|choice|move 1|move 2
|
|move|p2a: Chansey|Soft-Boiled|p2a: Chansey
|-heal|p2a: Chansey|703\/703
|move|p1a: Chansey|Ice Beam|p2a: Chansey
|-damage|p2a: Chansey|592\/703
|-status|p2a: Chansey|frz
|
|turn|58
|choice|move 2|move 2
|
|cant|p2a: Chansey|frz
|move|p1a: Chansey|Soft-Boiled|p1a: Chansey
|-heal|p1a: Chansey|703\/703 par
|
|turn|59
|choice|switch 2|move 3
|
|switch|p1a: Alakazam|Alakazam|313\/313
|cant|p2a: Chansey|frz
|
|turn|60
|choice|move 1|move 1
|
|move|p1a: Alakazam|Psychic|p2a: Chansey
|-damage|p2a: Chansey|410\/703 frz
|-unboost|p2a: Chansey|spd|1
|-unboost|p2a: Chansey|spa|1
|cant|p2a: Chansey|frz
|
|turn|61
|choice|move 1|move 1
|
|move|p1a: Alakazam|Psychic|p2a: Chansey
|-damage|p2a: Chansey|143\/703 frz
|cant|p2a: Chansey|frz
|
|turn|62
|choice|move 4|move 1
|
|move|p1a: Alakazam|Reflect|p1a: Alakazam
|-start|p1a: Alakazam|Reflect
|cant|p2a: Chansey|frz
|
|turn|63
|choice|move 1|move 1
|
|move|p1a: Alakazam|Psychic|p2a: Chansey
|-damage|p2a: Chansey|0 fnt
|faint|p2a: Chansey
|choice||switch 6
|
|switch|p2a: Dragonite|Dragonite|385\/385
|turn|64
|choice|move 3|move 1
|
|move|p1a: Alakazam|Thunder Wave|p2a: Dragonite
|-status|p2a: Dragonite|par
|move|p2a: Dragonite|Agility|p2a: Dragonite
|-boost|p2a: Dragonite|spe|2
|
|turn|65
|choice|move 1|move 2
|
|move|p2a: Dragonite|Wrap|p1a: Alakazam
|-damage|p1a: Alakazam|301\/313
|-activate|p1a: Alakazam|move: Wrap|[of] p2a: Dragonite
|cant|p1a: Alakazam|partiallytrapped
|
|turn|66
|choice|move 1|move 2
|
|move|p2a: Dragonite|Wrap|p1a: Alakazam
|-damage|p1a: Alakazam|289\/313
|cant|p1a: Alakazam|partiallytrapped
|
|turn|67
|choice|move 1|move 2
|
|move|p2a: Dragonite|Wrap|p1a: Alakazam
|-damage|p1a: Alakazam|277\/313
|cant|p1a: Alakazam|partiallytrapped
|
|turn|68
|choice|move 1|move 2
|
|move|p2a: Dragonite|Wrap|p1a: Alakazam
|-damage|p1a: Alakazam|265\/313
|cant|p1a: Alakazam|partiallytrapped
|
|turn|69
|choice|move 1|move 2
|
|move|p2a: Dragonite|Wrap|p1a: Alakazam
|-damage|p1a: Alakazam|253\/313
|cant|p1a: Alakazam|partiallytrapped
|
|-end|p1a: Alakazam|Wrap|[partiallytrapped]
|turn|70
|choice|move 1|move 2
|
|cant|p2a: Dragonite|par
|move|p1a: Alakazam|Psychic|p2a: Dragonite
|-damage|p2a: Dragonite|257\/385 par
|
|turn|71
|choice|move 1|move 2
|
|move|p2a: Dragonite|Wrap|p1a: Alakazam
|-damage|p1a: Alakazam|241\/313
|-activate|p1a: Alakazam|move: Wrap|[of] p2a: Dragonite
|cant|p1a: Alakazam|partiallytrapped
|
|turn|72
|choice|move 1|move 2
|
|move|p2a: Dragonite|Wrap|p1a: Alakazam
|-damage|p1a: Alakazam|229\/313
|cant|p1a: Alakazam|partiallytrapped
|
|turn|73
|choice|move 1|move 2
|
|move|p2a: Dragonite|Wrap|p1a: Alakazam
|-damage|p1a: Alakazam|217\/313
|cant|p1a: Alakazam|partiallytrapped
|
|-end|p1a: Alakazam|Wrap|[partiallytrapped]
|turn|74
|choice|move 1|move 2
|
|move|p2a: Dragonite|Wrap|p1a: Alakazam
|-damage|p1a: Alakazam|204\/313
|-activate|p1a: Alakazam|move: Wrap|[of] p2a: Dragonite
|cant|p1a: Alakazam|partiallytrapped
|
|turn|75
|choice|move 1|move 2
|
|move|p2a: Dragonite|Wrap|p1a: Alakazam
|-damage|p1a: Alakazam|191\/313
|cant|p1a: Alakazam|partiallytrapped
|
|-end|p1a: Alakazam|Wrap|[partiallytrapped]
|turn|76
|choice|move 1|move 2
|
|move|p2a: Dragonite|Wrap|p1a: Alakazam
|-damage|p1a: Alakazam|178\/313
|-activate|p1a: Alakazam|move: Wrap|[of] p2a: Dragonite
|cant|p1a: Alakazam|partiallytrapped
|
|turn|77
|choice|move 1|move 2
|
|move|p2a: Dragonite|Wrap|p1a: Alakazam
|-damage|p1a: Alakazam|165\/313
|cant|p1a: Alakazam|partiallytrapped
|
|-end|p1a: Alakazam|Wrap|[partiallytrapped]
|turn|78
|choice|move 1|move 2
|
|move|p2a: Dragonite|Wrap|p1a: Alakazam
|-damage|p1a: Alakazam|153\/313
|-activate|p1a: Alakazam|move: Wrap|[of] p2a: Dragonite
|cant|p1a: Alakazam|partiallytrapped
|
|turn|79
|choice|move 2|move 2
|
|cant|p2a: Dragonite|par
|cant|p1a: Alakazam|partiallytrapped
|
|-end|p1a: Alakazam|Wrap|[partiallytrapped]
|turn|80
|choice|move 2|move 3
|
|move|p2a: Dragonite|Hyper Beam|p1a: Alakazam
|-damage|p1a: Alakazam|39\/313
|move|p1a: Alakazam|Recover|p1a: Alakazam
|-heal|p1a: Alakazam|195\/313
|
|turn|81
|-mustrecharge|p2a: Dragonite
|-mustrecharge|p2a: Dragonite
|choice|move 1|move 1
|
|cant|p2a: Dragonite|recharge
|move|p1a: Alakazam|Psychic|p2a: Dragonite
|-damage|p2a: Dragonite|126\/385 par
|-unboost|p2a: Dragonite|spd|1
|-unboost|p2a: Dragonite|spa|1
|
|turn|82
|choice|move 1|move 2
|
|move|p1a: Alakazam|Psychic|p2a: Dragonite
|-damage|p2a: Dragonite|0 fnt
|faint|p2a: Dragonite
|-message|Shaymin303 forfeited.
|
|win|XianJu
|leave|Shaymin303
|player|p2
|raw|XianJu's rating: 1154 &rarr; <strong>1168<\/strong><br \/>(+14 for winning)
|raw|Shaymin303's rating: 1000 &rarr; <strong>1000<\/strong><br \/>(+0 for losing)