|join|smilzo
|join|SunnyORAS
|player|p1|smilzo|157
|player|p2|SunnyORAS|102
|gametype|singles
|gen|1
|tier|[Gen 1] OU
|rule|Sleep Clause Mod: Limit one foe put to sleep
|rule|Freeze Clause Mod: Limit one foe frozen
|rule|Species Clause: Limit one of each Pokémon
|rule|OHKO Clause: OHKO moves are banned
|rule|Evasion Moves Clause: Evasion moves are banned
|rule|HP Percentage Mod: HP is shown in percentages
|
|start
|switch|p1a: Alakazam|Alakazam|313\/313
|switch|p2a: Alakazam|Alakazam|313\/313
|turn|1
|c|★smilzo|hf
|c|★smilzo|c:
|join|RODtony
|c|★SunnyORAS|glgl man
|
|move|p1a: Alakazam|Thunder Wave|p2a: Alakazam
|-status|p2a: Alakazam|par
|move|p2a: Alakazam|Thunder Wave|p1a: Alakazam
|-status|p1a: Alakazam|par
|
|turn|2
|leave|RODtony
|
|move|p2a: Alakazam|Thunder Wave|p1a: Alakazam
|-fail|p1a: Alakazam|par
|move|p1a: Alakazam|Psychic|p2a: Alakazam
|-resisted|p2a: Alakazam
|-damage|p2a: Alakazam|261\/313 par
|
|turn|3
|
|move|p2a: Alakazam|Seismic Toss|p1a: Alakazam
|-damage|p1a: Alakazam|213\/313 par
|cant|p1a: Alakazam|par
|
|turn|4
|
|switch|p2a: Snorlax|Snorlax|523\/523
|move|p1a: Alakazam|Psychic|p2a: Snorlax
|-damage|p2a: Snorlax|365\/523
|
|turn|5
|join|JRoshi
|
|switch|p1a: Exeggutor|Exeggutor|393\/393
|move|p2a: Snorlax|Body Slam|p1a: Exeggutor
|-damage|p1a: Exeggutor|276\/393
|
|turn|6
|leave|JRoshi
|
|switch|p2a: Alakazam|Alakazam|261\/313 par
|move|p1a: Exeggutor|Psychic|p2a: Alakazam
|-resisted|p2a: Alakazam
|-damage|p2a: Alakazam|214\/313 par
|
|turn|7
|
|switch|p1a: Alakazam|Alakazam|213\/313 par
|switch|p2a: Snorlax|Snorlax|365\/523
|
|turn|8
|
|switch|p1a: Snorlax|Snorlax|523\/523
|move|p2a: Snorlax|Body Slam|p1a: Snorlax
|-damage|p1a: Snorlax|389\/523
|
|turn|9
|
|move|p1a: Snorlax|Earthquake|p2a: Snorlax
|-damage|p2a: Snorlax|265\/523
|move|p2a: Snorlax|Counter|p1a: Snorlax
|-fail|p2a: Snorlax
|
|turn|10
|c|★smilzo|:]
|c|★SunnyORAS|:s
|
|switch|p2a: Exeggutor|Exeggutor|393\/393
|move|p1a: Snorlax|Body Slam|p2a: Exeggutor
|-damage|p2a: Exeggutor|269\/393
|-status|p2a: Exeggutor|par
|
|turn|11
|
|switch|p1a: Alakazam|Alakazam|213\/313 par
|cant|p2a: Exeggutor|par
|
|turn|12
|
|move|p1a: Alakazam|Recover|p1a: Alakazam
|-heal|p1a: Alakazam|313\/313 par
|move|p2a: Exeggutor|Hyper Beam|p1a: Alakazam
|-damage|p1a: Alakazam|129\/313 par
|
|turn|13
|-mustrecharge|p2a: Exeggutor
|-mustrecharge|p2a: Exeggutor
|
|cant|p1a: Alakazam|par
|cant|p2a: Exeggutor|recharge
|
|turn|14
|c|★smilzo|lol
|
|move|p1a: Alakazam|Recover|p1a: Alakazam
|-heal|p1a: Alakazam|285\/313 par
|move|p2a: Exeggutor|Sleep Powder|p1a: Alakazam
|-fail|p1a: Alakazam
|
|turn|15
|
|switch|p2a: Snorlax|Snorlax|265\/523
|cant|p1a: Alakazam|par
|
|turn|16
|
|switch|p1a: Exeggutor|Exeggutor|276\/393
|move|p2a: Snorlax|Body Slam|p1a: Exeggutor
|-damage|p1a: Exeggutor|148\/393
|
|turn|17
|
|switch|p2a: Alakazam|Alakazam|214\/313 par
|move|p1a: Exeggutor|Psychic|p2a: Alakazam
|-resisted|p2a: Alakazam
|-damage|p2a: Alakazam|166\/313 par
|
|turn|18
|join|Lutra
|
|move|p1a: Exeggutor|Hyper Beam|p2a: Alakazam
|-damage|p2a: Alakazam|0 fnt
|faint|p2a: Alakazam
|c|★SunnyORAS|o
|c|★SunnyORAS|;;
|c|★smilzo|c:
|
|switch|p2a: Exeggutor|Exeggutor|269\/393 par
|turn|19
|c|★smilzo|you revealed yours too recklessly
|c|★smilzo|tbh
|c|★SunnyORAS|;;
|
|switch|p1a: Alakazam|Alakazam|285\/313 par
|switch|p2a: Tauros|Tauros|353\/353
|
|turn|20
|
|switch|p2a: Exeggutor|Exeggutor|269\/393 par
|cant|p1a: Alakazam|par
|
|turn|21
|
|move|p1a: Alakazam|Seismic Toss|p2a: Exeggutor
|-damage|p2a: Exeggutor|169\/393 par
|move|p2a: Exeggutor|Psychic|p1a: Alakazam
|-resisted|p1a: Alakazam
|-damage|p1a: Alakazam|238\/313 par
|
|turn|22
|
|move|p1a: Alakazam|Recover|p1a: Alakazam
|-heal|p1a: Alakazam|313\/313 par
|move|p2a: Exeggutor|Sleep Powder|p1a: Alakazam
|-fail|p1a: Alakazam
|
|turn|23
|
|move|p1a: Alakazam|Seismic Toss|p2a: Exeggutor
|-damage|p2a: Exeggutor|69\/393 par
|move|p2a: Exeggutor|Explosion|p1a: Alakazam
|-damage|p1a: Alakazam|0 fnt
|faint|p1a: Alakazam
|faint|p2a: Exeggutor
|c|★SunnyORAS|;;
|c|★SunnyORAS|oh I fucked up a mons moveset
|c|★SunnyORAS|;;
|c|★smilzo|o
|c|★SunnyORAS|only 1 move
|c|★SunnyORAS|N_n
|c|★smilzo|:c
|
|switch|p1a: Starmie|Starmie|323\/323
|switch|p2a: Tauros|Tauros|353\/353
|turn|24
|c|★smilzo|ye
|join|Natural Talents
|c|★smilzo|i know the feeling
|
|switch|p2a: Chansey|Chansey|703\/703
|move|p1a: Starmie|Psychic|p2a: Chansey
|-crit|p2a: Chansey
|-damage|p2a: Chansey|511\/703
|
|turn|25
|c|★SunnyORAS|tauros+chans in back then
|c|★smilzo|maybe
|c|★SunnyORAS|my last mon was so innovative too
|c|★smilzo|;)
|c|★SunnyORAS|D:
|c|★smilzo|uhm
|
|switch|p1a: Snorlax|Snorlax|389\/523
|move|p2a: Chansey|Ice Beam|p1a: Snorlax
|-damage|p1a: Snorlax|289\/523
|
|turn|26
|c|★smilzo|ye
|c|★smilzo|couldnt risk egg
|c|★SunnyORAS|freeeze
|join|shrang
|
|move|p2a: Chansey|Ice Beam|p1a: Snorlax
|-damage|p1a: Snorlax|196\/523
|move|p1a: Snorlax|Body Slam|p2a: Chansey
|-damage|p2a: Chansey|215\/703
|
|turn|27
|
|move|p2a: Chansey|Soft-Boiled|p2a: Chansey
|-heal|p2a: Chansey|566\/703
|move|p1a: Snorlax|Body Slam|p2a: Chansey
|-damage|p2a: Chansey|268\/703
|
|turn|28
|leave|shrang
|
|move|p2a: Chansey|Soft-Boiled|p2a: Chansey
|-heal|p2a: Chansey|619\/703
|move|p1a: Snorlax|Body Slam|p2a: Chansey
|-damage|p2a: Chansey|307\/703
|
|turn|29
|
|switch|p1a: Exeggutor|Exeggutor|148\/393
|move|p2a: Chansey|Soft-Boiled|p2a: Chansey
|-heal|p2a: Chansey|658\/703
|
|turn|30
|
|move|p1a: Exeggutor|Sleep Powder|p2a: Chansey
|-status|p2a: Chansey|slp
|cant|p2a: Chansey|slp
|
|turn|31
|
|move|p1a: Exeggutor|Psychic|p2a: Chansey
|-damage|p2a: Chansey|536\/703 slp
|-unboost|p2a: Chansey|spd|1
|-unboost|p2a: Chansey|spa|1
|cant|p2a: Chansey|slp
|
|turn|32
|
|move|p1a: Exeggutor|Psychic|p2a: Chansey
|-damage|p2a: Chansey|351\/703 slp
|cant|p2a: Chansey|slp
|
|turn|33
|
|switch|p2a: Tauros|Tauros|353\/353
|move|p1a: Exeggutor|Psychic|p2a: Tauros
|-damage|p2a: Tauros|208\/353
|
|turn|34
|
|switch|p1a: Starmie|Starmie|323\/323
|move|p2a: Tauros|Body Slam|p1a: Starmie
|-damage|p1a: Starmie|212\/323
|-status|p1a: Starmie|par
|
|turn|35
|c|★smilzo|ah
|
|switch|p1a: Snorlax|Snorlax|196\/523
|move|p2a: Tauros|Hyper Beam|p1a: Snorlax
|-damage|p1a: Snorlax|0 fnt
|faint|p1a: Snorlax
|c|★smilzo|sob
|
|switch|p1a: Starmie|Starmie|212\/323 par
|turn|36
|
|move|p2a: Tauros|Body Slam|p1a: Starmie
|-damage|p1a: Starmie|108\/323 par
|move|p1a: Starmie|Recover|p1a: Starmie
|-heal|p1a: Starmie|269\/323 par
|
|turn|37
|
|move|p2a: Tauros|Body Slam|p1a: Starmie
|-crit|p1a: Starmie
|-damage|p1a: Starmie|37\/323 par
|move|p1a: Starmie|Thunder Wave|p2a: Tauros
|-status|p2a: Tauros|par
|
|turn|38
|
|move|p1a: Starmie|Psychic|p2a: Tauros
|-damage|p2a: Tauros|77\/353 par
|move|p2a: Tauros|Hyper Beam|p1a: Starmie
|-damage|p1a: Starmie|0 fnt
|faint|p1a: Starmie
|
|switch|p1a: Exeggutor|Exeggutor|148\/393
|turn|39
|
|move|p1a: Exeggutor|Psychic|p2a: Tauros
|-damage|p2a: Tauros|0 fnt
|faint|p2a: Tauros
|
|switch|p2a: Snorlax|Snorlax|265\/523
|turn|40
|c|★SunnyORAS|i alr lost anyway damn u team builder
|c|★SunnyORAS|;;
|
|switch|p2a: Chansey|Chansey|351\/703 slp
|move|p1a: Exeggutor|Explosion|p2a: Chansey
|-crit|p2a: Chansey
|-damage|p2a: Chansey|0 fnt
|faint|p2a: Chansey
|faint|p1a: Exeggutor
|
|switch|p1a: Zapdos|Zapdos|383\/383
|switch|p2a: Snorlax|Snorlax|265\/523
|turn|41
|
|move|p1a: Zapdos|Thunder|p2a: Snorlax
|-damage|p2a: Snorlax|47\/523
|move|p2a: Snorlax|Self-Destruct|p1a: Zapdos
|-damage|p1a: Zapdos|5\/383
|faint|p2a: Snorlax
|
|switch|p2a: Raichu|Raichu|323\/323
|turn|42
|
|move|p1a: Zapdos|Thunder Wave|p2a: Raichu
|-status|p2a: Raichu|par
|move|p2a: Raichu|Surf|p1a: Zapdos
|-crit|p1a: Zapdos
|-damage|p1a: Zapdos|0 fnt
|faint|p1a: Zapdos
|c|★SunnyORAS|can I just win speed tie?
|c|★SunnyORAS|n
|c|★SunnyORAS|;;
|
|switch|p1a: Tauros|Tauros|353\/353
|turn|43
|c|★SunnyORAS|o
|
|move|p1a: Tauros|Earthquake|p2a: Raichu
|-supereffective|p2a: Raichu
|-damage|p2a: Raichu|99\/323 par
|move|p2a: Raichu|Surf|p1a: Tauros
|-damage|p1a: Tauros|260\/353
|
|turn|44
|c|★SunnyORAS|no chans team :P
|c|★SunnyORAS|G_G
|
|move|p1a: Tauros|Earthquake|p2a: Raichu
|-crit|p2a: Raichu
|-supereffective|p2a: Raichu
|-damage|p2a: Raichu|0 fnt
|faint|p2a: Raichu
|
|win|smilzo
|c|★smilzo|c: