|join|champ_dab
|join|Senhor do Fogo
|player|p1|champ_dab|163
|player|p2|Senhor do Fogo|154
|gametype|singles
|gen|1
|tier|[Gen 1] OU (beta)
|rated
|rule|Sleep Clause Mod: Limit one foe put to sleep
|rule|Species Clause: Limit one of each Pokémon
|rule|OHKO Clause: OHKO moves are banned
|rule|Moody Clause: Moody is banned
|rule|Evasion Moves Clause: Evasion moves are banned
|rule|Endless Battle Clause: Forcing endless battles is banned
|rule|HP Percentage Mod: HP is reported as percentages
|
|start
|switch|p1a: Gengar|Gengar|323\/323
|switch|p2a: Gengar|Gengar|323\/323
|turn|1
|
|move|p2a: Gengar|Hypnosis|p1a: Gengar
|-status|p1a: Gengar|slp
|cant|p1a: Gengar|slp
|
|turn|2
|
|switch|p2a: Tauros|Tauros|353\/353
|cant|p1a: Gengar|slp
|
|turn|3
|
|switch|p1a: Exeggutor|Exeggutor|393\/393
|move|p2a: Tauros|Earthquake|p1a: Exeggutor
|-resisted|p1a: Exeggutor
|-damage|p1a: Exeggutor|350\/393
|
|turn|4
|
|switch|p2a: Chansey|Chansey|703\/703
|switch|p1a: Cloyster|Cloyster|303\/303
|
|turn|5
|
|move|p1a: Cloyster|Clamp|p2a: Chansey
|-damage|p2a: Chansey|669\/703
|-activate|p2a: Chansey|move: Clamp|[of] p1a: Cloyster
|cant|p2a: Chansey|partiallytrapped
|
|turn|6
|
|move|p1a: Cloyster|Clamp|p2a: Chansey
|-damage|p2a: Chansey|635\/703
|cant|p2a: Chansey|partiallytrapped
|
|turn|7
|
|move|p1a: Cloyster|Clamp|p2a: Chansey
|-damage|p2a: Chansey|601\/703
|cant|p2a: Chansey|partiallytrapped
|
|turn|8
|
|switch|p2a: Gengar|Gengar|323\/323
|move|p1a: Cloyster|Clamp|p2a: Gengar
|-crit|p2a: Gengar
|-damage|p2a: Gengar|252\/323
|-activate|p2a: Gengar|move: Clamp|[of] p1a: Cloyster
|
|turn|9
|
|cant|p2a: Gengar|partiallytrapped
|move|p1a: Cloyster|Clamp|p2a: Gengar
|-damage|p2a: Gengar|218\/323
|
|-end|p2a: Gengar|Clamp|[partiallytrapped]
|turn|10
|
|switch|p1a: Gengar|Gengar|323\/323 slp
|move|p2a: Gengar|Thunderbolt|p1a: Gengar
|-damage|p1a: Gengar|251\/323 slp
|
|turn|11
|
|switch|p2a: Tauros|Tauros|353\/353
|cant|p1a: Gengar|slp
|
|turn|12
|
|switch|p1a: Cloyster|Cloyster|303\/303
|move|p2a: Tauros|Blizzard|p1a: Cloyster
|-resisted|p1a: Cloyster
|-damage|p1a: Cloyster|284\/303
|
|turn|13
|
|move|p2a: Tauros|Body Slam|p1a: Cloyster
|-crit|p1a: Cloyster
|-damage|p1a: Cloyster|155\/303
|move|p1a: Cloyster|Clamp|p2a: Tauros
|-damage|p2a: Tauros|307\/353
|-activate|p2a: Tauros|move: Clamp|[of] p1a: Cloyster
|
|turn|14
|
|switch|p2a: Gengar|Gengar|218\/323
|move|p1a: Cloyster|Clamp|p2a: Gengar
|-damage|p2a: Gengar|185\/323
|-activate|p2a: Gengar|move: Clamp|[of] p1a: Cloyster
|
|turn|15
|
|cant|p2a: Gengar|partiallytrapped
|move|p1a: Cloyster|Clamp|p2a: Gengar
|-damage|p2a: Gengar|139\/323
|
|turn|16
|join|Femur
|
|cant|p2a: Gengar|partiallytrapped
|move|p1a: Cloyster|Clamp|p2a: Gengar
|-damage|p2a: Gengar|93\/323
|
|-end|p2a: Gengar|Clamp|[partiallytrapped]
|turn|17
|
|switch|p1a: Exeggutor|Exeggutor|350\/393
|move|p2a: Gengar|Thunderbolt|p1a: Exeggutor
|-resisted|p1a: Exeggutor
|-damage|p1a: Exeggutor|309\/393
|
|turn|18
|
|switch|p2a: Chansey|Chansey|601\/703
|move|p1a: Exeggutor|Sleep Powder|p2a: Chansey
|-status|p2a: Chansey|slp
|
|turn|19
|
|switch|p2a: Lapras|Lapras|463\/463
|move|p1a: Exeggutor|Stun Spore|p2a: Lapras
|-status|p2a: Lapras|par
|
|turn|20
|
|switch|p1a: Gengar|Gengar|251\/323 slp
|move|p2a: Lapras|Confuse Ray|p1a: Gengar
|-start|p1a: Gengar|confusion
|
|turn|21
|
|switch|p2a: Dragonite|Dragonite|385\/385
|cant|p1a: Gengar|slp
|
|turn|22
|
|cant|p1a: Gengar|slp
|-curestatus|p1a: Gengar|slp
|move|p2a: Dragonite|Agility|p2a: Dragonite
|-boost|p2a: Dragonite|spe|2
|
|turn|23
|
|move|p2a: Dragonite|Blizzard|p1a: Gengar
|-crit|p1a: Gengar
|-damage|p1a: Gengar|104\/323
|-activate|p1a: Gengar|confusion
|move|p1a: Gengar|Thunderbolt|p2a: Dragonite
|-damage|p2a: Dragonite|299\/385
|
|turn|24
|
|move|p2a: Dragonite|Blizzard|p1a: Gengar
|-damage|p1a: Gengar|31\/323
|-activate|p1a: Gengar|confusion
|-damage|p1a: Gengar|0 fnt|[from] confusion
|faint|p1a: Gengar
|
|
|switch|p1a: Tauros|Tauros|353\/353
|turn|25
|
|move|p2a: Dragonite|Wrap|p1a: Tauros|[miss]
|-miss|p2a: Dragonite
|move|p1a: Tauros|Thunder|p2a: Dragonite
|-damage|p2a: Dragonite|226\/385
|
|turn|26
|join|Meei!
|
|move|p2a: Dragonite|Wrap|p1a: Tauros
|-damage|p1a: Tauros|338\/353
|-activate|p1a: Tauros|move: Wrap|[of] p2a: Dragonite
|cant|p1a: Tauros|partiallytrapped
|
|turn|27
|leave|Meei!
|join|Meei!
|
|move|p2a: Dragonite|Wrap|p1a: Tauros
|-damage|p1a: Tauros|323\/353
|cant|p1a: Tauros|partiallytrapped
|
|-end|p1a: Tauros|Wrap|[partiallytrapped]
|turn|28
|
|move|p2a: Dragonite|Wrap|p1a: Tauros
|-damage|p1a: Tauros|308\/353
|-activate|p1a: Tauros|move: Wrap|[of] p2a: Dragonite
|cant|p1a: Tauros|partiallytrapped
|
|turn|29
|
|move|p2a: Dragonite|Wrap|p1a: Tauros
|-damage|p1a: Tauros|293\/353
|cant|p1a: Tauros|partiallytrapped
|
|turn|30
|
|move|p2a: Dragonite|Wrap|p1a: Tauros
|-damage|p1a: Tauros|278\/353
|cant|p1a: Tauros|partiallytrapped
|
|turn|31
|
|move|p2a: Dragonite|Wrap|p1a: Tauros
|-damage|p1a: Tauros|263\/353
|cant|p1a: Tauros|partiallytrapped
|
|-end|p1a: Tauros|Wrap|[partiallytrapped]
|turn|32
|
|move|p2a: Dragonite|Wrap|p1a: Tauros
|-crit|p1a: Tauros
|-damage|p1a: Tauros|230\/353
|-activate|p1a: Tauros|move: Wrap|[of] p2a: Dragonite
|cant|p1a: Tauros|partiallytrapped
|
|turn|33
|leave|Meei!
|
|move|p2a: Dragonite|Wrap|p1a: Tauros
|-damage|p1a: Tauros|197\/353
|cant|p1a: Tauros|partiallytrapped
|
|turn|34
|
|move|p2a: Dragonite|Wrap|p1a: Tauros
|-damage|p1a: Tauros|164\/353
|cant|p1a: Tauros|partiallytrapped
|
|-end|p1a: Tauros|Wrap|[partiallytrapped]
|turn|35
|
|move|p2a: Dragonite|Wrap|p1a: Tauros|[miss]
|-miss|p2a: Dragonite
|move|p1a: Tauros|Blizzard|p2a: Dragonite|[miss]
|-miss|p1a: Tauros
|
|turn|36
|
|move|p2a: Dragonite|Wrap|p1a: Tauros
|-damage|p1a: Tauros|149\/353
|-activate|p1a: Tauros|move: Wrap|[of] p2a: Dragonite
|cant|p1a: Tauros|partiallytrapped
|
|turn|37
|leave|Femur
|
|move|p2a: Dragonite|Wrap|p1a: Tauros
|-damage|p1a: Tauros|134\/353
|cant|p1a: Tauros|partiallytrapped
|
|-end|p1a: Tauros|Wrap|[partiallytrapped]
|turn|38
|
|move|p2a: Dragonite|Hyper Beam|p1a: Tauros
|-crit|p1a: Tauros
|-damage|p1a: Tauros|0 fnt
|faint|p1a: Tauros
|
|
|switch|p1a: Cloyster|Cloyster|155\/303
|turn|39
|
|move|p2a: Dragonite|Wrap|p1a: Cloyster|[miss]
|-miss|p2a: Dragonite
|move|p1a: Cloyster|Blizzard|p2a: Dragonite
|-supereffective|p2a: Dragonite
|-damage|p2a: Dragonite|0 fnt
|faint|p2a: Dragonite
|
|
|switch|p2a: Gengar|Gengar|93\/323
|turn|40
|
|move|p2a: Gengar|Thunderbolt|p1a: Cloyster
|-supereffective|p1a: Cloyster
|-damage|p1a: Cloyster|0 fnt
|faint|p1a: Cloyster
|
|
|switch|p1a: Exeggutor|Exeggutor|309\/393
|turn|41
|
|move|p2a: Gengar|Hypnosis|p1a: Exeggutor|[miss]
|-miss|p2a: Gengar
|move|p1a: Exeggutor|Psychic|p2a: Gengar
|-supereffective|p2a: Gengar
|-damage|p2a: Gengar|0 fnt
|faint|p2a: Gengar
|
|
|switch|p2a: Lapras|Lapras|463\/463 par
|turn|42
|
|switch|p1a: Snorlax|Snorlax|523\/523
|move|p2a: Lapras|Blizzard|p1a: Snorlax
|-damage|p1a: Snorlax|354\/523
|
|turn|43
|
|move|p1a: Snorlax|Body Slam|p2a: Lapras
|-damage|p2a: Lapras|342\/463 par
|cant|p2a: Lapras|par
|
|turn|44
|
|move|p1a: Snorlax|Body Slam|p2a: Lapras
|-damage|p2a: Lapras|212\/463 par
|move|p2a: Lapras|Blizzard|p1a: Snorlax
|-crit|p1a: Snorlax
|-damage|p1a: Snorlax|0 fnt
|faint|p1a: Snorlax
|
|
|switch|p1a: Golem|Golem|363\/363
|turn|45
|
|move|p1a: Golem|Body Slam|p2a: Lapras
|-damage|p2a: Lapras|123\/463 par
|move|p2a: Lapras|Blizzard|p1a: Golem|[miss]
|-miss|p2a: Lapras
|
|turn|46
|
|move|p1a: Golem|Body Slam|p2a: Lapras
|-damage|p2a: Lapras|36\/463 par
|move|p2a: Lapras|Blizzard|p1a: Golem
|-supereffective|p1a: Golem
|-damage|p1a: Golem|0 fnt
|faint|p1a: Golem
|
|
|switch|p1a: Exeggutor|Exeggutor|309\/393
|turn|47
|
|move|p1a: Exeggutor|Psychic|p2a: Lapras
|-crit|p2a: Lapras
|-damage|p2a: Lapras|0 fnt
|faint|p2a: Lapras
|
|
|switch|p2a: Tauros|Tauros|307\/353
|turn|48
|
|move|p2a: Tauros|Blizzard|p1a: Exeggutor
|-supereffective|p1a: Exeggutor
|-damage|p1a: Exeggutor|182\/393
|move|p1a: Exeggutor|Stun Spore|p2a: Tauros
|-status|p2a: Tauros|par
|
|turn|49
|
|move|p1a: Exeggutor|Psychic|p2a: Tauros
|-damage|p2a: Tauros|151\/353 par
|cant|p2a: Tauros|par
|
|turn|50
|
|move|p1a: Exeggutor|Psychic|p2a: Tauros
|-damage|p2a: Tauros|0 fnt
|faint|p2a: Tauros
|
|
|switch|p2a: Rhydon|Rhydon|413\/413
|turn|51
|
|move|p1a: Exeggutor|Psychic|p2a: Rhydon
|-damage|p2a: Rhydon|211\/413
|-unboost|p2a: Rhydon|spd|1
|-unboost|p2a: Rhydon|spa|1
|move|p2a: Rhydon|Body Slam|p1a: Exeggutor
|-damage|p1a: Exeggutor|94\/393
|
|turn|52
|
|move|p1a: Exeggutor|Psychic|p2a: Rhydon
|-damage|p2a: Rhydon|0 fnt
|faint|p2a: Rhydon
|
|
|switch|p2a: Chansey|Chansey|601\/703 slp
|turn|53
|
|move|p1a: Exeggutor|Psychic|p2a: Chansey
|-damage|p2a: Chansey|484\/703 slp
|cant|p2a: Chansey|slp
|
|turn|54
|
|move|p1a: Exeggutor|Psychic|p2a: Chansey
|-damage|p2a: Chansey|365\/703 slp
|cant|p2a: Chansey|slp
|
|turn|55
|
|move|p1a: Exeggutor|Psychic|p2a: Chansey
|-damage|p2a: Chansey|241\/703 slp
|-unboost|p2a: Chansey|spd|1
|-unboost|p2a: Chansey|spa|1
|cant|p2a: Chansey|slp
|
|turn|56
|
|move|p1a: Exeggutor|Psychic|p2a: Chansey
|-damage|p2a: Chansey|50\/703 slp
|cant|p2a: Chansey|slp
|
|turn|57
|chat|Senhor do Fogo|gg
|
|move|p1a: Exeggutor|Psychic|p2a: Chansey
|-damage|p2a: Chansey|0 fnt
|faint|p2a: Chansey
|
|win|champ_dab
|raw|Ladder updating...
|raw|champ_dab's rating: 1063 &rarr; <strong>1105<\/strong><br \/>(+42 for winning)
|raw|Senhor do Fogo's rating: 1201 &rarr; <strong>1166<\/strong><br \/>(-35 for losing)
|chat|champ_dab|gg man
|leave|Senhor do Fogo
|player|p2