|j|elmyue
|j|triballllll
|player|p1|elmyue|157
|player|p2|triballllll|156
|gametype|singles
|gen|1
|tier|[Gen 1] Random Battle
|rated
|seed|19666,30021,22216,6707
|rule|Sleep Clause Mod: Limit one foe put to sleep
|rule|Freeze Clause Mod: Limit one foe frozen
|rule|HP Percentage Mod: HP is shown in percentages
|
|start
|switch|p1a: Jynx|Jynx, L79|265\/265
|switch|p2a: Charmeleon|Charmeleon, L85|272\/272
|turn|1
|choice|switch 5|move 1
|
|switch|p1a: Tauros|Tauros, L79|280\/280
|move|p2a: Charmeleon|Fire Blast|p1a: Tauros
|-damage|p1a: Tauros|165\/280
|
|turn|2
|choice|move 2|move 2
|
|move|p1a: Tauros|Earthquake|p2a: Charmeleon
|-supereffective|p2a: Charmeleon
|-damage|p2a: Charmeleon|101\/272
|move|p2a: Charmeleon|Submission|p1a: Tauros
|-crit|p1a: Tauros
|-supereffective|p1a: Tauros
|-damage|p1a: Tauros|0 fnt
|-damage|p2a: Charmeleon|60\/272|[from] recoil|[of] p1a: Tauros
|faint|p1a: Tauros
|choice|switch 5|
|
|switch|p1a: Jynx|Jynx, L79|265\/265
|turn|3
|choice|move 4|switch 5
|
|switch|p2a: Electrode|Electrode, L90|291\/291
|move|p1a: Jynx|Psychic|p2a: Electrode
|-damage|p2a: Electrode|213\/291
|-unboost|p2a: Electrode|spd|1
|-unboost|p2a: Electrode|spa|1
|
|turn|4
|choice|switch 3|move 1
|
|switch|p1a: Caterpie|Caterpie, L99|290\/290
|move|p2a: Electrode|Explosion|p1a: Caterpie
|-damage|p1a: Caterpie|43\/290
|faint|p2a: Electrode
|choice||switch 3
|
|switch|p2a: Gengar|Gengar, L79|257\/257
|turn|5
|choice|move 2|move 3
|
|move|p2a: Gengar|Thunderbolt|p1a: Caterpie
|-damage|p1a: Caterpie|0 fnt
|faint|p1a: Caterpie
|choice|switch 3|
|
|switch|p1a: Jynx|Jynx, L79|265\/265
|turn|6
|choice|move 4|move 1
|
|move|p2a: Gengar|Hypnosis|p1a: Jynx
|-status|p1a: Jynx|slp
|cant|p1a: Jynx|slp
|
|turn|7
|choice|switch 6|switch 2
|
|switch|p2a: Rattata|Rattata, L96|252\/252
|switch|p1a: Zapdos|Zapdos, L79|304\/304
|
|turn|8
|choice|move 2|move 1
|
|move|p1a: Zapdos|Thunder Wave|p2a: Rattata
|-status|p2a: Rattata|par
|cant|p2a: Rattata|par
|
|turn|9
|choice|move 3|move 1
|
|move|p1a: Zapdos|Thunderbolt|p2a: Rattata
|-damage|p2a: Rattata|74\/252 par
|cant|p2a: Rattata|par
|
|turn|10
|choice|move 3|move 3
|
|move|p1a: Zapdos|Thunderbolt|p2a: Rattata
|-damage|p2a: Rattata|0 fnt
|faint|p2a: Rattata
|choice||switch 4
|
|switch|p2a: Vileplume|Vileplume, L90|318\/318
|turn|11
|choice|switch 2|move 3
|
|switch|p1a: Charmander|Charmander, L96|270\/270
|move|p2a: Vileplume|Body Slam|p1a: Charmander
|-damage|p1a: Charmander|189\/270
|
|turn|12
|choice|move 1|switch 6
|
|switch|p2a: Golduck|Golduck, L85|310\/310
|move|p1a: Charmander|Fire Blast|p2a: Golduck
|-crit|p2a: Golduck
|-resisted|p2a: Golduck
|-damage|p2a: Golduck|203\/310
|
|turn|13
|choice|switch 4|move 1
|
|switch|p1a: Lapras|Lapras, L79|367\/367
|move|p2a: Golduck|Amnesia|p2a: Golduck
|-boost|p2a: Golduck|spd|2
|-boost|p2a: Golduck|spa|2
|
|turn|14
|choice|move 4|move 2
|
|move|p2a: Golduck|Body Slam|p1a: Lapras
|-crit|p1a: Lapras
|-damage|p1a: Lapras|249\/367
|move|p1a: Lapras|Thunderbolt|p2a: Golduck
|-supereffective|p2a: Golduck
|-damage|p2a: Golduck|135\/310
|-status|p2a: Golduck|par
|
|turn|15
|choice|move 4|move 3
|
|move|p1a: Lapras|Thunderbolt|p2a: Golduck
|-crit|p2a: Golduck
|-supereffective|p2a: Golduck
|-damage|p2a: Golduck|0 fnt
|faint|p2a: Golduck
|choice||switch 5
|
|switch|p2a: Charmeleon|Charmeleon, L85|60\/272
|turn|16
|choice|move 4|move 2
|
|move|p2a: Charmeleon|Submission|p1a: Lapras|[miss]
|-miss|p2a: Charmeleon
|move|p1a: Lapras|Thunderbolt|p2a: Charmeleon
|-damage|p2a: Charmeleon|0 fnt
|faint|p2a: Charmeleon
|choice||switch 6
|
|switch|p2a: Vileplume|Vileplume, L90|318\/318
|turn|17
|choice|move 3|move 2
|
|move|p2a: Vileplume|Mega Drain|p1a: Lapras
|-supereffective|p1a: Lapras
|-damage|p1a: Lapras|150\/367
|move|p1a: Lapras|Blizzard|p2a: Vileplume
|-supereffective|p2a: Vileplume
|-damage|p2a: Vileplume|137\/318
|
|turn|18
|choice|switch 4|move 3
|
|switch|p1a: Charmander|Charmander, L96|189\/270
|move|p2a: Vileplume|Body Slam|p1a: Charmander
|-damage|p1a: Charmander|105\/270
|
|turn|19
|choice|move 1|move 3
|
|move|p1a: Charmander|Fire Blast|p2a: Vileplume
|-supereffective|p2a: Vileplume
|-damage|p2a: Vileplume|0 fnt
|faint|p2a: Vileplume
|choice||switch 2
|
|switch|p2a: Gengar|Gengar, L79|257\/257
|turn|20
|choice|move 1|move 3
|
|move|p2a: Gengar|Thunderbolt|p1a: Charmander
|-damage|p1a: Charmander|13\/270
|move|p1a: Charmander|Fire Blast|p2a: Gengar|[miss]
|-miss|p1a: Charmander
|
|turn|21
|choice|move 1|move 3
|
|move|p2a: Gengar|Thunderbolt|p1a: Charmander
|-damage|p1a: Charmander|0 fnt
|faint|p1a: Charmander
|choice|switch 4|
|
|switch|p1a: Lapras|Lapras, L79|150\/367
|turn|22
|choice|move 3|move 3
|
|move|p2a: Gengar|Thunderbolt|p1a: Lapras
|-crit|p1a: Lapras
|-supereffective|p1a: Lapras
|-damage|p1a: Lapras|0 fnt
|faint|p1a: Lapras
|choice|switch 2|
|
|switch|p1a: Zapdos|Zapdos, L79|304\/304
|turn|23
|choice|move 2|move 4
|
|move|p2a: Gengar|Psychic|p1a: Zapdos
|-crit|p1a: Zapdos
|-damage|p1a: Zapdos|194\/304
|-unboost|p1a: Zapdos|spd|1
|-unboost|p1a: Zapdos|spa|1
|move|p1a: Zapdos|Thunder Wave|p2a: Gengar
|-status|p2a: Gengar|par
|
|turn|24
|choice|switch 6|move 4
|
|switch|p1a: Jynx|Jynx, L79|265\/265 slp
|cant|p2a: Gengar|par
|
|turn|25
|choice|move 4|move 3
|
|-curestatus|p1a: Jynx|slp
|move|p2a: Gengar|Thunderbolt|p1a: Jynx
|-crit|p1a: Jynx
|-damage|p1a: Jynx|132\/265
|
|turn|26
|choice|move 4|move 1
|
|move|p1a: Jynx|Psychic|p2a: Gengar
|-supereffective|p2a: Gengar
|-damage|p2a: Gengar|129\/257 par
|move|p2a: Gengar|Hypnosis|p1a: Jynx
|-status|p1a: Jynx|slp
|
|turn|27
|choice|move 4|move 3
|
|cant|p1a: Jynx|slp
|move|p2a: Gengar|Thunderbolt|p1a: Jynx
|-damage|p1a: Jynx|65\/265 slp
|
|turn|28
|choice|move 4|move 3
|
|cant|p1a: Jynx|slp
|move|p2a: Gengar|Thunderbolt|p1a: Jynx
|-crit|p1a: Jynx
|-damage|p1a: Jynx|0 fnt
|faint|p1a: Jynx
|choice|switch 6|
|
|switch|p1a: Zapdos|Zapdos, L79|194\/304
|turn|29
|choice|move 1|move 1
|
|move|p1a: Zapdos|Drill Peck|p2a: Gengar
|-damage|p2a: Gengar|38\/257 par
|cant|p2a: Gengar|par
|
|turn|30
|c|★triballllll|gg
|choice|move 3|move 1
|
|move|p1a: Zapdos|Thunderbolt|p2a: Gengar
|-damage|p2a: Gengar|0 fnt
|faint|p2a: Gengar
|
|win|elmyue
|player|p1
|player|p2
|raw|elmyue's rating: 1077 &rarr; <strong>1106<\/strong><br \/>(+29 for winning)
|raw|triballllll's rating: 1083 &rarr; <strong>1060<\/strong><br \/>(-23 for losing)
|c|★elmyue|gg