|j|Khaytra
|j|Peasounay
|player|p1|Khaytra|209
|player|p2|Peasounay|80
|gametype|singles
|gen|1
|tier|[Gen 1] OU
|seed|28592,11619,45380,53172
|rule|Sleep Clause Mod: Limit one foe put to sleep
|rule|Freeze Clause Mod: Limit one foe frozen
|rule|Species Clause: Limit one of each Pokémon
|rule|OHKO Clause: OHKO moves are banned
|rule|Evasion Moves Clause: Evasion moves are banned
|rule|HP Percentage Mod: HP is shown in percentages
|
|start
|switch|p1a: Jynx|Jynx|333\/333
|switch|p2a: Cuddle Me Plz|Jynx|333\/333
|turn|1
|c|★Peasounay|gl hf
|c|★Khaytra|you too :]
|choice|move 1|move 1
|
|move|p1a: Jynx|Lovely Kiss|p2a: Cuddle Me Plz
|-status|p2a: Cuddle Me Plz|slp
|-curestatus|p2a: Cuddle Me Plz|slp
|
|turn|2
|choice|move 1|move 1
|
|move|p1a: Jynx|Lovely Kiss|p2a: Cuddle Me Plz
|-status|p2a: Cuddle Me Plz|slp
|cant|p2a: Cuddle Me Plz|slp
|
|turn|3
|choice|switch 2|move 1
|
|switch|p1a: Tauros|Tauros|353\/353
|cant|p2a: Cuddle Me Plz|slp
|
|turn|4
|choice|move 1|switch 2
|
|switch|p2a: Wear Candoms Kid|Exeggutor|393\/393
|move|p1a: Tauros|Body Slam|p2a: Wear Candoms Kid
|-damage|p2a: Wear Candoms Kid|281\/393
|-status|p2a: Wear Candoms Kid|par
|
|turn|5
|choice|switch 2|move 1
|
|switch|p1a: Jynx|Jynx|333\/333
|move|p2a: Wear Candoms Kid|Sleep Powder|p1a: Jynx
|-status|p1a: Jynx|slp
|
|turn|6
|choice|switch 3|switch 3
|
|switch|p1a: Snorlax|Snorlax|523\/523
|switch|p2a: Yo Momma|Snorlax|523\/523
|
|turn|7
|j|the rogue
|choice|move 2|move 1
|
|move|p2a: Yo Momma|Body Slam|p1a: Snorlax
|-damage|p1a: Snorlax|392\/523
|move|p1a: Snorlax|Reflect|p1a: Snorlax
|-start|p1a: Snorlax|Reflect
|
|turn|8
|choice|move 1|move 1
|
|move|p1a: Snorlax|Amnesia|p1a: Snorlax
|-boost|p1a: Snorlax|spd|2
|-boost|p1a: Snorlax|spa|2
|move|p2a: Yo Momma|Body Slam|p1a: Snorlax
|-damage|p1a: Snorlax|318\/523
|
|turn|9
|l|the rogue
|choice|move 3|switch 5
|
|switch|p2a: I Own RBY|Chansey|703\/703
|move|p1a: Snorlax|Ice Beam|p2a: I Own RBY
|-damage|p2a: I Own RBY|598\/703
|
|turn|10
|choice|move 3|move 2
|
|move|p2a: I Own RBY|Ice Beam|p1a: Snorlax
|-damage|p1a: Snorlax|271\/523
|move|p1a: Snorlax|Ice Beam|p2a: I Own RBY
|-crit|p2a: I Own RBY
|-damage|p2a: I Own RBY|482\/703
|
|turn|11
|choice|move 3|move 2
|
|move|p2a: I Own RBY|Ice Beam|p1a: Snorlax
|-damage|p1a: Snorlax|220\/523
|move|p1a: Snorlax|Ice Beam|p2a: I Own RBY
|-damage|p2a: I Own RBY|378\/703
|
|turn|12
|choice|move 3|move 2
|
|move|p2a: I Own RBY|Ice Beam|p1a: Snorlax
|-damage|p1a: Snorlax|167\/523
|move|p1a: Snorlax|Ice Beam|p2a: I Own RBY
|-damage|p2a: I Own RBY|276\/703
|-status|p2a: I Own RBY|frz
|
|turn|13
|choice|move 4|switch 6
|
|switch|p2a: Shoooryuken!|Starmie|323\/323
|move|p1a: Snorlax|Rest|p1a: Snorlax
|-status|p1a: Snorlax|slp
|-heal|p1a: Snorlax|523\/523 slp|[silent]
|-status|p1a: Snorlax|slp|[from] move: Rest
|
|turn|14
|choice|switch 4|move 3
|
|switch|p1a: Exeggutor|Exeggutor|393\/393
|move|p2a: Shoooryuken!|Thunderbolt|p1a: Exeggutor
|-crit|p1a: Exeggutor
|-resisted|p1a: Exeggutor
|-damage|p1a: Exeggutor|332\/393
|
|turn|15
|j|oh its fuckn LIT
|choice|move 3|move 1
|
|move|p2a: Shoooryuken!|Blizzard|p1a: Exeggutor
|-supereffective|p1a: Exeggutor
|-damage|p1a: Exeggutor|171\/393
|move|p1a: Exeggutor|Psychic|p2a: Shoooryuken!
|-resisted|p2a: Shoooryuken!
|-damage|p2a: Shoooryuken!|264\/323
|
|turn|16
|choice|move 2|move 1
|
|move|p2a: Shoooryuken!|Blizzard|p1a: Exeggutor
|-supereffective|p1a: Exeggutor
|-damage|p1a: Exeggutor|0 fnt
|faint|p1a: Exeggutor
|choice|switch 5|
|
|switch|p1a: Zapdos|Zapdos|383\/383
|turn|17
|choice|move 2|switch 3
|
|switch|p2a: Wear Candoms Kid|Exeggutor|281\/393 par
|move|p1a: Zapdos|Thunder|p2a: Wear Candoms Kid
|-resisted|p2a: Wear Candoms Kid
|-damage|p2a: Wear Candoms Kid|212\/393 par
|
|turn|18
|choice|switch 6|switch 5
|
|switch|p1a: Chansey|Chansey|703\/703
|switch|p2a: Yo Momma|Snorlax|523\/523
|
|turn|19
|choice|switch 6|switch 5
|
|switch|p1a: Zapdos|Zapdos|383\/383
|switch|p2a: Wear Candoms Kid|Exeggutor|212\/393 par
|
|turn|20
|choice|move 1|move 4
|
|move|p1a: Zapdos|Drill Peck|p2a: Wear Candoms Kid
|-supereffective|p2a: Wear Candoms Kid
|-damage|p2a: Wear Candoms Kid|12\/393 par
|move|p2a: Wear Candoms Kid|Explosion|p1a: Zapdos
|-damage|p1a: Zapdos|94\/383
|faint|p2a: Wear Candoms Kid
|choice||switch 3
|
|switch|p2a: Shoooryuken!|Starmie|264\/323
|turn|21
|choice|switch 3|move 1
|
|switch|p1a: Jynx|Jynx|333\/333 slp
|move|p2a: Shoooryuken!|Blizzard|p1a: Jynx
|-resisted|p1a: Jynx
|-damage|p1a: Jynx|287\/333 slp
|
|turn|22
|choice|move 2|move 3
|
|move|p2a: Shoooryuken!|Thunderbolt|p1a: Jynx
|-crit|p1a: Jynx
|-damage|p1a: Jynx|130\/333 slp
|cant|p1a: Jynx|slp
|
|turn|23
|choice|move 2|move 3
|
|move|p2a: Shoooryuken!|Thunderbolt|p1a: Jynx
|-damage|p1a: Jynx|55\/333 slp
|-curestatus|p1a: Jynx|slp
|
|turn|24
|choice|switch 6|move 3
|
|switch|p1a: Chansey|Chansey|703\/703
|move|p2a: Shoooryuken!|Thunderbolt|p1a: Chansey
|-crit|p1a: Chansey
|-damage|p1a: Chansey|569\/703
|
|turn|25
|choice|move 1|move 2
|
|move|p2a: Shoooryuken!|Thunder Wave|p1a: Chansey
|-status|p1a: Chansey|par
|cant|p1a: Chansey|par
|
|turn|26
|choice|move 1|switch 5
|
|switch|p2a: Yo Momma|Snorlax|523\/523
|move|p1a: Chansey|Thunderbolt|p2a: Yo Momma
|-damage|p2a: Yo Momma|423\/523
|-status|p2a: Yo Momma|par
|
|turn|27
|choice|move 1|move 1
|
|move|p1a: Chansey|Thunderbolt|p2a: Yo Momma
|-damage|p2a: Yo Momma|327\/523 par
|move|p2a: Yo Momma|Body Slam|p1a: Chansey
|-damage|p1a: Chansey|290\/703 par
|
|turn|28
|choice|move 3|move 1
|
|move|p1a: Chansey|Soft-Boiled|p1a: Chansey
|-heal|p1a: Chansey|641\/703 par
|move|p2a: Yo Momma|Body Slam|p1a: Chansey
|-damage|p1a: Chansey|336\/703 par
|
|turn|29
|choice|move 1|move 1
|
|move|p1a: Chansey|Thunderbolt|p2a: Yo Momma
|-damage|p2a: Yo Momma|231\/523 par
|move|p2a: Yo Momma|Body Slam|p1a: Chansey
|-damage|p1a: Chansey|68\/703 par
|
|turn|30
|choice|move 1|move 3
|
|move|p1a: Chansey|Thunderbolt|p2a: Yo Momma
|-damage|p2a: Yo Momma|126\/523 par
|cant|p2a: Yo Momma|par
|
|turn|31
|choice|move 1|move 3
|
|move|p1a: Chansey|Thunderbolt|p2a: Yo Momma
|-damage|p2a: Yo Momma|18\/523 par
|move|p2a: Yo Momma|Hyper Beam|p1a: Chansey
|-damage|p1a: Chansey|0 fnt
|faint|p1a: Chansey
|choice|switch 3|
|
|switch|p1a: Zapdos|Zapdos|94\/383
|turn|32
|choice|move 3|move 4
|
|move|p1a: Zapdos|Thunderbolt|p2a: Yo Momma
|-crit|p2a: Yo Momma
|-damage|p2a: Yo Momma|0 fnt
|faint|p2a: Yo Momma
|choice||switch 5
|
|switch|p2a: Shoooryuken!|Starmie|264\/323
|turn|33
|choice|switch 4|move 1
|
|switch|p1a: Snorlax|Snorlax|523\/523 slp
|move|p2a: Shoooryuken!|Blizzard|p1a: Snorlax
|-damage|p1a: Snorlax|393\/523 slp
|
|turn|34
|choice|move 3|move 1
|
|move|p2a: Shoooryuken!|Blizzard|p1a: Snorlax
|-damage|p1a: Snorlax|281\/523 slp
|cant|p1a: Snorlax|slp
|
|turn|35
|choice|move 4|move 1
|
|move|p2a: Shoooryuken!|Blizzard|p1a: Snorlax
|-damage|p1a: Snorlax|155\/523 slp
|-curestatus|p1a: Snorlax|slp
|
|turn|36
|choice|move 4|move 1
|
|move|p2a: Shoooryuken!|Blizzard|p1a: Snorlax
|-damage|p1a: Snorlax|27\/523
|move|p1a: Snorlax|Rest|p1a: Snorlax
|-status|p1a: Snorlax|slp
|-heal|p1a: Snorlax|523\/523 slp|[silent]
|-status|p1a: Snorlax|slp|[from] move: Rest
|
|turn|37
|choice|move 2|move 1
|
|move|p2a: Shoooryuken!|Blizzard|p1a: Snorlax|[miss]
|-miss|p2a: Shoooryuken!
|cant|p1a: Snorlax|slp
|
|turn|38
|choice|move 2|move 3
|
|move|p2a: Shoooryuken!|Thunderbolt|p1a: Snorlax
|-damage|p1a: Snorlax|419\/523 slp
|-curestatus|p1a: Snorlax|slp
|
|turn|39
|choice|move 1|move 2
|
|move|p2a: Shoooryuken!|Thunder Wave|p1a: Snorlax
|-status|p1a: Snorlax|par
|move|p1a: Snorlax|Amnesia|p1a: Snorlax
|-boost|p1a: Snorlax|spd|2
|-boost|p1a: Snorlax|spa|2
|
|turn|40
|choice|move 1|move 3
|
|move|p2a: Shoooryuken!|Thunderbolt|p1a: Snorlax
|-crit|p1a: Snorlax
|-damage|p1a: Snorlax|235\/523 par
|move|p1a: Snorlax|Amnesia|p1a: Snorlax
|-boost|p1a: Snorlax|spd|2
|-boost|p1a: Snorlax|spa|2
|
|turn|41
|choice|move 4|move 3
|
|move|p2a: Shoooryuken!|Thunderbolt|p1a: Snorlax
|-damage|p1a: Snorlax|202\/523 par
|cant|p1a: Snorlax|par
|
|turn|42
|choice|move 4|move 3
|
|move|p2a: Shoooryuken!|Thunderbolt|p1a: Snorlax
|-damage|p1a: Snorlax|167\/523 par
|move|p1a: Snorlax|Rest|p1a: Snorlax
|-status|p1a: Snorlax|slp
|-heal|p1a: Snorlax|523\/523 slp|[silent]
|-status|p1a: Snorlax|slp|[from] move: Rest
|
|turn|43
|choice|move 2|switch 4
|
|switch|p2a: I'm God|Tauros|353\/353
|cant|p1a: Snorlax|slp
|
|turn|44
|choice|move 2|move 2
|
|move|p2a: I'm God|Body Slam|p1a: Snorlax
|-damage|p1a: Snorlax|389\/523 slp
|-curestatus|p1a: Snorlax|slp
|
|turn|45
|choice|move 2|move 2
|
|move|p2a: I'm God|Body Slam|p1a: Snorlax
|-damage|p1a: Snorlax|258\/523
|move|p1a: Snorlax|Reflect|p1a: Snorlax
|-start|p1a: Snorlax|Reflect
|
|turn|46
|choice|move 3|switch 4
|
|switch|p2a: Shoooryuken!|Starmie|264\/323
|move|p1a: Snorlax|Ice Beam|p2a: Shoooryuken!
|-resisted|p2a: Shoooryuken!
|-damage|p2a: Shoooryuken!|180\/323
|
|turn|47
|choice|move 1|move 2
|
|move|p2a: Shoooryuken!|Thunder Wave|p1a: Snorlax
|-status|p1a: Snorlax|par
|move|p1a: Snorlax|Amnesia|p1a: Snorlax
|-boost|p1a: Snorlax|spd|2
|-boost|p1a: Snorlax|spa|2
|
|turn|48
|choice|move 3|move 4
|
|move|p2a: Shoooryuken!|Recover|p2a: Shoooryuken!
|-heal|p2a: Shoooryuken!|323\/323
|move|p1a: Snorlax|Ice Beam|p2a: Shoooryuken!
|-resisted|p2a: Shoooryuken!
|-damage|p2a: Shoooryuken!|218\/323
|
|turn|49
|choice|move 3|move 3
|
|move|p2a: Shoooryuken!|Thunderbolt|p1a: Snorlax
|-damage|p1a: Snorlax|233\/523 par
|move|p1a: Snorlax|Ice Beam|p2a: Shoooryuken!
|-resisted|p2a: Shoooryuken!
|-damage|p2a: Shoooryuken!|104\/323
|-message|Freeze Clause activated.
|
|turn|50
|choice|move 4|move 4
|
|move|p2a: Shoooryuken!|Recover|p2a: Shoooryuken!
|-heal|p2a: Shoooryuken!|265\/323
|cant|p1a: Snorlax|par
|
|turn|51
|choice|move 4|move 3
|
|move|p2a: Shoooryuken!|Thunderbolt|p1a: Snorlax
|-damage|p1a: Snorlax|209\/523 par
|move|p1a: Snorlax|Rest|p1a: Snorlax
|-status|p1a: Snorlax|slp
|-heal|p1a: Snorlax|523\/523 slp|[silent]
|-status|p1a: Snorlax|slp|[from] move: Rest
|
|turn|52
|choice|move 2|move 3
|
|move|p2a: Shoooryuken!|Thunderbolt|p1a: Snorlax
|-damage|p1a: Snorlax|497\/523 slp
|cant|p1a: Snorlax|slp
|
|turn|53
|choice|move 2|move 3
|
|move|p2a: Shoooryuken!|Thunderbolt|p1a: Snorlax
|-damage|p1a: Snorlax|472\/523 slp
|-curestatus|p1a: Snorlax|slp
|
|turn|54
|choice|move 2|move 2
|
|move|p2a: Shoooryuken!|Thunder Wave|p1a: Snorlax
|-status|p1a: Snorlax|par
|cant|p1a: Snorlax|par
|
|turn|55
|choice|switch 6|move 2
|
|switch|p1a: Jynx|Jynx|55\/333
|move|p2a: Shoooryuken!|Thunder Wave|p1a: Jynx
|-status|p1a: Jynx|par
|
|turn|56
|c|★Khaytra|I didn't want to stall forever :\/ That would just be annoying.
|choice|move 2|move 3
|
|move|p2a: Shoooryuken!|Thunderbolt|p1a: Jynx
|-damage|p1a: Jynx|0 fnt
|faint|p1a: Jynx
|c|★Peasounay|as you like
|choice|switch 2|
|
|switch|p1a: Tauros|Tauros|353\/353
|turn|57
|c|★Peasounay|but yea doesn't change much
|choice|move 2|move 2
|
|move|p2a: Shoooryuken!|Thunder Wave|p1a: Tauros
|-status|p1a: Tauros|par
|move|p1a: Tauros|Hyper Beam|p2a: Shoooryuken!
|-damage|p2a: Shoooryuken!|72\/323
|
|turn|58
|-mustrecharge|p1a: Tauros
|-mustrecharge|p1a: Tauros
|choice|move 1|move 3
|
|move|p2a: Shoooryuken!|Thunderbolt|p1a: Tauros
|-damage|p1a: Tauros|266\/353 par
|cant|p1a: Tauros|recharge
|
|turn|59
|choice|move 1|move 4
|
|move|p2a: Shoooryuken!|Recover|p2a: Shoooryuken!
|-heal|p2a: Shoooryuken!|233\/323
|cant|p1a: Tauros|par
|
|turn|60
|choice|move 1|move 3
|
|move|p2a: Shoooryuken!|Thunderbolt|p1a: Tauros
|-damage|p1a: Tauros|179\/353 par
|move|p1a: Tauros|Body Slam|p2a: Shoooryuken!
|-damage|p2a: Shoooryuken!|119\/323
|
|turn|61
|choice|move 1|move 4
|
|move|p2a: Shoooryuken!|Recover|p2a: Shoooryuken!
|-heal|p2a: Shoooryuken!|280\/323
|move|p1a: Tauros|Body Slam|p2a: Shoooryuken!
|-crit|p2a: Shoooryuken!
|-damage|p2a: Shoooryuken!|66\/323
|-status|p2a: Shoooryuken!|par
|
|turn|62
|choice|move 2|move 3
|
|move|p2a: Shoooryuken!|Thunderbolt|p1a: Tauros
|-crit|p1a: Tauros
|-damage|p1a: Tauros|0 fnt
|faint|p1a: Tauros
|choice|switch 4|
|
|switch|p1a: Zapdos|Zapdos|94\/383
|turn|63
|choice|move 3|move 3
|
|move|p1a: Zapdos|Thunderbolt|p2a: Shoooryuken!
|-supereffective|p2a: Shoooryuken!
|-damage|p2a: Shoooryuken!|0 fnt
|faint|p2a: Shoooryuken!
|choice||switch 4
|
|switch|p2a: I'm God|Tauros|353\/353
|turn|64
|choice|move 2|move 2
|
|move|p2a: I'm God|Body Slam|p1a: Zapdos
|-damage|p1a: Zapdos|0 fnt
|faint|p1a: Zapdos
|choice|switch 6|
|
|switch|p1a: Snorlax|Snorlax|472\/523 par
|turn|65
|choice|move 2|move 2
|
|move|p2a: I'm God|Body Slam|p1a: Snorlax
|-crit|p1a: Snorlax
|-damage|p1a: Snorlax|217\/523 par
|move|p1a: Snorlax|Reflect|p1a: Snorlax
|-start|p1a: Snorlax|Reflect
|
|turn|66
|choice|move 4|move 2
|
|move|p2a: I'm God|Body Slam|p1a: Snorlax
|-damage|p1a: Snorlax|152\/523 par
|cant|p1a: Snorlax|par
|
|turn|67
|choice|move 4|move 2
|
|move|p2a: I'm God|Body Slam|p1a: Snorlax
|-damage|p1a: Snorlax|91\/523 par
|move|p1a: Snorlax|Rest|p1a: Snorlax
|-status|p1a: Snorlax|slp
|-heal|p1a: Snorlax|523\/523 slp|[silent]
|-status|p1a: Snorlax|slp|[from] move: Rest
|
|turn|68
|choice|move 1|switch 2
|
|switch|p2a: Cuddle Me Plz|Jynx|333\/333 slp
|cant|p1a: Snorlax|slp
|
|turn|69
|choice|move 1|move 2
|
|-curestatus|p2a: Cuddle Me Plz|slp
|-curestatus|p1a: Snorlax|slp
|
|turn|70
|choice|move 3|move 1
|
|move|p2a: Cuddle Me Plz|Lovely Kiss|p1a: Snorlax
|-status|p1a: Snorlax|slp
|cant|p1a: Snorlax|slp
|
|turn|71
|-message|Khaytra forfeited.
|
|win|Peasounay
|c|★Khaytra|gg!
|c|★Peasounay|gg