|join|ggc
|join|Bedschibaer
|player|p1|ggc|209
|player|p2|Bedschibaer|252
|gametype|singles
|gen|1
|tier|[Gen 1] OU (beta)
|rated
|rule|Sleep Clause Mod: Limit one foe put to sleep
|rule|Species Clause: Limit one of each Pokemon
|rule|OHKO Clause: OHKO moves are banned
|rule|Moody Clause: Moody is banned
|rule|Evasion Moves Clause: Evasion moves are banned
|rule|Endless Battle Clause: Forcing endless battles is banned.
|rule|HP Percentage Mod: HP is reported as percentages
|
|start
|switch|p1a: Jynx|Jynx|333\/333
|switch|p2a: Alakazam|Alakazam|313\/313
|turn|1
|chat|Bedschibaer|ay bb
|chat|ggc|HUEHU;EHUE
|
|switch|p1a: Chansey|Chansey|703\/703
|move|p2a: Alakazam|Thunder Wave|p1a: Chansey
|-status|p1a: Chansey|par
|
|turn|2
|
|switch|p2a: Chansey|Chansey|703\/703
|switch|p1a: Jynx|Jynx|333\/333
|
|turn|3
|
|switch|p2a: Alakazam|Alakazam|313\/313
|move|p1a: Jynx|Lovely Kiss|p2a: Alakazam
|-status|p2a: Alakazam|slp
|
|turn|4
|
|switch|p2a: Snorlax|Snorlax|523\/523
|move|p1a: Jynx|Blizzard|p2a: Snorlax
|-damage|p2a: Snorlax|342\/523
|-status|p2a: Snorlax|frz
|
|turn|5
|chat|Bedschibaer|i swear i will ban you
|chat|ggc|pure skill
|
|switch|p2a: Chansey|Chansey|703\/703
|move|p1a: Jynx|Psychic|p2a: Chansey
|-damage|p2a: Chansey|599\/703
|
|turn|6
|join|Draccer
|
|switch|p1a: Chansey|Chansey|703\/703 par
|move|p2a: Chansey|Thunder Wave|p1a: Chansey
|-fail|p1a: Chansey|par
|
|turn|7
|
|switch|p2a: Exeggutor|Exeggutor|393\/393
|move|p1a: Chansey|Ice Beam|p2a: Exeggutor
|-supereffective|p2a: Exeggutor
|-damage|p2a: Exeggutor|251\/393
|
|turn|8
|chat|Draccer|what happened?
|chat|ggc|bad things
|chat|Bedschibaer|gdi, didn't you freeze like all of my shit in the last match we had?
|chat|ggc|no, that was another time
|
|switch|p2a: Tauros|Tauros|353\/353
|move|p1a: Chansey|Ice Beam|p2a: Tauros
|-damage|p2a: Tauros|255\/353
|
|turn|9
|chat|ggc|HERE IS THE FREEE
|chat|ggc|Z
|
|move|p2a: Tauros|Body Slam|p1a: Chansey
|-damage|p1a: Chansey|426\/703 par
|move|p1a: Chansey|Thunder Wave|p2a: Tauros
|-status|p2a: Tauros|par
|
|turn|10
|
|move|p2a: Tauros|Body Slam|p1a: Chansey
|-damage|p1a: Chansey|155\/703 par
|cant|p1a: Chansey|par
|
|turn|11
|
|switch|p1a: Exeggutor|Exeggutor|393\/393
|move|p2a: Tauros|Body Slam|p1a: Exeggutor
|-damage|p1a: Exeggutor|289\/393
|
|turn|12
|chat|Draccer|why stay in with a chancey on a physical hitter..
|
|switch|p2a: Exeggutor|Exeggutor|251\/393
|move|p1a: Exeggutor|Psychic|p2a: Exeggutor
|-resisted|p2a: Exeggutor
|-damage|p2a: Exeggutor|199\/393
|
|turn|13
|
|switch|p1a: Chansey|Chansey|155\/703 par
|move|p2a: Exeggutor|Sleep Powder|p1a: Chansey
|-fail|p1a: Chansey
|
|turn|14
|
|move|p2a: Exeggutor|Psychic|p1a: Chansey
|-crit|p1a: Chansey
|-damage|p1a: Chansey|0 fnt
|faint|p1a: Chansey
|
|
|switch|p1a: Jynx|Jynx|333\/333
|turn|15
|
|switch|p2a: Chansey|Chansey|599\/703
|move|p1a: Jynx|Blizzard|p2a: Chansey
|-damage|p2a: Chansey|461\/703
|-status|p2a: Chansey|frz
|
|turn|16
|chat|ggc|skill
|chat|Bedschibaer|yea well
|chat|Bedschibaer|i got nothing
|join|luc1993
|chat|Bedschibaer|golem won't get me out of this
|-message|Bedschibaer forfeited.
|chat|Bedschibaer|blizzardspam is 2skill4me ;_;
|
|win|ggc
|raw|Ladder updating...
|raw|ggc's rating: 1371 &rarr; <strong>1388<\/strong><br \/>(+17 for winning)
|raw|Bedschibaer's rating: 1314 &rarr; <strong>1297<\/strong><br \/>(-17 for losing)
|leave|Bedschibaer
|player|p2
|chat|ggc|and to answer your question
|chat|ggc|I had counter
|chat|ggc|but the full para came out
|leave|ggc
|player|p1
|join|ggc
|join|Moxie Ladders v1