|join|Noratraika
|join|Skego
|player|p1|Noratraika|285
|player|p2|Skego|102
|gametype|singles
|gen|1
|tier|[Gen 1] OU
|rated
|seed|33322,30280,42687,156
|rule|Sleep Clause Mod: Limit one foe put to sleep
|rule|Freeze Clause Mod: Limit one foe frozen
|rule|Species Clause: Limit one of each Pokémon
|rule|OHKO Clause: OHKO moves are banned
|rule|Evasion Moves Clause: Evasion moves are banned
|rule|HP Percentage Mod: HP is shown in percentages
|
|start
|switch|p1a: Jynx|Jynx|333\/333
|switch|p2a: Parasect|Parasect|323\/323
|turn|1
|choice|move 1|move 1
|
|move|p1a: Jynx|Lovely Kiss|p2a: Parasect
|-status|p2a: Parasect|slp
|-curestatus|p2a: Parasect|slp
|
|turn|2
|choice|move 1|move 1
|
|move|p1a: Jynx|Lovely Kiss|p2a: Parasect
|-status|p2a: Parasect|slp
|-curestatus|p2a: Parasect|slp
|
|turn|3
|choice|move 1|move 1
|
|move|p1a: Jynx|Lovely Kiss|p2a: Parasect
|-status|p2a: Parasect|slp
|cant|p2a: Parasect|slp
|
|turn|4
|choice|move 2|move 1
|
|move|p1a: Jynx|Ice Beam|p2a: Parasect
|-supereffective|p2a: Parasect
|-damage|p2a: Parasect|55\/323 slp
|cant|p2a: Parasect|slp
|
|turn|5
|choice|move 2|switch 4
|
|switch|p2a: Starmie|Starmie|323\/323
|move|p1a: Jynx|Ice Beam|p2a: Starmie
|-crit|p2a: Starmie
|-resisted|p2a: Starmie
|-damage|p2a: Starmie|215\/323
|
|turn|6
|choice|switch 6|move 3
|
|switch|p1a: Chansey|Chansey|703\/703
|move|p2a: Starmie|Thunder Wave|p1a: Chansey
|-status|p1a: Chansey|par
|
|turn|7
|choice|move 4|move 1
|
|move|p2a: Starmie|Recover|p2a: Starmie
|-heal|p2a: Starmie|323\/323
|move|p1a: Chansey|Ice Beam|p2a: Starmie
|-resisted|p2a: Starmie
|-damage|p2a: Starmie|282\/323
|
|turn|8
|choice|move 4|move 2
|
|move|p2a: Starmie|Psychic|p1a: Chansey
|-damage|p1a: Chansey|605\/703 par
|move|p1a: Chansey|Ice Beam|p2a: Starmie
|-resisted|p2a: Starmie
|-damage|p2a: Starmie|243\/323
|
|turn|9
|choice|move 2|move 4
|
|move|p2a: Starmie|Substitute|p2a: Starmie
|-start|p2a: Starmie|Substitute
|-damage|p2a: Starmie|163\/323
|move|p1a: Chansey|Thunder Wave|p2a: Starmie
|-status|p2a: Starmie|par
|
|turn|10
|choice|move 3|move 1
|
|move|p2a: Starmie|Recover|p2a: Starmie
|-heal|p2a: Starmie|323\/323 par
|move|p1a: Chansey|Seismic Toss|p2a: Starmie
|-end|p2a: Starmie|Substitute
|
|turn|11
|choice|switch 6|switch 5
|
|switch|p2a: Tauros|Tauros|353\/353
|switch|p1a: Jynx|Jynx|333\/333
|
|turn|12
|choice|switch 4|move 1
|
|switch|p1a: Snorlax|Snorlax|523\/523
|move|p2a: Tauros|Earthquake|p1a: Snorlax
|-damage|p1a: Snorlax|416\/523
|
|turn|13
|choice|move 1|move 3
|
|move|p2a: Tauros|Ice Beam|p1a: Snorlax
|-damage|p1a: Snorlax|334\/523
|move|p1a: Snorlax|Amnesia|p1a: Snorlax
|-boost|p1a: Snorlax|spd|2
|-boost|p1a: Snorlax|spa|2
|
|turn|14
|choice|move 2|switch 4
|
|switch|p2a: Parasect|Parasect|55\/323 slp
|move|p1a: Snorlax|Ice Beam|p2a: Parasect
|-supereffective|p2a: Parasect
|-damage|p2a: Parasect|0 fnt
|faint|p2a: Parasect
|choice||switch 2
|
|switch|p2a: Gengar|Gengar|323\/323
|turn|15
|choice|switch 6|move 1
|
|switch|p1a: Chansey|Chansey|605\/703 par
|move|p2a: Gengar|Hypnosis|p1a: Chansey
|-fail|p1a: Chansey
|
|turn|16
|choice|move 2|move 2
|
|move|p2a: Gengar|Confuse Ray|p1a: Chansey
|-start|p1a: Chansey|confusion
|-activate|p1a: Chansey|confusion
|move|p1a: Chansey|Thunder Wave|p2a: Gengar
|-status|p2a: Gengar|par
|
|turn|17
|choice|switch 6|move 4
|
|switch|p1a: Snorlax|Snorlax|334\/523
|move|p2a: Gengar|Psychic|p1a: Snorlax
|-damage|p1a: Snorlax|214\/523
|
|turn|18
|choice|move 3|move 2
|
|move|p1a: Snorlax|Rest|p1a: Snorlax
|-status|p1a: Snorlax|slp
|-heal|p1a: Snorlax|523\/523 slp|[silent]
|-status|p1a: Snorlax|slp|[from] move: Rest
|move|p2a: Gengar|Confuse Ray|p1a: Snorlax
|-start|p1a: Snorlax|confusion
|
|turn|19
|choice|move 2|move 3
|
|cant|p1a: Snorlax|slp
|cant|p2a: Gengar|par
|
|turn|20
|choice|move 2|move 3
|
|-curestatus|p1a: Snorlax|slp
|cant|p2a: Gengar|par
|
|turn|21
|choice|switch 6|move 1
|
|switch|p1a: Chansey|Chansey|605\/703 par
|move|p2a: Gengar|Hypnosis|p1a: Chansey
|-fail|p1a: Chansey
|
|turn|22
|choice|switch 6|move 2
|
|switch|p1a: Snorlax|Snorlax|523\/523
|move|p2a: Gengar|Confuse Ray|p1a: Snorlax
|-start|p1a: Snorlax|confusion
|
|turn|23
|choice|switch 6|move 4
|
|switch|p1a: Chansey|Chansey|605\/703 par
|cant|p2a: Gengar|par
|
|turn|24
|choice|move 3|move 1
|
|move|p2a: Gengar|Hypnosis|p1a: Chansey
|-fail|p1a: Chansey
|move|p1a: Chansey|Seismic Toss|p2a: Gengar
|-damage|p2a: Gengar|223\/323 par
|
|turn|25
|choice|move 3|switch 4
|
|switch|p2a: Tauros|Tauros|353\/353
|move|p1a: Chansey|Seismic Toss|p2a: Tauros
|-damage|p2a: Tauros|253\/353
|
|turn|26
|c|★Skego|its so lame
|choice|switch 3|move 1
|
|switch|p1a: Starmie|Starmie|323\/323
|move|p2a: Tauros|Earthquake|p1a: Starmie
|-damage|p1a: Starmie|236\/323
|
|turn|27
|choice|move 4|switch 3
|
|switch|p2a: Chansey|Chansey|703\/703
|move|p1a: Starmie|Thunder Wave|p2a: Chansey
|-status|p2a: Chansey|par
|
|turn|28
|choice|switch 3|move 4
|
|switch|p1a: Chansey|Chansey|605\/703 par
|move|p2a: Chansey|Thunder Wave|p1a: Chansey
|-fail|p1a: Chansey|par
|
|turn|29
|choice|switch 6|move 3
|
|switch|p1a: Snorlax|Snorlax|523\/523
|move|p2a: Chansey|Substitute|p2a: Chansey
|-start|p2a: Chansey|Substitute
|-damage|p2a: Chansey|528\/703 par
|
|turn|30
|choice|move 1|move 2
|
|move|p1a: Snorlax|Amnesia|p1a: Snorlax
|-boost|p1a: Snorlax|spd|2
|-boost|p1a: Snorlax|spa|2
|move|p2a: Chansey|Soft-Boiled|p2a: Chansey
|-heal|p2a: Chansey|703\/703 par
|
|turn|31
|choice|move 1|move 1
|
|move|p1a: Snorlax|Amnesia|p1a: Snorlax
|-boost|p1a: Snorlax|spd|2
|-boost|p1a: Snorlax|spa|2
|move|p2a: Chansey|Seismic Toss|p1a: Snorlax
|-damage|p1a: Snorlax|423\/523
|
|turn|32
|choice|move 1|move 4
|
|move|p1a: Snorlax|Amnesia|p1a: Snorlax
|-boost|p1a: Snorlax|spd|2
|-boost|p1a: Snorlax|spa|2
|move|p2a: Chansey|Thunder Wave|p1a: Snorlax
|-status|p1a: Snorlax|par
|
|turn|33
|choice|move 3|switch 4
|
|switch|p2a: Gengar|Gengar|223\/323 par
|move|p1a: Snorlax|Rest|p1a: Snorlax
|-status|p1a: Snorlax|slp
|-heal|p1a: Snorlax|523\/523 slp|[silent]
|-status|p1a: Snorlax|slp|[from] move: Rest
|
|turn|34
|choice|move 4|move 2
|
|cant|p2a: Gengar|par
|cant|p1a: Snorlax|slp
|
|turn|35
|choice|move 4|move 3
|
|cant|p2a: Gengar|par
|-curestatus|p1a: Snorlax|slp
|
|turn|36
|choice|move 4|move 2
|
|move|p2a: Gengar|Confuse Ray|p1a: Snorlax
|-start|p1a: Snorlax|confusion
|-activate|p1a: Snorlax|confusion
|move|p1a: Snorlax|Thunderbolt|p2a: Gengar
|-damage|p2a: Gengar|34\/323 par
|
|turn|37
|choice|move 4|move 1
|
|move|p2a: Gengar|Hypnosis|p1a: Snorlax
|-status|p1a: Snorlax|slp
|cant|p1a: Snorlax|slp
|
|turn|38
|choice|move 4|move 3
|
|move|p2a: Gengar|Dream Eater|p1a: Snorlax
|-damage|p1a: Snorlax|494\/523 slp
|-heal|p2a: Gengar|48\/323 par|[from] drain|[of] p1a: Snorlax
|cant|p1a: Snorlax|slp
|
|turn|39
|choice|move 4|switch 3
|
|switch|p2a: Tauros|Tauros|253\/353
|cant|p1a: Snorlax|slp
|
|turn|40
|choice|move 4|move 1
|
|move|p2a: Tauros|Earthquake|p1a: Snorlax
|-crit|p1a: Snorlax
|-damage|p1a: Snorlax|295\/523 slp
|cant|p1a: Snorlax|slp
|
|turn|41
|choice|move 4|move 1
|
|move|p2a: Tauros|Earthquake|p1a: Snorlax
|-damage|p1a: Snorlax|199\/523 slp
|-curestatus|p1a: Snorlax|slp
|
|turn|42
|choice|move 3|move 1
|
|move|p2a: Tauros|Earthquake|p1a: Snorlax
|-damage|p1a: Snorlax|98\/523
|-activate|p1a: Snorlax|confusion
|move|p1a: Snorlax|Rest|p1a: Snorlax
|-status|p1a: Snorlax|slp
|-heal|p1a: Snorlax|523\/523 slp|[silent]
|-status|p1a: Snorlax|slp|[from] move: Rest
|
|turn|43
|c|★Skego|lucker
|choice|move 4|move 1
|
|move|p2a: Tauros|Earthquake|p1a: Snorlax
|-damage|p1a: Snorlax|426\/523 slp
|cant|p1a: Snorlax|slp
|
|turn|44
|choice|move 4|move 1
|
|move|p2a: Tauros|Earthquake|p1a: Snorlax
|-damage|p1a: Snorlax|330\/523 slp
|-curestatus|p1a: Snorlax|slp
|
|turn|45
|choice|move 4|switch 6
|
|switch|p2a: Alakazam|Alakazam|313\/313
|-activate|p1a: Snorlax|confusion
|move|p1a: Snorlax|Thunderbolt|p2a: Alakazam
|-damage|p2a: Alakazam|131\/313
|-status|p2a: Alakazam|par
|
|turn|46
|c|★Skego|SURE...
|choice|move 4|move 1
|
|move|p2a: Alakazam|Recover|p2a: Alakazam
|-heal|p2a: Alakazam|287\/313 par
|-activate|p1a: Snorlax|confusion
|move|p1a: Snorlax|Thunderbolt|p2a: Alakazam
|-damage|p2a: Alakazam|113\/313 par
|
|turn|47
|choice|move 4|switch 4
|
|switch|p2a: Chansey|Chansey|703\/703 par
|-end|p1a: Snorlax|confusion
|move|p1a: Snorlax|Thunderbolt|p2a: Chansey
|-crit|p2a: Chansey
|-damage|p2a: Chansey|588\/703 par
|
|turn|48
|choice|move 4|move 4
|
|move|p2a: Chansey|Thunder Wave|p1a: Snorlax
|-status|p1a: Snorlax|par
|move|p1a: Snorlax|Thunderbolt|p2a: Chansey
|-damage|p2a: Chansey|369\/703 par
|
|turn|49
|choice|move 4|move 2
|
|move|p2a: Chansey|Soft-Boiled|p2a: Chansey
|-heal|p2a: Chansey|703\/703 par
|move|p1a: Snorlax|Thunderbolt|p2a: Chansey
|-crit|p2a: Chansey
|-damage|p2a: Chansey|602\/703 par
|
|turn|50
|choice|move 2|move 1
|
|move|p2a: Chansey|Seismic Toss|p1a: Snorlax
|-damage|p1a: Snorlax|230\/523 par
|move|p1a: Snorlax|Ice Beam|p2a: Chansey
|-damage|p2a: Chansey|372\/703 par
|
|turn|51
|choice|move 3|move 2
|
|move|p2a: Chansey|Soft-Boiled|p2a: Chansey
|-heal|p2a: Chansey|703\/703 par
|cant|p1a: Snorlax|par
|
|turn|52
|choice|move 3|move 1
|
|move|p2a: Chansey|Seismic Toss|p1a: Snorlax
|-damage|p1a: Snorlax|130\/523 par
|move|p1a: Snorlax|Rest|p1a: Snorlax
|-status|p1a: Snorlax|slp
|-heal|p1a: Snorlax|523\/523 slp|[silent]
|-status|p1a: Snorlax|slp|[from] move: Rest
|
|turn|53
|choice|move 4|switch 6
|
|switch|p2a: Tauros|Tauros|253\/353
|cant|p1a: Snorlax|slp
|
|turn|54
|choice|move 2|move 1
|
|move|p2a: Tauros|Earthquake|p1a: Snorlax
|-damage|p1a: Snorlax|414\/523 slp
|-curestatus|p1a: Snorlax|slp
|
|turn|55
|choice|move 4|switch 5
|
|switch|p2a: Starmie|Starmie|323\/323 par
|move|p1a: Snorlax|Thunderbolt|p2a: Starmie
|-supereffective|p2a: Starmie
|-damage|p2a: Starmie|0 fnt
|faint|p2a: Starmie
|-message|Skego forfeited.
|
|win|Noratraika
|leave|Skego
|player|p2