|j|Chinchilla46
|j|Feena
|player|p1|Chinchilla46|23
|player|p2|Feena|266
|gametype|singles
|gen|1
|tier|[Gen 1] Random Battle
|rated
|seed|
|rule|Sleep Clause Mod: Limit one foe put to sleep
|rule|Freeze Clause Mod: Limit one foe frozen
|rule|HP Percentage Mod: HP is shown in percentages
|
|start
|switch|p1a: Charmander|Charmander, L96|100\/100
|switch|p2a: Staryu|Staryu, L90|100\/100
|turn|1
|choice||
|
|move|p2a: Staryu|Thunder Wave|p1a: Charmander
|-status|p1a: Charmander|par
|cant|p1a: Charmander|par
|
|turn|2
|choice||
|
|move|p2a: Staryu|Surf|p1a: Charmander
|-crit|p1a: Charmander
|-supereffective|p1a: Charmander
|-damage|p1a: Charmander|0 fnt
|faint|p1a: Charmander
|choice||
|
|switch|p1a: Zapdos|Zapdos, L79|100\/100
|turn|3
|choice||
|
|move|p2a: Staryu|Thunder Wave|p1a: Zapdos
|-status|p1a: Zapdos|par
|move|p1a: Zapdos|Thunderbolt|p2a: Staryu
|-crit|p2a: Staryu
|-supereffective|p2a: Staryu
|-damage|p2a: Staryu|0 fnt
|faint|p2a: Staryu
|choice||
|
|switch|p2a: Alakazam|Alakazam, L79|100\/100
|turn|4
|choice||
|
|move|p2a: Alakazam|Reflect|p2a: Alakazam
|-start|p2a: Alakazam|Reflect
|cant|p1a: Zapdos|par
|
|turn|5
|choice||
|
|move|p2a: Alakazam|Psychic|p1a: Zapdos|[miss]
|-miss|p2a: Alakazam
|cant|p1a: Zapdos|par
|
|turn|6
|choice||
|
|move|p2a: Alakazam|Psychic|p1a: Zapdos
|-damage|p1a: Zapdos|73\/100 par
|move|p1a: Zapdos|Thunder Wave|p2a: Alakazam
|-status|p2a: Alakazam|par
|
|turn|7
|choice||
|
|move|p2a: Alakazam|Psychic|p1a: Zapdos
|-damage|p1a: Zapdos|42\/100 par
|move|p1a: Zapdos|Agility|p1a: Zapdos
|-boost|p1a: Zapdos|spe|2
|
|turn|8
|choice||
|
|move|p1a: Zapdos|Drill Peck|p2a: Alakazam
|-damage|p2a: Alakazam|80\/100 par
|move|p2a: Alakazam|Psychic|p1a: Zapdos|[miss]
|-miss|p2a: Alakazam
|
|turn|9
|choice||
|
|move|p1a: Zapdos|Drill Peck|p2a: Alakazam
|-damage|p2a: Alakazam|57\/100 par
|cant|p2a: Alakazam|par
|
|turn|10
|choice||
|
|move|p1a: Zapdos|Drill Peck|p2a: Alakazam
|-crit|p2a: Alakazam
|-damage|p2a: Alakazam|0 fnt
|faint|p2a: Alakazam
|choice||
|
|switch|p2a: Arcanine|Arcanine, L85|100\/100
|turn|11
|choice||
|
|move|p1a: Zapdos|Thunder Wave|p2a: Arcanine
|-status|p2a: Arcanine|par
|move|p2a: Arcanine|Fire Blast|p1a: Zapdos
|-damage|p1a: Zapdos|12\/100 par
|
|turn|12
|choice||
|
|cant|p1a: Zapdos|par
|move|p2a: Arcanine|Fire Blast|p1a: Zapdos
|-damage|p1a: Zapdos|0 fnt
|faint|p1a: Zapdos
|choice||
|
|switch|p1a: Nidorina|Nidorina, L90|100\/100
|turn|13
|choice||
|
|move|p1a: Nidorina|Bubble Beam|p2a: Arcanine
|-supereffective|p2a: Arcanine
|-damage|p2a: Arcanine|76\/100 par
|cant|p2a: Arcanine|par
|
|turn|14
|choice||
|
|move|p1a: Nidorina|Bubble Beam|p2a: Arcanine
|-supereffective|p2a: Arcanine
|-damage|p2a: Arcanine|52\/100 par
|move|p2a: Arcanine|Fire Blast|p1a: Nidorina|[miss]
|-miss|p2a: Arcanine
|
|turn|15
|choice||
|
|move|p1a: Nidorina|Bubble Beam|p2a: Arcanine
|-supereffective|p2a: Arcanine
|-damage|p2a: Arcanine|26\/100 par
|cant|p2a: Arcanine|par
|
|turn|16
|choice||
|
|move|p1a: Nidorina|Bubble Beam|p2a: Arcanine
|-supereffective|p2a: Arcanine
|-damage|p2a: Arcanine|3\/100 par
|-unboost|p2a: Arcanine|spe|1
|move|p2a: Arcanine|Fire Blast|p1a: Nidorina
|-crit|p1a: Nidorina
|-damage|p1a: Nidorina|7\/100
|
|turn|17
|choice||
|
|move|p1a: Nidorina|Double-Edge|p2a: Arcanine
|-damage|p2a: Arcanine|0 fnt
|-damage|p1a: Nidorina|7\/100|[from] recoil|[of] p2a: Arcanine
|faint|p2a: Arcanine
|choice||
|
|switch|p2a: Dragonite|Dragonite, L85|100\/100
|turn|18
|choice||
|
|move|p2a: Dragonite|Ice Beam|p1a: Nidorina
|-damage|p1a: Nidorina|0 fnt
|faint|p1a: Nidorina
|choice||
|
|switch|p1a: Starmie|Starmie, L79|100\/100
|turn|19
|choice||
|
|move|p1a: Starmie|Blizzard|p2a: Dragonite
|-supereffective|p2a: Dragonite
|-damage|p2a: Dragonite|18\/100
|move|p2a: Dragonite|Thunder Wave|p1a: Starmie
|-status|p1a: Starmie|par
|
|turn|20
|choice||
|
|move|p2a: Dragonite|Thunder|p1a: Starmie
|-supereffective|p1a: Starmie
|-damage|p1a: Starmie|33\/100 par
|move|p1a: Starmie|Thunder Wave|p2a: Dragonite
|-status|p2a: Dragonite|par
|
|turn|21
|choice||
|
|move|p1a: Starmie|Blizzard|p2a: Dragonite
|-supereffective|p2a: Dragonite
|-damage|p2a: Dragonite|0 fnt
|faint|p2a: Dragonite
|choice||
|
|switch|p2a: Lickitung|Lickitung, L90|100\/100
|turn|22
|choice||
|
|move|p2a: Lickitung|Swords Dance|p2a: Lickitung
|-boost|p2a: Lickitung|atk|2
|move|p1a: Starmie|Thunder Wave|p2a: Lickitung
|-status|p2a: Lickitung|par
|
|turn|23
|choice||
|
|cant|p2a: Lickitung|par
|cant|p1a: Starmie|par
|
|turn|24
|choice||
|
|move|p2a: Lickitung|Body Slam|p1a: Starmie
|-damage|p1a: Starmie|0 fnt
|faint|p1a: Starmie
|choice||
|
|switch|p1a: Ninetales|Ninetales, L85|100\/100
|turn|25
|choice||
|
|move|p1a: Ninetales|Confuse Ray|p2a: Lickitung
|-start|p2a: Lickitung|confusion
|-activate|p2a: Lickitung|confusion
|move|p2a: Lickitung|Earthquake|p1a: Ninetales
|-supereffective|p1a: Ninetales
|-damage|p1a: Ninetales|20\/100
|
|turn|26
|choice||
|
|move|p1a: Ninetales|Fire Blast|p2a: Lickitung|[miss]
|-miss|p1a: Ninetales
|-end|p2a: Lickitung|confusion
|move|p2a: Lickitung|Body Slam|p1a: Ninetales
|-damage|p1a: Ninetales|0 fnt
|faint|p1a: Ninetales
|j|Chinese Pussy
|choice||
|
|switch|p1a: Mewtwo|Mewtwo, L70|100\/100
|turn|27
|choice||
|
|move|p1a: Mewtwo|Barrier|p1a: Mewtwo
|-boost|p1a: Mewtwo|def|2
|move|p2a: Lickitung|Body Slam|p1a: Mewtwo
|-damage|p1a: Mewtwo|73\/100
|
|turn|28
|choice||
|
|move|p1a: Mewtwo|Psychic|p2a: Lickitung
|-damage|p2a: Lickitung|68\/100 par
|move|p2a: Lickitung|Body Slam|p1a: Mewtwo
|-damage|p1a: Mewtwo|44\/100
|
|turn|29
|choice||
|
|move|p1a: Mewtwo|Psychic|p2a: Lickitung
|-damage|p2a: Lickitung|38\/100 par
|-unboost|p2a: Lickitung|spd|1
|-unboost|p2a: Lickitung|spa|1
|move|p2a: Lickitung|Hyper Beam|p1a: Mewtwo
|-damage|p1a: Mewtwo|0 fnt
|faint|p1a: Mewtwo
|
|win|Feena
|player|p1
|player|p2
|raw|Chinchilla46's rating: 1377 &rarr; <strong>1355<\/strong><br \/>(-22 for losing)
|raw|Feena's rating: 1342 &rarr; <strong>1364<\/strong><br \/>(+22 for winning)
|l|Chinchilla46