|join|zwantje
|join|DerpKing
|player|p1|zwantje|102
|player|p2|DerpKing|108
|gametype|singles
|gen|1
|tier|[Gen 1] OU (beta)
|rated
|rule|Sleep Clause Mod: Limit one foe put to sleep
|rule|Species Clause: Limit one of each Pokémon
|rule|OHKO Clause: OHKO moves are banned
|rule|Moody Clause: Moody is banned
|rule|Evasion Moves Clause: Evasion moves are banned
|rule|Endless Battle Clause: Forcing endless battles is banned
|rule|HP Percentage Mod: HP is reported as percentages
|
|start
|switch|p1a: Alakazam|Alakazam|313\/313
|switch|p2a: Dr. Overrated|Charizard|359\/359
|turn|1
|chat|DerpKing|no joke, I was literally just thinking, "what if someone lead with alakazam instead of waiting 'till lategame"
|chat|zwantje|hi
|chat|DerpKing|sup
|chat|zwantje|it can paralyze
|
|move|p1a: Alakazam|Thunder Wave|p2a: Dr. Overrated
|-status|p2a: Dr. Overrated|par
|cant|p2a: Dr. Overrated|par
|
|turn|2
|chat|DerpKing|yeah, it's a good idea, I wonder why almost no one does it
|
|switch|p1a: Gengar|Gengar|323\/323
|move|p2a: Dr. Overrated|Substitute|p2a: Dr. Overrated
|-start|p2a: Dr. Overrated|Substitute
|-damage|p2a: Dr. Overrated|270\/359 par
|
|turn|3
|
|move|p1a: Gengar|Confuse Ray|p2a: Dr. Overrated
|-fail|p2a: Dr. Overrated
|move|p2a: Dr. Overrated|Earthquake|p1a: Gengar
|-supereffective|p1a: Gengar
|-damage|p1a: Gengar|145\/323
|
|turn|4
|chat|DerpKing|possibly just afraid of the exegg, but no one's used an exegg lead since like 3 years ago
|chat|zwantje|last fight
|chat|zwantje|someone used
|chat|DerpKing|really?  I've been seeing gengars and arcanines
|chat|zwantje|oh confuse ray doesnt effect against substitute
|
|switch|p1a: Zapdos|Zapdos|383\/383
|move|p2a: Dr. Overrated|Earthquake|p1a: Zapdos
|-immune|p1a: Zapdos|[msg]
|
|turn|5
|
|move|p1a: Zapdos|Thunderbolt|p2a: Dr. Overrated
|-supereffective|p2a: Dr. Overrated
|-end|p2a: Dr. Overrated|Substitute
|move|p2a: Dr. Overrated|Fire Blast|p1a: Zapdos
|-crit|p1a: Zapdos
|-damage|p1a: Zapdos|146\/383
|-status|p1a: Zapdos|brn
|
|turn|6
|
|switch|p2a: Thrust|Nidoking|365\/365
|move|p1a: Zapdos|Thunderbolt|p2a: Thrust
|-immune|p2a: Thrust|[msg]
|-damage|p1a: Zapdos|123\/383 brn|[from] brn|[of] p2a: Thrust
|
|turn|7
|
|switch|p1a: Rhydon|Rhydon|413\/413
|move|p2a: Thrust|Blizzard|p1a: Rhydon
|-supereffective|p1a: Rhydon
|-damage|p1a: Rhydon|180\/413
|
|turn|8
|
|move|p2a: Thrust|Earthquake|p1a: Rhydon
|-supereffective|p1a: Rhydon
|-damage|p1a: Rhydon|0 fnt
|faint|p1a: Rhydon
|
|chat|zwantje|oh
|chat|zwantje|faster
|
|switch|p1a: Snorlax|Snorlax|523\/523
|turn|9
|chat|DerpKing|yeah, I love nidoking
|
|switch|p2a: Bob Marley|Venusaur|363\/363
|move|p1a: Snorlax|Amnesia|p1a: Snorlax
|-boost|p1a: Snorlax|spd|2
|-boost|p1a: Snorlax|spa|2
|
|turn|10
|
|move|p2a: Bob Marley|Sleep Powder|p1a: Snorlax
|-status|p1a: Snorlax|slp
|cant|p1a: Snorlax|slp
|
|turn|11
|
|move|p2a: Bob Marley|Leech Seed|p1a: Snorlax
|-start|p1a: Snorlax|move: Leech Seed
|cant|p1a: Snorlax|slp
|-damage|p1a: Snorlax|491\/523 slp|[from] Leech Seed|[of] p2a: Bob Marley
|
|turn|12
|
|move|p2a: Bob Marley|Razor Leaf|p1a: Snorlax
|-crit|p1a: Snorlax
|-damage|p1a: Snorlax|311\/523 slp
|cant|p1a: Snorlax|slp
|-damage|p1a: Snorlax|279\/523 slp|[from] Leech Seed|[of] p2a: Bob Marley
|
|turn|13
|
|switch|p1a: Zapdos|Zapdos|123\/383 brn
|move|p2a: Bob Marley|Razor Leaf|p1a: Zapdos
|-crit|p1a: Zapdos
|-resisted|p1a: Zapdos
|-damage|p1a: Zapdos|69\/383 brn
|
|turn|14
|
|switch|p2a: Thrust|Nidoking|365\/365
|move|p1a: Zapdos|Rest|p1a: Zapdos
|-status|p1a: Zapdos|slp
|-heal|p1a: Zapdos|383\/383 slp|[silent]
|-status|p1a: Zapdos|slp|[from] move: Rest
|
|turn|15
|
|switch|p1a: Alakazam|Alakazam|313\/313
|move|p2a: Thrust|Blizzard|p1a: Alakazam
|-damage|p1a: Alakazam|246\/313
|
|turn|16
|
|move|p1a: Alakazam|Psychic|p2a: Thrust
|-crit|p2a: Thrust
|-supereffective|p2a: Thrust
|-damage|p2a: Thrust|0 fnt
|faint|p2a: Thrust
|
|
|switch|p2a: Bullsiht|Tauros|353\/353
|turn|17
|
|move|p1a: Alakazam|Thunder Wave|p2a: Bullsiht
|-status|p2a: Bullsiht|par
|move|p2a: Bullsiht|Body Slam|p1a: Alakazam
|-damage|p1a: Alakazam|100\/313
|-status|p1a: Alakazam|par
|
|turn|18
|chat|zwantje|bulklshit
|chat|zwantje|xD
|
|move|p1a: Alakazam|Psychic|p2a: Bullsiht
|-damage|p2a: Bullsiht|198\/353 par
|move|p2a: Bullsiht|Earthquake|p1a: Alakazam
|-damage|p1a: Alakazam|0 fnt
|faint|p1a: Alakazam
|
|
|switch|p1a: Gengar|Gengar|145\/323
|turn|19
|
|move|p1a: Gengar|Confuse Ray|p2a: Bullsiht
|-start|p2a: Bullsiht|confusion
|-activate|p2a: Bullsiht|confusion
|move|p2a: Bullsiht|Earthquake|p1a: Gengar
|-supereffective|p1a: Gengar
|-damage|p1a: Gengar|0 fnt
|faint|p1a: Gengar
|
|
|switch|p1a: Tauros|Tauros|353\/353
|turn|20
|chat|DerpKing|I think this is illegal  XD
|
|move|p1a: Tauros|Body Slam|p2a: Bullsiht
|-damage|p2a: Bullsiht|88\/353 par
|-end|p2a: Bullsiht|confusion
|move|p2a: Bullsiht|Body Slam|p1a: Tauros
|-damage|p1a: Tauros|248\/353
|
|turn|21
|
|move|p1a: Tauros|Body Slam|p2a: Bullsiht
|-damage|p2a: Bullsiht|0 fnt
|faint|p2a: Bullsiht
|
|
|switch|p2a: Bob Marley|Venusaur|363\/363
|turn|22
|
|move|p1a: Tauros|Body Slam|p2a: Bob Marley
|-crit|p2a: Bob Marley
|-damage|p2a: Bob Marley|127\/363
|-status|p2a: Bob Marley|par
|move|p2a: Bob Marley|Sleep Powder|p1a: Tauros
|-message|Sleep Clause Mod activated.
|
|turn|23
|chat|DerpKing|crap, I forgot XD
|
|move|p1a: Tauros|Blizzard|p2a: Bob Marley|[miss]
|-miss|p1a: Tauros
|cant|p2a: Bob Marley|par
|
|turn|24
|chat|zwantje|:(
|
|move|p1a: Tauros|Hyper Beam|p2a: Bob Marley
|-damage|p2a: Bob Marley|0 fnt
|faint|p2a: Bob Marley
|
|
|switch|p2a: RBY OU|Alakazam|313\/313
|turn|25
|chat|zwantje|haha
|chat|zwantje|the name
|chat|zwantje|:D
|
|move|p2a: RBY OU|Psychic|p1a: Tauros
|-damage|p1a: Tauros|79\/353
|move|p1a: Tauros|Body Slam|p2a: RBY OU
|-crit|p2a: RBY OU
|-damage|p2a: RBY OU|13\/313
|
|turn|26
|chat|DerpKing|pretty much XD
|
|move|p2a: RBY OU|Psychic|p1a: Tauros
|-crit|p1a: Tauros
|-damage|p1a: Tauros|0 fnt
|faint|p1a: Tauros
|
|
|switch|p1a: Zapdos|Zapdos|383\/383 slp
|turn|27
|
|move|p2a: RBY OU|Rest|p2a: RBY OU
|-status|p2a: RBY OU|slp
|-heal|p2a: RBY OU|313\/313 slp|[silent]
|-status|p2a: RBY OU|slp|[from] move: Rest
|cant|p1a: Zapdos|slp
|
|turn|28
|
|cant|p2a: RBY OU|slp
|cant|p1a: Zapdos|slp
|-curestatus|p1a: Zapdos|slp
|
|turn|29
|chat|DerpKing|such intense gameplay XD
|
|cant|p2a: RBY OU|slp
|-curestatus|p2a: RBY OU|slp
|move|p1a: Zapdos|Drill Peck|p2a: RBY OU
|-damage|p2a: RBY OU|166\/313
|
|turn|30
|chat|zwantje|i like rby best
|
|move|p2a: RBY OU|Thunder Wave|p1a: Zapdos
|-status|p1a: Zapdos|par
|move|p1a: Zapdos|Thunder Wave|p2a: RBY OU
|-status|p2a: RBY OU|par
|
|turn|31
|chat|DerpKing|I was just making fun of the fact both were asleep
|
|move|p2a: RBY OU|Psychic|p1a: Zapdos
|-damage|p1a: Zapdos|265\/383 par
|move|p1a: Zapdos|Drill Peck|p2a: RBY OU
|-damage|p2a: RBY OU|23\/313 par
|
|turn|32
|
|cant|p2a: RBY OU|par
|move|p1a: Zapdos|Drill Peck|p2a: RBY OU
|-damage|p2a: RBY OU|0 fnt
|faint|p2a: RBY OU
|
|
|switch|p2a: Fapdos|Zapdos|383\/383
|turn|33
|
|move|p2a: Fapdos|Thunderbolt|p1a: Zapdos
|-damage|p1a: Zapdos|147\/383 par
|move|p1a: Zapdos|Thunder Wave|p2a: Fapdos
|-status|p2a: Fapdos|par
|
|turn|34
|
|move|p1a: Zapdos|Rest|p1a: Zapdos
|-status|p1a: Zapdos|slp
|-heal|p1a: Zapdos|383\/383 slp|[silent]
|-status|p1a: Zapdos|slp|[from] move: Rest
|move|p2a: Fapdos|Thunderbolt|p1a: Zapdos
|-damage|p1a: Zapdos|262\/383 slp
|
|turn|35
|
|move|p2a: Fapdos|Thunderbolt|p1a: Zapdos
|-damage|p1a: Zapdos|145\/383 slp
|cant|p1a: Zapdos|slp
|
|turn|36
|
|cant|p1a: Zapdos|slp
|-curestatus|p1a: Zapdos|slp
|move|p2a: Fapdos|Agility|p2a: Fapdos
|-boost|p2a: Fapdos|spe|2
|
|turn|37
|
|move|p2a: Fapdos|Thunder Wave|p1a: Zapdos
|-status|p1a: Zapdos|par
|move|p1a: Zapdos|Thunderbolt|p2a: Fapdos
|-damage|p2a: Fapdos|272\/383 par
|
|turn|38
|
|move|p2a: Fapdos|Thunderbolt|p1a: Zapdos
|-damage|p1a: Zapdos|32\/383 par
|move|p1a: Zapdos|Thunderbolt|p2a: Fapdos
|-damage|p2a: Fapdos|162\/383 par
|
|turn|39
|join|DaddyEze
|
|cant|p2a: Fapdos|par
|move|p1a: Zapdos|Thunderbolt|p2a: Fapdos
|-damage|p2a: Fapdos|55\/383 par
|
|turn|40
|
|move|p2a: Fapdos|Thunderbolt|p1a: Zapdos
|-damage|p1a: Zapdos|0 fnt
|faint|p1a: Zapdos
|
|
|switch|p1a: Snorlax|Snorlax|279\/523 slp
|turn|41
|
|move|p2a: Fapdos|Drill Peck|p1a: Snorlax
|-damage|p1a: Snorlax|168\/523 slp
|cant|p1a: Snorlax|slp
|
|turn|42
|
|move|p2a: Fapdos|Thunderbolt|p1a: Snorlax
|-damage|p1a: Snorlax|8\/523 slp
|cant|p1a: Snorlax|slp
|
|turn|43
|
|move|p2a: Fapdos|Thunderbolt|p1a: Snorlax
|-crit|p1a: Snorlax
|-damage|p1a: Snorlax|0 fnt
|faint|p1a: Snorlax
|
|win|DerpKing
|raw|Ladder updating...
|raw|zwantje's rating: 1145 &rarr; <strong>1110<\/strong><br \/>(-35 for losing)
|raw|DerpKing's rating: 1000 &rarr; <strong>1056<\/strong><br \/>(+56 for winning)
|chat|zwantje|gg
|chat|DerpKing|gg
|leave|DaddyEze
|leave|zwantje
|player|p1