|join|Dervodel
|join|philowe2001
|player|p1|Dervodel|1
|player|p2|philowe2001|101
|gametype|singles
|gen|1
|tier|[Gen 1] Random Battle
|rated
|rule|Sleep Clause Mod: Limit one foe put to sleep
|rule|Freeze Clause Mod: Limit one foe frozen
|rule|HP Percentage Mod: HP is shown in percentages
|
|start
|switch|p1a: Weezing|Weezing, L90|300\/300
|switch|p2a: Porygon|Porygon, L85|284\/284
|turn|1
|
|move|p1a: Weezing|Sludge|p2a: Porygon
|-damage|p2a: Porygon|193\/284
|move|p2a: Porygon|Agility|p2a: Porygon
|-boost|p2a: Porygon|spe|2
|
|turn|2
|
|move|p2a: Porygon|Psychic|p1a: Weezing
|-supereffective|p1a: Weezing
|-damage|p1a: Weezing|200\/300
|move|p1a: Weezing|Fire Blast|p2a: Porygon
|-damage|p2a: Porygon|88\/284
|
|turn|3
|
|move|p2a: Porygon|Recover|p2a: Porygon
|-heal|p2a: Porygon|230\/284
|move|p1a: Weezing|Fire Blast|p2a: Porygon
|-damage|p2a: Porygon|127\/284
|
|turn|4
|
|move|p2a: Porygon|Recover|p2a: Porygon
|-heal|p2a: Porygon|269\/284
|move|p1a: Weezing|Fire Blast|p2a: Porygon|[miss]
|-miss|p1a: Weezing
|
|turn|5
|
|move|p2a: Porygon|Psychic|p1a: Weezing
|-supereffective|p1a: Weezing
|-damage|p1a: Weezing|94\/300
|move|p1a: Weezing|Explosion|p2a: Porygon
|-damage|p2a: Porygon|0 fnt
|faint|p2a: Porygon
|faint|p1a: Weezing
|
|switch|p1a: Jolteon|Jolteon, L79|265\/265
|switch|p2a: Magmar|Magmar, L90|300\/300
|turn|6
|
|move|p1a: Jolteon|Thunder Wave|p2a: Magmar
|-status|p2a: Magmar|par
|cant|p2a: Magmar|par
|
|turn|7
|
|switch|p1a: Seaking|Seaking, L90|327\/327
|switch|p2a: Zapdos|Zapdos, L79|304\/304
|
|turn|8
|
|switch|p1a: Rhyhorn|Rhyhorn, L96|348\/348
|move|p2a: Zapdos|Thunder Wave|p1a: Rhyhorn
|-immune|p1a: Rhyhorn|[msg]
|
|turn|9
|
|switch|p2a: Seadra|Seadra, L90|282\/282
|move|p1a: Rhyhorn|Substitute|p1a: Rhyhorn
|-start|p1a: Rhyhorn|Substitute
|-damage|p1a: Rhyhorn|261\/348
|
|turn|10
|
|move|p2a: Seadra|Hydro Pump|p1a: Rhyhorn
|-supereffective|p1a: Rhyhorn
|-end|p1a: Rhyhorn|Substitute
|move|p1a: Rhyhorn|Earthquake|p2a: Seadra
|-crit|p2a: Seadra
|-damage|p2a: Seadra|53\/282
|
|turn|11
|
|switch|p1a: Jolteon|Jolteon, L79|265\/265
|move|p2a: Seadra|Hydro Pump|p1a: Jolteon
|-damage|p1a: Jolteon|124\/265
|
|turn|12
|
|switch|p2a: Grimer|Grimer, L96|348\/348
|move|p1a: Jolteon|Thunderbolt|p2a: Grimer
|-damage|p2a: Grimer|209\/348
|
|turn|13
|
|switch|p1a: Rhyhorn|Rhyhorn, L96|261\/348
|move|p2a: Grimer|Explosion|p1a: Rhyhorn
|-resisted|p1a: Rhyhorn
|-damage|p1a: Rhyhorn|140\/348
|faint|p2a: Grimer
|
|switch|p2a: Seadra|Seadra, L90|53\/282
|turn|14
|
|switch|p1a: Seaking|Seaking, L90|327\/327
|move|p2a: Seadra|Hydro Pump|p1a: Seaking|[miss]
|-miss|p2a: Seadra
|
|turn|15
|
|move|p2a: Seadra|Smokescreen|p1a: Seaking
|-unboost|p1a: Seaking|accuracy|1
|move|p1a: Seaking|Blizzard|p2a: Seadra
|-resisted|p2a: Seadra
|-damage|p2a: Seadra|17\/282
|
|turn|16
|
|move|p2a: Seadra|Hydro Pump|p1a: Seaking
|-resisted|p1a: Seaking
|-damage|p1a: Seaking|259\/327
|move|p1a: Seaking|Blizzard|p2a: Seadra
|-resisted|p2a: Seadra
|-damage|p2a: Seadra|0 fnt
|faint|p2a: Seadra
|
|switch|p2a: Zapdos|Zapdos, L79|304\/304
|turn|17
|
|switch|p1a: Rhyhorn|Rhyhorn, L96|140\/348
|move|p2a: Zapdos|Agility|p2a: Zapdos
|-boost|p2a: Zapdos|spe|2
|
|turn|18
|
|move|p2a: Zapdos|Drill Peck|p1a: Rhyhorn
|-resisted|p1a: Rhyhorn
|-damage|p1a: Rhyhorn|111\/348
|move|p1a: Rhyhorn|Substitute|p1a: Rhyhorn
|-start|p1a: Rhyhorn|Substitute
|-damage|p1a: Rhyhorn|24\/348
|
|turn|19
|-message|philowe2001 forfeited.
|
|win|Dervodel
|raw|Dervodel's rating: 1329 &rarr; <strong>1344<\/strong><br \/>(+15 for winning)
|raw|philowe2001's rating: 1243 &rarr; <strong>1224<\/strong><br \/>(-19 for losing)