|j|Savio_3
|j|TheInfiniteChain
|player|p1|Savio_3|266
|player|p2|TheInfiniteChain|169
|gametype|singles
|gen|1
|tier|[Gen 1] Random Battle
|rated
|seed|
|rule|Sleep Clause Mod: Limit one foe put to sleep
|rule|Freeze Clause Mod: Limit one foe frozen
|rule|HP Percentage Mod: HP is shown in percentages
|
|start
|switch|p1a: Tentacool|Tentacool, L96|100\/100
|switch|p2a: Charmander|Charmander, L96|100\/100
|turn|1
|choice||
|
|switch|p2a: Cloyster|Cloyster, L83|100\/100
|move|p1a: Tentacool|Hydro Pump|p2a: Cloyster|[miss]
|-miss|p1a: Tentacool
|
|turn|2
|choice||
|
|move|p1a: Tentacool|Swords Dance|p1a: Tentacool
|-boost|p1a: Tentacool|atk|2
|move|p2a: Cloyster|Toxic|p1a: Tentacool
|
|turn|3
|c|★TheInfiniteChain|ehm
|c|★TheInfiniteChain|I used Toxic, and what was the result??
|choice||
|
|move|p1a: Tentacool|Swords Dance|p1a: Tentacool
|-boost|p1a: Tentacool|atk|2
|move|p2a: Cloyster|Toxic|p1a: Tentacool
|
|turn|4
|c|★TheInfiniteChain|ok
|choice||
|
|switch|p2a: Zapdos|Zapdos, L79|100\/100
|move|p1a: Tentacool|Hydro Pump|p2a: Zapdos
|-damage|p2a: Zapdos|58\/100
|
|turn|5
|choice||
|
|move|p2a: Zapdos|Thunder Wave|p1a: Tentacool
|-status|p1a: Tentacool|par
|move|p1a: Tentacool|Double-Edge|p2a: Zapdos
|-damage|p2a: Zapdos|2\/100
|-damage|p1a: Tentacool|85\/100 par|[from] recoil|[of] p2a: Zapdos
|
|turn|6
|choice||
|
|move|p2a: Zapdos|Thunderbolt|p1a: Tentacool
|-supereffective|p1a: Tentacool
|-damage|p1a: Tentacool|20\/100 par
|move|p1a: Tentacool|Double-Edge|p2a: Zapdos
|-damage|p2a: Zapdos|0 fnt
|-damage|p1a: Tentacool|20\/100 par|[from] recoil|[of] p2a: Zapdos
|faint|p2a: Zapdos
|choice||
|
|switch|p2a: Wartortle|Wartortle, L85|100\/100
|turn|7
|choice||
|
|move|p2a: Wartortle|Body Slam|p1a: Tentacool
|-crit|p1a: Tentacool
|-damage|p1a: Tentacool|0 fnt
|faint|p1a: Tentacool
|c|★Savio_3|umm...toxic dsnt affect tentacool i guess
|c|★TheInfiniteChain|yea, but it should at least say so lol --;
|c|★Savio_3|ya lol
|c|★TheInfiniteChain|Like it normally does.
|choice||
|
|switch|p1a: Vileplume|Vileplume, L90|100\/100
|turn|8
|choice||
|
|switch|p1a: Mew|Mew, L74|100\/100
|move|p2a: Wartortle|Blizzard|p1a: Mew
|-crit|p1a: Mew
|-damage|p1a: Mew|54\/100
|
|turn|9
|choice||
|
|move|p1a: Mew|Psychic|p2a: Wartortle
|-damage|p2a: Wartortle|69\/100
|move|p2a: Wartortle|Blizzard|p1a: Mew
|-damage|p1a: Mew|31\/100
|
|turn|10
|choice||
|
|move|p1a: Mew|Explosion|p2a: Wartortle
|-damage|p2a: Wartortle|1\/100
|faint|p1a: Mew
|choice||
|
|switch|p1a: Chansey|Chansey, L79|100\/100
|turn|11
|choice||
|
|move|p2a: Wartortle|Rest|p2a: Wartortle
|-status|p2a: Wartortle|slp
|-heal|p2a: Wartortle|100\/100 slp|[silent]
|-status|p2a: Wartortle|slp|[from] move: Rest
|move|p1a: Chansey|Thunderbolt|p2a: Wartortle
|-supereffective|p2a: Wartortle
|-damage|p2a: Wartortle|49\/100 slp
|
|turn|12
|choice||
|
|switch|p2a: Victreebel|Victreebel, L85|100\/100
|move|p1a: Chansey|Thunderbolt|p2a: Victreebel
|-resisted|p2a: Victreebel
|-damage|p2a: Victreebel|92\/100
|
|turn|13
|choice||
|
|move|p2a: Victreebel|Sleep Powder|p1a: Chansey
|-status|p1a: Chansey|slp
|-curestatus|p1a: Chansey|slp
|
|turn|14
|choice||
|
|move|p2a: Victreebel|Sleep Powder|p1a: Chansey
|-status|p1a: Chansey|slp
|cant|p1a: Chansey|slp
|
|turn|15
|choice||
|
|move|p2a: Victreebel|Swords Dance|p2a: Victreebel
|-boost|p2a: Victreebel|atk|2
|-curestatus|p1a: Chansey|slp
|
|turn|16
|choice||
|
|move|p2a: Victreebel|Sleep Powder|p1a: Chansey
|-status|p1a: Chansey|slp
|cant|p1a: Chansey|slp
|
|turn|17
|choice||
|
|move|p2a: Victreebel|Swords Dance|p2a: Victreebel
|-boost|p2a: Victreebel|atk|2
|cant|p1a: Chansey|slp
|
|turn|18
|choice||
|
|move|p2a: Victreebel|Swords Dance|p2a: Victreebel
|-boost|p2a: Victreebel|atk|2
|cant|p1a: Chansey|slp
|
|turn|19
|choice||
|
|move|p2a: Victreebel|Body Slam|p1a: Chansey
|-damage|p1a: Chansey|0 fnt
|faint|p1a: Chansey
|choice||
|
|switch|p1a: Dragonite|Dragonite, L85|100\/100
|turn|20
|choice||
|
|move|p1a: Dragonite|Ice Beam|p2a: Victreebel
|-supereffective|p2a: Victreebel
|-damage|p2a: Victreebel|53\/100
|move|p2a: Victreebel|Sleep Powder|p1a: Dragonite
|-status|p1a: Dragonite|slp
|
|turn|21
|choice||
|
|switch|p1a: Vileplume|Vileplume, L90|100\/100
|move|p2a: Victreebel|Body Slam|p1a: Vileplume
|-damage|p1a: Vileplume|24\/100
|
|turn|22
|choice||
|
|move|p2a: Victreebel|Body Slam|p1a: Vileplume
|-damage|p1a: Vileplume|0 fnt
|faint|p1a: Vileplume
|choice||
|
|switch|p1a: Lickitung|Lickitung, L90|100\/100
|turn|23
|choice||
|
|move|p2a: Victreebel|Body Slam|p1a: Lickitung
|-damage|p1a: Lickitung|23\/100
|move|p1a: Lickitung|Hyper Beam|p2a: Victreebel
|-damage|p2a: Victreebel|7\/100
|
|turn|24
|-mustrecharge|p1a: Lickitung
|-mustrecharge|p1a: Lickitung
|choice||
|
|move|p2a: Victreebel|Body Slam|p1a: Lickitung
|-crit|p1a: Lickitung
|-damage|p1a: Lickitung|0 fnt
|faint|p1a: Lickitung
|c|★Savio_3|gg
|c|★TheInfiniteChain|Victreebel is a boss
|c|★TheInfiniteChain|gg
|choice||
|
|switch|p1a: Dragonite|Dragonite, L85|100\/100 slp
|turn|25
|choice||
|
|cant|p1a: Dragonite|slp
|move|p2a: Victreebel|Body Slam|p1a: Dragonite
|-damage|p1a: Dragonite|32\/100 slp
|
|turn|26
|choice||
|
|-curestatus|p1a: Dragonite|slp
|move|p2a: Victreebel|Body Slam|p1a: Dragonite
|-damage|p1a: Dragonite|0 fnt
|faint|p1a: Dragonite
|
|win|TheInfiniteChain
|player|p1
|player|p2
|raw|Savio_3's rating: 1332 &rarr; <strong>1308<\/strong><br \/>(-24 for losing)
|raw|TheInfiniteChain's rating: 1249 &rarr; <strong>1280<\/strong><br \/>(+31 for winning)
|l|Savio_3