|join|andrewandres
|join|chestburster
|player|p1|andrewandres|1
|player|p2|chestburster|153
|gametype|singles
|gen|1
|tier|[Gen 1] Random Battle
|rated
|rule|Sleep Clause Mod: Limit one foe put to sleep
|rule|Freeze Clause Mod: Limit one foe frozen
|rule|HP Percentage Mod: HP is shown in percentages
|
|start
|switch|p1a: Pidgey|Pidgey, L96|272\/272
|switch|p2a: Kadabra|Kadabra, L85|242\/242
|turn|1
|
|switch|p2a: Rhyhorn|Rhyhorn, L96|348\/348
|move|p1a: Pidgey|Agility|p1a: Pidgey
|-boost|p1a: Pidgey|spe|2
|
|turn|2
|
|switch|p1a: Exeggcute|Exeggcute, L96|310\/310
|move|p2a: Rhyhorn|Body Slam|p1a: Exeggcute
|-damage|p1a: Exeggcute|241\/310
|
|turn|3
|
|switch|p2a: Chansey|Chansey, L79|557\/557
|move|p1a: Exeggcute|Sleep Powder|p2a: Chansey
|-status|p2a: Chansey|slp
|
|turn|4
|
|move|p1a: Exeggcute|Stun Spore|p2a: Chansey
|-fail|p2a: Chansey
|cant|p2a: Chansey|slp
|
|turn|5
|
|move|p1a: Exeggcute|Psychic|p2a: Chansey
|-crit|p2a: Chansey
|-damage|p2a: Chansey|375\/557 slp
|-curestatus|p2a: Chansey|slp
|
|turn|6
|
|move|p1a: Exeggcute|Sleep Powder|p2a: Chansey
|-status|p2a: Chansey|slp
|cant|p2a: Chansey|slp
|
|turn|7
|
|move|p1a: Exeggcute|Psychic|p2a: Chansey
|-damage|p2a: Chansey|286\/557 slp
|cant|p2a: Chansey|slp
|
|turn|8
|
|move|p1a: Exeggcute|Psychic|p2a: Chansey
|-damage|p2a: Chansey|204\/557 slp
|cant|p2a: Chansey|slp
|
|turn|9
|
|move|p1a: Exeggcute|Psychic|p2a: Chansey
|-damage|p2a: Chansey|125\/557 slp
|-curestatus|p2a: Chansey|slp
|
|turn|10
|
|switch|p2a: Rhyhorn|Rhyhorn, L96|348\/348
|move|p1a: Exeggcute|Sleep Powder|p2a: Rhyhorn
|-status|p2a: Rhyhorn|slp
|
|turn|11
|
|switch|p2a: Moltres|Moltres, L85|327\/327
|move|p1a: Exeggcute|Psychic|p2a: Moltres
|-damage|p2a: Moltres|260\/327
|
|turn|12
|
|switch|p1a: Arcanine|Arcanine, L85|327\/327
|move|p2a: Moltres|Fire Blast|p1a: Arcanine
|-resisted|p1a: Arcanine
|-damage|p1a: Arcanine|252\/327
|
|turn|13
|
|switch|p2a: Primeape|Primeape, L90|300\/300
|move|p1a: Arcanine|Fire Blast|p2a: Primeape
|-damage|p2a: Primeape|172\/300
|
|turn|14
|
|move|p2a: Primeape|Rock Slide|p1a: Arcanine
|-supereffective|p1a: Arcanine
|-damage|p1a: Arcanine|110\/327
|move|p1a: Arcanine|Body Slam|p2a: Primeape
|-damage|p2a: Primeape|88\/300
|
|turn|15
|
|move|p2a: Primeape|Rock Slide|p1a: Arcanine
|-supereffective|p1a: Arcanine
|-damage|p1a: Arcanine|0 fnt
|faint|p1a: Arcanine
|
|switch|p1a: Exeggcute|Exeggcute, L96|241\/310
|turn|16
|
|move|p2a: Primeape|Body Slam|p1a: Exeggcute
|-damage|p1a: Exeggcute|172\/310
|move|p1a: Exeggcute|Stun Spore|p2a: Primeape
|-status|p2a: Primeape|par
|
|turn|17
|
|move|p1a: Exeggcute|Psychic|p2a: Primeape
|-supereffective|p2a: Primeape
|-damage|p2a: Primeape|0 fnt
|faint|p2a: Primeape
|
|switch|p2a: Moltres|Moltres, L85|260\/327
|turn|18
|
|move|p2a: Moltres|Fire Blast|p1a: Exeggcute
|-crit|p1a: Exeggcute
|-supereffective|p1a: Exeggcute
|-damage|p1a: Exeggcute|0 fnt
|faint|p1a: Exeggcute
|
|switch|p1a: Poliwhirl|Poliwhirl, L85|284\/284
|turn|19
|
|switch|p2a: Chansey|Chansey, L79|125\/557
|move|p1a: Poliwhirl|Amnesia|p1a: Poliwhirl
|-boost|p1a: Poliwhirl|spd|2
|-boost|p1a: Poliwhirl|spa|2
|
|turn|20
|
|move|p1a: Poliwhirl|Surf|p2a: Chansey
|-damage|p2a: Chansey|0 fnt
|faint|p2a: Chansey
|
|switch|p2a: Dodrio|Dodrio, L85|276\/276
|turn|21
|
|move|p2a: Dodrio|Body Slam|p1a: Poliwhirl
|-damage|p1a: Poliwhirl|158\/284
|-status|p1a: Poliwhirl|par
|move|p1a: Poliwhirl|Blizzard|p2a: Dodrio
|-supereffective|p2a: Dodrio
|-damage|p2a: Dodrio|0 fnt
|faint|p2a: Dodrio
|join|biiste
|
|switch|p2a: Kadabra|Kadabra, L85|242\/242
|turn|22
|
|switch|p1a: Pidgey|Pidgey, L96|272\/272
|move|p2a: Kadabra|Psychic|p1a: Pidgey
|-crit|p1a: Pidgey
|-damage|p1a: Pidgey|0 fnt
|faint|p1a: Pidgey
|
|switch|p1a: Chansey|Chansey, L79|557\/557
|turn|23
|
|switch|p2a: Rhyhorn|Rhyhorn, L96|348\/348 slp
|move|p1a: Chansey|Thunder Wave|p2a: Rhyhorn
|-immune|p2a: Rhyhorn|[msg]
|
|turn|24
|
|switch|p1a: Poliwhirl|Poliwhirl, L85|158\/284 par
|cant|p2a: Rhyhorn|slp
|
|turn|25
|
|switch|p2a: Kadabra|Kadabra, L85|242\/242
|move|p1a: Poliwhirl|Surf|p2a: Kadabra
|-damage|p2a: Kadabra|189\/242
|
|turn|26
|
|switch|p1a: Chansey|Chansey, L79|557\/557
|move|p2a: Kadabra|Psychic|p1a: Chansey
|-crit|p1a: Chansey
|-damage|p1a: Chansey|363\/557
|
|turn|27
|
|switch|p2a: Rhyhorn|Rhyhorn, L96|348\/348 slp
|move|p1a: Chansey|Soft-Boiled|p1a: Chansey
|-heal|p1a: Chansey|557\/557
|
|turn|28
|
|switch|p1a: Poliwhirl|Poliwhirl, L85|158\/284 par
|cant|p2a: Rhyhorn|slp
|
|turn|29
|
|switch|p2a: Kadabra|Kadabra, L85|189\/242
|move|p1a: Poliwhirl|Surf|p2a: Kadabra
|-damage|p2a: Kadabra|135\/242
|
|turn|30
|
|move|p2a: Kadabra|Psychic|p1a: Poliwhirl
|-damage|p1a: Poliwhirl|0 fnt
|faint|p1a: Poliwhirl
|
|switch|p1a: Magneton|Magneton, L90|273\/273
|turn|31
|
|switch|p2a: Rhyhorn|Rhyhorn, L96|348\/348 slp
|move|p1a: Magneton|Mimic|p2a: Rhyhorn
|-start|p1a: Magneton|Mimic|Substitute
|
|turn|32
|
|switch|p1a: Chansey|Chansey, L79|557\/557
|cant|p2a: Rhyhorn|slp
|
|turn|33
|
|move|p1a: Chansey|Reflect|p1a: Chansey
|-start|p1a: Chansey|Reflect
|cant|p2a: Rhyhorn|slp
|
|turn|34
|
|move|p1a: Chansey|Thunder Wave|p2a: Rhyhorn
|-immune|p2a: Rhyhorn|[msg]
|cant|p2a: Rhyhorn|slp
|
|turn|35
|
|move|p1a: Chansey|Thunder Wave|p2a: Rhyhorn
|-immune|p2a: Rhyhorn|[msg]
|-curestatus|p2a: Rhyhorn|slp
|
|turn|36
|
|move|p2a: Rhyhorn|Earthquake|p1a: Chansey
|-damage|p1a: Chansey|383\/557
|move|p1a: Chansey|Counter|p2a: Rhyhorn
|-fail|p1a: Chansey
|
|turn|37
|
|move|p1a: Chansey|Soft-Boiled|p1a: Chansey
|-heal|p1a: Chansey|557\/557
|move|p2a: Rhyhorn|Earthquake|p1a: Chansey
|-damage|p1a: Chansey|379\/557
|
|turn|38
|
|move|p1a: Chansey|Soft-Boiled|p1a: Chansey
|-heal|p1a: Chansey|557\/557
|move|p2a: Rhyhorn|Body Slam|p1a: Chansey
|-damage|p1a: Chansey|466\/557
|
|turn|39
|
|move|p2a: Rhyhorn|Body Slam|p1a: Chansey
|-damage|p1a: Chansey|374\/557
|move|p1a: Chansey|Counter|p2a: Rhyhorn
|-damage|p2a: Rhyhorn|164\/348
|
|turn|40
|
|move|p1a: Chansey|Soft-Boiled|p1a: Chansey
|-heal|p1a: Chansey|557\/557
|move|p2a: Rhyhorn|Earthquake|p1a: Chansey
|-damage|p1a: Chansey|396\/557
|
|turn|41
|
|move|p2a: Rhyhorn|Rock Slide|p1a: Chansey
|-crit|p1a: Chansey
|-damage|p1a: Chansey|0 fnt
|faint|p1a: Chansey
|
|switch|p1a: Magneton|Magneton, L90|273\/273
|turn|42
|-message|andrewandres forfeited.
|
|win|chestburster
|raw|andrewandres's rating: 1504 &rarr; <strong>1471<\/strong><br \/>(-33 for losing)
|raw|chestburster's rating: 1231 &rarr; <strong>1273<\/strong><br \/>(+42 for winning)
|leave|chestburster
|player|p2
|leave|andrewandres
|player|p1