|j|Ciaocaro
|j|Abstrix
|player|p1|Ciaocaro|12
|player|p2|Abstrix|8
|gametype|singles
|gen|1
|tier|[Gen 1] OU
|seed|33917,22375,38686,27787
|rule|Sleep Clause Mod: Limit one foe put to sleep
|rule|Freeze Clause Mod: Limit one foe frozen
|rule|Species Clause: Limit one of each Pokémon
|rule|OHKO Clause: OHKO moves are banned
|rule|Evasion Moves Clause: Evasion moves are banned
|rule|HP Percentage Mod: HP is shown in percentages
|
|start
|switch|p1a: Tangela|Tangela|333\/333
|switch|p2a: Venomoth|Venomoth|343\/343
|turn|1
Abstrix made this room hidden.
|choice|move 3|move 1
|
|move|p2a: Venomoth|Sleep Powder|p1a: Tangela
|-status|p1a: Tangela|slp
|cant|p1a: Tangela|slp
|
|turn|2
|choice|switch 3|move 2
|
|switch|p1a: Flareon|Flareon|333\/333
|move|p2a: Venomoth|Psychic|p1a: Flareon
|-damage|p1a: Flareon|268\/333
|
|turn|3
|choice|move 3|switch 2
|
|switch|p2a: 'M (FF)|Charizard|359\/359
|move|p1a: Flareon|Fire Blast|p2a: 'M (FF)
|-resisted|p2a: 'M (FF)
|-damage|p2a: 'M (FF)|269\/359
|
|turn|4
|choice|move 4|move 3
|
|move|p2a: 'M (FF)|Earthquake|p1a: Flareon
|-supereffective|p1a: Flareon
|-damage|p1a: Flareon|87\/333
|move|p1a: Flareon|Body Slam|p2a: 'M (FF)
|-damage|p2a: 'M (FF)|177\/359
|
|turn|5
|choice|switch 3|move 3
|
|switch|p1a: Tangela|Tangela|333\/333 slp
|move|p2a: 'M (FF)|Earthquake|p1a: Tangela
|-resisted|p1a: Tangela
|-damage|p1a: Tangela|304\/333 slp
|
|turn|6
|choice|switch 6|move 1
|
|switch|p1a: Poliwrath|Poliwrath|383\/383
|move|p2a: 'M (FF)|Flamethrower|p1a: Poliwrath
|-resisted|p1a: Poliwrath
|-damage|p1a: Poliwrath|320\/383
|
|turn|7
|choice|move 2|switch 6
|
|switch|p2a: Magneton|Magneton|303\/303
|move|p1a: Poliwrath|Amnesia|p1a: Poliwrath
|-boost|p1a: Poliwrath|spd|2
|-boost|p1a: Poliwrath|spa|2
|
|turn|8
|choice|move 1|move 2
|
|move|p2a: Magneton|Thunder Wave|p1a: Poliwrath
|-status|p1a: Poliwrath|par
|move|p1a: Poliwrath|Earthquake|p2a: Magneton
|-supereffective|p2a: Magneton
|-damage|p2a: Magneton|163\/303
|
|turn|9
|choice|move 1|move 1
|
|move|p2a: Magneton|Thunderbolt|p1a: Poliwrath
|-supereffective|p1a: Poliwrath
|-damage|p1a: Poliwrath|159\/383 par
|move|p1a: Poliwrath|Earthquake|p2a: Magneton
|-crit|p2a: Magneton
|-supereffective|p2a: Magneton
|-damage|p2a: Magneton|0 fnt
|faint|p2a: Magneton
|choice||switch 3
|
|switch|p2a: Poliwrath|Poliwrath|383\/383
|turn|10
|choice|move 3|move 1
|
|move|p2a: Poliwrath|Amnesia|p2a: Poliwrath
|-boost|p2a: Poliwrath|spd|2
|-boost|p2a: Poliwrath|spa|2
|move|p1a: Poliwrath|Blizzard|p2a: Poliwrath
|-resisted|p2a: Poliwrath
|-damage|p2a: Poliwrath|333\/383
|
|turn|11
|choice|switch 4|move 1
|
|switch|p1a: Magneton|Magneton|303\/303
|move|p2a: Poliwrath|Amnesia|p2a: Poliwrath
|-boost|p2a: Poliwrath|spd|2
|-boost|p2a: Poliwrath|spa|2
|
|turn|12
|choice|move 2|move 3
|
|move|p2a: Poliwrath|Surf|p1a: Magneton
|-damage|p1a: Magneton|64\/303
|move|p1a: Magneton|Thunder|p2a: Poliwrath
|-supereffective|p2a: Poliwrath
|-damage|p2a: Poliwrath|196\/383
|
|turn|13
|choice|move 2|move 3
|
|move|p1a: Magneton|Thunder|p2a: Poliwrath
|-supereffective|p2a: Poliwrath
|-damage|p2a: Poliwrath|56\/383
|move|p2a: Poliwrath|Surf|p1a: Magneton
|-damage|p1a: Magneton|0 fnt
|faint|p1a: Magneton
|choice|switch 2|
|
|switch|p1a: Scyther|Scyther|343\/343
|turn|14
|choice|move 1|move 3
|
|move|p1a: Scyther|Slash|p2a: Poliwrath
|-damage|p2a: Poliwrath|0 fnt
|faint|p2a: Poliwrath
|choice||switch 4
|
|switch|p2a: Onix|Onix|273\/273
|turn|15
|choice|switch 6|move 2
|
|switch|p1a: Tangela|Tangela|304\/333 slp
|move|p2a: Onix|Rock Slide|p1a: Tangela
|-damage|p1a: Tangela|249\/333 slp
|
|turn|16
|choice|move 3|switch 2
|
|switch|p2a: Venomoth|Venomoth|343\/343
|-curestatus|p1a: Tangela|slp
|
|turn|17
|choice|switch 4|move 1
|
|switch|p1a: Poliwrath|Poliwrath|159\/383 par
|move|p2a: Venomoth|Sleep Powder|p1a: Poliwrath|[miss]
|-miss|p2a: Venomoth
|
|turn|18
|choice|move 3|move 2
|
|move|p2a: Venomoth|Psychic|p1a: Poliwrath
|-supereffective|p1a: Poliwrath
|-damage|p1a: Poliwrath|0 fnt
|faint|p1a: Poliwrath
|choice|switch 3|
|
|switch|p1a: Flareon|Flareon|87\/333
|turn|19
|choice|move 3|switch 6
|
|switch|p2a: 'M (FF)|Charizard|177\/359
|move|p1a: Flareon|Fire Blast|p2a: 'M (FF)
|-resisted|p2a: 'M (FF)
|-damage|p2a: 'M (FF)|89\/359
|
|turn|20
|choice|move 1|move 3
|
|move|p1a: Flareon|Quick Attack|p2a: 'M (FF)
|-damage|p2a: 'M (FF)|46\/359
|move|p2a: 'M (FF)|Earthquake|p1a: Flareon
|-supereffective|p1a: Flareon
|-damage|p1a: Flareon|0 fnt
|faint|p1a: Flareon
|choice|switch 5|
|
|switch|p1a: Vaporeon|Vaporeon|463\/463
|turn|21
|choice|move 1|move 2
|
|move|p2a: 'M (FF)|Body Slam|p1a: Vaporeon
|-damage|p1a: Vaporeon|377\/463
|move|p1a: Vaporeon|Acid Armor|p1a: Vaporeon
|-boost|p1a: Vaporeon|def|2
|
|turn|22
|choice|move 3|move 2
|
|move|p2a: 'M (FF)|Body Slam|p1a: Vaporeon
|-crit|p1a: Vaporeon
|-damage|p1a: Vaporeon|206\/463
|move|p1a: Vaporeon|Ice Beam|p2a: 'M (FF)
|-supereffective|p2a: 'M (FF)
|-damage|p2a: 'M (FF)|0 fnt
|faint|p2a: 'M (FF)
|choice||switch 6
|
|switch|p2a: Venomoth|Venomoth|343\/343
|turn|23
|choice|move 3|move 1
|
|move|p2a: Venomoth|Sleep Powder|p1a: Vaporeon
|-status|p1a: Vaporeon|slp
|cant|p1a: Vaporeon|slp
|
|turn|24
|choice|switch 4|move 3
|
|switch|p1a: Tangela|Tangela|249\/333
|move|p2a: Venomoth|Mega Drain|p1a: Tangela
|-resisted|p1a: Tangela
|-damage|p1a: Tangela|235\/333
|
|turn|25
|choice|move 3|switch 5
|
|switch|p2a: Raticate|Raticate|313\/313
|move|p1a: Tangela|Sleep Powder|p2a: Raticate
|-status|p2a: Raticate|slp
|
|turn|26
|choice|move 2|move 1
|
|-curestatus|p2a: Raticate|slp
|move|p1a: Tangela|Growth|p1a: Tangela
|-boost|p1a: Tangela|spa|1
|-boost|p1a: Tangela|spd|1
|
|turn|27
|choice|move 3|move 1
|
|move|p2a: Raticate|Super Fang|p1a: Tangela
|-damage|p1a: Tangela|118\/333
|move|p1a: Tangela|Sleep Powder|p2a: Raticate
|-status|p2a: Raticate|slp
|
|turn|28
|choice|move 1|move 2
|
|cant|p2a: Raticate|slp
|move|p1a: Tangela|Stun Spore|p2a: Raticate|[miss]
|-miss|p1a: Tangela
|
|turn|29
|choice|move 2|move 2
|
|cant|p2a: Raticate|slp
|move|p1a: Tangela|Growth|p1a: Tangela
|-boost|p1a: Tangela|spa|1
|-boost|p1a: Tangela|spd|1
|
|turn|30
|choice|move 4|move 2
|
|cant|p2a: Raticate|slp
|move|p1a: Tangela|Mega Drain|p2a: Raticate
|-damage|p2a: Raticate|179\/313 slp
|-heal|p1a: Tangela|185\/333|[from] drain|[of] p2a: Raticate
|
|turn|31
|choice|move 4|move 2
|
|cant|p2a: Raticate|slp
|move|p1a: Tangela|Mega Drain|p2a: Raticate
|-damage|p2a: Raticate|39\/313 slp
|-heal|p1a: Tangela|255\/333|[from] drain|[of] p2a: Raticate
|
|turn|32
|choice|move 4|switch 5
|
|switch|p2a: Venomoth|Venomoth|343\/343
|move|p1a: Tangela|Mega Drain|p2a: Venomoth
|-resisted|p2a: Venomoth
|-damage|p2a: Venomoth|317\/343
|-heal|p1a: Tangela|268\/333|[from] drain|[of] p2a: Venomoth
|
|turn|33
|choice|move 1|move 4
|
|move|p2a: Venomoth|Stun Spore|p1a: Tangela
|-status|p1a: Tangela|par
|move|p1a: Tangela|Stun Spore|p2a: Venomoth
|-status|p2a: Venomoth|par
|
|turn|34
|choice|move 2|move 2
|
|move|p2a: Venomoth|Psychic|p1a: Tangela
|-damage|p1a: Tangela|237\/333 par
|-unboost|p1a: Tangela|spd|1
|-unboost|p1a: Tangela|spa|1
|cant|p1a: Tangela|par
|
|turn|35
|choice|move 2|move 2
|
|move|p2a: Venomoth|Psychic|p1a: Tangela
|-damage|p1a: Tangela|193\/333 par
|move|p1a: Tangela|Growth|p1a: Tangela
|-boost|p1a: Tangela|spa|1
|-boost|p1a: Tangela|spd|1
|
|turn|36
|choice|move 2|move 2
|
|move|p2a: Venomoth|Psychic|p1a: Tangela
|-damage|p1a: Tangela|157\/333 par
|cant|p1a: Tangela|par
|
|turn|37
|choice|move 2|move 2
|
|cant|p2a: Venomoth|par
|move|p1a: Tangela|Growth|p1a: Tangela
|-boost|p1a: Tangela|spa|1
|-boost|p1a: Tangela|spd|1
|
|turn|38
|choice|move 2|move 2
|
|move|p1a: Tangela|Growth|p1a: Tangela
|-boost|p1a: Tangela|spa|1
|-boost|p1a: Tangela|spd|1
|move|p2a: Venomoth|Psychic|p1a: Tangela
|-damage|p1a: Tangela|135\/333 par
|
|turn|39
|choice|move 2|move 2
|
|move|p1a: Tangela|Growth|p1a: Tangela
|-boost|p1a: Tangela|spa|1
|-boost|p1a: Tangela|spd|1
|cant|p2a: Venomoth|par
|
|turn|40
|choice|move 4|move 2
|
|move|p1a: Tangela|Mega Drain|p2a: Venomoth
|-crit|p2a: Venomoth
|-resisted|p2a: Venomoth
|-damage|p2a: Venomoth|293\/343 par
|-heal|p1a: Tangela|147\/333 par|[from] drain|[of] p2a: Venomoth
|move|p2a: Venomoth|Psychic|p1a: Tangela
|-damage|p1a: Tangela|128\/333 par
|
|turn|41
|choice|move 4|move 2
|
|move|p1a: Tangela|Mega Drain|p2a: Venomoth
|-resisted|p2a: Venomoth
|-damage|p2a: Venomoth|252\/343 par
|-heal|p1a: Tangela|148\/333 par|[from] drain|[of] p2a: Venomoth
|cant|p2a: Venomoth|par
|
|turn|42
|choice|move 2|move 2
|
|cant|p1a: Tangela|par
|cant|p2a: Venomoth|par
|
|turn|43
|choice|move 2|move 2
|
|move|p1a: Tangela|Growth|p1a: Tangela
|-boost|p1a: Tangela|spa|1
|-boost|p1a: Tangela|spd|1
|move|p2a: Venomoth|Psychic|p1a: Tangela
|-damage|p1a: Tangela|128\/333 par
|
|turn|44
|choice|move 4|move 2
|
|cant|p1a: Tangela|par
|move|p2a: Venomoth|Psychic|p1a: Tangela
|-damage|p1a: Tangela|110\/333 par
|-unboost|p1a: Tangela|spd|1
|-unboost|p1a: Tangela|spa|1
|
|turn|45
|choice|move 2|move 2
|
|move|p1a: Tangela|Growth|p1a: Tangela
|-boost|p1a: Tangela|spa|1
|-boost|p1a: Tangela|spd|1
|move|p2a: Venomoth|Psychic|p1a: Tangela
|-damage|p1a: Tangela|89\/333 par
|
|turn|46
|choice|move 4|move 2
|
|move|p1a: Tangela|Mega Drain|p2a: Venomoth
|-resisted|p2a: Venomoth
|-damage|p2a: Venomoth|209\/343 par
|-heal|p1a: Tangela|110\/333 par|[from] drain|[of] p2a: Venomoth
|move|p2a: Venomoth|Psychic|p1a: Tangela
|-damage|p1a: Tangela|89\/333 par
|
|turn|47
|choice|move 4|move 2
|
|cant|p1a: Tangela|par
|move|p2a: Venomoth|Psychic|p1a: Tangela
|-damage|p1a: Tangela|70\/333 par
|
|turn|48
|choice|move 4|move 2
|
|move|p1a: Tangela|Mega Drain|p2a: Venomoth
|-resisted|p2a: Venomoth
|-damage|p2a: Venomoth|164\/343 par
|-heal|p1a: Tangela|92\/333 par|[from] drain|[of] p2a: Venomoth
|cant|p2a: Venomoth|par
|
|turn|49
|choice|move 4|move 2
|
|move|p1a: Tangela|Mega Drain|p2a: Venomoth
|-resisted|p2a: Venomoth
|-damage|p2a: Venomoth|123\/343 par
|-heal|p1a: Tangela|112\/333 par|[from] drain|[of] p2a: Venomoth
|move|p2a: Venomoth|Psychic|p1a: Tangela
|-crit|p1a: Tangela
|-damage|p1a: Tangela|0 fnt
|faint|p1a: Tangela
|choice|switch 6|
|
|switch|p1a: Scyther|Scyther|343\/343
|turn|50
|choice|move 1|switch 2
|
|switch|p2a: Onix|Onix|273\/273
|move|p1a: Scyther|Slash|p2a: Onix
|-crit|p2a: Onix
|-resisted|p2a: Onix
|-damage|p2a: Onix|232\/273
|
|turn|51
|choice|move 2|move 3
|
|move|p1a: Scyther|Toxic|p2a: Onix
|-status|p2a: Onix|tox
|move|p2a: Onix|Body Slam|p1a: Scyther
|-crit|p1a: Scyther
|-damage|p1a: Scyther|250\/343
|-damage|p2a: Onix|215\/273 tox|[from] tox|[of] p1a: Scyther
|
|turn|52
|choice|move 1|move 2
|
|move|p1a: Scyther|Slash|p2a: Onix
|-crit|p2a: Onix
|-resisted|p2a: Onix
|-damage|p2a: Onix|178\/273 tox
|move|p2a: Onix|Rock Slide|p1a: Scyther
|-supereffective|p1a: Scyther
|-damage|p1a: Scyther|0 fnt
|faint|p1a: Scyther
|choice|switch 4|
|
|switch|p1a: Vaporeon|Vaporeon|206\/463 slp
|turn|53
|c|★Abstrix|gg
|choice|move 2|move 4
|
|move|p2a: Onix|Explosion|p1a: Vaporeon
|-damage|p1a: Vaporeon|0 fnt
|faint|p1a: Vaporeon
|faint|p2a: Onix
|
|win|Abstrix
|player|p1
|player|p2