|join|Dervodel
|join|FatBrocoly
|player|p1|Dervodel|238
|player|p2|FatBrocoly|266
|gametype|singles
|gen|1
|tier|[Gen 1] Random Battle
|seed|27624,61831,53169,59008
|rule|Sleep Clause Mod: Limit one foe put to sleep
|rule|Freeze Clause Mod: Limit one foe frozen
|rule|HP Percentage Mod: HP is shown in percentages
|
|start
|switch|p1a: Poliwrath|Poliwrath, L85|327\/327
|switch|p2a: Nidoran-F|Nidoran-F, L96|300\/300
|turn|1
|choice|move 1|move 4
|
|move|p1a: Poliwrath|Amnesia|p1a: Poliwrath
|-boost|p1a: Poliwrath|spd|2
|-boost|p1a: Poliwrath|spa|2
|move|p2a: Nidoran-F|Substitute|p2a: Nidoran-F
|-start|p2a: Nidoran-F|Substitute
|-damage|p2a: Nidoran-F|225\/300
|
|turn|2
|choice|move 2|move 3
|
|move|p1a: Poliwrath|Surf|p2a: Nidoran-F
|-end|p2a: Nidoran-F|Substitute
|move|p2a: Nidoran-F|Body Slam|p1a: Poliwrath
|-damage|p1a: Poliwrath|281\/327
|
|turn|3
|choice|move 1|move 3
|
|move|p1a: Poliwrath|Amnesia|p1a: Poliwrath
|-boost|p1a: Poliwrath|spd|2
|-boost|p1a: Poliwrath|spa|2
|move|p2a: Nidoran-F|Body Slam|p1a: Poliwrath
|-damage|p1a: Poliwrath|230\/327
|
|turn|4
|choice|move 2|move 3
|
|move|p1a: Poliwrath|Surf|p2a: Nidoran-F
|-damage|p2a: Nidoran-F|0 fnt
|faint|p2a: Nidoran-F
|choice||switch 2
|
|switch|p2a: Dratini|Dratini, L96|274\/274
|turn|5
|choice|move 4|move 2
|
|move|p1a: Poliwrath|Blizzard|p2a: Dratini
|-supereffective|p2a: Dratini
|-damage|p2a: Dratini|0 fnt
|faint|p2a: Dratini
|choice||switch 4
|
|switch|p2a: Lapras|Lapras, L79|367\/367
|turn|6
|choice|move 3|move 4
|
|move|p1a: Poliwrath|Submission|p2a: Lapras|[miss]
|-miss|p1a: Poliwrath
|move|p2a: Lapras|Thunderbolt|p1a: Poliwrath
|-supereffective|p1a: Poliwrath
|-damage|p1a: Poliwrath|181\/327
|
|turn|7
|choice|move 2|move 1
|
|move|p1a: Poliwrath|Surf|p2a: Lapras
|-resisted|p2a: Lapras
|-damage|p2a: Lapras|245\/367
|move|p2a: Lapras|Body Slam|p1a: Poliwrath
|-damage|p1a: Poliwrath|135\/327
|
|turn|8
|choice|move 3|move 1
|
|move|p1a: Poliwrath|Submission|p2a: Lapras
|-crit|p2a: Lapras
|-supereffective|p2a: Lapras
|-damage|p2a: Lapras|0 fnt
|-damage|p1a: Poliwrath|74\/327|[from] recoil|[of] p2a: Lapras
|faint|p2a: Lapras
|choice||switch 5
|
|switch|p2a: Persian|Persian, L79|265\/265
|turn|9
|choice|move 2|move 3
|
|move|p2a: Persian|Thunderbolt|p1a: Poliwrath
|-supereffective|p1a: Poliwrath
|-damage|p1a: Poliwrath|35\/327
|move|p1a: Poliwrath|Surf|p2a: Persian
|-crit|p2a: Persian
|-damage|p2a: Persian|60\/265
|
|turn|10
|choice|move 2|move 1
|
|move|p2a: Persian|Slash|p1a: Poliwrath
|-crit|p1a: Poliwrath
|-damage|p1a: Poliwrath|0 fnt
|faint|p1a: Poliwrath
|choice|switch 5|
|
|switch|p1a: Dragonite|Dragonite, L85|328\/328
|turn|11
|choice|move 3|move 1
|
|move|p2a: Persian|Slash|p1a: Dragonite
|-crit|p1a: Dragonite
|-damage|p1a: Dragonite|229\/328
|move|p1a: Dragonite|Ice Beam|p2a: Persian
|-damage|p2a: Persian|0 fnt
|faint|p2a: Persian
|choice||switch 6
|
|switch|p2a: Charizard|Charizard, L85|306\/306
|turn|12
|choice|move 4|move 2
|
|move|p2a: Charizard|Hyper Beam|p1a: Dragonite
|-damage|p1a: Dragonite|140\/328
|move|p1a: Dragonite|Surf|p2a: Charizard
|-supereffective|p2a: Charizard
|-damage|p2a: Charizard|174\/306
|
|turn|13
|-mustrecharge|p2a: Charizard
|-mustrecharge|p2a: Charizard
|choice|move 4|move 1
|
|cant|p2a: Charizard|recharge
|move|p1a: Dragonite|Surf|p2a: Charizard
|-supereffective|p2a: Charizard
|-damage|p2a: Charizard|20\/306
|
|turn|14
|choice|switch 3|move 3
|
|switch|p1a: Horsea|Horsea, L96|252\/252
|move|p2a: Charizard|Fire Blast|p1a: Horsea
|-resisted|p1a: Horsea
|-damage|p1a: Horsea|197\/252
|
|turn|15
|choice|move 1|move 4
|
|move|p2a: Charizard|Earthquake|p1a: Horsea
|-damage|p1a: Horsea|130\/252
|move|p1a: Horsea|Smokescreen|p2a: Charizard
|-unboost|p2a: Charizard|accuracy|1
|
|turn|16
|choice|move 1|move 4
|
|move|p2a: Charizard|Earthquake|p1a: Horsea
|-damage|p1a: Horsea|68\/252
|move|p1a: Horsea|Smokescreen|p2a: Charizard
|-unboost|p2a: Charizard|accuracy|1
|
|turn|17
|choice|move 1|move 4
|
|move|p2a: Charizard|Earthquake|p1a: Horsea
|-damage|p1a: Horsea|3\/252
|move|p1a: Horsea|Smokescreen|p2a: Charizard
|-unboost|p2a: Charizard|accuracy|1
|
|turn|18
|choice|move 1|move 4
|
|move|p2a: Charizard|Earthquake|p1a: Horsea
|-crit|p1a: Horsea
|-damage|p1a: Horsea|0 fnt
|faint|p1a: Horsea
|choice|switch 6|
|
|switch|p1a: Alakazam|Alakazam, L79|249\/249
|turn|19
|choice|move 2|move 4
|
|move|p1a: Alakazam|Reflect|p1a: Alakazam
|-start|p1a: Alakazam|Reflect
|move|p2a: Charizard|Earthquake|p1a: Alakazam|[miss]
|-miss|p2a: Charizard
|
|turn|20
|choice|move 3|move 4
|
|move|p1a: Alakazam|Thunder Wave|p2a: Charizard
|-status|p2a: Charizard|par
|move|p2a: Charizard|Earthquake|p1a: Alakazam
|-damage|p1a: Alakazam|197\/249
|
|turn|21
|choice|move 1|move 3
|
|move|p1a: Alakazam|Psychic|p2a: Charizard
|-damage|p2a: Charizard|0 fnt
|faint|p2a: Charizard
|choice||switch 3
|
|switch|p2a: Venomoth|Venomoth, L85|293\/293
|turn|22
|choice|switch 4|move 1
|
|switch|p1a: Chansey|Chansey, L79|557\/557
|move|p2a: Venomoth|Stun Spore|p1a: Chansey|[miss]
|-miss|p2a: Venomoth
|
|turn|23
|choice|switch 2|move 1
|
|switch|p1a: Mewtwo|Mewtwo, L70|293\/293
|move|p2a: Venomoth|Stun Spore|p1a: Mewtwo
|-status|p1a: Mewtwo|par
|
|turn|24
|choice|move 1|move 3
|
|move|p2a: Venomoth|Psychic|p1a: Mewtwo
|-resisted|p1a: Mewtwo
|-damage|p1a: Mewtwo|267\/293 par
|move|p1a: Mewtwo|Psychic|p2a: Venomoth
|-supereffective|p2a: Venomoth
|-damage|p2a: Venomoth|125\/293
|-unboost|p2a: Venomoth|spd|1
|-unboost|p2a: Venomoth|spa|1
|
|turn|25
|choice|switch 2|move 3
|
|switch|p1a: Chansey|Chansey, L79|557\/557
|move|p2a: Venomoth|Psychic|p1a: Chansey
|-crit|p1a: Chansey
|-damage|p1a: Chansey|448\/557
|-unboost|p1a: Chansey|spd|1
|-unboost|p1a: Chansey|spa|1
|
|turn|26
|choice|move 2|move 3
|
|move|p2a: Venomoth|Psychic|p1a: Chansey
|-damage|p1a: Chansey|386\/557
|move|p1a: Chansey|Thunderbolt|p2a: Venomoth
|-damage|p2a: Venomoth|67\/293
|
|turn|27
|choice|move 2|move 3
|
|move|p2a: Venomoth|Psychic|p1a: Chansey
|-damage|p1a: Chansey|324\/557
|move|p1a: Chansey|Thunderbolt|p2a: Venomoth
|-crit|p2a: Venomoth
|-damage|p2a: Venomoth|0 fnt
|faint|p2a: Venomoth
|
|win|Dervodel
|leave|FatBrocoly
|player|p2