|j|Snap5
|j|MALESANI
|player|p1|Snap5|102
|player|p2|MALESANI|238
|gametype|singles
|gen|1
|tier|[Gen 1] Random Battle
|rated
|seed|5041,1090,58823,9901
|rule|Sleep Clause Mod: Limit one foe put to sleep
|rule|Freeze Clause Mod: Limit one foe frozen
|rule|HP Percentage Mod: HP is shown in percentages
|
|start
|switch|p1a: Seadra|Seadra, L90|282\/282
|switch|p2a: Dugtrio|Dugtrio, L85|233\/233
|turn|1
|choice|move 1|switch 5
|
|switch|p2a: Golduck|Golduck, L85|310\/310
|move|p1a: Seadra|Surf|p2a: Golduck
|-resisted|p2a: Golduck
|-damage|p2a: Golduck|249\/310
|
|turn|2
|choice|switch 2|move 1
|
|switch|p1a: Bulbasaur|Bulbasaur, L96|281\/281
|move|p2a: Golduck|Amnesia|p2a: Golduck
|-boost|p2a: Golduck|spd|2
|-boost|p2a: Golduck|spa|2
|
|turn|3
|choice|move 4|move 3
|
|move|p2a: Golduck|Blizzard|p1a: Bulbasaur
|-supereffective|p1a: Bulbasaur
|-damage|p1a: Bulbasaur|0 fnt
|faint|p1a: Bulbasaur
|choice|switch 5|
|
|switch|p1a: Kadabra|Kadabra, L85|242\/242
|turn|4
|choice|move 2|move 1
|
|move|p1a: Kadabra|Thunder Wave|p2a: Golduck
|-status|p2a: Golduck|par
|move|p2a: Golduck|Amnesia|p2a: Golduck
|-boost|p2a: Golduck|spd|2
|-boost|p2a: Golduck|spa|2
|
|turn|5
|choice|move 3|move 4
|
|move|p1a: Kadabra|Seismic Toss|p2a: Golduck
|-damage|p2a: Golduck|164\/310 par
|move|p2a: Golduck|Surf|p1a: Kadabra
|-damage|p1a: Kadabra|11\/242
|
|turn|6
|choice|move 3|move 4
|
|move|p1a: Kadabra|Seismic Toss|p2a: Golduck
|-damage|p2a: Golduck|79\/310 par
|cant|p2a: Golduck|par
|
|turn|7
|choice|move 3|move 4
|
|move|p1a: Kadabra|Seismic Toss|p2a: Golduck
|-damage|p2a: Golduck|0 fnt
|faint|p2a: Golduck
|choice||switch 5
|
|switch|p2a: Dugtrio|Dugtrio, L85|233\/233
|turn|8
|choice|switch 2|move 4
|
|switch|p1a: Seadra|Seadra, L90|282\/282
|move|p2a: Dugtrio|Slash|p1a: Seadra
|-crit|p1a: Seadra
|-damage|p1a: Seadra|199\/282
|
|turn|9
|choice|move 4|switch 6
|
|switch|p2a: Jolteon|Jolteon, L79|265\/265
|move|p1a: Seadra|Blizzard|p2a: Jolteon
|-damage|p2a: Jolteon|181\/265
|
|turn|10
|choice|switch 4|move 1
|
|switch|p1a: Golem|Golem, L79|288\/288
|move|p2a: Jolteon|Thunderbolt|p1a: Golem
|-immune|p1a: Golem|[msg]
|
|turn|11
|choice|move 1|switch 4
|
|switch|p2a: Pidgeotto|Pidgeotto, L90|297\/297
|move|p1a: Golem|Body Slam|p2a: Pidgeotto
|-damage|p2a: Pidgeotto|221\/297
|
|turn|12
|choice|move 1|move 2
|
|move|p2a: Pidgeotto|Mirror Move|p2a: Pidgeotto
|move|p2a: Pidgeotto|Body Slam|p1a: Golem|[from]Mirror Move
|-resisted|p1a: Golem
|-damage|p1a: Golem|258\/288
|move|p1a: Golem|Body Slam|p2a: Pidgeotto
|-damage|p2a: Pidgeotto|146\/297
|
|turn|13
|choice|move 2|move 2
|
|move|p2a: Pidgeotto|Mirror Move|p2a: Pidgeotto
|move|p2a: Pidgeotto|Body Slam|p1a: Golem|[from]Mirror Move
|-resisted|p1a: Golem
|-damage|p1a: Golem|228\/288
|move|p1a: Golem|Rock Slide|p2a: Pidgeotto
|-supereffective|p2a: Pidgeotto
|-damage|p2a: Pidgeotto|0 fnt
|faint|p2a: Pidgeotto
|choice||switch 6
|
|switch|p2a: Dugtrio|Dugtrio, L85|233\/233
|turn|14
|choice|switch 4|move 1
|
|switch|p1a: Seadra|Seadra, L90|199\/282
|move|p2a: Dugtrio|Earthquake|p1a: Seadra
|-damage|p1a: Seadra|107\/282
|
|turn|15
|choice|move 4|move 1
|
|move|p2a: Dugtrio|Earthquake|p1a: Seadra
|-damage|p1a: Seadra|25\/282
|move|p1a: Seadra|Blizzard|p2a: Dugtrio
|-crit|p2a: Dugtrio
|-supereffective|p2a: Dugtrio
|-damage|p2a: Dugtrio|0 fnt
|faint|p2a: Dugtrio
|choice||switch 3
|
|switch|p2a: Alakazam|Alakazam, L79|249\/249
|turn|16
|choice|switch 6|move 4
|
|switch|p1a: Chansey|Chansey, L79|557\/557
|move|p2a: Alakazam|Seismic Toss|p1a: Chansey
|-damage|p1a: Chansey|478\/557
|
|turn|17
|choice|move 4|move 3
|
|move|p2a: Alakazam|Thunder Wave|p1a: Chansey
|-status|p1a: Chansey|par
|move|p1a: Chansey|Thunder Wave|p2a: Alakazam
|-status|p2a: Alakazam|par
|
|turn|18
|choice|switch 4|move 2
|
|switch|p1a: Golem|Golem, L79|228\/288
|move|p2a: Alakazam|Reflect|p2a: Alakazam
|-start|p2a: Alakazam|Reflect
|
|turn|19
|choice|move 4|move 1
|
|move|p1a: Golem|Earthquake|p2a: Alakazam
|-damage|p2a: Alakazam|172\/249 par
|move|p2a: Alakazam|Psychic|p1a: Golem
|-damage|p1a: Golem|69\/288
|-unboost|p1a: Golem|spd|1
|-unboost|p1a: Golem|spa|1
|
|turn|20
|choice|move 3|move 1
|
|move|p1a: Golem|Explosion|p2a: Alakazam
|-crit|p2a: Alakazam
|-damage|p2a: Alakazam|0 fnt
|faint|p2a: Alakazam
|faint|p1a: Golem
|choice|switch 4|switch 4
|
|switch|p2a: Jolteon|Jolteon, L79|181\/265
|switch|p1a: Chansey|Chansey, L79|478\/557 par
|turn|21
|choice|move 4|move 1
|
|move|p2a: Jolteon|Thunderbolt|p1a: Chansey
|-crit|p1a: Chansey
|-damage|p1a: Chansey|311\/557 par
|move|p1a: Chansey|Thunder Wave|p2a: Jolteon
|-status|p2a: Jolteon|par
|
|turn|22
|choice|move 3|move 1
|
|move|p2a: Jolteon|Thunderbolt|p1a: Chansey
|-crit|p1a: Chansey
|-damage|p1a: Chansey|144\/557 par
|cant|p1a: Chansey|par
|
|turn|23
|choice|move 1|move 3
|
|move|p2a: Jolteon|Double Kick|p1a: Chansey
|-crit|p1a: Chansey
|-supereffective|p1a: Chansey
|-damage|p1a: Chansey|0 fnt
|-hitcount|p1a: Chansey|1
|faint|p1a: Chansey
|choice|switch 2|
|
|switch|p1a: Kadabra|Kadabra, L85|11\/242
|turn|24
|choice|move 4|move 2
|
|move|p1a: Kadabra|Recover|p1a: Kadabra
|-heal|p1a: Kadabra|132\/242
|move|p2a: Jolteon|Thunder Wave|p1a: Kadabra
|-status|p1a: Kadabra|par
|
|turn|25
|choice|move 4|move 1
|
|move|p2a: Jolteon|Thunderbolt|p1a: Kadabra
|-damage|p1a: Kadabra|51\/242 par
|move|p1a: Kadabra|Recover|p1a: Kadabra
|-heal|p1a: Kadabra|172\/242 par
|
|turn|26
|choice|move 1|move 4
|
|move|p2a: Jolteon|Pin Missile|p1a: Kadabra
|-supereffective|p1a: Kadabra
|-damage|p1a: Kadabra|145\/242 par
|-damage|p1a: Kadabra|118\/242 par
|-hitcount|p1a: Kadabra|2
|move|p1a: Kadabra|Psychic|p2a: Jolteon
|-crit|p2a: Jolteon
|-damage|p2a: Jolteon|0 fnt
|faint|p2a: Jolteon
|choice||switch 2
|
|switch|p2a: Mewtwo|Mewtwo, L68|285\/285
|turn|27
|choice|move 2|move 4
|
|move|p2a: Mewtwo|Hyper Beam|p1a: Kadabra
|-crit|p1a: Kadabra
|-damage|p1a: Kadabra|0 fnt
|faint|p1a: Kadabra
|choice|switch 3|
|
|switch|p1a: Rapidash|Rapidash, L90|300\/300
|turn|28
|choice|move 1|move 1
|
|move|p1a: Rapidash|Fire Blast|p2a: Mewtwo
|-damage|p2a: Mewtwo|171\/285
|move|p2a: Mewtwo|Psychic|p1a: Rapidash
|-damage|p1a: Rapidash|212\/300
|-unboost|p1a: Rapidash|spd|1
|-unboost|p1a: Rapidash|spa|1
|
|turn|29
|choice|move 1|move 2
|
|move|p1a: Rapidash|Fire Blast|p2a: Mewtwo
|-damage|p2a: Mewtwo|101\/285
|move|p2a: Mewtwo|Recover|p2a: Mewtwo
|-heal|p2a: Mewtwo|243\/285
|
|turn|30
|choice|switch 6|move 3
|
|switch|p1a: Seadra|Seadra, L90|25\/282
|move|p2a: Mewtwo|Amnesia|p2a: Mewtwo
|-boost|p2a: Mewtwo|spd|2
|-boost|p2a: Mewtwo|spa|2
|
|turn|31
|choice|move 2|move 1
|
|move|p2a: Mewtwo|Psychic|p1a: Seadra
|-damage|p1a: Seadra|0 fnt
|faint|p1a: Seadra
|choice|switch 6|
|
|switch|p1a: Rapidash|Rapidash, L90|212\/300
|turn|32
|choice|move 1|move 1
|
|move|p1a: Rapidash|Fire Blast|p2a: Mewtwo|[miss]
|-miss|p1a: Rapidash
|move|p2a: Mewtwo|Psychic|p1a: Rapidash
|-damage|p1a: Rapidash|23\/300
|
|turn|33
|choice|move 2|move 1
|
|move|p1a: Rapidash|Hyper Beam|p2a: Mewtwo
|-damage|p2a: Mewtwo|103\/285
|move|p2a: Mewtwo|Psychic|p1a: Rapidash
|-damage|p1a: Rapidash|0 fnt
|faint|p1a: Rapidash
|
|win|MALESANI
|player|p1
|player|p2
|raw|Snap5's rating: 1368 &rarr; <strong>1357<\/strong><br \/>(-11 for losing)
|raw|MALESANI's rating: 1542 &rarr; <strong>1553<\/strong><br \/>(+11 for winning)
|l|Snap5