|join|smilzo
|join|Redpunch
|player|p1|smilzo|157
|player|p2|Redpunch|170
|gametype|singles
|gen|1
|tier|[Gen 1] Random Battle
|rule|Sleep Clause Mod: Limit one foe put to sleep
|rule|Freeze Clause Mod: Limit one foe frozen
|rule|HP Percentage Mod: HP is shown in percentages
|
|start
|switch|p1a: Metapod|Metapod, L99|300\/300
|switch|p2a: Kakuna|Kakuna, L99|290\/290
|turn|1
|join|alt914
|c| alt914|best fight
|c|★smilzo|lel
|c|★smilzo|hf
|
|switch|p1a: Golbat|Golbat, L90|318\/318
|move|p2a: Kakuna|Poison Sting|p1a: Golbat
|-resisted|p1a: Golbat
|-damage|p1a: Golbat|312\/318
|
|turn|2
|
|switch|p2a: Electrode|Electrode, L90|291\/291
|move|p1a: Golbat|Screech|p2a: Electrode
|-unboost|p2a: Electrode|def|2
|
|turn|3
|
|switch|p1a: Marowak|Marowak, L90|291\/291
|move|p2a: Electrode|Thunderbolt|p1a: Marowak
|-immune|p1a: Marowak|[msg]
|
|turn|4
|
|switch|p2a: Vileplume|Vileplume, L90|318\/318
|move|p1a: Marowak|Earthquake|p2a: Vileplume
|-damage|p2a: Vileplume|218\/318
|
|turn|5
|
|switch|p1a: Metapod|Metapod, L99|300\/300
|move|p2a: Vileplume|Sleep Powder|p1a: Metapod
|-status|p1a: Metapod|slp
|
|turn|6
|
|switch|p1a: Golbat|Golbat, L90|312\/318
|move|p2a: Vileplume|Swords Dance|p2a: Vileplume
|-boost|p2a: Vileplume|atk|2
|
|turn|7
|
|move|p1a: Golbat|Confuse Ray|p2a: Vileplume
|-start|p2a: Vileplume|confusion
|-activate|p2a: Vileplume|confusion
|-damage|p2a: Vileplume|158\/318|[from] confusion
|
|turn|8
|
|switch|p2a: Electrode|Electrode, L90|291\/291
|move|p1a: Golbat|Double-Edge|p2a: Electrode
|-crit|p2a: Electrode
|-damage|p2a: Electrode|147\/291
|-damage|p1a: Golbat|276\/318|[from] recoil|[of] p2a: Electrode
|
|turn|9
|
|switch|p1a: Marowak|Marowak, L90|291\/291
|move|p2a: Electrode|Screech|p1a: Marowak|[miss]
|-miss|p2a: Electrode
|
|turn|10
|
|switch|p2a: Vileplume|Vileplume, L90|158\/318
|move|p1a: Marowak|Body Slam|p2a: Vileplume
|-damage|p2a: Vileplume|99\/318
|
|turn|11
|
|move|p2a: Vileplume|Body Slam|p1a: Marowak
|-crit|p1a: Marowak
|-damage|p1a: Marowak|193\/291
|move|p1a: Marowak|Body Slam|p2a: Vileplume
|-damage|p2a: Vileplume|44\/318
|
|turn|12
|
|switch|p1a: Hitmonchan|Hitmonchan, L90|273\/273
|move|p2a: Vileplume|Mega Drain|p1a: Hitmonchan
|-damage|p1a: Hitmonchan|200\/273
|-heal|p2a: Vileplume|80\/318|[from] drain|[of] p1a: Hitmonchan
|
|turn|13
|
|move|p1a: Hitmonchan|Body Slam|p2a: Vileplume
|-damage|p2a: Vileplume|9\/318
|move|p2a: Vileplume|Mega Drain|p1a: Hitmonchan
|-damage|p1a: Hitmonchan|115\/273
|-heal|p2a: Vileplume|51\/318|[from] drain|[of] p1a: Hitmonchan
|
|turn|14
|
|move|p1a: Hitmonchan|Body Slam|p2a: Vileplume
|-damage|p2a: Vileplume|0 fnt
|faint|p2a: Vileplume
|
|switch|p2a: Alakazam|Alakazam, L79|249\/249
|turn|15
|c|★smilzo|pff
|
|switch|p1a: Metapod|Metapod, L99|300\/300 slp
|move|p2a: Alakazam|Psychic|p1a: Metapod
|-damage|p1a: Metapod|136\/300 slp
|
|turn|16
|
|move|p2a: Alakazam|Seismic Toss|p1a: Metapod
|-damage|p1a: Metapod|57\/300 slp
|cant|p1a: Metapod|slp
|
|turn|17
|
|move|p2a: Alakazam|Psychic|p1a: Metapod
|-damage|p1a: Metapod|0 fnt
|faint|p1a: Metapod
|
|switch|p1a: Marowak|Marowak, L90|193\/291
|turn|18
|
|move|p2a: Alakazam|Psychic|p1a: Marowak
|-damage|p1a: Marowak|50\/291
|move|p1a: Marowak|Body Slam|p2a: Alakazam
|-damage|p2a: Alakazam|161\/249
|-status|p2a: Alakazam|par
|
|turn|19
|
|move|p1a: Marowak|Earthquake|p2a: Alakazam
|-damage|p2a: Alakazam|0 fnt
|faint|p2a: Alakazam
|
|switch|p2a: Rapidash|Rapidash, L90|300\/300
|turn|20
|
|switch|p1a: Slowbro|Slowbro, L79|312\/312
|move|p2a: Rapidash|Body Slam|p1a: Slowbro
|-damage|p1a: Slowbro|251\/312
|
|turn|21
|
|switch|p2a: Electrode|Electrode, L90|147\/291
|move|p1a: Slowbro|Thunder Wave|p2a: Electrode
|-status|p2a: Electrode|par
|
|turn|22
|
|switch|p1a: Marowak|Marowak, L90|50\/291
|cant|p2a: Electrode|par
|
|turn|23
|
|switch|p2a: Kakuna|Kakuna, L99|290\/290
|move|p1a: Marowak|Earthquake|p2a: Kakuna
|-damage|p2a: Kakuna|160\/290
|
|turn|24
|
|move|p1a: Marowak|Earthquake|p2a: Kakuna
|-damage|p2a: Kakuna|30\/290
|move|p2a: Kakuna|Poison Sting|p1a: Marowak
|-resisted|p1a: Marowak
|-damage|p1a: Marowak|45\/291
|
|turn|25
|
|move|p1a: Marowak|Earthquake|p2a: Kakuna
|-damage|p2a: Kakuna|0 fnt
|faint|p2a: Kakuna
|
|switch|p2a: Rapidash|Rapidash, L90|300\/300
|turn|26
|
|switch|p1a: Slowbro|Slowbro, L79|251\/312
|move|p2a: Rapidash|Body Slam|p1a: Slowbro
|-crit|p1a: Slowbro
|-damage|p1a: Slowbro|133\/312
|
|turn|27
|
|move|p2a: Rapidash|Substitute|p2a: Rapidash
|-start|p2a: Rapidash|Substitute
|-damage|p2a: Rapidash|225\/300
|move|p1a: Slowbro|Rest|p1a: Slowbro
|-status|p1a: Slowbro|slp
|-heal|p1a: Slowbro|312\/312 slp|[silent]
|-status|p1a: Slowbro|slp|[from] move: Rest
|
|turn|28
|
|move|p2a: Rapidash|Body Slam|p1a: Slowbro
|-damage|p1a: Slowbro|247\/312 slp
|cant|p1a: Slowbro|slp
|
|turn|29
|c|★smilzo|pff
|
|move|p2a: Rapidash|Body Slam|p1a: Slowbro
|-damage|p1a: Slowbro|181\/312 slp
|-curestatus|p1a: Slowbro|slp
|
|turn|30
|
|move|p2a: Rapidash|Body Slam|p1a: Slowbro
|-crit|p1a: Slowbro
|-damage|p1a: Slowbro|48\/312
|-status|p1a: Slowbro|par
|cant|p1a: Slowbro|par
|
|turn|31
|c|★smilzo|dio cagnaccio
|
|move|p2a: Rapidash|Body Slam|p1a: Slowbro
|-crit|p1a: Slowbro
|-damage|p1a: Slowbro|0 fnt
|faint|p1a: Slowbro
|join|XvolcaronaX
|
|switch|p1a: Golbat|Golbat, L90|276\/318
|turn|32
|
|move|p2a: Rapidash|Fire Blast|p1a: Golbat|[miss]
|-miss|p2a: Rapidash
|move|p1a: Golbat|Double-Edge|p2a: Rapidash
|-end|p2a: Rapidash|Substitute
|-damage|p1a: Golbat|257\/318|[from] recoil|[of] p2a: Rapidash
|
|turn|33
|
|move|p2a: Rapidash|Fire Blast|p1a: Golbat|[miss]
|-miss|p2a: Rapidash
|move|p1a: Golbat|Double-Edge|p2a: Rapidash
|-crit|p2a: Rapidash
|-damage|p2a: Rapidash|73\/300
|-damage|p1a: Golbat|219\/318|[from] recoil|[of] p2a: Rapidash
|
|turn|34
|c| alt914|skill
|
|move|p2a: Rapidash|Fire Blast|p1a: Golbat|[miss]
|-miss|p2a: Rapidash
|move|p1a: Golbat|Double-Edge|p2a: Rapidash
|-damage|p2a: Rapidash|0 fnt
|-damage|p1a: Golbat|201\/318|[from] recoil|[of] p2a: Rapidash
|faint|p2a: Rapidash
|
|switch|p2a: Electrode|Electrode, L90|147\/291 par
|turn|35
|c|★smilzo|se non faceva fullpara
|c| alt914|troppa skill <3
|c|★smilzo|su slowbro
|c|★smilzo|era chiusa comunque
|
|switch|p1a: Marowak|Marowak, L90|45\/291
|move|p2a: Electrode|Explosion|p1a: Marowak
|-damage|p1a: Marowak|0 fnt
|faint|p1a: Marowak
|faint|p2a: Electrode
|c| alt914|va bhe karma
|
|switch|p1a: Hitmonchan|Hitmonchan, L90|115\/273
|switch|p2a: Mew|Mew, L74|300\/300
|turn|36
|c| alt914|dovevi mandare gengar e,e
|c|★smilzo|ah
|c|★smilzo|pure l'uber
|
|move|p1a: Hitmonchan|Body Slam|p2a: Mew
|-damage|p2a: Mew|224\/300
|move|p2a: Mew|Earthquake|p1a: Hitmonchan
|-damage|p1a: Hitmonchan|63\/273
|
|turn|37
|
|move|p1a: Hitmonchan|Body Slam|p2a: Mew
|-damage|p2a: Mew|154\/300
|move|p2a: Mew|Earthquake|p1a: Hitmonchan
|-damage|p1a: Hitmonchan|6\/273
|
|turn|38
|
|move|p1a: Hitmonchan|Body Slam|p2a: Mew
|-crit|p2a: Mew
|-damage|p2a: Mew|14\/300
|move|p2a: Mew|Soft-Boiled|p2a: Mew
|-heal|p2a: Mew|164\/300
|
|turn|39
|
|move|p2a: Mew|Earthquake|p1a: Hitmonchan
|-damage|p1a: Hitmonchan|0 fnt
|faint|p1a: Hitmonchan
|c|★smilzo|..
|
|switch|p1a: Tauros|Tauros, L79|280\/280
|turn|40
|
|move|p1a: Tauros|Body Slam|p2a: Mew
|-crit|p2a: Mew
|-damage|p2a: Mew|0 fnt
|faint|p2a: Mew
|
|win|smilzo
|c| alt914|<3
|c|★Redpunch|gg
|c|★smilzo|gg
|leave|Redpunch
|player|p2
|leave|smilzo
|player|p1
|leave|alt914