|join|Clypherus
|join|Agarest
|player|p1|Clypherus|170
|player|p2|Agarest|161
|gametype|singles
|gen|1
|tier|[Gen 1] OU
|rated
|seed|53174,12719,27735,25869
|rule|Sleep Clause Mod: Limit one foe put to sleep
|rule|Freeze Clause Mod: Limit one foe frozen
|rule|Species Clause: Limit one of each Pokémon
|rule|OHKO Clause: OHKO moves are banned
|rule|Evasion Moves Clause: Evasion moves are banned
|rule|HP Percentage Mod: HP is shown in percentages
|
|start
|switch|p1a: Electrode|Electrode|323\/323
|switch|p2a: Gengar|Gengar|323\/323
|turn|1
|choice|move 3|switch 4
|
|switch|p2a: Chansey|Chansey|703\/703
|move|p1a: Electrode|Thunder Wave|p2a: Chansey
|-status|p2a: Chansey|par
|
|turn|2
|choice|switch 3|switch 3
|
|switch|p1a: Snorlax|Snorlax|523\/523
|switch|p2a: Exeggutor|Exeggutor|393\/393
|
|turn|3
|choice|move 4|move 3
|
|move|p2a: Exeggutor|Sleep Powder|p1a: Snorlax
|-status|p1a: Snorlax|slp
|-curestatus|p1a: Snorlax|slp
|
|turn|4
|choice|move 4|move 3
|
|move|p2a: Exeggutor|Sleep Powder|p1a: Snorlax
|-status|p1a: Snorlax|slp
|cant|p1a: Snorlax|slp
|
|turn|5
|choice|move 4|move 1
|
|move|p2a: Exeggutor|Psychic|p1a: Snorlax
|-damage|p1a: Snorlax|359\/523 slp
|cant|p1a: Snorlax|slp
|
|turn|6
|choice|switch 6|move 1
|
|switch|p1a: Alakazam|Alakazam|313\/313
|move|p2a: Exeggutor|Psychic|p1a: Alakazam
|-resisted|p1a: Alakazam
|-damage|p1a: Alakazam|266\/313
|
|turn|7
|choice|move 2|move 4
|
|move|p1a: Alakazam|Psychic|p2a: Exeggutor
|-resisted|p2a: Exeggutor
|-damage|p2a: Exeggutor|334\/393
|move|p2a: Exeggutor|Stun Spore|p1a: Alakazam
|-status|p1a: Alakazam|par
|
|turn|8
|choice|move 2|switch 3
|
|switch|p2a: Chansey|Chansey|703\/703 par
|cant|p1a: Alakazam|par
|
|turn|9
|choice|switch 6|move 1
|
|switch|p1a: Snorlax|Snorlax|359\/523 slp
|cant|p2a: Chansey|par
|
|turn|10
|choice|move 1|switch 3
|
|switch|p2a: Exeggutor|Exeggutor|334\/393
|cant|p1a: Snorlax|slp
|
|turn|11
|choice|switch 6|move 1
|
|switch|p1a: Alakazam|Alakazam|266\/313 par
|move|p2a: Exeggutor|Psychic|p1a: Alakazam
|-resisted|p1a: Alakazam
|-damage|p1a: Alakazam|218\/313 par
|
|turn|12
|choice|move 1|move 1
|
|move|p2a: Exeggutor|Psychic|p1a: Alakazam
|-resisted|p1a: Alakazam
|-damage|p1a: Alakazam|169\/313 par
|move|p1a: Alakazam|Recover|p1a: Alakazam
|-heal|p1a: Alakazam|313\/313 par
|
|turn|13
|choice|move 2|switch 3
|
|switch|p2a: Chansey|Chansey|703\/703 par
|move|p1a: Alakazam|Psychic|p2a: Chansey
|-crit|p2a: Chansey
|-damage|p2a: Chansey|467\/703 par
|
|turn|14
|choice|switch 6|move 1
|
|switch|p1a: Snorlax|Snorlax|359\/523 slp
|move|p2a: Chansey|Ice Beam|p1a: Snorlax
|-damage|p1a: Snorlax|264\/523 slp
|
|turn|15
|choice|move 1|switch 3
|
|switch|p2a: Exeggutor|Exeggutor|334\/393
|-curestatus|p1a: Snorlax|slp
|
|turn|16
|choice|switch 6|move 1
|
|switch|p1a: Alakazam|Alakazam|313\/313 par
|move|p2a: Exeggutor|Psychic|p1a: Alakazam
|-resisted|p1a: Alakazam
|-damage|p1a: Alakazam|262\/313 par
|
|turn|17
|choice|move 2|move 1
|
|move|p2a: Exeggutor|Psychic|p1a: Alakazam
|-resisted|p1a: Alakazam
|-damage|p1a: Alakazam|213\/313 par
|-unboost|p1a: Alakazam|spd|1
|-unboost|p1a: Alakazam|spa|1
|cant|p1a: Alakazam|par
|
|turn|18
|choice|move 1|move 1
|
|move|p2a: Exeggutor|Psychic|p1a: Alakazam
|-resisted|p1a: Alakazam
|-damage|p1a: Alakazam|133\/313 par
|move|p1a: Alakazam|Recover|p1a: Alakazam
|-heal|p1a: Alakazam|289\/313 par
|
|turn|19
|choice|move 2|move 1
|
|move|p2a: Exeggutor|Psychic|p1a: Alakazam
|-resisted|p1a: Alakazam
|-damage|p1a: Alakazam|207\/313 par
|-unboost|p1a: Alakazam|spd|1
|-unboost|p1a: Alakazam|spa|1
|move|p1a: Alakazam|Psychic|p2a: Exeggutor
|-crit|p2a: Exeggutor
|-resisted|p2a: Exeggutor
|-damage|p2a: Exeggutor|220\/393
|-unboost|p2a: Exeggutor|spd|1
|-unboost|p2a: Exeggutor|spa|1
|
|turn|20
|choice|move 1|switch 5
|
|switch|p2a: Tauros|Tauros|353\/353
|cant|p1a: Alakazam|par
|
|turn|21
|choice|switch 4|move 1
|
|switch|p1a: Chansey|Chansey|703\/703
|move|p2a: Tauros|Body Slam|p1a: Chansey
|-damage|p1a: Chansey|448\/703
|
|turn|22
|choice|move 1|move 4
|
|move|p2a: Tauros|Hyper Beam|p1a: Chansey
|-damage|p1a: Chansey|6\/703
|move|p1a: Chansey|Soft-Boiled|p1a: Chansey
|-heal|p1a: Chansey|357\/703
|
|turn|23
|-mustrecharge|p2a: Tauros
|-mustrecharge|p2a: Tauros
|choice|move 1|move 1
|
|cant|p2a: Tauros|recharge
|move|p1a: Chansey|Soft-Boiled|p1a: Chansey
|-heal|p1a: Chansey|703\/703
|
|turn|24
|choice|move 3|switch 3
|
|switch|p2a: Chansey|Chansey|467\/703 par
|move|p1a: Chansey|Reflect|p1a: Chansey
|-start|p1a: Chansey|Reflect
|
|turn|25
|choice|move 2|move 1
|
|move|p1a: Chansey|Toxic|p2a: Chansey
|-fail|p2a: Chansey
|move|p2a: Chansey|Ice Beam|p1a: Chansey
|-damage|p1a: Chansey|629\/703
|
|turn|26
|choice|switch 6|move 1
|
|switch|p1a: Snorlax|Snorlax|264\/523
|move|p2a: Chansey|Ice Beam|p1a: Snorlax
|-damage|p1a: Snorlax|171\/523
|
|turn|27
|choice|move 2|switch 4
|
|switch|p2a: Gengar|Gengar|323\/323
|move|p1a: Snorlax|Mega Kick|p2a: Gengar
|-immune|p2a: Gengar|[msg]
|
|turn|28
|choice|switch 4|move 2
|
|switch|p1a: Alakazam|Alakazam|207\/313 par
|move|p2a: Gengar|Thunderbolt|p1a: Alakazam
|-damage|p1a: Alakazam|139\/313 par
|
|turn|29
|choice|move 1|switch 4
|
|switch|p2a: Chansey|Chansey|467\/703 par
|move|p1a: Alakazam|Recover|p1a: Alakazam
|-heal|p1a: Alakazam|295\/313 par
|
|turn|30
|choice|move 2|move 3
|
|move|p1a: Alakazam|Psychic|p2a: Chansey
|-damage|p2a: Chansey|330\/703 par
|-unboost|p2a: Chansey|spd|1
|-unboost|p2a: Chansey|spa|1
|move|p2a: Chansey|Soft-Boiled|p2a: Chansey
|-heal|p2a: Chansey|681\/703 par
|
|turn|31
|choice|move 2|switch 5
|
|switch|p2a: Exeggutor|Exeggutor|220\/393
|cant|p1a: Alakazam|par
|
|turn|32
|choice|move 2|move 1
|
|move|p2a: Exeggutor|Psychic|p1a: Alakazam
|-resisted|p1a: Alakazam
|-damage|p1a: Alakazam|247\/313 par
|move|p1a: Alakazam|Psychic|p2a: Exeggutor
|-resisted|p2a: Exeggutor
|-damage|p2a: Exeggutor|168\/393
|
|turn|33
|choice|move 2|move 1
|
|move|p2a: Exeggutor|Psychic|p1a: Alakazam
|-resisted|p1a: Alakazam
|-damage|p1a: Alakazam|199\/313 par
|-unboost|p1a: Alakazam|spd|1
|-unboost|p1a: Alakazam|spa|1
|move|p1a: Alakazam|Psychic|p2a: Exeggutor
|-resisted|p2a: Exeggutor
|-damage|p2a: Exeggutor|129\/393
|
|turn|34
|choice|move 1|move 1
|
|move|p2a: Exeggutor|Psychic|p1a: Alakazam
|-resisted|p1a: Alakazam
|-damage|p1a: Alakazam|117\/313 par
|cant|p1a: Alakazam|par
|
|turn|35
|choice|move 1|move 1
|
|move|p2a: Exeggutor|Psychic|p1a: Alakazam
|-resisted|p1a: Alakazam
|-damage|p1a: Alakazam|42\/313 par
|move|p1a: Alakazam|Recover|p1a: Alakazam
|-heal|p1a: Alakazam|198\/313 par
|
|turn|36
|choice|move 1|move 1
|
|move|p2a: Exeggutor|Psychic|p1a: Alakazam
|-resisted|p1a: Alakazam
|-damage|p1a: Alakazam|127\/313 par
|move|p1a: Alakazam|Recover|p1a: Alakazam
|-heal|p1a: Alakazam|283\/313 par
|
|turn|37
|choice|move 2|move 1
|
|move|p2a: Exeggutor|Psychic|p1a: Alakazam
|-resisted|p1a: Alakazam
|-damage|p1a: Alakazam|201\/313 par
|-unboost|p1a: Alakazam|spd|1
|-unboost|p1a: Alakazam|spa|1
|cant|p1a: Alakazam|par
|
|turn|38
|choice|move 1|switch 2
|
|switch|p2a: Snorlax|Snorlax|523\/523
|cant|p1a: Alakazam|par
|
|turn|39
|choice|switch 4|move 1
|
|switch|p1a: Snorlax|Snorlax|171\/523
|move|p2a: Snorlax|Body Slam|p1a: Snorlax
|-damage|p1a: Snorlax|42\/523
|
|turn|40
|choice|switch 2|switch 4
|
|switch|p1a: Gengar|Gengar|323\/323
|switch|p2a: Gengar|Gengar|323\/323
|
|turn|41
|choice|move 3|move 4
|
|move|p1a: Gengar|Hypnosis|p2a: Gengar|[miss]
|-miss|p1a: Gengar
|move|p2a: Gengar|Hypnosis|p1a: Gengar
|-status|p1a: Gengar|slp
|
|turn|42
|choice|switch 4|move 1
|
|switch|p1a: Alakazam|Alakazam|201\/313 par
|move|p2a: Gengar|Night Shade|p1a: Alakazam
|-damage|p1a: Alakazam|101\/313 par
|
|turn|43
|choice|move 1|switch 3
|
|switch|p2a: Tauros|Tauros|353\/353
|move|p1a: Alakazam|Recover|p1a: Alakazam
|-heal|p1a: Alakazam|257\/313 par
|
|turn|44
|choice|switch 4|move 1
|
|switch|p1a: Gengar|Gengar|323\/323 slp
|move|p2a: Tauros|Body Slam|p1a: Gengar
|-immune|p1a: Gengar|[msg]
|
|turn|45
|choice|switch 5|move 2
|
|switch|p1a: Dragonite|Dragonite|385\/385
|move|p2a: Tauros|Earthquake|p1a: Dragonite
|-immune|p1a: Dragonite|[msg]
|
|turn|46
|choice|move 2|move 3
|
|move|p2a: Tauros|Blizzard|p1a: Dragonite|[miss]
|-miss|p2a: Tauros
|move|p1a: Dragonite|Body Slam|p2a: Tauros
|-damage|p2a: Tauros|265\/353
|
|turn|47
|choice|switch 6|move 1
|
|switch|p1a: Chansey|Chansey|629\/703
|move|p2a: Tauros|Body Slam|p1a: Chansey
|-damage|p1a: Chansey|341\/703
|
|turn|48
|choice|move 1|move 2
|
|move|p2a: Tauros|Earthquake|p1a: Chansey
|-damage|p1a: Chansey|129\/703
|move|p1a: Chansey|Soft-Boiled|p1a: Chansey
|-heal|p1a: Chansey|480\/703
|
|turn|49
|c|★Clypherus|no Gengar : )
|c|★Clypherus|I thought you'd do that
|choice|move 1|move 1
|
|move|p2a: Tauros|Body Slam|p1a: Chansey
|-damage|p1a: Chansey|227\/703
|move|p1a: Chansey|Soft-Boiled|p1a: Chansey
|-heal|p1a: Chansey|578\/703
|
|turn|50
|c|★Agarest|Good predict. XD
|choice|move 3|move 1
|
|move|p2a: Tauros|Body Slam|p1a: Chansey
|-damage|p1a: Chansey|283\/703
|move|p1a: Chansey|Reflect|p1a: Chansey
|-start|p1a: Chansey|Reflect
|
|turn|51
|choice|move 1|switch 5
|
|switch|p2a: Chansey|Chansey|681\/703 par
|move|p1a: Chansey|Soft-Boiled|p1a: Chansey
|-heal|p1a: Chansey|634\/703
|
|turn|52
|choice|move 2|move 1
|
|move|p1a: Chansey|Toxic|p2a: Chansey
|-fail|p2a: Chansey
|move|p2a: Chansey|Ice Beam|p1a: Chansey
|-damage|p1a: Chansey|557\/703
|
|turn|53
|choice|move 4|move 1
|
|move|p1a: Chansey|Seismic Toss|p2a: Chansey
|-damage|p2a: Chansey|581\/703 par
|move|p2a: Chansey|Ice Beam|p1a: Chansey
|-damage|p1a: Chansey|484\/703
|
|turn|54
|choice|move 4|move 1
|
|move|p1a: Chansey|Seismic Toss|p2a: Chansey
|-damage|p2a: Chansey|481\/703 par
|move|p2a: Chansey|Ice Beam|p1a: Chansey
|-crit|p1a: Chansey
|-damage|p1a: Chansey|342\/703
|
|turn|55
|choice|move 4|move 3
|
|move|p1a: Chansey|Seismic Toss|p2a: Chansey
|-damage|p2a: Chansey|381\/703 par
|move|p2a: Chansey|Soft-Boiled|p2a: Chansey
|-heal|p2a: Chansey|703\/703 par
|
|turn|56
|choice|move 1|move 1
|
|move|p1a: Chansey|Soft-Boiled|p1a: Chansey
|-heal|p1a: Chansey|693\/703
|move|p2a: Chansey|Ice Beam|p1a: Chansey
|-damage|p1a: Chansey|614\/703
|
|turn|57
|choice|move 4|move 1
|
|move|p1a: Chansey|Seismic Toss|p2a: Chansey
|-damage|p2a: Chansey|603\/703 par
|move|p2a: Chansey|Ice Beam|p1a: Chansey
|-crit|p1a: Chansey
|-damage|p1a: Chansey|469\/703
|
|turn|58
|choice|move 4|move 1
|
|move|p1a: Chansey|Seismic Toss|p2a: Chansey
|-damage|p2a: Chansey|503\/703 par
|cant|p2a: Chansey|par
|
|turn|59
|choice|move 4|move 1
|
|move|p1a: Chansey|Seismic Toss|p2a: Chansey
|-damage|p2a: Chansey|403\/703 par
|move|p2a: Chansey|Ice Beam|p1a: Chansey
|-damage|p1a: Chansey|398\/703
|-status|p1a: Chansey|frz
|
|turn|60
|choice|switch 2|move 3
|
|switch|p1a: Snorlax|Snorlax|42\/523
|move|p2a: Chansey|Soft-Boiled|p2a: Chansey
|-heal|p2a: Chansey|703\/703 par
|
|turn|61
|choice|move 3|switch 3
|
|switch|p2a: Gengar|Gengar|323\/323
|move|p1a: Snorlax|Self-Destruct|p2a: Gengar
|-immune|p2a: Gengar|[msg]
|faint|p1a: Snorlax
|c|★Clypherus|ahhh
|c|★Clypherus|nice!
|choice|switch 4|
|
|switch|p1a: Alakazam|Alakazam|257\/313 par
|turn|62
|choice|move 2|move 1
|
|move|p2a: Gengar|Night Shade|p1a: Alakazam
|-damage|p1a: Alakazam|157\/313 par
|move|p1a: Alakazam|Psychic|p2a: Gengar
|-crit|p2a: Gengar
|-supereffective|p2a: Gengar
|-damage|p2a: Gengar|0 fnt
|faint|p2a: Gengar
|choice||switch 5
|
|switch|p2a: Tauros|Tauros|265\/353
|turn|63
|choice|move 4|move 1
|
|move|p2a: Tauros|Body Slam|p1a: Alakazam
|-damage|p1a: Alakazam|0 fnt
|faint|p1a: Alakazam
|choice|switch 5|
|
|switch|p1a: Gengar|Gengar|323\/323 slp
|turn|64
|choice|switch 6|switch 6
|
|switch|p2a: Alakazam|Alakazam|313\/313
|switch|p1a: Dragonite|Dragonite|385\/385
|
|turn|65
|choice|move 3|move 4
|
|move|p2a: Alakazam|Thunder Wave|p1a: Dragonite
|-status|p1a: Dragonite|par
|move|p1a: Dragonite|Thunderbolt|p2a: Alakazam
|-damage|p2a: Alakazam|257\/313
|-status|p2a: Alakazam|par
|
|turn|66
|choice|move 2|move 1
|
|move|p2a: Alakazam|Psychic|p1a: Dragonite
|-damage|p1a: Dragonite|247\/385 par
|move|p1a: Dragonite|Body Slam|p2a: Alakazam
|-damage|p2a: Alakazam|124\/313 par
|
|turn|67
|choice|move 2|move 2
|
|move|p2a: Alakazam|Recover|p2a: Alakazam
|-heal|p2a: Alakazam|280\/313 par
|move|p1a: Dragonite|Body Slam|p2a: Alakazam
|-damage|p2a: Alakazam|151\/313 par
|
|turn|68
|choice|move 2|switch 4
|
|switch|p2a: Snorlax|Snorlax|523\/523
|move|p1a: Dragonite|Body Slam|p2a: Snorlax
|-crit|p2a: Snorlax
|-damage|p2a: Snorlax|321\/523
|
|turn|69
|choice|move 2|move 2
|
|move|p2a: Snorlax|Reflect|p2a: Snorlax
|-start|p2a: Snorlax|Reflect
|move|p1a: Dragonite|Body Slam|p2a: Snorlax
|-damage|p2a: Snorlax|267\/523
|
|turn|70
|choice|move 1|move 1
|
|move|p2a: Snorlax|Body Slam|p1a: Dragonite
|-crit|p1a: Dragonite
|-damage|p1a: Dragonite|36\/385 par
|move|p1a: Dragonite|Blizzard|p2a: Snorlax
|-damage|p2a: Snorlax|155\/523
|
|turn|71
|choice|switch 6|move 1
|
|switch|p1a: Gengar|Gengar|323\/323 slp
|move|p2a: Snorlax|Body Slam|p1a: Gengar
|-immune|p1a: Gengar|[msg]
|
|turn|72
|choice|move 2|switch 6
|
|switch|p2a: Tauros|Tauros|265\/353
|cant|p1a: Gengar|slp
|
|turn|73
|choice|move 3|move 2
|
|move|p2a: Tauros|Earthquake|p1a: Gengar
|-supereffective|p1a: Gengar
|-damage|p1a: Gengar|124\/323 slp
|cant|p1a: Gengar|slp
|
|turn|74
|choice|switch 6|move 2
|
|switch|p1a: Dragonite|Dragonite|36\/385 par
|move|p2a: Tauros|Earthquake|p1a: Dragonite
|-immune|p1a: Dragonite|[msg]
|
|turn|75
|choice|switch 2|move 1
|
|switch|p1a: Chansey|Chansey|398\/703 frz
|move|p2a: Tauros|Body Slam|p1a: Chansey
|-damage|p1a: Chansey|121\/703 frz
|
|turn|76
|choice|move 4|move 1
|
|move|p2a: Tauros|Body Slam|p1a: Chansey
|-crit|p1a: Chansey
|-damage|p1a: Chansey|0 fnt
|faint|p1a: Chansey
|choice|switch 6|
|
|switch|p1a: Gengar|Gengar|124\/323 slp
|turn|77
|choice|move 3|move 2
|
|cant|p1a: Gengar|slp
|move|p2a: Tauros|Earthquake|p1a: Gengar
|-supereffective|p1a: Gengar
|-damage|p1a: Gengar|0 fnt
|faint|p1a: Gengar
|choice|switch 3|
|
|switch|p1a: Electrode|Electrode|323\/323
|turn|78
|choice|switch 2|move 2
|
|switch|p1a: Dragonite|Dragonite|36\/385 par
|move|p2a: Tauros|Earthquake|p1a: Dragonite
|-immune|p1a: Dragonite|[msg]
|
|turn|79
|choice|move 4|move 1
|
|move|p2a: Tauros|Body Slam|p1a: Dragonite
|-damage|p1a: Dragonite|0 fnt
|faint|p1a: Dragonite
|choice|switch 2|
|
|switch|p1a: Electrode|Electrode|323\/323
|turn|80
|choice|move 1|move 1
|
|move|p1a: Electrode|Explosion|p2a: Tauros
|-damage|p2a: Tauros|85\/353
|faint|p1a: Electrode
|
|win|Agarest
|c|★Clypherus|gg
|c|★Agarest|gg man
|leave|Clypherus
|player|p1
||Ladder (probably) updated, but score could not be retrieved (Response not received).