|join|Whoremaster
|join|biswajit
|player|p1|Whoremaster|43
|player|p2|biswajit|101
|gametype|singles
|gen|1
|tier|[Gen 1] OU (beta)
|rated
|rule|Sleep Clause Mod: Limit one foe put to sleep
|rule|Species Clause: Limit one of each Pokemon
|rule|OHKO Clause: OHKO moves are banned
|rule|Moody Clause: Moody is banned
|rule|Evasion Moves Clause: Evasion moves are banned
|rule|Endless Battle Clause: Forcing endless battles is banned
|rule|HP Percentage Mod: HP is reported as percentages
|
|start
|switch|p1a: Alakazam|Alakazam|313\/313
|switch|p2a: Gengar|Gengar|323\/323
|turn|1
|chat|biswajit|fuck off
|chat|biswajit|motherfucker
|chat|biswajit|what happened hooker
|
|move|p1a: Alakazam|Psychic|p2a: Gengar
|-supereffective|p2a: Gengar
|-damage|p2a: Gengar|97\/323
|move|p2a: Gengar|Hypnosis|p1a: Alakazam|[miss]
|-miss|p2a: Gengar
|
|turn|2
|chat|Whoremaster|FUCK
|chat|Whoremaster|distracted
|chat|Whoremaster|im watching tv
|
|switch|p2a: Dragonite|Dragonite|385\/385
|move|p1a: Alakazam|Psychic|p2a: Dragonite
|-damage|p2a: Dragonite|262\/385
|
|turn|3
|
|move|p1a: Alakazam|Thunder Wave|p2a: Dragonite
|-status|p2a: Dragonite|par
|move|p2a: Dragonite|Hyper Beam|p1a: Alakazam
|-damage|p1a: Alakazam|66\/313
|
|turn|4
|
|move|p1a: Alakazam|Psychic|p2a: Dragonite
|-crit|p2a: Dragonite
|-damage|p2a: Dragonite|15\/385 par
|-unboost|p2a: Dragonite|spd|1
|-unboost|p2a: Dragonite|spa|1
|cant|p2a: Dragonite|recharge
|
|turn|5
|
|move|p1a: Alakazam|Psychic|p2a: Dragonite
|-crit|p2a: Dragonite
|-damage|p2a: Dragonite|0 fnt
|faint|p2a: Dragonite
|
|
|switch|p2a: Golem|Golem|363\/363
|turn|6
|
|move|p1a: Alakazam|Recover|p1a: Alakazam
|-heal|p1a: Alakazam|222\/313
|move|p2a: Golem|Earthquake|p1a: Alakazam
|-damage|p1a: Alakazam|37\/313
|
|turn|7
|
|switch|p1a: Exeggutor|Exeggutor|393\/393
|move|p2a: Golem|Earthquake|p1a: Exeggutor
|-resisted|p1a: Exeggutor
|-damage|p1a: Exeggutor|320\/393
|
|turn|8
|
|switch|p2a: Charizard|Charizard|359\/359
|move|p1a: Exeggutor|Psychic|p2a: Charizard
|-damage|p2a: Charizard|226\/359
|
|turn|9
|
|switch|p1a: Slowbro|Slowbro|393\/393
|move|p2a: Charizard|Fire Blast|p1a: Slowbro
|-resisted|p1a: Slowbro
|-damage|p1a: Slowbro|316\/393
|
|turn|10
|
|move|p2a: Charizard|Seismic Toss|p1a: Slowbro
|-damage|p1a: Slowbro|216\/393
|move|p1a: Slowbro|Surf|p2a: Charizard
|-supereffective|p2a: Charizard
|-damage|p2a: Charizard|2\/359
|
|turn|11
|
|move|p2a: Charizard|Earthquake|p1a: Slowbro
|-damage|p1a: Slowbro|150\/393
|move|p1a: Slowbro|Surf|p2a: Charizard
|-supereffective|p2a: Charizard
|-damage|p2a: Charizard|0 fnt
|faint|p2a: Charizard
|
|
|switch|p2a: Jolteon|Jolteon|333\/333
|turn|12
|
|switch|p1a: Exeggutor|Exeggutor|320\/393
|move|p2a: Jolteon|Thunder|p1a: Exeggutor|[miss]
|-miss|p2a: Jolteon
|
|turn|13
|
|move|p2a: Jolteon|Thunder|p1a: Exeggutor
|-resisted|p1a: Exeggutor
|-damage|p1a: Exeggutor|255\/393
|move|p1a: Exeggutor|Psychic|p2a: Jolteon
|-crit|p2a: Jolteon
|-damage|p2a: Jolteon|89\/333
|-unboost|p2a: Jolteon|spd|1
|-unboost|p2a: Jolteon|spa|1
|
|turn|14
|
|switch|p2a: Alakazam|Alakazam|313\/313
|move|p1a: Exeggutor|Psychic|p2a: Alakazam
|-resisted|p2a: Alakazam
|-damage|p2a: Alakazam|263\/313
|
|turn|15
|
|move|p2a: Alakazam|Confusion|p1a: Exeggutor
|-resisted|p1a: Exeggutor
|-damage|p1a: Exeggutor|224\/393
|move|p1a: Exeggutor|Sleep Powder|p2a: Alakazam
|-status|p2a: Alakazam|slp
|
|turn|16
|
|cant|p2a: Alakazam|slp
|move|p1a: Exeggutor|Psychic|p2a: Alakazam
|-resisted|p2a: Alakazam
|-damage|p2a: Alakazam|216\/313 slp
|
|turn|17
|
|cant|p2a: Alakazam|slp
|move|p1a: Exeggutor|Explosion|p2a: Alakazam
|-damage|p2a: Alakazam|0 fnt
|faint|p2a: Alakazam
|faint|p1a: Exeggutor
|
|switch|p2a: Gengar|Gengar|97\/323
|switch|p1a: Snorlax|Snorlax|523\/523
|turn|18
|chat|Whoremaster|im2good4u
|
|move|p2a: Gengar|Hypnosis|p1a: Snorlax
|-status|p1a: Snorlax|slp
|cant|p1a: Snorlax|slp
|
|turn|19
|
|switch|p1a: Alakazam|Alakazam|37\/313
|move|p2a: Gengar|Night Shade|p1a: Alakazam
|-damage|p1a: Alakazam|0 fnt
|faint|p1a: Alakazam
|
|
|switch|p1a: Slowbro|Slowbro|150\/393
|turn|20
|chat|biswajit|ur just good for urs mother pussy
|
|move|p2a: Gengar|Hypnosis|p1a: Slowbro|[miss]
|-miss|p2a: Gengar
|move|p1a: Slowbro|Amnesia|p1a: Slowbro
|-boost|p1a: Slowbro|spd|2
|-boost|p1a: Slowbro|spa|2
|
|turn|21
|
|move|p2a: Gengar|Rest|p2a: Gengar
|-status|p2a: Gengar|slp
|-heal|p2a: Gengar|323\/323 slp|[silent]
|-status|p2a: Gengar|slp|[from] move: Rest
|move|p1a: Slowbro|Reflect|p1a: Slowbro
|
|turn|22
|
|switch|p2a: Jolteon|Jolteon|89\/333
|move|p1a: Slowbro|Amnesia|p1a: Slowbro
|-boost|p1a: Slowbro|spd|2
|-boost|p1a: Slowbro|spa|2
|
|turn|23
|
|move|p2a: Jolteon|Thunder|p1a: Slowbro
|-crit|p1a: Slowbro
|-supereffective|p1a: Slowbro
|-damage|p1a: Slowbro|0 fnt
|faint|p1a: Slowbro
|
|
|switch|p1a: Chansey|Chansey|703\/703
|turn|24
|
|move|p2a: Jolteon|Thunder Wave|p1a: Chansey
|-status|p1a: Chansey|par
|move|p1a: Chansey|Ice Beam|p2a: Jolteon
|-damage|p2a: Jolteon|11\/333
|
|turn|25
|
|move|p2a: Jolteon|Thunder|p1a: Chansey
|-damage|p1a: Chansey|551\/703 par
|cant|p1a: Chansey|par
|
|turn|26
|
|move|p2a: Jolteon|Thunder|p1a: Chansey
|-damage|p1a: Chansey|405\/703 par
|cant|p1a: Chansey|par
|
|turn|27
|
|move|p2a: Jolteon|Thunder|p1a: Chansey
|-damage|p1a: Chansey|270\/703 par
|cant|p1a: Chansey|par
|
|turn|28
|
|move|p2a: Jolteon|Thunder|p1a: Chansey
|-damage|p1a: Chansey|116\/703 par
|move|p1a: Chansey|Soft-Boiled|p1a: Chansey
|-heal|p1a: Chansey|467\/703 par
|
|turn|29
|
|move|p2a: Jolteon|Thunder|p1a: Chansey
|-damage|p1a: Chansey|320\/703 par
|cant|p1a: Chansey|par
|
|turn|30
|
|move|p2a: Jolteon|Thunder|p1a: Chansey
|-damage|p1a: Chansey|182\/703 par
|cant|p1a: Chansey|par
|
|turn|31
|
|switch|p2a: Golem|Golem|363\/363
|move|p1a: Chansey|Ice Beam|p2a: Golem
|-supereffective|p2a: Golem
|-damage|p2a: Golem|138\/363
|
|turn|32
|
|switch|p1a: Snorlax|Snorlax|523\/523 slp
|move|p2a: Golem|Earthquake|p1a: Snorlax
|-damage|p1a: Snorlax|353\/523 slp
|
|turn|33
|
|move|p2a: Golem|Earthquake|p1a: Snorlax
|-damage|p1a: Snorlax|183\/523 slp
|cant|p1a: Snorlax|slp
|
|turn|34
|
|switch|p1a: Chansey|Chansey|182\/703 par
|move|p2a: Golem|Earthquake|p1a: Chansey
|-damage|p1a: Chansey|0 fnt
|faint|p1a: Chansey
|
|
|switch|p1a: Gengar|Gengar|323\/323
|turn|35
|
|move|p1a: Gengar|Mega Drain|p2a: Golem
|-supereffective|p2a: Golem
|-damage|p2a: Golem|0 fnt
|faint|p2a: Golem
|
|
|switch|p2a: Jolteon|Jolteon|11\/333
|turn|36
|
|move|p2a: Jolteon|Thunder|p1a: Gengar
|-damage|p1a: Gengar|207\/323
|-status|p1a: Gengar|par
|move|p1a: Gengar|Mega Drain|p2a: Jolteon
|-damage|p2a: Jolteon|0 fnt
|-heal|p1a: Gengar|213\/323 par|[from] drain|[of] p2a: Jolteon
|faint|p2a: Jolteon
|
|
|switch|p2a: Gengar|Gengar|323\/323 slp
|turn|37
|
|cant|p2a: Gengar|slp
|cant|p1a: Gengar|par
|
|turn|38
|
|switch|p1a: Snorlax|Snorlax|183\/523 slp
|cant|p2a: Gengar|slp
|-curestatus|p2a: Gengar|slp
|
|turn|39
|
|move|p2a: Gengar|Night Shade|p1a: Snorlax
|-damage|p1a: Snorlax|83\/523 slp
|cant|p1a: Snorlax|slp
|-curestatus|p1a: Snorlax|slp
|
|turn|40
|
|switch|p1a: Gengar|Gengar|213\/323 par
|move|p2a: Gengar|Night Shade|p1a: Gengar
|-damage|p1a: Gengar|113\/323 par
|
|turn|41
|
|move|p2a: Gengar|Night Shade|p1a: Gengar
|-damage|p1a: Gengar|13\/323 par
|cant|p1a: Gengar|par
|
|turn|42
|
|move|p2a: Gengar|Night Shade|p1a: Gengar
|-damage|p1a: Gengar|0 fnt
|faint|p1a: Gengar
|
|
|switch|p1a: Snorlax|Snorlax|83\/523
|turn|43
|
|move|p2a: Gengar|Night Shade|p1a: Snorlax
|-damage|p1a: Snorlax|0 fnt
|faint|p1a: Snorlax
|
|win|biswajit
|raw|Ladder updating...
|raw|Whoremaster's rating: 1106 &rarr; <strong>1077<\/strong><br \/>(-29 for losing)
|raw|biswajit's rating: 1057 &rarr; <strong>1093<\/strong><br \/>(+36 for winning)
|chat|biswajit|fuck of
|chat|Whoremaster|haxed to death
|chat|Whoremaster|you suck nerd
|chat|Whoremaster|u got lucky
|leave|Whoremaster
|player|p1