|join|MALESANI
|join|DaZettaiRyouiki
|player|p1|MALESANI|238
|player|p2|DaZettaiRyouiki|249
|gametype|singles
|gen|1
|tier|[Gen 1] Random Battle
|rated
|rule|Sleep Clause Mod: Limit one foe put to sleep
|rule|Freeze Clause Mod: Limit one foe frozen
|rule|HP Percentage Mod: HP is shown in percentages
|
|start
|switch|p1a: Jolteon|Jolteon, L79|265\/265
|switch|p2a: Nidoqueen|Nidoqueen, L85|327\/327
|turn|1
|
|switch|p1a: Dodrio|Dodrio, L85|276\/276
|move|p2a: Nidoqueen|Blizzard|p1a: Dodrio
|-supereffective|p1a: Dodrio
|-damage|p1a: Dodrio|76\/276
|
|turn|2
|
|move|p1a: Dodrio|Body Slam|p2a: Nidoqueen
|-crit|p2a: Nidoqueen
|-damage|p2a: Nidoqueen|136\/327
|-status|p2a: Nidoqueen|par
|move|p2a: Nidoqueen|Thunderbolt|p1a: Dodrio
|-supereffective|p1a: Dodrio
|-damage|p1a: Dodrio|0 fnt
|faint|p1a: Dodrio
|
|switch|p1a: Kadabra|Kadabra, L85|242\/242
|turn|3
|
|switch|p2a: Alakazam|Alakazam, L79|249\/249
|move|p1a: Kadabra|Psychic|p2a: Alakazam
|-resisted|p2a: Alakazam
|-damage|p2a: Alakazam|201\/249
|
|turn|4
|
|move|p2a: Alakazam|Seismic Toss|p1a: Kadabra
|-damage|p1a: Kadabra|163\/242
|move|p1a: Kadabra|Thunder Wave|p2a: Alakazam
|-status|p2a: Alakazam|par
|
|turn|5
|
|move|p1a: Kadabra|Psychic|p2a: Alakazam
|-resisted|p2a: Alakazam
|-damage|p2a: Alakazam|157\/249 par
|-unboost|p2a: Alakazam|spd|1
|-unboost|p2a: Alakazam|spa|1
|move|p2a: Alakazam|Seismic Toss|p1a: Kadabra
|-damage|p1a: Kadabra|84\/242
|
|turn|6
|
|move|p1a: Kadabra|Recover|p1a: Kadabra
|-heal|p1a: Kadabra|205\/242
|cant|p2a: Alakazam|par
|
|turn|7
|
|move|p1a: Kadabra|Psychic|p2a: Alakazam
|-resisted|p2a: Alakazam
|-damage|p2a: Alakazam|90\/249 par
|move|p2a: Alakazam|Seismic Toss|p1a: Kadabra
|-damage|p1a: Kadabra|126\/242
|
|turn|8
|
|move|p1a: Kadabra|Psychic|p2a: Alakazam
|-resisted|p2a: Alakazam
|-damage|p2a: Alakazam|27\/249 par
|move|p2a: Alakazam|Recover|p2a: Alakazam
|-heal|p2a: Alakazam|151\/249 par
|
|turn|9
|
|move|p1a: Kadabra|Psychic|p2a: Alakazam
|-resisted|p2a: Alakazam
|-damage|p2a: Alakazam|77\/249 par
|-unboost|p2a: Alakazam|spd|1
|-unboost|p2a: Alakazam|spa|1
|cant|p2a: Alakazam|par
|
|turn|10
|
|move|p1a: Kadabra|Psychic|p2a: Alakazam
|-resisted|p2a: Alakazam
|-damage|p2a: Alakazam|0 fnt
|faint|p2a: Alakazam
|
|switch|p2a: Fearow|Fearow, L90|300\/300
|turn|11
|
|switch|p1a: Cloyster|Cloyster, L83|253\/253
|move|p2a: Fearow|Drill Peck|p1a: Cloyster
|-damage|p1a: Cloyster|197\/253
|
|turn|12
|
|switch|p2a: Seadra|Seadra, L90|282\/282
|move|p1a: Cloyster|Ice Beam|p2a: Seadra
|-resisted|p2a: Seadra
|-damage|p2a: Seadra|245\/282
|
|turn|13
|
|move|p2a: Seadra|Mimic|p1a: Cloyster
|-start|p2a: Seadra|Mimic|Explosion
|move|p1a: Cloyster|Toxic|p2a: Seadra
|-status|p2a: Seadra|tox
|
|turn|14
|
|switch|p1a: Jolteon|Jolteon, L79|265\/265
|move|p2a: Seadra|Explosion|p1a: Jolteon
|-damage|p1a: Jolteon|0 fnt
|faint|p1a: Jolteon
|faint|p2a: Seadra
|
|switch|p2a: Arcanine|Arcanine, L85|327\/327
|switch|p1a: Cloyster|Cloyster, L83|197\/253
|turn|15
|
|move|p2a: Arcanine|Fire Blast|p1a: Cloyster
|-damage|p1a: Cloyster|70\/253
|move|p1a: Cloyster|Toxic|p2a: Arcanine|[miss]
|-miss|p1a: Cloyster
|
|turn|16
|
|switch|p1a: Charmeleon|Charmeleon, L85|272\/272
|move|p2a: Arcanine|Fire Blast|p1a: Charmeleon
|-crit|p1a: Charmeleon
|-resisted|p1a: Charmeleon
|-damage|p1a: Charmeleon|138\/272
|
|turn|17
|
|move|p2a: Arcanine|Hyper Beam|p1a: Charmeleon|[miss]
|-miss|p2a: Arcanine
|move|p1a: Charmeleon|Body Slam|p2a: Arcanine
|-crit|p2a: Arcanine
|-damage|p2a: Arcanine|230\/327
|
|turn|18
|
|move|p2a: Arcanine|Hyper Beam|p1a: Charmeleon
|-damage|p1a: Charmeleon|0 fnt
|faint|p1a: Charmeleon
|
|switch|p1a: Lickitung|Lickitung, L90|345\/345
|turn|19
|
|move|p2a: Arcanine|Fire Blast|p1a: Lickitung
|-damage|p1a: Lickitung|206\/345
|-status|p1a: Lickitung|brn
|move|p1a: Lickitung|Earthquake|p2a: Arcanine
|-supereffective|p2a: Arcanine
|-damage|p2a: Arcanine|165\/327
|-damage|p1a: Lickitung|185\/345 brn|[from] brn|[of] p2a: Arcanine
|
|turn|20
|
|move|p2a: Arcanine|Fire Blast|p1a: Lickitung
|-damage|p1a: Lickitung|56\/345 brn
|move|p1a: Lickitung|Body Slam|p2a: Arcanine
|-damage|p2a: Arcanine|123\/327
|-damage|p1a: Lickitung|35\/345 brn|[from] brn|[of] p2a: Arcanine
|
|turn|21
|
|move|p2a: Arcanine|Body Slam|p1a: Lickitung
|-crit|p1a: Lickitung
|-damage|p1a: Lickitung|0 fnt
|faint|p1a: Lickitung
|
|switch|p1a: Kadabra|Kadabra, L85|126\/242
|turn|22
|
|move|p1a: Kadabra|Psychic|p2a: Arcanine
|-damage|p2a: Arcanine|13\/327
|move|p2a: Arcanine|Hyper Beam|p1a: Kadabra
|-crit|p1a: Kadabra
|-damage|p1a: Kadabra|0 fnt
|faint|p1a: Kadabra
|-message|MALESANI forfeited.
|
|win|DaZettaiRyouiki
|raw|Ladder updating...
|leave|MALESANI
|player|p1
|raw|MALESANI's rating: 1374 &rarr; <strong>1341<\/strong><br \/>(-33 for losing)
|raw|DaZettaiRyouiki's rating: 1094 &rarr; <strong>1137<\/strong><br \/>(+43 for winning)