|j|Isshun
|j|CoconutCake
|player|p1|Isshun|102
|player|p2|CoconutCake|66
|gametype|singles
|gen|1
|tier|[Gen 1] OU
|rated
|seed|51292,31812,13399,27026
|rule|Sleep Clause Mod: Limit one foe put to sleep
|rule|Freeze Clause Mod: Limit one foe frozen
|rule|Species Clause: Limit one of each Pokémon
|rule|OHKO Clause: OHKO moves are banned
|rule|Evasion Moves Clause: Evasion moves are banned
|rule|HP Percentage Mod: HP is shown in percentages
|
|start
|switch|p1a: Alakazam|Alakazam|313\/313
|switch|p2a: Gengar|Gengar|323\/323
|turn|1
|choice|switch 4|switch 2
|
|switch|p1a: Venusaur|Venusaur|363\/363
|switch|p2a: Chansey|Chansey|703\/703
|
|turn|2
|choice|move 1|switch 2
|
|switch|p2a: Gengar|Gengar|323\/323
|move|p1a: Venusaur|Leech Seed|p2a: Gengar
|-start|p2a: Gengar|move: Leech Seed
|
|turn|3
|choice|move 3|move 2
|
|move|p2a: Gengar|Hypnosis|p1a: Venusaur
|-status|p1a: Venusaur|slp
|-damage|p2a: Gengar|303\/323|[from] Leech Seed|[of] p1a: Venusaur
|cant|p1a: Venusaur|slp
|
|turn|4
|choice|switch 4|switch 2
|
|switch|p2a: Chansey|Chansey|703\/703
|switch|p1a: Alakazam|Alakazam|313\/313
|
|turn|5
|choice|move 2|move 2
|
|move|p1a: Alakazam|Disable|p2a: Chansey|[miss]
|-miss|p1a: Alakazam
|move|p2a: Chansey|Thunder Wave|p1a: Alakazam
|-status|p1a: Alakazam|par
|
|turn|6
|choice|move 3|switch 5
|
|switch|p2a: Snorlax|Snorlax|523\/523
|cant|p1a: Alakazam|par
|
|turn|7
|choice|switch 5|move 1
|
|switch|p1a: Rhydon|Rhydon|413\/413
|move|p2a: Snorlax|Body Slam|p1a: Rhydon
|-crit|p1a: Rhydon
|-resisted|p1a: Rhydon
|-damage|p1a: Rhydon|319\/413
|
|turn|8
|choice|move 3|move 2
|
|move|p1a: Rhydon|Earthquake|p2a: Snorlax
|-damage|p2a: Snorlax|339\/523
|move|p2a: Snorlax|Surf|p1a: Rhydon
|-supereffective|p1a: Rhydon
|-damage|p1a: Rhydon|0 fnt
|faint|p1a: Rhydon
|choice|switch 2|
|
|switch|p1a: Persian|Persian|333\/333
|turn|9
|choice|move 1|move 1
|
|move|p1a: Persian|Slash|p2a: Snorlax
|-crit|p2a: Snorlax
|-damage|p2a: Snorlax|161\/523
|move|p2a: Snorlax|Body Slam|p1a: Persian
|-damage|p1a: Persian|184\/333
|
|turn|10
|choice|switch 6|switch 2
|
|switch|p1a: Weezing|Weezing|333\/333
|switch|p2a: Gengar|Gengar|303\/323
|
|turn|11
|choice|move 3|move 3
|
|move|p2a: Gengar|Psychic|p1a: Weezing
|-supereffective|p1a: Weezing
|-damage|p1a: Weezing|145\/333
|-unboost|p1a: Weezing|spd|1
|-unboost|p1a: Weezing|spa|1
|move|p1a: Weezing|Thunderbolt|p2a: Gengar
|-damage|p2a: Gengar|264\/323
|
|turn|12
|choice|move 4|switch 2
|
|switch|p2a: Snorlax|Snorlax|161\/523
|move|p1a: Weezing|Haze|p1a: Weezing
|-clearallboost
|
|turn|13
|choice|move 1|switch 2
|
|switch|p2a: Gengar|Gengar|264\/323
|move|p1a: Weezing|Self-Destruct|p2a: Gengar
|-immune|p2a: Gengar|[msg]
|faint|p1a: Weezing
|choice|switch 5|
|
|switch|p1a: Alakazam|Alakazam|313\/313 par
|turn|14
|choice|move 1|switch 2
|
|switch|p2a: Snorlax|Snorlax|161\/523
|move|p1a: Alakazam|Psychic|p2a: Snorlax
|-damage|p2a: Snorlax|0 fnt
|faint|p2a: Snorlax
|choice||switch 6
|
|switch|p2a: Tauros|Tauros|353\/353
|turn|15
|choice|switch 4|move 1
|
|switch|p1a: Venusaur|Venusaur|363\/363 slp
|move|p2a: Tauros|Body Slam|p1a: Venusaur
|-damage|p1a: Venusaur|252\/363 slp
|
|turn|16
|choice|move 1|move 4
|
|move|p2a: Tauros|Blizzard|p1a: Venusaur
|-supereffective|p1a: Venusaur
|-damage|p1a: Venusaur|109\/363 slp
|cant|p1a: Venusaur|slp
|
|turn|17
|choice|move 1|move 4
|
|move|p2a: Tauros|Blizzard|p1a: Venusaur
|-supereffective|p1a: Venusaur
|-damage|p1a: Venusaur|0 fnt
|faint|p1a: Venusaur
|choice|switch 6|
|
|switch|p1a: Persian|Persian|184\/333
|turn|18
|c|★CoconutCake|i'll never understand why people keep using venu
|c|★CoconutCake|vitcribell is so much better
|choice|move 4|switch 2
|
|switch|p2a: Gengar|Gengar|264\/323
|move|p1a: Persian|Hyper Beam|p2a: Gengar
|-immune|p2a: Gengar|[msg]
|
|turn|19
|choice|switch 4|move 3
|
|switch|p1a: Alakazam|Alakazam|313\/313 par
|move|p2a: Gengar|Psychic|p1a: Alakazam
|-resisted|p1a: Alakazam
|-damage|p1a: Alakazam|280\/313 par
|
|turn|20
|choice|move 3|switch 2
|
|switch|p2a: Tauros|Tauros|353\/353
|move|p1a: Alakazam|Thunder Wave|p2a: Tauros
|-status|p2a: Tauros|par
|
|turn|21
|choice|move 2|move 1
|
|cant|p1a: Alakazam|par
|move|p2a: Tauros|Body Slam|p1a: Alakazam
|-damage|p1a: Alakazam|129\/313 par
|
|turn|22
|choice|move 4|move 1
|
|move|p1a: Alakazam|Recover|p1a: Alakazam
|-heal|p1a: Alakazam|285\/313 par
|move|p2a: Tauros|Body Slam|p1a: Alakazam
|-crit|p1a: Alakazam
|-damage|p1a: Alakazam|0 fnt
|faint|p1a: Alakazam
|choice|switch 4|
|
|switch|p1a: Persian|Persian|184\/333
|turn|23
|choice|move 1|switch 2
|
|switch|p2a: Gengar|Gengar|264\/323
|move|p1a: Persian|Slash|p2a: Gengar
|-immune|p2a: Gengar|[msg]
|
|turn|24
|-message|Isshun forfeited.
|
|win|CoconutCake
|l|Isshun
|player|p1
|raw|Isshun's rating: 1000 &rarr; <strong>1000<\/strong><br \/>(+0 for losing)
|raw|CoconutCake's rating: 1204 &rarr; <strong>1216<\/strong><br \/>(+12 for winning)