|j|Clersea
|j|B1ackJack94
|player|p1|Clersea|291
|player|p2|B1ackJack94|204
|gametype|singles
|gen|1
|tier|[Gen 1] Random Battle
|rated
|seed|63827,57663,62990,37266
|rule|Sleep Clause Mod: Limit one foe put to sleep
|rule|Freeze Clause Mod: Limit one foe frozen
|rule|HP Percentage Mod: HP is shown in percentages
|
|start
|switch|p1a: Victreebel|Victreebel, L85|310\/310
|switch|p2a: Shellder|Shellder, L96|252\/252
|turn|1
|choice|move 1|move 1
|
|move|p1a: Victreebel|Razor Leaf|p2a: Shellder
|-crit|p2a: Shellder
|-supereffective|p2a: Shellder
|-damage|p2a: Shellder|0 fnt
|faint|p2a: Shellder
|choice||switch 6
|
|switch|p2a: Jynx|Jynx, L79|265\/265
|turn|2
|choice|switch 6|move 2
|
|switch|p1a: Lapras|Lapras, L79|367\/367
|move|p2a: Jynx|Blizzard|p1a: Lapras
|-resisted|p1a: Lapras
|-damage|p1a: Lapras|341\/367
|
|turn|3
|choice|move 4|move 1
|
|move|p2a: Jynx|Lovely Kiss|p1a: Lapras
|-status|p1a: Lapras|slp
|cant|p1a: Lapras|slp
|
|turn|4
|choice|move 4|move 3
|
|move|p2a: Jynx|Psychic|p1a: Lapras
|-damage|p1a: Lapras|264\/367 slp
|-unboost|p1a: Lapras|spd|1
|-unboost|p1a: Lapras|spa|1
|cant|p1a: Lapras|slp
|
|turn|5
|choice|switch 5|move 3
|
|switch|p1a: Electrode|Electrode, L90|291\/291
|move|p2a: Jynx|Psychic|p1a: Electrode
|-damage|p1a: Electrode|202\/291
|
|turn|6
|choice|move 2|switch 4
|
|switch|p2a: Vileplume|Vileplume, L90|318\/318
|move|p1a: Electrode|Thunderbolt|p2a: Vileplume
|-resisted|p2a: Vileplume
|-damage|p2a: Vileplume|272\/318
|
|turn|7
|choice|switch 6|move 1
|
|switch|p1a: Victreebel|Victreebel, L85|310\/310
|move|p2a: Vileplume|Body Slam|p1a: Victreebel
|-damage|p1a: Victreebel|234\/310
|
|turn|8
|choice|move 2|move 1
|
|move|p1a: Victreebel|Body Slam|p2a: Vileplume
|-crit|p2a: Vileplume
|-damage|p2a: Vileplume|155\/318
|move|p2a: Vileplume|Body Slam|p1a: Victreebel
|-damage|p1a: Victreebel|156\/310
|
|turn|9
|choice|move 3|move 1
|
|move|p1a: Victreebel|Hyper Beam|p2a: Vileplume
|-damage|p2a: Vileplume|49\/318
|move|p2a: Vileplume|Body Slam|p1a: Victreebel
|-damage|p1a: Victreebel|89\/310
|
|turn|10
|-mustrecharge|p1a: Victreebel
|-mustrecharge|p1a: Victreebel
|choice|move 1|move 1
|
|cant|p1a: Victreebel|recharge
|move|p2a: Vileplume|Body Slam|p1a: Victreebel
|-crit|p1a: Victreebel
|-damage|p1a: Victreebel|0 fnt
|faint|p1a: Victreebel
|choice|switch 2|
|
|switch|p1a: Dugtrio|Dugtrio, L85|233\/233
|turn|11
|choice|move 4|move 1
|
|move|p1a: Dugtrio|Slash|p2a: Vileplume
|-crit|p2a: Vileplume
|-damage|p2a: Vileplume|0 fnt
|faint|p2a: Vileplume
|choice||switch 3
|
|switch|p2a: Butterfree|Butterfree, L90|291\/291
|turn|12
|choice|switch 6|move 3
|
|switch|p1a: Electrode|Electrode, L90|202\/291
|move|p2a: Butterfree|Stun Spore|p1a: Electrode|[miss]
|-miss|p2a: Butterfree
|
|turn|13
|choice|move 2|move 3
|
|move|p1a: Electrode|Thunderbolt|p2a: Butterfree
|-supereffective|p2a: Butterfree
|-damage|p2a: Butterfree|86\/291
|move|p2a: Butterfree|Stun Spore|p1a: Electrode
|-status|p1a: Electrode|par
|
|turn|14
|choice|move 2|move 2
|
|move|p2a: Butterfree|Psychic|p1a: Electrode
|-damage|p1a: Electrode|139\/291 par
|-unboost|p1a: Electrode|spd|1
|-unboost|p1a: Electrode|spa|1
|move|p1a: Electrode|Thunderbolt|p2a: Butterfree
|-crit|p2a: Butterfree
|-supereffective|p2a: Butterfree
|-damage|p2a: Butterfree|0 fnt
|faint|p2a: Butterfree
|choice||switch 4
|
|switch|p2a: Jynx|Jynx, L79|265\/265
|turn|15
|choice|move 1|move 3
|
|move|p2a: Jynx|Psychic|p1a: Electrode
|-crit|p1a: Electrode
|-damage|p1a: Electrode|0 fnt
|faint|p1a: Electrode
|choice|switch 4|
|
|switch|p1a: Jolteon|Jolteon, L79|265\/265
|turn|16
|choice|move 2|move 4
|
|move|p1a: Jolteon|Pin Missile|p2a: Jynx|[miss]
|-miss|p1a: Jolteon
|move|p2a: Jynx|Mimic|p1a: Jolteon
|-start|p2a: Jynx|Mimic|Body Slam
|
|turn|17
|choice|move 1|move 4
|
|move|p1a: Jolteon|Thunderbolt|p2a: Jynx
|-damage|p2a: Jynx|168\/265
|move|p2a: Jynx|Body Slam|p1a: Jolteon
|-damage|p1a: Jolteon|215\/265
|-status|p1a: Jolteon|par
|
|turn|18
|choice|move 3|move 2
|
|move|p2a: Jynx|Blizzard|p1a: Jolteon
|-damage|p1a: Jolteon|120\/265 par
|move|p1a: Jolteon|Body Slam|p2a: Jynx
|-damage|p2a: Jynx|90\/265
|
|turn|19
|choice|move 1|switch 5
|
|switch|p2a: Rapidash|Rapidash, L90|300\/300
|move|p1a: Jolteon|Thunderbolt|p2a: Rapidash
|-damage|p2a: Rapidash|206\/300
|
|turn|20
|choice|switch 3|move 4
|
|switch|p1a: Wartortle|Wartortle, L85|274\/274
|move|p2a: Rapidash|Hyper Beam|p1a: Wartortle
|-damage|p1a: Wartortle|137\/274
|
|turn|21
|-mustrecharge|p2a: Rapidash
|-mustrecharge|p2a: Rapidash
|choice|move 3|move 1
|
|cant|p2a: Rapidash|recharge
|move|p1a: Wartortle|Surf|p2a: Rapidash
|-supereffective|p2a: Rapidash
|-damage|p2a: Rapidash|37\/300
|
|turn|22
|choice|move 3|move 4
|
|move|p2a: Rapidash|Hyper Beam|p1a: Wartortle
|-damage|p1a: Wartortle|4\/274
|move|p1a: Wartortle|Surf|p2a: Rapidash
|-supereffective|p2a: Rapidash
|-damage|p2a: Rapidash|0 fnt
|faint|p2a: Rapidash
|choice||switch 5
|
|switch|p2a: Jynx|Jynx, L79|90\/265
|turn|23
|choice|move 3|move 3
|
|move|p2a: Jynx|Psychic|p1a: Wartortle
|-damage|p1a: Wartortle|0 fnt
|faint|p1a: Wartortle
|choice|switch 6|
|
|switch|p1a: Dugtrio|Dugtrio, L85|233\/233
|turn|24
|choice|move 1|move 2
|
|move|p1a: Dugtrio|Earthquake|p2a: Jynx
|-crit|p2a: Jynx
|-damage|p2a: Jynx|0 fnt
|faint|p2a: Jynx
|choice||switch 2
|
|switch|p2a: Arbok|Arbok, L90|291\/291
|turn|25
|choice|move 1|move 4
|
|move|p1a: Dugtrio|Earthquake|p2a: Arbok
|-supereffective|p2a: Arbok
|-damage|p2a: Arbok|86\/291
|move|p2a: Arbok|Body Slam|p1a: Dugtrio
|-crit|p1a: Dugtrio
|-damage|p1a: Dugtrio|59\/233
|-status|p1a: Dugtrio|par
|
|turn|26
|choice|switch 5|move 4
|
|switch|p1a: Lapras|Lapras, L79|264\/367 slp
|move|p2a: Arbok|Body Slam|p1a: Lapras
|-crit|p1a: Lapras
|-damage|p1a: Lapras|123\/367 slp
|
|turn|27
|choice|move 4|move 2
|
|move|p2a: Arbok|Hyper Beam|p1a: Lapras
|-damage|p1a: Lapras|0 fnt
|faint|p1a: Lapras
|choice|switch 5|
|
|switch|p1a: Dugtrio|Dugtrio, L85|59\/233 par
|turn|28
|choice|move 1|move 2
|
|move|p2a: Arbok|Hyper Beam|p1a: Dugtrio
|-damage|p1a: Dugtrio|0 fnt
|faint|p1a: Dugtrio
|choice|switch 3|
|
|switch|p1a: Jolteon|Jolteon, L79|120\/265 par
|turn|29
|choice|move 1|move 2
|
|move|p2a: Arbok|Hyper Beam|p1a: Jolteon
|-damage|p1a: Jolteon|0 fnt
|faint|p1a: Jolteon
|
|win|B1ackJack94
|player|p1
|player|p2
|raw|Clersea's rating: 1330 &rarr; <strong>1308<\/strong><br \/>(-22 for losing)
|raw|B1ackJack94's rating: 1300 &rarr; <strong>1327<\/strong><br \/>(+27 for winning)
|c|★B1ackJack94|gg
|l|Clersea