|j|ping plong
|j|Zenadark
|player|p1|ping plong|182
|player|p2|Zenadark|#yellow
|gametype|singles
|gen|1
|tier|[Gen 1] OU
|seed|56285,9151,53903,40263
|rule|Sleep Clause Mod: Limit one foe put to sleep
|rule|Freeze Clause Mod: Limit one foe frozen
|rule|Species Clause: Limit one of each Pokémon
|rule|OHKO Clause: OHKO moves are banned
|rule|Evasion Moves Clause: Evasion moves are banned
|rule|HP Percentage Mod: HP is shown in percentages
|
|start
|switch|p1a: Jynx|Jynx|333\/333
|switch|p2a: Starmie|Starmie|323\/323
|turn|1
|c|★ping plong|hf
|c|★Zenadark|hf
|j|Madax Only
|j|skelderex
|j|giara
|choice|switch 3|move 1
|
|switch|p1a: Snorlax|Snorlax|523\/523
|move|p2a: Starmie|Thunder Wave|p1a: Snorlax
|-status|p1a: Snorlax|par
|
|turn|2
|j|Lucha Lucha
|j|simiabraz2013
|j|Vhayle
|choice|move 1|move 2
|
|move|p2a: Starmie|Thunderbolt|p1a: Snorlax
|-damage|p1a: Snorlax|426\/523 par
|move|p1a: Snorlax|Body Slam|p2a: Starmie
|-damage|p2a: Starmie|213\/323
|-status|p2a: Starmie|par
|
|turn|3
|j|Tirander
|j|Mentagrill
|j|Vinc2612
|j|DaPunkyToy
|choice|move 1|move 2
|
|cant|p2a: Starmie|par
|move|p1a: Snorlax|Body Slam|p2a: Starmie
|-damage|p2a: Starmie|92\/323 par
|
|turn|4
|l|Vhayle
|l|Mentagrill
|choice|move 1|move 4
|
|move|p2a: Starmie|Recover|p2a: Starmie
|-heal|p2a: Starmie|253\/323 par
|move|p1a: Snorlax|Body Slam|p2a: Starmie
|-damage|p2a: Starmie|128\/323 par
|
|turn|5
|j|raspberry
|choice|move 1|move 4
|
|move|p2a: Starmie|Recover|p2a: Starmie
|-heal|p2a: Starmie|289\/323 par
|move|p1a: Snorlax|Body Slam|p2a: Starmie
|-damage|p2a: Starmie|170\/323 par
|
|turn|6
|choice|move 1|move 4
|
|move|p2a: Starmie|Recover|p2a: Starmie
|-heal|p2a: Starmie|323\/323 par
|cant|p1a: Snorlax|par
|
|turn|7
|choice|move 1|move 3
|
|move|p2a: Starmie|Blizzard|p1a: Snorlax
|-damage|p1a: Snorlax|301\/523 par
|move|p1a: Snorlax|Body Slam|p2a: Starmie
|-damage|p2a: Starmie|211\/323 par
|
|turn|8
|choice|move 1|move 3
|
|move|p2a: Starmie|Blizzard|p1a: Snorlax
|-crit|p1a: Snorlax
|-damage|p1a: Snorlax|69\/523 par
|move|p1a: Snorlax|Body Slam|p2a: Starmie
|-damage|p2a: Starmie|102\/323 par
|
|turn|9
|choice|move 4|move 4
|
|move|p2a: Starmie|Recover|p2a: Starmie
|-heal|p2a: Starmie|263\/323 par
|move|p1a: Snorlax|Self-Destruct|p2a: Starmie
|-damage|p2a: Starmie|0 fnt
|faint|p2a: Starmie
|faint|p1a: Snorlax
|choice|switch 4|switch 3
|
|switch|p2a: Tauros|Tauros|353\/353
|switch|p1a: Exeggutor|Exeggutor|393\/393
|turn|10
|choice|move 4|move 4
|
|move|p2a: Tauros|Blizzard|p1a: Exeggutor
|-supereffective|p1a: Exeggutor
|-damage|p1a: Exeggutor|271\/393
|-status|p1a: Exeggutor|frz
|cant|p1a: Exeggutor|frz
|
|turn|11
|j|jin kazana
|c| giara|propre
|j|Unamed
|c| giara|mais sale
|choice|switch 2|move 1
|
|switch|p1a: Tauros|Tauros|353\/353
|move|p2a: Tauros|Body Slam|p1a: Tauros
|-damage|p1a: Tauros|254\/353
|
|turn|12
|l|Unamed
|c|★Zenadark|j ai pas eu de body slam para
|c|★Zenadark|au match précedent
|c| giara|tu peux pas para les normal
|choice|move 1|move 1
|
|move|p1a: Tauros|Body Slam|p2a: Tauros
|-damage|p2a: Tauros|245\/353
|move|p2a: Tauros|Body Slam|p1a: Tauros
|-crit|p1a: Tauros
|-damage|p1a: Tauros|69\/353
|
|turn|13
|c| giara|avec slam
|choice|move 4|move 1
|
|move|p2a: Tauros|Body Slam|p1a: Tauros
|-damage|p1a: Tauros|0 fnt
|faint|p1a: Tauros
|choice|switch 5|
|
|switch|p1a: Chansey|Chansey|703\/703
|turn|14
|c| giara|genre là entre les tie win \/ crit \/ freeze
|c| giara|tu te poses
|choice|move 4|move 1
|
|move|p2a: Tauros|Body Slam|p1a: Chansey
|-damage|p1a: Chansey|443\/703
|move|p1a: Chansey|Counter|p2a: Tauros
|-damage|p2a: Tauros|0 fnt
|faint|p2a: Tauros
|choice||switch 5
|
|switch|p2a: Exeggutor|Exeggutor|393\/393
|turn|15
|c| giara|genre là t'avais 0% de para chansey
|c| giara|parce qu'il est normal
|c|★Zenadark|k
|choice|move 1|move 1
|
|move|p2a: Exeggutor|Sleep Powder|p1a: Chansey|[miss]
|-miss|p2a: Exeggutor
|move|p1a: Chansey|Ice Beam|p2a: Exeggutor
|-supereffective|p2a: Exeggutor
|-damage|p2a: Exeggutor|270\/393
|
|turn|16
|c|%Vinc2612|haxed hard y\/y
|choice|switch 2|move 1
|
|switch|p1a: Exeggutor|Exeggutor|271\/393 frz
|move|p2a: Exeggutor|Sleep Powder|p1a: Exeggutor|[miss]
|-miss|p2a: Exeggutor
|
|turn|17
|c| giara|oui
|c| Tirander|y
|choice|switch 3|switch 6
|
|switch|p1a: Jynx|Jynx|333\/333
|switch|p2a: Chansey|Chansey|703\/703
|
|turn|18
|c|★ping plong|its rby man
|c|★ping plong|i cant control it
|choice|move 2|move 1
|
|move|p1a: Jynx|Lovely Kiss|p2a: Chansey|[miss]
|-miss|p1a: Jynx
|move|p2a: Chansey|Thunder Wave|p1a: Jynx
|-status|p1a: Jynx|par
|
|turn|19
|choice|move 2|move 3
|
|move|p2a: Chansey|Seismic Toss|p1a: Jynx
|-damage|p1a: Jynx|233\/333 par
|move|p1a: Jynx|Lovely Kiss|p2a: Chansey
|-status|p2a: Chansey|slp
|
|turn|20
|c|%Vinc2612|nah don't worry we're just making fun of him
|c| Madax Only|you can't control pokemon
|choice|move 4|move 3
|
|-curestatus|p2a: Chansey|slp
|move|p1a: Jynx|Blizzard|p2a: Chansey
|-damage|p2a: Chansey|574\/703
|
|turn|21
|choice|move 4|move 3
|
|move|p2a: Chansey|Seismic Toss|p1a: Jynx
|-damage|p1a: Jynx|133\/333 par
|cant|p1a: Jynx|par
|
|turn|22
|choice|move 3|move 3
|
|move|p2a: Chansey|Seismic Toss|p1a: Jynx
|-damage|p1a: Jynx|33\/333 par
|cant|p1a: Jynx|par
|
|turn|23
|choice|move 3|move 2
|
|move|p2a: Chansey|Ice Beam|p1a: Jynx
|-resisted|p1a: Jynx
|-damage|p1a: Jynx|0 fnt
|faint|p1a: Jynx
|choice|switch 2|
|
|switch|p1a: Chansey|Chansey|443\/703
|turn|24
|choice|move 2|move 1
|
|move|p2a: Chansey|Thunder Wave|p1a: Chansey
|-status|p1a: Chansey|par
|cant|p1a: Chansey|par
|
|turn|25
|choice|move 2|switch 6
|
|switch|p2a: Exeggutor|Exeggutor|270\/393
|move|p1a: Chansey|Soft-Boiled|p1a: Chansey
|-heal|p1a: Chansey|703\/703 par
|
|turn|26
|c| Madax Only|il est presque plus joyeux que quand y'a un shifumi la
|choice|move 1|move 1
|
|move|p2a: Exeggutor|Sleep Powder|p1a: Chansey
|-fail|p1a: Chansey
|move|p1a: Chansey|Ice Beam|p2a: Exeggutor
|-supereffective|p2a: Exeggutor
|-damage|p2a: Exeggutor|142\/393
|
|turn|27
|choice|switch 3|move 3
|
|switch|p1a: Exeggutor|Exeggutor|271\/393 frz
|move|p2a: Exeggutor|Explosion|p1a: Exeggutor
|-damage|p1a: Exeggutor|5\/393 frz
|faint|p2a: Exeggutor
|choice||switch 6
|
|switch|p2a: Chansey|Chansey|574\/703
|turn|28
|choice|switch 3|move 3
|
|switch|p1a: Chansey|Chansey|703\/703 par
|move|p2a: Chansey|Seismic Toss|p1a: Chansey
|-damage|p1a: Chansey|603\/703 par
|
|turn|29
|choice|move 1|move 2
|
|move|p2a: Chansey|Ice Beam|p1a: Chansey
|-damage|p1a: Chansey|534\/703 par
|move|p1a: Chansey|Ice Beam|p2a: Chansey
|-damage|p2a: Chansey|496\/703
|
|turn|30
|choice|move 1|move 2
|
|move|p2a: Chansey|Ice Beam|p1a: Chansey
|-damage|p1a: Chansey|460\/703 par
|cant|p1a: Chansey|par
|
|turn|31
|c| Madax Only|1st frz
|choice|move 1|switch 4
|
|switch|p2a: Rhydon|Rhydon|413\/413
|move|p1a: Chansey|Ice Beam|p2a: Rhydon
|-supereffective|p2a: Rhydon
|-damage|p2a: Rhydon|165\/413
|
|turn|32
|choice|move 2|move 2
|
|move|p2a: Rhydon|Earthquake|p1a: Chansey
|-damage|p1a: Chansey|101\/703 par
|move|p1a: Chansey|Soft-Boiled|p1a: Chansey
|-heal|p1a: Chansey|452\/703 par
|
|turn|33
|choice|move 1|move 2
|
|move|p2a: Rhydon|Earthquake|p1a: Chansey
|-damage|p1a: Chansey|37\/703 par
|cant|p1a: Chansey|par
|
|turn|34
|c| Madax Only|para haxx
|c| Madax Only|niw
|c| Madax Only|now
|c| Madax Only|YES
|choice|move 1|move 4
|
|move|p2a: Rhydon|Body Slam|p1a: Chansey
|-damage|p1a: Chansey|0 fnt
|faint|p1a: Chansey
|choice|switch 6|
|
|switch|p1a: Zapdos|Zapdos|383\/383
|turn|35
|c|★ping plong|gg
|c|★Zenadark|gg
|choice|move 2|move 3
|
|move|p1a: Zapdos|Drill Peck|p2a: Rhydon
|-crit|p2a: Rhydon
|-resisted|p2a: Rhydon
|-damage|p2a: Rhydon|91\/413
|move|p2a: Rhydon|Rock Slide|p1a: Zapdos
|-supereffective|p1a: Zapdos
|-damage|p1a: Zapdos|154\/383
|
|turn|36
|choice|move 2|move 3
|
|move|p1a: Zapdos|Drill Peck|p2a: Rhydon
|-resisted|p2a: Rhydon
|-damage|p2a: Rhydon|51\/413
|move|p2a: Rhydon|Rock Slide|p1a: Zapdos
|-supereffective|p1a: Zapdos
|-damage|p1a: Zapdos|0 fnt
|faint|p1a: Zapdos
|choice|switch 3|
|
|switch|p1a: Exeggutor|Exeggutor|5\/393 frz
|turn|37
|-message|ping plong forfeited.
|
|win|Zenadark
|l|Vinc2612
|l|Madax Only
|l|ping plong
|player|p1
|l|Tirander
|l|jin kazana
|j|BBK
|l|giara
|l|BBK