|j|op567
|j|Groudon80
|player|p1|op567|102
|player|p2|Groudon80|265
|gametype|singles
|gen|1
|tier|[Gen 1] OU
|rated
|seed|20800,30294,29518,18
|rule|Sleep Clause Mod: Limit one foe put to sleep
|rule|Freeze Clause Mod: Limit one foe frozen
|rule|Species Clause: Limit one of each Pokémon
|rule|OHKO Clause: OHKO moves are banned
|rule|Evasion Moves Clause: Evasion moves are banned
|rule|HP Percentage Mod: HP is shown in percentages
|
|start
|switch|p1a: Slowbro|Slowbro|393\/393
|switch|p2a: Jynx|Jynx|333\/333
|turn|1
|choice|move 2|move 3
|
|move|p2a: Jynx|Lovely Kiss|p1a: Slowbro
|-status|p1a: Slowbro|slp
|cant|p1a: Slowbro|slp
|
|turn|2
|choice|move 2|switch 2
|
|switch|p2a: Chansey|Chansey|703\/703
|cant|p1a: Slowbro|slp
|
|turn|3
|choice|move 2|move 4
|
|move|p2a: Chansey|Thunderbolt|p1a: Slowbro
|-supereffective|p1a: Slowbro
|-damage|p1a: Slowbro|206\/393 slp
|cant|p1a: Slowbro|slp
|
|turn|4
|choice|move 3|move 3
|
|move|p2a: Chansey|Ice Beam|p1a: Slowbro
|-resisted|p1a: Slowbro
|-damage|p1a: Slowbro|160\/393 slp
|cant|p1a: Slowbro|slp
|
|turn|5
|choice|move 3|move 4
|
|move|p2a: Chansey|Thunderbolt|p1a: Slowbro
|-supereffective|p1a: Slowbro
|-damage|p1a: Slowbro|0 fnt
|faint|p1a: Slowbro
|choice|switch 2|
|
|switch|p1a: Snorlax|Snorlax|523\/523
|turn|6
|choice|move 1|switch 6
|
|switch|p2a: Machamp|Machamp|383\/383
|move|p1a: Snorlax|Amnesia|p1a: Snorlax
|-boost|p1a: Snorlax|spd|2
|-boost|p1a: Snorlax|spa|2
|
|turn|7
|choice|move 1|move 2
|
|move|p2a: Machamp|Submission|p1a: Snorlax
|-supereffective|p1a: Snorlax
|-damage|p1a: Snorlax|242\/523
|-damage|p2a: Machamp|313\/383|[from] recoil|[of] p1a: Snorlax
|move|p1a: Snorlax|Amnesia|p1a: Snorlax
|-boost|p1a: Snorlax|spd|2
|-boost|p1a: Snorlax|spa|2
|
|turn|8
|choice|move 2|move 2
|
|move|p2a: Machamp|Submission|p1a: Snorlax|[miss]
|-miss|p2a: Machamp
|move|p1a: Snorlax|Blizzard|p2a: Machamp
|-damage|p2a: Machamp|46\/383
|
|turn|9
|choice|move 4|move 2
|
|move|p2a: Machamp|Submission|p1a: Snorlax
|-supereffective|p1a: Snorlax
|-damage|p1a: Snorlax|0 fnt
|-damage|p2a: Machamp|0 fnt|[from] recoil|[of] p1a: Snorlax
|faint|p1a: Snorlax
|faint|p2a: Machamp
|choice|switch 5|switch 2
|
|switch|p1a: Ghost|Gengar|323\/323
|switch|p2a: Jynx|Jynx|333\/333
|turn|10
|choice|move 4|move 3
|
|move|p1a: Ghost|Hypnosis|p2a: Jynx
|-status|p2a: Jynx|slp
|cant|p2a: Jynx|slp
|
|turn|11
|choice|move 3|move 3
|
|move|p1a: Ghost|Psychic|p2a: Jynx
|-crit|p2a: Jynx
|-resisted|p2a: Jynx
|-damage|p2a: Jynx|247\/333 slp
|-curestatus|p2a: Jynx|slp
|
|turn|12
|choice|move 1|move 3
|
|move|p1a: Ghost|Thunderbolt|p2a: Jynx
|-damage|p2a: Jynx|151\/333
|move|p2a: Jynx|Lovely Kiss|p1a: Ghost|[miss]
|-miss|p2a: Jynx
|
|turn|13
|choice|move 4|move 3
|
|move|p1a: Ghost|Hypnosis|p2a: Jynx|[miss]
|-miss|p1a: Ghost
|move|p2a: Jynx|Lovely Kiss|p1a: Ghost
|-status|p1a: Ghost|slp
|
|turn|14
|choice|move 1|move 1
|
|-curestatus|p1a: Ghost|slp
|move|p2a: Jynx|Psychic|p1a: Ghost
|-supereffective|p1a: Ghost
|-damage|p1a: Ghost|158\/323
|-unboost|p1a: Ghost|spd|1
|-unboost|p1a: Ghost|spa|1
|
|turn|15
|choice|move 2|move 1
|
|move|p1a: Ghost|Explosion|p2a: Jynx
|-damage|p2a: Jynx|0 fnt
|faint|p2a: Jynx
|faint|p1a: Ghost
|choice|switch 3|switch 6
|
|switch|p1a: Chansey|Chansey|703\/703
|switch|p2a: Chansey|Chansey|703\/703
|turn|16
|choice|move 2|move 2
|
|move|p1a: Chansey|Thunder Wave|p2a: Chansey
|-status|p2a: Chansey|par
|cant|p2a: Chansey|par
|
|turn|17
|choice|move 3|move 2
|
|move|p1a: Chansey|Thunderbolt|p2a: Chansey
|-damage|p2a: Chansey|625\/703 par
|move|p2a: Chansey|Sing|p1a: Chansey|[miss]
|-miss|p2a: Chansey
|
|turn|18
|choice|move 4|move 2
|
|move|p1a: Chansey|Ice Beam|p2a: Chansey
|-damage|p2a: Chansey|554\/703 par
|move|p2a: Chansey|Sing|p1a: Chansey
|-status|p1a: Chansey|slp
|
|turn|19
|choice|move 3|switch 5
|
|switch|p2a: Tauros|Tauros|353\/353
|-curestatus|p1a: Chansey|slp
|
|turn|20
|choice|move 2|switch 5
|
|switch|p2a: Chansey|Chansey|554\/703 par
|move|p1a: Chansey|Thunder Wave|p2a: Chansey
|-fail|p2a: Chansey|par
|
|turn|21
|choice|move 3|move 2
|
|move|p1a: Chansey|Thunderbolt|p2a: Chansey
|-damage|p2a: Chansey|479\/703 par
|move|p2a: Chansey|Sing|p1a: Chansey
|-status|p1a: Chansey|slp
|
|turn|22
|choice|move 3|switch 5
|
|switch|p2a: Tauros|Tauros|353\/353
|cant|p1a: Chansey|slp
|
|turn|23
|choice|move 2|move 2
|
|move|p2a: Tauros|Body Slam|p1a: Chansey
|-damage|p1a: Chansey|433\/703 slp
|cant|p1a: Chansey|slp
|
|turn|24
|choice|move 2|move 3
|
|move|p2a: Tauros|Hyper Beam|p1a: Chansey
|-damage|p1a: Chansey|0 fnt
|faint|p1a: Chansey
|choice|switch 4|
|
|switch|p1a: Tauros|Tauros|353\/353
|turn|25
|choice|move 1|switch 3
|
|switch|p2a: Cloyster|Cloyster|303\/303
|move|p1a: Tauros|Body Slam|p2a: Cloyster
|-damage|p2a: Cloyster|232\/303
|-status|p2a: Cloyster|par
|
|turn|26
|choice|move 4|move 3
|
|move|p1a: Tauros|Substitute|p1a: Tauros
|-start|p1a: Tauros|Substitute
|-damage|p1a: Tauros|265\/353
|cant|p2a: Cloyster|par
|
|turn|27
|choice|move 3|move 3
|
|move|p1a: Tauros|Blizzard|p2a: Cloyster
|-resisted|p2a: Cloyster
|-damage|p2a: Cloyster|212\/303 par
|cant|p2a: Cloyster|par
|
|turn|28
|choice|move 2|move 3
|
|move|p1a: Tauros|Earthquake|p2a: Cloyster
|-damage|p2a: Cloyster|159\/303 par
|move|p2a: Cloyster|Explosion|p1a: Tauros
|-end|p1a: Tauros|Substitute
|
|turn|29
|choice|move 4|move 3
|
|move|p1a: Tauros|Substitute|p1a: Tauros
|-start|p1a: Tauros|Substitute
|-damage|p1a: Tauros|177\/353
|move|p2a: Cloyster|Explosion|p1a: Tauros
|-end|p1a: Tauros|Substitute
|
|turn|30
|choice|move 4|move 3
|
|move|p1a: Tauros|Substitute|p1a: Tauros
|-start|p1a: Tauros|Substitute
|-damage|p1a: Tauros|89\/353
|move|p2a: Cloyster|Explosion|p1a: Tauros
|-crit|p1a: Tauros
|-end|p1a: Tauros|Substitute
|
|turn|31
|choice|move 1|move 3
|
|move|p1a: Tauros|Body Slam|p2a: Cloyster
|-damage|p2a: Cloyster|90\/303 par
|cant|p2a: Cloyster|par
|
|turn|32
|choice|move 4|move 3
|
|move|p1a: Tauros|Substitute|p1a: Tauros
|-start|p1a: Tauros|Substitute
|-damage|p1a: Tauros|1\/353
|move|p2a: Cloyster|Explosion|p1a: Tauros
|-end|p1a: Tauros|Substitute
|
|turn|33
|choice|move 1|move 2
|
|move|p1a: Tauros|Body Slam|p2a: Cloyster
|-damage|p2a: Cloyster|27\/303 par
|move|p2a: Cloyster|Blizzard|p1a: Tauros|[miss]
|-miss|p2a: Cloyster
|
|turn|34
|choice|move 1|move 3
|
|move|p1a: Tauros|Body Slam|p2a: Cloyster
|-damage|p2a: Cloyster|0 fnt
|faint|p2a: Cloyster
|choice||switch 3
|
|switch|p2a: Tauros|Tauros|353\/353
|turn|35
|choice|move 1|move 2
|
|move|p1a: Tauros|Body Slam|p2a: Tauros
|-damage|p2a: Tauros|247\/353
|move|p2a: Tauros|Body Slam|p1a: Tauros
|-damage|p1a: Tauros|0 fnt
|faint|p1a: Tauros
|choice|switch 6|
|
|switch|p1a: Starmie|Starmie|323\/323
|turn|36
|choice|move 4|switch 5
|
|switch|p2a: Chansey|Chansey|479\/703 par
|move|p1a: Starmie|Thunder Wave|p2a: Chansey
|-fail|p2a: Chansey|par
|
|turn|37
|choice|move 1|move 2
|
|move|p1a: Starmie|Thunderbolt|p2a: Chansey
|-damage|p2a: Chansey|405\/703 par
|move|p2a: Chansey|Sing|p1a: Starmie|[miss]
|-miss|p2a: Chansey
|
|turn|38
|choice|move 1|move 1
|
|move|p1a: Starmie|Thunderbolt|p2a: Chansey
|-damage|p2a: Chansey|336\/703 par
|cant|p2a: Chansey|par
|
|turn|39
|choice|move 1|move 1
|
|move|p1a: Starmie|Thunderbolt|p2a: Chansey
|-damage|p2a: Chansey|263\/703 par
|move|p2a: Chansey|Soft-Boiled|p2a: Chansey
|-heal|p2a: Chansey|614\/703 par
|
|turn|40
|choice|move 1|move 2
|
|move|p1a: Starmie|Thunderbolt|p2a: Chansey
|-damage|p2a: Chansey|537\/703 par
|move|p2a: Chansey|Sing|p1a: Starmie
|-status|p1a: Starmie|slp
|
|turn|41
|choice|move 4|move 4
|
|cant|p1a: Starmie|slp
|move|p2a: Chansey|Thunderbolt|p1a: Starmie
|-supereffective|p1a: Starmie
|-damage|p1a: Starmie|169\/323 slp
|
|turn|42
|choice|move 3|move 4
|
|cant|p1a: Starmie|slp
|move|p2a: Chansey|Thunderbolt|p1a: Starmie
|-supereffective|p1a: Starmie
|-damage|p1a: Starmie|19\/323 slp
|
|turn|43
|choice|move 3|move 4
|
|-curestatus|p1a: Starmie|slp
|cant|p2a: Chansey|par
|
|turn|44
|choice|move 3|switch 4
|
|switch|p2a: Nidoking|Nidoking|365\/365
|move|p1a: Starmie|Recover|p1a: Starmie
|-heal|p1a: Starmie|180\/323
|
|turn|45
|choice|move 4|move 2
|
|move|p1a: Starmie|Thunder Wave|p2a: Nidoking
|-immune|p2a: Nidoking|[msg]
|move|p2a: Nidoking|Thunderbolt|p1a: Starmie
|-supereffective|p1a: Starmie
|-damage|p1a: Starmie|53\/323
|
|turn|46
|choice|move 3|move 1
|
|move|p1a: Starmie|Recover|p1a: Starmie
|-heal|p1a: Starmie|214\/323
|move|p2a: Nidoking|Earthquake|p1a: Starmie
|-crit|p1a: Starmie
|-damage|p1a: Starmie|0 fnt
|faint|p1a: Starmie
|
|win|Groudon80
|player|p1
|player|p2
|l|Groudon80
||Ladder (probably) updated, but score could not be retrieved (Response not received).