|j|Peasounay
|j|xJoelituh
|player|p1|Peasounay|80
|player|p2|xJoelituh|134
|gametype|singles
|gen|1
|tier|[Gen 1] OU
|seed|53515,59006,47014,36029
|rule|Sleep Clause Mod: Limit one foe put to sleep
|rule|Freeze Clause Mod: Limit one foe frozen
|rule|Species Clause: Limit one of each Pokémon
|rule|OHKO Clause: OHKO moves are banned
|rule|Evasion Moves Clause: Evasion moves are banned
|rule|HP Percentage Mod: HP is shown in percentages
|
|start
|switch|p1a: Cuddle Me Plz|Jynx|333\/333
|switch|p2a: Exeggutor|Exeggutor|393\/393
|turn|1
|j|Khaytra
|c|★Peasounay|gl hf
|c|★xJoelituh|u2 bro
|choice|move 2|switch 3
|
|switch|p2a: Starmie|Starmie|323\/323
|move|p1a: Cuddle Me Plz|Blizzard|p2a: Starmie
|-resisted|p2a: Starmie
|-damage|p2a: Starmie|252\/323
|
|turn|2
|choice|move 1|move 4
|
|move|p2a: Starmie|Thunder Wave|p1a: Cuddle Me Plz
|-status|p1a: Cuddle Me Plz|par
|move|p1a: Cuddle Me Plz|Lovely Kiss|p2a: Starmie
|-status|p2a: Starmie|slp
|
|turn|3
|j|Mandelbrot
|choice|switch 3|switch 6
|
|switch|p2a: Alakazam|Alakazam|313\/313
|switch|p1a: Yo Momma|Snorlax|523\/523
|
|turn|4
|c|★Peasounay|what's everyone with the egg lead :(
|choice|move 1|move 1
|
|move|p2a: Alakazam|Psychic|p1a: Yo Momma
|-crit|p1a: Yo Momma
|-damage|p1a: Yo Momma|190\/523
|-unboost|p1a: Yo Momma|spd|1
|-unboost|p1a: Yo Momma|spa|1
|move|p1a: Yo Momma|Body Slam|p2a: Alakazam
|-damage|p2a: Alakazam|134\/313
|-status|p2a: Alakazam|par
|
|turn|5
|j|Turreus
|c|★xJoelituh|i usually don't use it
|c|★xJoelituh|but
|choice|move 1|switch 6
|
|switch|p2a: Starmie|Starmie|252\/323 slp
|move|p1a: Yo Momma|Body Slam|p2a: Starmie
|-damage|p2a: Starmie|129\/323 slp
|
|turn|6
|choice|move 1|switch 3
|
|switch|p2a: Exeggutor|Exeggutor|393\/393
|move|p1a: Yo Momma|Body Slam|p2a: Exeggutor
|-damage|p2a: Exeggutor|266\/393
|
|turn|7
|choice|switch 3|move 2
|
|switch|p1a: Cuddle Me Plz|Jynx|333\/333 par
|move|p2a: Exeggutor|Psychic|p1a: Cuddle Me Plz
|-resisted|p1a: Cuddle Me Plz
|-damage|p1a: Cuddle Me Plz|265\/333 par
|
|turn|8
|choice|switch 3|move 2
|
|switch|p1a: Yo Momma|Snorlax|190\/523
|move|p2a: Exeggutor|Psychic|p1a: Yo Momma
|-damage|p1a: Yo Momma|35\/523
|
|turn|9
|c|★Peasounay|ok u crazy
|choice|switch 3|move 2
|
|switch|p1a: Cuddle Me Plz|Jynx|265\/333 par
|move|p2a: Exeggutor|Psychic|p1a: Cuddle Me Plz
|-resisted|p1a: Cuddle Me Plz
|-damage|p1a: Cuddle Me Plz|201\/333 par
|-unboost|p1a: Cuddle Me Plz|spd|1
|-unboost|p1a: Cuddle Me Plz|spa|1
|
|turn|10
|c|★xJoelituh|ikr
|choice|move 2|switch 6
|
|switch|p2a: Alakazam|Alakazam|134\/313 par
|cant|p1a: Cuddle Me Plz|par
|
|turn|11
|choice|switch 3|move 4
|
|switch|p1a: Yo Momma|Snorlax|35\/523
|move|p2a: Alakazam|Recover|p2a: Alakazam
|-heal|p2a: Alakazam|290\/313 par
|
|turn|12
|choice|move 3|switch 3
|
|switch|p2a: Starmie|Starmie|129\/323 slp
|move|p1a: Yo Momma|Hyper Beam|p2a: Starmie
|-damage|p2a: Starmie|0 fnt
|faint|p2a: Starmie
|choice||switch 2
|
|switch|p2a: Tauros|Tauros|353\/353
|turn|13
|choice|switch 6|move 1
|
|switch|p1a: Shoooryuken!|Starmie|323\/323
|move|p2a: Tauros|Body Slam|p1a: Shoooryuken!
|-crit|p1a: Shoooryuken!
|-damage|p1a: Shoooryuken!|95\/323
|-status|p1a: Shoooryuken!|par
|
|turn|14
|choice|move 4|move 1
|
|move|p2a: Tauros|Body Slam|p1a: Shoooryuken!
|-damage|p1a: Shoooryuken!|0 fnt
|faint|p1a: Shoooryuken!
|choice|switch 5|
|
|switch|p1a: I Own RBY|Chansey|703\/703
|turn|15
|j|Mirabel_
|choice|move 4|switch 3
|
|switch|p2a: Alakazam|Alakazam|290\/313 par
|move|p1a: I Own RBY|Counter|p2a: Alakazam
|-damage|p2a: Alakazam|100\/313 par
|
|turn|16
|c|★xJoelituh|my god
|c|★xJoelituh|stupid counter mechs
|c| Khaytra|That's the first time I've seen that mechanic actually come through. Neat.
|choice|switch 6|move 1
|
|switch|p1a: Yo Momma|Snorlax|35\/523
|cant|p2a: Alakazam|par
|
|turn|17
|choice|move 1|move 1
|
|move|p1a: Yo Momma|Body Slam|p2a: Alakazam
|-damage|p2a: Alakazam|0 fnt
|faint|p2a: Alakazam
|choice||switch 6
|
|switch|p2a: Exeggutor|Exeggutor|266\/393
|turn|18
|choice|switch 3|move 2
|
|switch|p1a: Cuddle Me Plz|Jynx|201\/333 par
|move|p2a: Exeggutor|Psychic|p1a: Cuddle Me Plz
|-resisted|p1a: Cuddle Me Plz
|-damage|p1a: Cuddle Me Plz|132\/333 par
|
|turn|19
|choice|move 2|move 2
|
|move|p2a: Exeggutor|Psychic|p1a: Cuddle Me Plz
|-resisted|p1a: Cuddle Me Plz
|-damage|p1a: Cuddle Me Plz|72\/333 par
|move|p1a: Cuddle Me Plz|Blizzard|p2a: Exeggutor
|-supereffective|p2a: Exeggutor
|-damage|p2a: Exeggutor|16\/393
|
|turn|20
|c|★xJoelituh|izi
|choice|move 3|move 2
|
|move|p2a: Exeggutor|Psychic|p1a: Cuddle Me Plz
|-resisted|p1a: Cuddle Me Plz
|-damage|p1a: Cuddle Me Plz|12\/333 par
|move|p1a: Cuddle Me Plz|Psychic|p2a: Exeggutor
|-resisted|p2a: Exeggutor
|-damage|p2a: Exeggutor|0 fnt
|faint|p2a: Exeggutor
|choice||switch 3
|
|switch|p2a: Tauros|Tauros|353\/353
|turn|21
|choice|move 4|move 1
|
|move|p2a: Tauros|Body Slam|p1a: Cuddle Me Plz
|-damage|p1a: Cuddle Me Plz|0 fnt
|faint|p1a: Cuddle Me Plz
|choice|switch 2|
|
|switch|p1a: Wear Candoms Kid|Exeggutor|393\/393
|turn|22
|choice|move 1|switch 4
|
|switch|p2a: Chansey|Chansey|703\/703
|move|p1a: Wear Candoms Kid|Sleep Powder|p2a: Chansey|[miss]
|-miss|p1a: Wear Candoms Kid
|
|turn|23
|choice|move 1|move 2
|
|move|p1a: Wear Candoms Kid|Sleep Powder|p2a: Chansey|[miss]
|-miss|p1a: Wear Candoms Kid
|move|p2a: Chansey|Thunder Wave|p1a: Wear Candoms Kid
|-status|p1a: Wear Candoms Kid|par
|
|turn|24
|c|★xJoelituh|sry
|c|★Peasounay|lmao np
|choice|move 1|move 4
|
|move|p2a: Chansey|Seismic Toss|p1a: Wear Candoms Kid
|-damage|p1a: Wear Candoms Kid|293\/393 par
|move|p1a: Wear Candoms Kid|Sleep Powder|p2a: Chansey
|-status|p2a: Chansey|slp
|
|turn|25
|choice|switch 3|switch 5
|
|switch|p2a: Snorlax|Snorlax|523\/523
|switch|p1a: Yo Momma|Snorlax|35\/523
|
|turn|26
|choice|switch 6|move 1
|
|switch|p1a: I Own RBY|Chansey|703\/703
|move|p2a: Snorlax|Body Slam|p1a: I Own RBY
|-damage|p1a: I Own RBY|413\/703
|
|turn|27
|choice|move 1|move 3
|
|move|p1a: I Own RBY|Soft-Boiled|p1a: I Own RBY
|-heal|p1a: I Own RBY|703\/703
|move|p2a: Snorlax|Amnesia|p2a: Snorlax
|-boost|p2a: Snorlax|spd|2
|-boost|p2a: Snorlax|spa|2
|
|turn|28
|choice|move 3|move 1
|
|move|p1a: I Own RBY|Thunder Wave|p2a: Snorlax
|-status|p2a: Snorlax|par
|move|p2a: Snorlax|Body Slam|p1a: I Own RBY
|-damage|p1a: I Own RBY|395\/703
|
|turn|29
|choice|move 1|move 1
|
|move|p1a: I Own RBY|Soft-Boiled|p1a: I Own RBY
|-heal|p1a: I Own RBY|703\/703
|move|p2a: Snorlax|Body Slam|p1a: I Own RBY
|-damage|p1a: I Own RBY|395\/703
|
|turn|30
|choice|move 1|move 2
|
|move|p1a: I Own RBY|Soft-Boiled|p1a: I Own RBY
|-heal|p1a: I Own RBY|703\/703
|move|p2a: Snorlax|Ice Beam|p1a: I Own RBY
|-damage|p1a: I Own RBY|590\/703
|
|turn|31
|choice|move 2|move 2
|
|move|p1a: I Own RBY|Ice Beam|p2a: Snorlax
|-damage|p2a: Snorlax|476\/523 par
|cant|p2a: Snorlax|par
|
|turn|32
|choice|move 4|move 3
|
|cant|p2a: Snorlax|par
|move|p1a: I Own RBY|Counter|p2a: Snorlax
|-fail|p1a: I Own RBY
|
|turn|33
|choice|move 2|move 3
|
|move|p1a: I Own RBY|Ice Beam|p2a: Snorlax
|-crit|p2a: Snorlax
|-damage|p2a: Snorlax|282\/523 par
|move|p2a: Snorlax|Amnesia|p2a: Snorlax
|-boost|p2a: Snorlax|spd|2
|-boost|p2a: Snorlax|spa|2
|
|turn|34
|choice|move 2|move 2
|
|move|p1a: I Own RBY|Ice Beam|p2a: Snorlax
|-damage|p2a: Snorlax|249\/523 par
|cant|p2a: Snorlax|par
|
|turn|35
|choice|move 2|move 4
|
|move|p1a: I Own RBY|Ice Beam|p2a: Snorlax
|-damage|p2a: Snorlax|215\/523 par
|cant|p2a: Snorlax|par
|
|turn|36
|choice|move 2|move 4
|
|move|p1a: I Own RBY|Ice Beam|p2a: Snorlax
|-damage|p2a: Snorlax|180\/523 par
|move|p2a: Snorlax|Rest|p2a: Snorlax
|-status|p2a: Snorlax|slp
|-heal|p2a: Snorlax|523\/523 slp|[silent]
|-status|p2a: Snorlax|slp|[from] move: Rest
|
|turn|37
|j|Enigami
|choice|switch 6|switch 4
|
|switch|p1a: Yo Momma|Snorlax|35\/523
|switch|p2a: Tauros|Tauros|353\/353
|
|turn|38
|c|★Peasounay|owned
|c|★xJoelituh|:3
|choice|move 4|move 1
|
|move|p2a: Tauros|Body Slam|p1a: Yo Momma
|-damage|p1a: Yo Momma|0 fnt
|faint|p1a: Yo Momma
|choice|switch 4|
|
|switch|p1a: I'm God|Tauros|353\/353
|turn|39
|choice|move 2|move 1
|
|move|p2a: Tauros|Body Slam|p1a: I'm God
|-damage|p1a: I'm God|246\/353
|move|p1a: I'm God|Body Slam|p2a: Tauros
|-damage|p2a: Tauros|243\/353
|
|turn|40
|choice|move 2|move 1
|
|move|p1a: I'm God|Body Slam|p2a: Tauros
|-damage|p2a: Tauros|146\/353
|move|p2a: Tauros|Body Slam|p1a: I'm God
|-damage|p1a: I'm God|149\/353
|
|turn|41
|choice|switch 6|move 4
|
|switch|p1a: I Own RBY|Chansey|590\/703
|move|p2a: Tauros|Hyper Beam|p1a: I Own RBY
|-damage|p1a: I Own RBY|101\/703
|
|turn|42
|-mustrecharge|p2a: Tauros
|-mustrecharge|p2a: Tauros
|choice|move 4|move 1
|
|cant|p2a: Tauros|recharge
|move|p1a: I Own RBY|Counter|p2a: Tauros
|-damage|p2a: Tauros|0 fnt
|faint|p2a: Tauros
|c|★xJoelituh|fuck xD
|c|★xJoelituh|i think its game now l ol
|c|★Peasounay|probably
|choice||switch 5
|
|switch|p2a: Chansey|Chansey|703\/703 slp
|turn|43
|choice|move 4|move 4
|
|cant|p2a: Chansey|slp
|move|p1a: I Own RBY|Counter|p2a: Chansey
|-damage|p2a: Chansey|0 fnt
|faint|p2a: Chansey
|j|trueWario
|c|★xJoelituh|yh
|choice||switch 4
|
|switch|p2a: Snorlax|Snorlax|523\/523 slp
|turn|44
|c| Mirabel_|aaaa
|c|★xJoelituh|COUNTER MECHS ARE BROKEN ;;
|c|★Peasounay|chansey sweep
|c| Enigami|Counter sweep op, ban Chansey.
|choice|move 4|move 2
|
|cant|p2a: Snorlax|slp
|move|p1a: I Own RBY|Counter|p2a: Snorlax
|-damage|p2a: Snorlax|0 fnt
|faint|p2a: Snorlax
|
|win|Peasounay
|player|p1
|player|p2