|join|Zorage
|join|BottenAnna
|player|p1|Zorage|166
|player|p2|BottenAnna|215
|gametype|singles
|gen|1
|tier|[Gen 1] Random Battle
|rated
|rule|Sleep Clause Mod: Limit one foe put to sleep
|rule|Freeze Clause Mod: Limit one foe frozen
|rule|HP Percentage Mod: HP is shown in percentages
|
|start
|switch|p1a: Nidorino|Nidorino, L90|293\/293
|switch|p2a: Pidgeot|Pidgeot, L90|333\/333
|turn|1
|
|move|p2a: Pidgeot|Sky Attack|p1a: Nidorino|[still]
|-prepare|p2a: Pidgeot|Sky Attack|p1a: Nidorino
|move|p1a: Nidorino|Blizzard|p2a: Pidgeot
|-supereffective|p2a: Pidgeot
|-damage|p2a: Pidgeot|192\/333
|
|turn|2
|
|move|p2a: Pidgeot|Sky Attack|p1a: Nidorino
|-damage|p1a: Nidorino|116\/293
|cant|p1a: Nidorino|flinch
|
|turn|3
|
|move|p2a: Pidgeot|Double-Edge|p1a: Nidorino
|-crit|p1a: Nidorino
|-damage|p1a: Nidorino|0 fnt
|-damage|p2a: Pidgeot|163\/333|[from] recoil|[of] p1a: Nidorino
|faint|p1a: Nidorino
|
|switch|p1a: Mewtwo|Mewtwo, L70|293\/293
|turn|4
|
|move|p1a: Mewtwo|Ice Beam|p2a: Pidgeot
|-crit|p2a: Pidgeot
|-supereffective|p2a: Pidgeot
|-damage|p2a: Pidgeot|0 fnt
|faint|p2a: Pidgeot
|
|switch|p2a: Venomoth|Venomoth, L85|293\/293
|turn|5
|
|move|p1a: Mewtwo|Psychic|p2a: Venomoth|[miss]
|-miss|p1a: Mewtwo
|move|p2a: Venomoth|Sleep Powder|p1a: Mewtwo
|-status|p1a: Mewtwo|slp
|
|turn|6
|
|cant|p1a: Mewtwo|slp
|move|p2a: Venomoth|Psychic|p1a: Mewtwo
|-resisted|p1a: Mewtwo
|-damage|p1a: Mewtwo|267\/293 slp
|
|turn|7
|c|★Zorage|256
|
|switch|p2a: Golduck|Golduck, L85|310\/310
|cant|p1a: Mewtwo|slp
|
|turn|8
|
|switch|p1a: Victreebel|Victreebel, L85|310\/310
|move|p2a: Golduck|Amnesia|p2a: Golduck
|-boost|p2a: Golduck|spd|2
|-boost|p2a: Golduck|spa|2
|
|turn|9
|
|move|p2a: Golduck|Blizzard|p1a: Victreebel
|-supereffective|p1a: Victreebel
|-damage|p1a: Victreebel|39\/310
|move|p1a: Victreebel|Sleep Powder|p2a: Golduck|[miss]
|-miss|p1a: Victreebel
|
|turn|10
|
|move|p2a: Golduck|Body Slam|p1a: Victreebel
|-crit|p1a: Victreebel
|-damage|p1a: Victreebel|0 fnt
|faint|p1a: Victreebel
|
|switch|p1a: Wigglytuff|Wigglytuff, L90|435\/435
|turn|11
|
|move|p2a: Golduck|Amnesia|p2a: Golduck
|-boost|p2a: Golduck|spd|2
|-boost|p2a: Golduck|spa|2
|move|p1a: Wigglytuff|Sing|p2a: Golduck
|-status|p2a: Golduck|slp
|
|turn|12
|
|cant|p2a: Golduck|slp
|move|p1a: Wigglytuff|Double-Edge|p2a: Golduck
|-crit|p2a: Golduck
|-damage|p2a: Golduck|112\/310 slp
|-damage|p1a: Wigglytuff|386\/435|[from] recoil|[of] p2a: Golduck
|
|turn|13
|
|switch|p2a: Raticate|Raticate, L85|267\/267
|move|p1a: Wigglytuff|Double-Edge|p2a: Raticate
|-damage|p2a: Raticate|142\/267
|-damage|p1a: Wigglytuff|355\/435|[from] recoil|[of] p2a: Raticate
|
|turn|14
|
|move|p2a: Raticate|Super Fang|p1a: Wigglytuff
|-damage|p1a: Wigglytuff|178\/435
|move|p1a: Wigglytuff|Body Slam|p2a: Raticate
|-damage|p2a: Raticate|43\/267
|
|turn|15
|
|move|p2a: Raticate|Hyper Beam|p1a: Wigglytuff
|-damage|p1a: Wigglytuff|0 fnt
|faint|p1a: Wigglytuff
|
|switch|p1a: Arcanine|Arcanine, L85|327\/327
|turn|16
|
|move|p2a: Raticate|Hyper Beam|p1a: Arcanine
|-damage|p1a: Arcanine|183\/327
|move|p1a: Arcanine|Hyper Beam|p2a: Raticate
|-damage|p2a: Raticate|0 fnt
|faint|p2a: Raticate
|
|switch|p2a: Cubone|Cubone, L96|291\/291
|turn|17
|
|move|p1a: Arcanine|Fire Blast|p2a: Cubone
|-damage|p2a: Cubone|137\/291
|move|p2a: Cubone|Earthquake|p1a: Arcanine
|-supereffective|p1a: Arcanine
|-damage|p1a: Arcanine|0 fnt
|faint|p1a: Arcanine
|
|switch|p1a: Chansey|Chansey, L79|557\/557
|turn|18
|
|move|p2a: Cubone|Blizzard|p1a: Chansey|[miss]
|-miss|p2a: Cubone
|move|p1a: Chansey|Ice Beam|p2a: Cubone
|-supereffective|p2a: Cubone
|-damage|p2a: Cubone|0 fnt
|faint|p2a: Cubone
|
|switch|p2a: Charmeleon|Charmeleon, L85|272\/272
|turn|19
|
|move|p2a: Charmeleon|Fire Blast|p1a: Chansey
|-damage|p1a: Chansey|465\/557
|move|p1a: Chansey|Ice Beam|p2a: Charmeleon
|-damage|p2a: Charmeleon|195\/272
|
|turn|20
|
|move|p2a: Charmeleon|Swords Dance|p2a: Charmeleon
|-boost|p2a: Charmeleon|atk|2
|move|p1a: Chansey|Ice Beam|p2a: Charmeleon
|-damage|p2a: Charmeleon|118\/272
|
|turn|21
|
|move|p2a: Charmeleon|Submission|p1a: Chansey
|-supereffective|p1a: Chansey
|-damage|p1a: Chansey|0 fnt
|-damage|p2a: Charmeleon|2\/272|[from] recoil|[of] p1a: Chansey
|faint|p1a: Chansey
|
|switch|p1a: Mewtwo|Mewtwo, L70|267\/293 slp
|turn|22
|
|cant|p1a: Mewtwo|slp
|move|p2a: Charmeleon|Fire Blast|p1a: Mewtwo|[miss]
|-miss|p2a: Charmeleon
|
|turn|23
|
|cant|p1a: Mewtwo|slp
|move|p2a: Charmeleon|Fire Blast|p1a: Mewtwo
|-damage|p1a: Mewtwo|178\/293 slp
|
|turn|24
|
|-curestatus|p1a: Mewtwo|slp
|move|p2a: Charmeleon|Fire Blast|p1a: Mewtwo
|-damage|p1a: Mewtwo|92\/293
|
|turn|25
|
|move|p1a: Mewtwo|Ice Beam|p2a: Charmeleon
|-damage|p2a: Charmeleon|0 fnt
|faint|p2a: Charmeleon
|
|switch|p2a: Venomoth|Venomoth, L85|293\/293
|turn|26
|
|move|p1a: Mewtwo|Psychic|p2a: Venomoth
|-supereffective|p2a: Venomoth
|-damage|p2a: Venomoth|120\/293
|move|p2a: Venomoth|Sleep Powder|p1a: Mewtwo
|-status|p1a: Mewtwo|slp
|
|turn|27
|
|cant|p1a: Mewtwo|slp
|move|p2a: Venomoth|Psychic|p1a: Mewtwo
|-resisted|p1a: Mewtwo
|-damage|p1a: Mewtwo|68\/293 slp
|
|turn|28
|
|cant|p1a: Mewtwo|slp
|move|p2a: Venomoth|Mega Drain|p1a: Mewtwo
|-damage|p1a: Mewtwo|45\/293 slp
|-heal|p2a: Venomoth|131\/293|[from] drain|[of] p1a: Mewtwo
|
|turn|29
|
|-curestatus|p1a: Mewtwo|slp
|move|p2a: Venomoth|Mega Drain|p1a: Mewtwo
|-damage|p1a: Mewtwo|24\/293
|-heal|p2a: Venomoth|141\/293|[from] drain|[of] p1a: Mewtwo
|
|turn|30
|
|move|p1a: Mewtwo|Psychic|p2a: Venomoth
|-crit|p2a: Venomoth
|-supereffective|p2a: Venomoth
|-damage|p2a: Venomoth|0 fnt
|faint|p2a: Venomoth
|
|switch|p2a: Golduck|Golduck, L85|112\/310 slp
|turn|31
|
|move|p1a: Mewtwo|Body Slam|p2a: Golduck
|-damage|p2a: Golduck|60\/310 slp
|cant|p2a: Golduck|slp
|
|turn|32
|
|move|p1a: Mewtwo|Psychic|p2a: Golduck
|-damage|p2a: Golduck|0 fnt
|faint|p2a: Golduck
|
|win|Zorage
|raw|Ladder updating...
|raw|Zorage's rating: 1278 &rarr; <strong>1305<\/strong><br \/>(+27 for winning)
|raw|BottenAnna's rating: 1307 &rarr; <strong>1285<\/strong><br \/>(-22 for losing)
|leave|BottenAnna
|player|p2