|j|Giju
|j|MexBakker
|player|p1|Giju|20
|player|p2|MexBakker|164
|gametype|singles
|gen|1
|tier|[Gen 1] OU
|rated
|seed|
|rule|Sleep Clause Mod: Limit one foe put to sleep
|rule|Freeze Clause Mod: Limit one foe frozen
|rule|Species Clause: Limit one of each Pokémon
|rule|OHKO Clause: OHKO moves are banned
|rule|Evasion Moves Clause: Evasion moves are banned
|rule|HP Percentage Mod: HP is shown in percentages
|
|start
|switch|p1a: Alakazam|Alakazam|100\/100
|switch|p2a: Alakazam|Alakazam|100\/100
|turn|1
|c|★Giju|hi
|c|★Giju|glhf
|choice||
|
|switch|p2a: Chansey|Chansey|100\/100
|switch|p1a: Chansey|Chansey|100\/100
|
|turn|2
|c|★MexBakker|gl hf
|choice||
|
|switch|p1a: Exeggutor|Exeggutor|100\/100
|move|p2a: Chansey|Ice Beam|p1a: Exeggutor
|-supereffective|p1a: Exeggutor
|-damage|p1a: Exeggutor|68\/100
|
|turn|3
|choice||
|
|switch|p2a: Alakazam|Alakazam|100\/100
|move|p1a: Exeggutor|Sleep Powder|p2a: Alakazam
|-status|p2a: Alakazam|slp
|
|turn|4
|choice||
|
|switch|p2a: Exeggutor|Exeggutor|100\/100
|move|p1a: Exeggutor|Psychic|p2a: Exeggutor
|-resisted|p2a: Exeggutor
|-damage|p2a: Exeggutor|88\/100
|
|turn|5
|choice||
|
|switch|p1a: Alakazam|Alakazam|100\/100
|move|p2a: Exeggutor|Sleep Powder|p1a: Alakazam
|-status|p1a: Alakazam|slp
|
|turn|6
|choice||
|
|switch|p1a: Exeggutor|Exeggutor|68\/100
|switch|p2a: Snorlax|Snorlax|100\/100
|
|turn|7
|choice||
|
|switch|p2a: Chansey|Chansey|100\/100
|move|p1a: Exeggutor|Stun Spore|p2a: Chansey
|-status|p2a: Chansey|par
|
|turn|8
|choice||
|
|switch|p1a: Snorlax|Snorlax|100\/100
|cant|p2a: Chansey|par
|
|turn|9
|choice||
|
|move|p1a: Snorlax|Body Slam|p2a: Chansey
|-damage|p2a: Chansey|60\/100 par
|cant|p2a: Chansey|par
|
|turn|10
|choice||
|
|switch|p2a: Golem|Golem|100\/100
|move|p1a: Snorlax|Body Slam|p2a: Golem
|-resisted|p2a: Golem
|-damage|p2a: Golem|89\/100
|-status|p2a: Golem|par
|
|turn|11
|choice||
|
|switch|p1a: Exeggutor|Exeggutor|68\/100
|move|p2a: Golem|Earthquake|p1a: Exeggutor
|-resisted|p1a: Exeggutor
|-damage|p1a: Exeggutor|50\/100
|
|turn|12
|choice||
|
|switch|p2a: Chansey|Chansey|60\/100 par
|move|p1a: Exeggutor|Psychic|p2a: Chansey
|-damage|p2a: Chansey|43\/100 par
|-unboost|p2a: Chansey|spd|1
|-unboost|p2a: Chansey|spa|1
|
|turn|13
|choice||
|
|move|p1a: Exeggutor|Psychic|p2a: Chansey
|-damage|p2a: Chansey|16\/100 par
|cant|p2a: Chansey|par
|
|turn|14
|choice||
|
|move|p1a: Exeggutor|Psychic|p2a: Chansey
|-damage|p2a: Chansey|0 fnt
|faint|p2a: Chansey
|choice||
|
|switch|p2a: Snorlax|Snorlax|100\/100
|turn|15
|choice||
|
|move|p1a: Exeggutor|Psychic|p2a: Snorlax
|-damage|p2a: Snorlax|67\/100
|move|p2a: Snorlax|Body Slam|p1a: Exeggutor
|-damage|p1a: Exeggutor|18\/100
|
|turn|16
|choice||
|
|switch|p2a: Golem|Golem|89\/100 par
|move|p1a: Exeggutor|Psychic|p2a: Golem
|-damage|p2a: Golem|37\/100 par
|-unboost|p2a: Golem|spd|1
|-unboost|p2a: Golem|spa|1
|
|turn|17
|choice||
|
|move|p1a: Exeggutor|Psychic|p2a: Golem
|-damage|p2a: Golem|0 fnt
|faint|p2a: Golem
|choice||
|
|switch|p2a: Tauros|Tauros|100\/100
|turn|18
|choice||
|
|move|p2a: Tauros|Body Slam|p1a: Exeggutor
|-crit|p1a: Exeggutor
|-damage|p1a: Exeggutor|0 fnt
|faint|p1a: Exeggutor
|choice||
|
|switch|p1a: Tauros|Tauros|100\/100
|turn|19
|choice||
|
|switch|p2a: Exeggutor|Exeggutor|88\/100
|move|p1a: Tauros|Body Slam|p2a: Exeggutor
|-damage|p2a: Exeggutor|62\/100
|-status|p2a: Exeggutor|par
|
|turn|20
|choice||
|
|switch|p1a: Chansey|Chansey|100\/100
|move|p2a: Exeggutor|Stun Spore|p1a: Chansey
|-status|p1a: Chansey|par
|
|turn|21
|choice||
|
|move|p2a: Exeggutor|Explosion|p1a: Chansey
|-crit|p1a: Chansey
|-damage|p1a: Chansey|0 fnt
|faint|p1a: Chansey
|faint|p2a: Exeggutor
|choice||
|
|switch|p1a: Tauros|Tauros|100\/100
|switch|p2a: Snorlax|Snorlax|67\/100
|turn|22
|choice||
|
|switch|p1a: Snorlax|Snorlax|100\/100
|move|p2a: Snorlax|Body Slam|p1a: Snorlax
|-damage|p1a: Snorlax|74\/100
|
|turn|23
|choice||
|
|move|p2a: Snorlax|Body Slam|p1a: Snorlax
|-damage|p1a: Snorlax|47\/100
|move|p1a: Snorlax|Body Slam|p2a: Snorlax
|-damage|p2a: Snorlax|39\/100
|
|turn|24
|choice||
|
|move|p1a: Snorlax|Hyper Beam|p2a: Snorlax
|-crit|p2a: Snorlax
|-damage|p2a: Snorlax|0 fnt
|faint|p2a: Snorlax
|choice||
|
|switch|p2a: Tauros|Tauros|100\/100
|turn|25
|choice||
|
|move|p2a: Tauros|Blizzard|p1a: Snorlax
|-damage|p1a: Snorlax|29\/100
|move|p1a: Snorlax|Self-Destruct|p2a: Tauros
|-damage|p2a: Tauros|13\/100
|faint|p1a: Snorlax
|choice||
|
|switch|p1a: Tauros|Tauros|100\/100
|turn|26
|choice||
|
|move|p1a: Tauros|Body Slam|p2a: Tauros
|-damage|p2a: Tauros|0 fnt
|faint|p2a: Tauros
|c|★MexBakker|gg
|choice||
|
|switch|p2a: Alakazam|Alakazam|100\/100 slp
|turn|27
|c|★MexBakker|I did something really wrong to the hax god I guess for this one
|choice||
|
|-curestatus|p2a: Alakazam|slp
|move|p1a: Tauros|Body Slam|p2a: Alakazam
|-damage|p2a: Alakazam|50\/100
|
|turn|28
|choice||
|
|move|p2a: Alakazam|Recover|p2a: Alakazam
|-heal|p2a: Alakazam|99\/100
|move|p1a: Tauros|Hyper Beam|p2a: Alakazam
|-crit|p2a: Alakazam
|-damage|p2a: Alakazam|0 fnt
|faint|p2a: Alakazam
|
|win|Giju
|player|p1
|player|p2
|c|★Giju|nope
|c|★Giju|you did good
|raw|Giju's rating: 1422 &rarr; <strong>1439<\/strong><br \/>(+17 for winning)
|raw|MexBakker's rating: 1372 &rarr; <strong>1355<\/strong><br \/>(-17 for losing)
|c|★MexBakker|yeah but I got some rby tough luck
|c|★MexBakker|it happens
|c|★MexBakker|too bad
|c|★Giju|you said it
|c|★Giju|is gen 1
|c|★MexBakker|still was a fun game
|c|★Giju|predicts was good
|c|★Giju|oh yeah
|c|★Giju|nice match
|c|★Giju|^^