|j|krauersaut
|j|Dice
|player|p1|krauersaut|288
|player|p2|Dice|168
|gametype|singles
|gen|1
|tier|[Gen 1] OU
|seed|17347,36640,21092,58968
|rule|Sleep Clause Mod: Limit one foe put to sleep
|rule|Freeze Clause Mod: Limit one foe frozen
|rule|Species Clause: Limit one of each Pokémon
|rule|OHKO Clause: OHKO moves are banned
|rule|Evasion Moves Clause: Evasion moves are banned
|rule|HP Percentage Mod: HP is shown in percentages
|
|start
|switch|p1a: Alakazam|Alakazam|313\/313
|switch|p2a: Starmie|Starmie|323\/323
|turn|1
|c|★Dice|let's see if u have improved
|c|★krauersaut|given that i havent played a single rby game
|choice|move 4|move 3
|
|move|p1a: Alakazam|Thunder Wave|p2a: Starmie
|-status|p2a: Starmie|par
|move|p2a: Starmie|Blizzard|p1a: Alakazam
|-damage|p1a: Alakazam|233\/313
|
|turn|2
|c|★krauersaut|since we last played
|c|★krauersaut|i highly doubt it
|j|Haruno
|choice|switch 5|move 2
|
|switch|p1a: Chansey|Chansey|703\/703
|move|p2a: Starmie|Thunder Wave|p1a: Chansey
|-status|p1a: Chansey|par
|
|turn|3
|j|Gorudon
|j|tristannn
|choice|move 4|switch 6
|
|switch|p2a: Chansey|Chansey|703\/703
|move|p1a: Chansey|Thunderbolt|p2a: Chansey
|-damage|p2a: Chansey|625\/703
|
|turn|4
|j|Rampecker~
|j|Omegasization
|j|hero
|l|tristannn
|l|Omegasization
|j|byronthewellwell
|j|parivard
|l|hero
|choice|move 1|switch 6
|
|switch|p2a: Starmie|Starmie|323\/323 par
|move|p1a: Chansey|Ice Beam|p2a: Starmie
|-crit|p2a: Starmie
|-resisted|p2a: Starmie
|-damage|p2a: Starmie|246\/323 par
|
|turn|5
|j|1234567890sin
|j|shartruce2
|j|BlazeLatias
|j|Maracacchi
|choice|move 4|switch 3
|
|switch|p2a: Snorlax|Snorlax|523\/523
|move|p1a: Chansey|Thunderbolt|p2a: Snorlax
|-damage|p2a: Snorlax|430\/523
|-status|p2a: Snorlax|par
|
|turn|6
|j|asim12
|choice|switch 6|move 1
|
|switch|p1a: Rhydon|Rhydon|413\/413
|move|p2a: Snorlax|Body Slam|p1a: Rhydon
|-resisted|p1a: Rhydon
|-damage|p1a: Rhydon|367\/413
|-status|p1a: Rhydon|par
|
|turn|7
|j|aluckysob
|choice|move 4|switch 5
|
|switch|p2a: Exeggutor|Exeggutor|393\/393
|cant|p1a: Rhydon|par
|
|turn|8
|j|z0mog
|choice|switch 5|move 1
|
|switch|p1a: Alakazam|Alakazam|233\/313
|move|p2a: Exeggutor|Psychic|p1a: Alakazam
|-resisted|p1a: Alakazam
|-damage|p1a: Alakazam|188\/313
|
|turn|9
|l|z0mog
|choice|move 2|move 4
|
|move|p1a: Alakazam|Recover|p1a: Alakazam
|-heal|p1a: Alakazam|313\/313
|move|p2a: Exeggutor|Sleep Powder|p1a: Alakazam|[miss]
|-miss|p2a: Exeggutor
|
|turn|10
|choice|switch 6|move 4
|
|switch|p1a: Chansey|Chansey|703\/703 par
|move|p2a: Exeggutor|Sleep Powder|p1a: Chansey|[miss]
|-miss|p2a: Exeggutor
|
|turn|11
|choice|move 3|move 1
|
|move|p2a: Exeggutor|Psychic|p1a: Chansey
|-damage|p1a: Chansey|581\/703 par
|move|p1a: Chansey|Thunder Wave|p2a: Exeggutor
|-status|p2a: Exeggutor|par
|
|turn|12
|j|lil luke
|choice|move 1|move 2
|
|move|p2a: Exeggutor|Explosion|p1a: Chansey
|-damage|p1a: Chansey|0 fnt
|faint|p1a: Chansey
|faint|p2a: Exeggutor
|c| lil luke|oh krau
|c| lil luke|and dice r playing
|l|byronthewellwell
|choice|switch 5|switch 3
|
|switch|p2a: Starmie|Starmie|246\/323 par
|switch|p1a: Rhydon|Rhydon|367\/413 par
|turn|13
|l|1234567890sin
|choice|move 1|move 3
|
|cant|p2a: Starmie|par
|cant|p1a: Rhydon|par
|
|turn|14
|c|★krauersaut|lol
|c|+Haruno|rhydon
|choice|switch 6|move 3
|
|switch|p1a: Alakazam|Alakazam|313\/313
|move|p2a: Starmie|Blizzard|p1a: Alakazam
|-damage|p1a: Alakazam|233\/313
|-status|p1a: Alakazam|frz
|
|turn|15
|c|+Haruno|the starmie counter
|choice|move 2|switch 6
|
|switch|p2a: Chansey|Chansey|625\/703
|cant|p1a: Alakazam|frz
|
|turn|16
|choice|move 2|move 2
|
|cant|p1a: Alakazam|frz
|move|p2a: Chansey|Seismic Toss|p1a: Alakazam
|-damage|p1a: Alakazam|133\/313 frz
|
|turn|17
|j|KantoGuardian
|choice|move 2|move 2
|
|cant|p1a: Alakazam|frz
|move|p2a: Chansey|Seismic Toss|p1a: Alakazam
|-damage|p1a: Alakazam|33\/313 frz
|
|turn|18
|c|+Haruno|why the fuck
|choice|switch 6|move 4
|
|switch|p1a: Rhydon|Rhydon|367\/413 par
|move|p2a: Chansey|Soft-Boiled|p2a: Chansey
|-heal|p2a: Chansey|703\/703
|
|turn|19
|c| KantoGuardian|ok
|choice|move 4|switch 6
|
|switch|p2a: Starmie|Starmie|246\/323 par
|move|p1a: Rhydon|Substitute|p1a: Rhydon
|-start|p1a: Rhydon|Substitute
|-damage|p1a: Rhydon|264\/413 par
|
|turn|20
|choice|move 1|move 4
|
|cant|p2a: Starmie|par
|move|p1a: Rhydon|Body Slam|p2a: Starmie
|-damage|p2a: Starmie|164\/323 par
|
|turn|21
|l|KantoGuardian
|j|Aurora's pet bird
|choice|move 2|move 1
|
|move|p2a: Starmie|Recover|p2a: Starmie
|-heal|p2a: Starmie|323\/323 par
|move|p1a: Rhydon|Earthquake|p2a: Starmie
|-crit|p2a: Starmie
|-damage|p2a: Starmie|30\/323 par
|
|turn|22
|l|aluckysob
|choice|move 2|move 1
|
|move|p2a: Starmie|Recover|p2a: Starmie
|-heal|p2a: Starmie|191\/323 par
|cant|p1a: Rhydon|par
|
|turn|23
|choice|move 2|move 4
|
|cant|p2a: Starmie|par
|move|p1a: Rhydon|Earthquake|p2a: Starmie
|-damage|p2a: Starmie|46\/323 par
|
|turn|24
|choice|move 2|move 1
|
|move|p2a: Starmie|Recover|p2a: Starmie
|-heal|p2a: Starmie|207\/323 par
|move|p1a: Rhydon|Earthquake|p2a: Starmie
|-damage|p2a: Starmie|38\/323 par
|
|turn|25
|choice|move 2|move 1
|
|move|p2a: Starmie|Recover|p2a: Starmie
|-heal|p2a: Starmie|199\/323 par
|move|p1a: Rhydon|Earthquake|p2a: Starmie
|-damage|p2a: Starmie|52\/323 par
|
|turn|26
|choice|move 2|move 1
|
|move|p2a: Starmie|Recover|p2a: Starmie
|-heal|p2a: Starmie|213\/323 par
|move|p1a: Rhydon|Earthquake|p2a: Starmie
|-damage|p2a: Starmie|60\/323 par
|
|turn|27
|c|★krauersaut|bs
|choice|move 2|move 1
|
|move|p2a: Starmie|Recover|p2a: Starmie
|-heal|p2a: Starmie|221\/323 par
|move|p1a: Rhydon|Earthquake|p2a: Starmie
|-damage|p2a: Starmie|73\/323 par
|
|turn|28
|choice|move 2|move 1
|
|cant|p2a: Starmie|par
|cant|p1a: Rhydon|par
|
|turn|29
|c|★krauersaut|fucking
|choice|move 2|move 1
|
|move|p2a: Starmie|Recover|p2a: Starmie
|-heal|p2a: Starmie|234\/323 par
|move|p1a: Rhydon|Earthquake|p2a: Starmie
|-damage|p2a: Starmie|87\/323 par
|
|turn|30
|choice|move 2|move 1
|
|move|p2a: Starmie|Recover|p2a: Starmie
|-heal|p2a: Starmie|248\/323 par
|cant|p1a: Rhydon|par
|
|turn|31
|c|★krauersaut|wtf
|c|★krauersaut|lol
|choice|move 3|move 4
|
|move|p2a: Starmie|Psychic|p1a: Rhydon
|-end|p1a: Rhydon|Substitute
|cant|p1a: Rhydon|par
|
|turn|32
|j|hitmewithyourlove
|choice|switch 3|move 3
|
|switch|p1a: Snorlax|Snorlax|523\/523
|move|p2a: Starmie|Blizzard|p1a: Snorlax
|-damage|p1a: Snorlax|410\/523
|
|turn|33
|c| hitmewithyourlove|\/me is piex btw
|c| hitmewithyourlove|how is this RBYing going oo
|choice|move 1|move 2
|
|move|p1a: Snorlax|Body Slam|p2a: Starmie
|-damage|p2a: Starmie|133\/323 par
|cant|p2a: Starmie|par
|
|turn|34
|c|★krauersaut|painfully
|j|HBK
|c|+Haruno|i would just like to remind u
|choice|move 1|switch 5
|
|switch|p2a: Snorlax|Snorlax|430\/523 par
|move|p1a: Snorlax|Body Slam|p2a: Snorlax
|-damage|p2a: Snorlax|281\/523 par
|
|turn|35
|c|+Haruno|that this metagame
|c|+Haruno|is considered very competitive
|l|Darth Booty
|choice|move 1|move 2
|
|move|p1a: Snorlax|Body Slam|p2a: Snorlax
|-damage|p2a: Snorlax|153\/523 par
|move|p2a: Snorlax|Earthquake|p1a: Snorlax
|-damage|p1a: Snorlax|295\/523
|
|turn|36
|c| hitmewithyourlove|^ if it wasn't how come marcoasd is leagues ahead of everyone else in all time points on the only forum where it counts :^
|choice|move 3|move 3
|
|move|p1a: Snorlax|Hyper Beam|p2a: Snorlax
|-damage|p2a: Snorlax|0 fnt
|faint|p2a: Snorlax
|choice||switch 6
|
|switch|p2a: Chansey|Chansey|703\/703
|turn|37
|c| lil luke|ubers isn't a competitive meta
|c| lil luke|but rby ou is
|c| lil luke|makes sense
|choice|switch 3|move 1
|
|switch|p1a: Rhydon|Rhydon|264\/413 par
|move|p2a: Chansey|Sing|p1a: Rhydon
|-fail|p1a: Rhydon
|
|turn|38
|c| hitmewithyourlove|http:\/\/www.pokemonperfect.com\/forums\/index.php?threads\/all-time-top-20.3583\/
|choice|move 1|move 2
|
|move|p2a: Chansey|Seismic Toss|p1a: Rhydon
|-damage|p1a: Rhydon|164\/413 par
|move|p1a: Rhydon|Body Slam|p2a: Chansey
|-damage|p2a: Chansey|475\/703
|
|turn|39
|c| hitmewithyourlove|ubers is a competitive meta too..
|c| hitmewithyourlove|it's just not very diverse.. like RBY n_n
|choice|move 2|move 4
|
|move|p2a: Chansey|Soft-Boiled|p2a: Chansey
|-heal|p2a: Chansey|703\/703
|cant|p1a: Rhydon|par
|
|turn|40
|choice|move 2|move 2
|
|move|p2a: Chansey|Seismic Toss|p1a: Rhydon
|-damage|p1a: Rhydon|64\/413 par
|cant|p1a: Rhydon|par
|
|turn|41
|choice|move 2|move 2
|
|move|p2a: Chansey|Seismic Toss|p1a: Rhydon
|-damage|p1a: Rhydon|0 fnt
|faint|p1a: Rhydon
|c|★krauersaut|this is
|l|parivard
|c|★krauersaut|so sad
|c|★krauersaut|;[
|choice|switch 2|
|
|switch|p1a: Exeggutor|Exeggutor|393\/393
|turn|42
|c|★Dice|wats sad
|c|★Dice|u werent gonna beat me
|c|★Dice|w. rhydon on chanse
|j|DomainName
|choice|switch 3|switch 5
|
|switch|p1a: Snorlax|Snorlax|295\/523
|switch|p2a: Starmie|Starmie|133\/323 par
|
|turn|43
|c|+Haruno|piex same reason why
|c|+Haruno|niggas can win the lottery
|choice|move 1|switch 5
|
|switch|p2a: Chansey|Chansey|703\/703
|move|p1a: Snorlax|Body Slam|p2a: Chansey
|-damage|p2a: Chansey|407\/703
|
|turn|44
|choice|move 4|move 1
|
|move|p2a: Chansey|Sing|p1a: Snorlax
|-status|p1a: Snorlax|slp
|cant|p1a: Snorlax|slp
|
|turn|45
|l|BlazeLatias
|c|+Haruno|there will be one winner and fucktons of losers
|c| hitmewithyourlove|i consistently
|c| hitmewithyourlove|lose to marcoasd
|c| hitmewithyourlove|in seasons
|c|+Haruno|where in this case
|c| hitmewithyourlove|100% of the time
|c| hitmewithyourlove|n_n
|c|+Haruno|the losers would be the people with no luck
|c| hitmewithyourlove|i fought him for the previous week
|c| hitmewithyourlove|lost 1-3 :[
|c|+Haruno|and marcoasd is the dude with lottery luck
|c| hitmewithyourlove|nah
|c|★Dice|u crazy dude
|c| hitmewithyourlove|marco is skill
|c| hitmewithyourlove|not luck
|l|Rampecker~
|c| hitmewithyourlove|not that luck is not a factor in the game, but he is a very talented player.
|l|Gorudon
|c|★Dice|haruno u have choked like the past 5 tour games i've seen u play oo
|choice|move 3|move 4
|
|move|p2a: Chansey|Soft-Boiled|p2a: Chansey
|-heal|p2a: Chansey|703\/703
|cant|p1a: Snorlax|slp
|
|turn|46
|c|★Dice|u dont have a solid grasp on how playin in rby matters.
|choice|move 4|move 2
|
|move|p2a: Chansey|Seismic Toss|p1a: Snorlax
|-damage|p1a: Snorlax|195\/523 slp
|-curestatus|p1a: Snorlax|slp
|
|turn|47
|c|★Dice|imo.
|j|lil luke
|j|lil luke
|choice|move 4|move 1
|
|move|p2a: Chansey|Sing|p1a: Snorlax
|-status|p1a: Snorlax|slp
|cant|p1a: Snorlax|slp
|
|turn|48
|c|★krauersaut|wtf
|c|★krauersaut|is this
|c| hitmewithyourlove|should have gone to golem yn
|choice|move 4|move 2
|
|move|p2a: Chansey|Seismic Toss|p1a: Snorlax
|-damage|p1a: Snorlax|95\/523 slp
|cant|p1a: Snorlax|slp
|
|turn|49
|c| hitmewithyourlove|absorb self-destruct
|c|+Haruno|why u keeping snorlax in bruh
|choice|move 4|move 2
|
|move|p2a: Chansey|Seismic Toss|p1a: Snorlax
|-damage|p1a: Snorlax|0 fnt
|faint|p1a: Snorlax
|c|★krauersaut|why is he hitting
|c|★krauersaut|sings
|c|★krauersaut|bruh
|choice|switch 3|
|
|switch|p1a: Exeggutor|Exeggutor|393\/393
|turn|50
|choice|switch 4|switch 5
|
|switch|p1a: Tauros|Tauros|353\/353
|switch|p2a: Starmie|Starmie|133\/323 par
|
|turn|51
|c|★krauersaut|why am i not para'ing
|c|★krauersaut|with body slam
|c|★krauersaut|bruh
|c| hitmewithyourlove|vs the
|c| hitmewithyourlove|chansey?
|c|★Dice|u cant para normals
|c| hitmewithyourlove|you know that bslam cannot
|c|★Dice|with bslam
|c|★krauersaut|why did his starmie beat my rhydon for like 15 turns
|c| hitmewithyourlove|para normal types
|c|★krauersaut|bruh
|c| hitmewithyourlove|in egn 1
|c| hitmewithyourlove|right
|c|★Dice|how did i beat ur rhyodn
|c| hitmewithyourlove|*gen
|c|★Dice|for 15 turns
|c|★Dice|i had a +1 in terms in para
|choice|move 2|switch 2
|
|switch|p2a: Cloyster|Cloyster|303\/303
|move|p1a: Tauros|Body Slam|p2a: Cloyster
|-damage|p2a: Cloyster|235\/303
|
|turn|52
|choice|move 2|move 1
|
|move|p1a: Tauros|Body Slam|p2a: Cloyster
|-damage|p2a: Cloyster|163\/303
|move|p2a: Cloyster|Blizzard|p1a: Tauros
|-damage|p1a: Tauros|186\/353
|
|turn|53
|c| hitmewithyourlove|Clo.oyster
|c|★krauersaut|im crying
|c|+Haruno|i mean
|c|+Haruno|u can still get a body slam full para here
|choice|move 2|move 1
|
|move|p1a: Tauros|Body Slam|p2a: Cloyster
|-damage|p2a: Cloyster|96\/303
|move|p2a: Cloyster|Blizzard|p1a: Tauros
|-damage|p1a: Tauros|19\/353
|
|turn|54
|c|★krauersaut|but ofc i wont
|c|★krauersaut|and blizzard is 100% accuracy
|choice|move 4|switch 2
|
|switch|p2a: Starmie|Starmie|133\/323 par
|move|p1a: Tauros|Hyper Beam|p2a: Starmie
|-damage|p2a: Starmie|0 fnt
|faint|p2a: Starmie
|c|★Dice|90.
|l|lil luke
|choice||switch 4
|
|switch|p2a: Tauros|Tauros|353\/353
|turn|55
|choice|switch 6|move 1
|
|switch|p1a: Alakazam|Alakazam|33\/313 frz
|move|p2a: Tauros|Body Slam|p1a: Alakazam
|-crit|p1a: Alakazam
|-damage|p1a: Alakazam|0 fnt
|faint|p1a: Alakazam
|choice|switch 4|
|
|switch|p1a: Exeggutor|Exeggutor|393\/393
|turn|56
|l|DomainName
|choice|move 3|move 3
|
|move|p2a: Tauros|Blizzard|p1a: Exeggutor
|-supereffective|p1a: Exeggutor
|-damage|p1a: Exeggutor|271\/393
|move|p1a: Exeggutor|Sleep Powder|p2a: Tauros|[miss]
|-miss|p1a: Exeggutor
|
|turn|57
|c|★krauersaut|im gonna cut
|c|★krauersaut|someone
|c| hitmewithyourlove|should have sacked chansey to tauros hb not starmie
|c|★krauersaut|i swear
|c| hitmewithyourlove|yn
|choice|move 3|move 3
|
|move|p2a: Tauros|Blizzard|p1a: Exeggutor
|-supereffective|p1a: Exeggutor
|-damage|p1a: Exeggutor|147\/393
|move|p1a: Exeggutor|Sleep Powder|p2a: Tauros
|-status|p2a: Tauros|slp
|
|turn|58
|c|+Haruno|pretty sure
|choice|move 2|move 1
|
|cant|p2a: Tauros|slp
|move|p1a: Exeggutor|Psychic|p2a: Tauros
|-damage|p2a: Tauros|193\/353 slp
|
|turn|59
|c|+Haruno|chansey lives a hyper beam
|c|+Haruno|at full
|c| hitmewithyourlove|yeah haruno it does
|choice|move 2|move 1
|
|cant|p2a: Tauros|slp
|move|p1a: Exeggutor|Psychic|p2a: Tauros
|-damage|p2a: Tauros|26\/353 slp
|
|turn|60
|c| hitmewithyourlove|but it can crit
|c| hitmewithyourlove|so even better
|choice|move 2|move 1
|
|cant|p2a: Tauros|slp
|move|p1a: Exeggutor|Psychic|p2a: Tauros
|-damage|p2a: Tauros|0 fnt
|faint|p2a: Tauros
|c| hitmewithyourlove|but keeping starmie aruond
|choice||switch 2
|
|switch|p2a: Cloyster|Cloyster|96\/303
|turn|61
|c| hitmewithyourlove|to sleep absorb
|c| hitmewithyourlove|would be nice
|c| hitmewithyourlove|*around
|c|★krauersaut|shit game
|c|★krauersaut|D:
|choice|move 3|move 1
|
|move|p2a: Cloyster|Blizzard|p1a: Exeggutor
|-supereffective|p1a: Exeggutor
|-damage|p1a: Exeggutor|0 fnt
|faint|p1a: Exeggutor
|choice|switch 6|
|
|switch|p1a: Tauros|Tauros|19\/353
|turn|62
|choice|move 2|move 2
|
|move|p1a: Tauros|Body Slam|p2a: Cloyster
|-damage|p2a: Cloyster|30\/303
|move|p2a: Cloyster|Explosion|p1a: Tauros
|-crit|p1a: Tauros
|-damage|p1a: Tauros|0 fnt
|faint|p1a: Tauros
|faint|p2a: Cloyster
|
|win|Dice
|player|p1
|player|p2
|c| hitmewithyourlove|lol.
|c|★krauersaut|;;