|join|PK Mastr
|join|gen1masterrony
|player|p1|PK Mastr|257
|player|p2|gen1masterrony|101
|gametype|singles
|gen|1
|tier|[Gen 1] Random Battle
|rule|Sleep Clause Mod: Limit one foe put to sleep
|rule|Freeze Clause Mod: Limit one foe frozen
|rule|HP Percentage Mod: HP is shown in percentages
|
|start
|switch|p1a: Pikachu|Pikachu, L96|262\/262
|switch|p2a: Zapdos|Zapdos, L79|304\/304
|turn|1
|c|★PK Mastr|assssweome
|
|switch|p2a: Parasect|Parasect, L85|276\/276
|move|p1a: Pikachu|Thunder Wave|p2a: Parasect
|-status|p2a: Parasect|par
|
|turn|2
|c|★PK Mastr|except no double team ):
|
|move|p1a: Pikachu|Body Slam|p2a: Parasect
|-damage|p2a: Parasect|218\/276 par
|cant|p2a: Parasect|par
|
|turn|3
|
|move|p1a: Pikachu|Body Slam|p2a: Parasect
|-damage|p2a: Parasect|159\/276 par
|move|p2a: Parasect|Spore|p1a: Pikachu
|-status|p1a: Pikachu|slp
|
|turn|4
|
|switch|p1a: Weepinbell|Weepinbell, L85|284\/284
|switch|p2a: Slowpoke|Slowpoke, L96|368\/368
|
|turn|5
|
|move|p1a: Weepinbell|Sleep Powder|p2a: Slowpoke
|-status|p2a: Slowpoke|slp
|cant|p2a: Slowpoke|slp
|
|turn|6
|
|switch|p2a: Zapdos|Zapdos, L79|304\/304
|move|p1a: Weepinbell|Swords Dance|p1a: Weepinbell
|-boost|p1a: Weepinbell|atk|2
|
|turn|7
|
|move|p2a: Zapdos|Drill Peck|p1a: Weepinbell
|-crit|p1a: Weepinbell
|-supereffective|p1a: Weepinbell
|-damage|p1a: Weepinbell|0 fnt
|faint|p1a: Weepinbell
|c|★PK Mastr|fuck forgot about that
|
|switch|p1a: Kadabra|Kadabra, L85|242\/242
|turn|8
|
|move|p1a: Kadabra|Thunder Wave|p2a: Zapdos
|-status|p2a: Zapdos|par
|move|p2a: Zapdos|Thunder Wave|p1a: Kadabra
|-status|p1a: Kadabra|par
|
|turn|9
|
|move|p1a: Kadabra|Reflect|p1a: Kadabra
|-start|p1a: Kadabra|Reflect
|move|p2a: Zapdos|Drill Peck|p1a: Kadabra
|-damage|p1a: Kadabra|178\/242 par
|
|turn|10
|
|move|p1a: Kadabra|Psychic|p2a: Zapdos
|-damage|p2a: Zapdos|206\/304 par
|-unboost|p2a: Zapdos|spd|1
|-unboost|p2a: Zapdos|spa|1
|move|p2a: Zapdos|Drill Peck|p1a: Kadabra
|-damage|p1a: Kadabra|116\/242 par
|
|turn|11
|
|cant|p1a: Kadabra|par
|move|p2a: Zapdos|Drill Peck|p1a: Kadabra
|-damage|p1a: Kadabra|56\/242 par
|
|turn|12
|
|cant|p1a: Kadabra|par
|move|p2a: Zapdos|Drill Peck|p1a: Kadabra
|-damage|p1a: Kadabra|0 fnt
|faint|p1a: Kadabra
|c|★PK Mastr|lil disapointed
|
|switch|p1a: Dragonair|Dragonair, L85|277\/277
|turn|13
|
|move|p1a: Dragonair|Blizzard|p2a: Zapdos
|-supereffective|p2a: Zapdos
|-damage|p2a: Zapdos|34\/304 par
|cant|p2a: Zapdos|par
|
|turn|14
|
|move|p1a: Dragonair|Body Slam|p2a: Zapdos
|-damage|p2a: Zapdos|0 fnt
|faint|p2a: Zapdos
|
|switch|p2a: Kabutops|Kabutops, L85|276\/276
|turn|15
|c|★PK Mastr|what where your last move for that hypno??
|c|★gen1masterrony|thunderwave
|c|★PK Mastr|oh right right lol
|
|move|p2a: Kabutops|Swords Dance|p2a: Kabutops
|-boost|p2a: Kabutops|atk|2
|move|p1a: Dragonair|Thunder Wave|p2a: Kabutops
|-status|p2a: Kabutops|par
|
|turn|16
|
|move|p1a: Dragonair|Body Slam|p2a: Kabutops
|-resisted|p2a: Kabutops
|-damage|p2a: Kabutops|251\/276 par
|move|p2a: Kabutops|Body Slam|p1a: Dragonair
|-damage|p1a: Dragonair|116\/277
|
|turn|17
|c|★PK Mastr|machamp, is submision, rockslide, earthquake hyper beam???
|c|★PK Mastr|for the chansey?
|
|move|p1a: Dragonair|Blizzard|p2a: Kabutops|[miss]
|-miss|p1a: Dragonair
|move|p2a: Kabutops|Body Slam|p1a: Dragonair
|-crit|p1a: Dragonair
|-damage|p1a: Dragonair|0 fnt
|faint|p1a: Dragonair
|c|★gen1masterrony|hmm
|
|switch|p1a: Ninetales|Ninetales, L85|298\/298
|turn|18
|
|move|p1a: Ninetales|Reflect|p1a: Ninetales
|-start|p1a: Ninetales|Reflect
|move|p2a: Kabutops|Surf|p1a: Ninetales
|-supereffective|p1a: Ninetales
|-damage|p1a: Ninetales|147\/298
|
|turn|19
|
|move|p1a: Ninetales|Double-Edge|p2a: Kabutops
|-resisted|p2a: Kabutops
|-damage|p2a: Kabutops|222\/276 par
|-damage|p1a: Ninetales|140\/298|[from] recoil|[of] p2a: Kabutops
|move|p2a: Kabutops|Surf|p1a: Ninetales
|-supereffective|p1a: Ninetales
|-damage|p1a: Ninetales|0 fnt
|faint|p1a: Ninetales
|c|★PK Mastr|gg
|c|★PK Mastr|shit team, shit plays over here
|c|★gen1masterrony|gg
|
|switch|p1a: Blastoise|Blastoise, L85|308\/308
|turn|20
|c|★PK Mastr|again???
|
|move|p1a: Blastoise|Mimic|p2a: Kabutops
|-start|p1a: Blastoise|Mimic|Swords Dance
|move|p2a: Kabutops|Body Slam|p1a: Blastoise
|-damage|p1a: Blastoise|192\/308
|-status|p1a: Blastoise|par
|
|turn|21
|
|move|p2a: Kabutops|Body Slam|p1a: Blastoise
|-damage|p1a: Blastoise|68\/308 par
|move|p1a: Blastoise|Hydro Pump|p2a: Kabutops
|-damage|p2a: Kabutops|83\/276 par
|
|turn|22
|
|cant|p2a: Kabutops|par
|cant|p1a: Blastoise|par
|
|turn|23
|
|move|p2a: Kabutops|Body Slam|p1a: Blastoise
|-damage|p1a: Blastoise|0 fnt
|faint|p1a: Blastoise
|
|switch|p1a: Pikachu|Pikachu, L96|262\/262 slp
|turn|24
|
|cant|p1a: Pikachu|slp
|cant|p2a: Kabutops|par
|
|turn|25
|
|cant|p1a: Pikachu|slp
|cant|p2a: Kabutops|par
|
|turn|26
|
|cant|p1a: Pikachu|slp
|move|p2a: Kabutops|Body Slam|p1a: Pikachu
|-damage|p1a: Pikachu|50\/262 slp
|
|turn|27
|
|cant|p1a: Pikachu|slp
|move|p2a: Kabutops|Body Slam|p1a: Pikachu
|-crit|p1a: Pikachu
|-damage|p1a: Pikachu|0 fnt
|faint|p1a: Pikachu
|
|win|gen1masterrony
|leave|PK Mastr
|player|p1