|j|xLucasx
|j|nbstahl
|player|p1|xLucasx|238
|player|p2|nbstahl|102
|gametype|singles
|gen|1
|tier|[Gen 1] OU
|rated
|seed|15439,45231,54729,761
|rule|Sleep Clause Mod: Limit one foe put to sleep
|rule|Freeze Clause Mod: Limit one foe frozen
|rule|Species Clause: Limit one of each Pokémon
|rule|OHKO Clause: OHKO moves are banned
|rule|Evasion Moves Clause: Evasion moves are banned
|rule|HP Percentage Mod: HP is shown in percentages
|
|start
|switch|p1a: Alakazam|Alakazam|313\/313
|switch|p2a: Alakazam|Alakazam|313\/313
|turn|1
|choice|move 3|switch 5
|
|switch|p2a: Snorlax|Snorlax|523\/523
|move|p1a: Alakazam|Thunder Wave|p2a: Snorlax
|-status|p2a: Snorlax|par
|
|turn|2
|choice|move 1|move 1
|
|move|p1a: Alakazam|Psychic|p2a: Snorlax
|-damage|p2a: Snorlax|353\/523 par
|move|p2a: Snorlax|Body Slam|p1a: Alakazam
|-damage|p1a: Alakazam|132\/313
|-status|p1a: Alakazam|par
|
|turn|3
|choice|move 1|move 1
|
|cant|p1a: Alakazam|par
|move|p2a: Snorlax|Body Slam|p1a: Alakazam
|-damage|p1a: Alakazam|0 fnt
|faint|p1a: Alakazam
|choice|switch 4|
|
|switch|p1a: Snorlax|Snorlax|523\/523
|turn|4
|choice|move 3|switch 2
|
|switch|p2a: Chansey|Chansey|703\/703
|move|p1a: Snorlax|Earthquake|p2a: Chansey
|-damage|p2a: Chansey|463\/703
|
|turn|5
|choice|move 1|move 4
|
|move|p2a: Chansey|Toxic|p1a: Snorlax
|-status|p1a: Snorlax|tox
|move|p1a: Snorlax|Body Slam|p2a: Chansey
|-damage|p2a: Chansey|165\/703
|-damage|p1a: Snorlax|491\/523 tox|[from] tox|[of] p2a: Chansey
|
|turn|6
|choice|move 1|move 3
|
|move|p2a: Chansey|Soft-Boiled|p2a: Chansey
|-heal|p2a: Chansey|516\/703
|move|p1a: Snorlax|Body Slam|p2a: Chansey
|-damage|p2a: Chansey|214\/703
|-damage|p1a: Snorlax|427\/523 tox|[from] tox|[of] p2a: Chansey
|
|turn|7
|choice|move 1|move 3
|
|move|p2a: Chansey|Soft-Boiled|p2a: Chansey
|-heal|p2a: Chansey|565\/703
|move|p1a: Snorlax|Body Slam|p2a: Chansey
|-damage|p2a: Chansey|268\/703
|-damage|p1a: Snorlax|331\/523 tox|[from] tox|[of] p2a: Chansey
|
|turn|8
|choice|move 1|move 3
|
|move|p2a: Chansey|Soft-Boiled|p2a: Chansey
|-heal|p2a: Chansey|619\/703
|move|p1a: Snorlax|Body Slam|p2a: Chansey
|-damage|p2a: Chansey|342\/703
|-damage|p1a: Snorlax|203\/523 tox|[from] tox|[of] p2a: Chansey
|
|turn|9
|choice|move 2|move 1
|
|move|p2a: Chansey|Ice Beam|p1a: Snorlax
|-damage|p1a: Snorlax|98\/523 tox
|move|p1a: Snorlax|Rest|p1a: Snorlax
|-status|p1a: Snorlax|slp
|-heal|p1a: Snorlax|523\/523 slp|[silent]
|-status|p1a: Snorlax|slp|[from] move: Rest
|
|turn|10
|choice|move 1|move 2
|
|move|p2a: Chansey|Reflect|p2a: Chansey
|-start|p2a: Chansey|Reflect
|cant|p1a: Snorlax|slp
|
|turn|11
|choice|move 1|move 1
|
|move|p2a: Chansey|Ice Beam|p1a: Snorlax
|-damage|p1a: Snorlax|426\/523 slp
|-curestatus|p1a: Snorlax|slp
|
|turn|12
|choice|move 1|move 4
|
|move|p2a: Chansey|Toxic|p1a: Snorlax
|-status|p1a: Snorlax|tox
|move|p1a: Snorlax|Body Slam|p2a: Chansey
|-damage|p2a: Chansey|206\/703
|-damage|p1a: Snorlax|394\/523 tox|[from] tox|[of] p2a: Chansey
|
|turn|13
|choice|move 3|move 3
|
|move|p2a: Chansey|Soft-Boiled|p2a: Chansey
|-heal|p2a: Chansey|557\/703
|move|p1a: Snorlax|Earthquake|p2a: Chansey
|-damage|p2a: Chansey|450\/703
|-damage|p1a: Snorlax|330\/523 tox|[from] tox|[of] p2a: Chansey
|
|turn|14
|choice|move 1|move 1
|
|move|p2a: Chansey|Ice Beam|p1a: Snorlax
|-damage|p1a: Snorlax|232\/523 tox
|move|p1a: Snorlax|Body Slam|p2a: Chansey
|-crit|p2a: Chansey
|-damage|p2a: Chansey|0 fnt
|faint|p2a: Chansey
|choice||switch 4
|
|switch|p2a: Tauros|Tauros|353\/353
|turn|15
|choice|move 2|move 4
|
|move|p2a: Tauros|Hyper Beam|p1a: Snorlax
|-damage|p1a: Snorlax|11\/523 tox
|move|p1a: Snorlax|Rest|p1a: Snorlax
|-status|p1a: Snorlax|slp
|-heal|p1a: Snorlax|523\/523 slp|[silent]
|-status|p1a: Snorlax|slp|[from] move: Rest
|
|turn|16
|-mustrecharge|p2a: Tauros
|-mustrecharge|p2a: Tauros
|choice|move 3|move 1
|
|cant|p2a: Tauros|recharge
|cant|p1a: Snorlax|slp
|
|turn|17
|choice|move 3|move 2
|
|move|p2a: Tauros|Body Slam|p1a: Snorlax
|-crit|p1a: Snorlax
|-damage|p1a: Snorlax|280\/523 slp
|-curestatus|p1a: Snorlax|slp
|
|turn|18
|choice|move 3|move 2
|
|move|p2a: Tauros|Body Slam|p1a: Snorlax
|-crit|p1a: Snorlax
|-damage|p1a: Snorlax|46\/523
|move|p1a: Snorlax|Earthquake|p2a: Tauros
|-damage|p2a: Tauros|266\/353
|
|turn|19
|choice|move 4|move 2
|
|move|p2a: Tauros|Body Slam|p1a: Snorlax
|-damage|p1a: Snorlax|0 fnt
|faint|p1a: Snorlax
|choice|switch 5|
|
|switch|p1a: Exeggutor|Exeggutor|393\/393
|turn|20
|choice|move 1|move 1
|
|move|p2a: Tauros|Blizzard|p1a: Exeggutor
|-crit|p1a: Exeggutor
|-supereffective|p1a: Exeggutor
|-damage|p1a: Exeggutor|152\/393
|move|p1a: Exeggutor|Sleep Powder|p2a: Tauros
|-status|p2a: Tauros|slp
|
|turn|21
|choice|move 2|switch 3
|
|switch|p2a: Zapdos|Zapdos|383\/383
|move|p1a: Exeggutor|Psychic|p2a: Zapdos
|-crit|p2a: Zapdos
|-damage|p2a: Zapdos|193\/383
|
|turn|22
|choice|move 2|move 1
|
|move|p2a: Zapdos|Thunderbolt|p1a: Exeggutor
|-crit|p1a: Exeggutor
|-resisted|p1a: Exeggutor
|-damage|p1a: Exeggutor|53\/393
|move|p1a: Exeggutor|Psychic|p2a: Zapdos
|-damage|p2a: Zapdos|90\/383
|-unboost|p2a: Zapdos|spd|1
|-unboost|p2a: Zapdos|spa|1
|
|turn|23
|choice|move 4|move 3
|
|move|p2a: Zapdos|Drill Peck|p1a: Exeggutor
|-supereffective|p1a: Exeggutor
|-damage|p1a: Exeggutor|0 fnt
|faint|p1a: Exeggutor
|choice|switch 3|
|
|switch|p1a: Jolteon|Jolteon|333\/333
|turn|24
|choice|move 1|move 2
|
|move|p1a: Jolteon|Thunderbolt|p2a: Zapdos
|-damage|p2a: Zapdos|0 fnt
|faint|p2a: Zapdos
|choice||switch 5
|
|switch|p2a: Alakazam|Alakazam|313\/313
|turn|25
|choice|move 2|move 4
|
|move|p1a: Jolteon|Thunder Wave|p2a: Alakazam
|-status|p2a: Alakazam|par
|move|p2a: Alakazam|Thunder Wave|p1a: Jolteon
|-status|p1a: Jolteon|par
|
|turn|26
|choice|move 3|move 2
|
|cant|p1a: Jolteon|par
|move|p2a: Alakazam|Psychic|p1a: Jolteon
|-damage|p1a: Jolteon|207\/333 par
|-unboost|p1a: Jolteon|spd|1
|-unboost|p1a: Jolteon|spa|1
|
|turn|27
|choice|move 3|move 2
|
|move|p2a: Alakazam|Psychic|p1a: Jolteon
|-crit|p1a: Jolteon
|-damage|p1a: Jolteon|0 fnt
|faint|p1a: Jolteon
|choice|switch 2|
|
|switch|p1a: Charizard|Charizard|359\/359
|turn|28
|choice|move 3|move 4
|
|move|p1a: Charizard|Swords Dance|p1a: Charizard
|-boost|p1a: Charizard|atk|2
|move|p2a: Alakazam|Thunder Wave|p1a: Charizard
|-status|p1a: Charizard|par
|
|turn|29
|choice|move 2|switch 6
|
|switch|p2a: Slowbro|Slowbro|393\/393
|move|p1a: Charizard|Earthquake|p2a: Slowbro
|-crit|p2a: Slowbro
|-damage|p2a: Slowbro|265\/393
|
|turn|30
|choice|move 4|move 2
|
|move|p2a: Slowbro|Surf|p1a: Charizard
|-supereffective|p1a: Charizard
|-damage|p1a: Charizard|159\/359 par
|move|p1a: Charizard|Body Slam|p2a: Slowbro
|-damage|p2a: Slowbro|154\/393
|
|turn|31
|choice|move 2|move 2
|
|move|p2a: Slowbro|Surf|p1a: Charizard
|-supereffective|p1a: Charizard
|-damage|p1a: Charizard|0 fnt
|faint|p1a: Charizard
|choice|switch 6|
|
|switch|p1a: Starmie|Starmie|323\/323
|turn|32
|choice|move 2|switch 2
|
|switch|p2a: Snorlax|Snorlax|353\/523 par
|move|p1a: Starmie|Thunderbolt|p2a: Snorlax
|-damage|p2a: Snorlax|250\/523 par
|
|turn|33
|choice|move 1|move 1
|
|move|p1a: Starmie|Blizzard|p2a: Snorlax
|-damage|p2a: Snorlax|119\/523 par
|move|p2a: Snorlax|Body Slam|p1a: Starmie
|-damage|p1a: Starmie|213\/323
|
|turn|34
|choice|move 4|move 4
|
|move|p1a: Starmie|Surf|p2a: Snorlax
|-damage|p2a: Snorlax|0 fnt
|faint|p2a: Snorlax
|choice||switch 6
|
|switch|p2a: Alakazam|Alakazam|313\/313 par
|turn|35
|choice|move 1|move 4
|
|move|p1a: Starmie|Blizzard|p2a: Alakazam
|-crit|p2a: Alakazam
|-damage|p2a: Alakazam|163\/313 par
|cant|p2a: Alakazam|par
|
|turn|36
|choice|move 4|move 4
|
|move|p1a: Starmie|Surf|p2a: Alakazam
|-crit|p2a: Alakazam
|-damage|p2a: Alakazam|0 fnt
|faint|p2a: Alakazam
|choice||switch 3
|
|switch|p2a: Tauros|Tauros|266\/353 slp
|turn|37
|choice|move 4|move 2
|
|move|p1a: Starmie|Surf|p2a: Tauros
|-damage|p2a: Tauros|123\/353 slp
|cant|p2a: Tauros|slp
|
|turn|38
|choice|move 4|move 2
|
|move|p1a: Starmie|Surf|p2a: Tauros
|-damage|p2a: Tauros|0 fnt
|faint|p2a: Tauros
|choice||switch 2
|
|switch|p2a: Slowbro|Slowbro|154\/393
|turn|39
|choice|move 2|move 2
|
|move|p1a: Starmie|Thunderbolt|p2a: Slowbro
|-supereffective|p2a: Slowbro
|-damage|p2a: Slowbro|0 fnt
|faint|p2a: Slowbro
|
|win|xLucasx
|c|★xLucasx|gg
|raw|xLucasx's rating: 1094 &rarr; <strong>1119<\/strong><br \/>(+25 for winning)
|raw|nbstahl's rating: 1085 &rarr; <strong>1063<\/strong><br \/>(-22 for losing)