|j|Jozma
|j|business is cool
|player|p1|Jozma|102
|player|p2|business is cool|175
|gametype|singles
|gen|1
|tier|[Gen 1] OU
|rated
|seed|30219,50092,15457,44419
|rule|Sleep Clause Mod: Limit one foe put to sleep
|rule|Freeze Clause Mod: Limit one foe frozen
|rule|Species Clause: Limit one of each Pokémon
|rule|OHKO Clause: OHKO moves are banned
|rule|Evasion Moves Clause: Evasion moves are banned
|rule|HP Percentage Mod: HP is shown in percentages
|
|start
|switch|p1a: Alakazam|Alakazam|313\/313
|switch|p2a: Jynx|Jynx|333\/333
|turn|1
|choice|move 3|switch 6
|
|switch|p2a: Chansey|Chansey|703\/703
|move|p1a: Alakazam|Reflect|p1a: Alakazam
|-start|p1a: Alakazam|Reflect
|
|turn|2
|choice|move 2|move 4
|
|move|p1a: Alakazam|Hyper Beam|p2a: Chansey|[miss]
|-miss|p1a: Alakazam
|move|p2a: Chansey|Ice Beam|p1a: Alakazam
|-damage|p1a: Alakazam|254\/313
|-status|p1a: Alakazam|frz
|
|turn|3
|choice|move 2|switch 4
|
|switch|p2a: Tauros|Tauros|353\/353
|cant|p1a: Alakazam|frz
|
|turn|4
|choice|move 2|move 1
|
|cant|p1a: Alakazam|frz
|move|p2a: Tauros|Body Slam|p1a: Alakazam
|-damage|p1a: Alakazam|171\/313 frz
|
|turn|5
|choice|move 1|switch 6
|
|switch|p2a: Jynx|Jynx|333\/333
|cant|p1a: Alakazam|frz
|
|turn|6
|choice|move 1|move 2
|
|cant|p1a: Alakazam|frz
|move|p2a: Jynx|Blizzard|p1a: Alakazam|[miss]
|-miss|p2a: Jynx
|
|turn|7
|choice|move 1|switch 6
|
|switch|p2a: Tauros|Tauros|353\/353
|cant|p1a: Alakazam|frz
|
|turn|8
|choice|move 4|move 1
|
|cant|p1a: Alakazam|frz
|move|p2a: Tauros|Body Slam|p1a: Alakazam
|-damage|p1a: Alakazam|89\/313 frz
|
|turn|9
|choice|move 4|move 1
|
|cant|p1a: Alakazam|frz
|move|p2a: Tauros|Body Slam|p1a: Alakazam
|-crit|p1a: Alakazam
|-damage|p1a: Alakazam|0 fnt
|faint|p1a: Alakazam
|choice|switch 2|
|
|switch|p1a: Blastoise|Blastoise|361\/361
|turn|10
|choice|move 2|switch 4
|
|switch|p2a: Chansey|Chansey|703\/703
|move|p1a: Blastoise|Ice Beam|p2a: Chansey
|-damage|p2a: Chansey|634\/703
|
|turn|11
|choice|move 4|move 3
|
|move|p1a: Blastoise|Earthquake|p2a: Chansey
|-damage|p2a: Chansey|451\/703
|move|p2a: Chansey|Thunderbolt|p1a: Blastoise
|-supereffective|p1a: Blastoise
|-damage|p1a: Blastoise|194\/361
|
|turn|12
|choice|switch 4|move 3
|
|switch|p1a: Gengar|Gengar|323\/323
|move|p2a: Chansey|Thunderbolt|p1a: Gengar
|-damage|p1a: Gengar|257\/323
|
|turn|13
|choice|move 4|switch 6
|
|switch|p2a: Jynx|Jynx|333\/333
|move|p1a: Gengar|Psychic|p2a: Jynx
|-resisted|p2a: Jynx
|-damage|p2a: Jynx|291\/333
|-unboost|p2a: Jynx|spd|1
|-unboost|p2a: Jynx|spa|1
|
|turn|14
|choice|move 1|move 1
|
|move|p1a: Gengar|Thunder|p2a: Jynx
|-damage|p2a: Jynx|119\/333
|move|p2a: Jynx|Lovely Kiss|p1a: Gengar
|-status|p1a: Gengar|slp
|
|turn|15
|choice|move 1|move 3
|
|cant|p1a: Gengar|slp
|move|p2a: Jynx|Psychic|p1a: Gengar|[miss]
|-miss|p2a: Jynx
|
|turn|16
|choice|move 2|move 3
|
|-curestatus|p1a: Gengar|slp
|move|p2a: Jynx|Psychic|p1a: Gengar
|-crit|p1a: Gengar
|-supereffective|p1a: Gengar
|-damage|p1a: Gengar|0 fnt
|faint|p1a: Gengar
|choice|switch 5|
|
|switch|p1a: Dragonite|Dragonite|385\/385
|turn|17
|choice|move 4|move 1
|
|move|p2a: Jynx|Lovely Kiss|p1a: Dragonite
|-status|p1a: Dragonite|slp
|cant|p1a: Dragonite|slp
|
|turn|18
|choice|move 3|move 2
|
|move|p2a: Jynx|Blizzard|p1a: Dragonite
|-crit|p1a: Dragonite
|-supereffective|p1a: Dragonite
|-damage|p1a: Dragonite|0 fnt
|faint|p1a: Dragonite
|choice|switch 3|
|
|switch|p1a: Articuno|Articuno|383\/383
|turn|19
|choice|move 4|move 1
|
|move|p2a: Jynx|Lovely Kiss|p1a: Articuno|[miss]
|-miss|p2a: Jynx
|move|p1a: Articuno|Agility|p1a: Articuno
|-boost|p1a: Articuno|spe|2
|
|turn|20
|choice|move 3|move 1
|
|move|p1a: Articuno|Double-Edge|p2a: Jynx
|-damage|p2a: Jynx|1\/333
|-damage|p1a: Articuno|354\/383|[from] recoil|[of] p2a: Jynx
|move|p2a: Jynx|Lovely Kiss|p1a: Articuno
|-status|p1a: Articuno|slp
|
|turn|21
|choice|move 3|move 2
|
|cant|p1a: Articuno|slp
|move|p2a: Jynx|Blizzard|p1a: Articuno
|-damage|p1a: Articuno|272\/383 slp
|
|turn|22
|choice|move 3|move 3
|
|cant|p1a: Articuno|slp
|move|p2a: Jynx|Psychic|p1a: Articuno
|-damage|p1a: Articuno|213\/383 slp
|-unboost|p1a: Articuno|spd|1
|-unboost|p1a: Articuno|spa|1
|
|turn|23
|choice|move 3|move 2
|
|cant|p1a: Articuno|slp
|move|p2a: Jynx|Blizzard|p1a: Articuno
|-damage|p1a: Articuno|103\/383 slp
|
|turn|24
|choice|move 1|move 3
|
|cant|p1a: Articuno|slp
|move|p2a: Jynx|Psychic|p1a: Articuno
|-damage|p1a: Articuno|7\/383 slp
|
|turn|25
|choice|move 2|move 3
|
|cant|p1a: Articuno|slp
|move|p2a: Jynx|Psychic|p1a: Articuno
|-damage|p1a: Articuno|0 fnt
|faint|p1a: Articuno
|choice|switch 4|
|
|switch|p1a: Blastoise|Blastoise|194\/361
|turn|26
|choice|move 2|move 1
|
|move|p2a: Jynx|Lovely Kiss|p1a: Blastoise|[miss]
|-miss|p2a: Jynx
|move|p1a: Blastoise|Ice Beam|p2a: Jynx
|-resisted|p2a: Jynx
|-damage|p2a: Jynx|0 fnt
|faint|p2a: Jynx
|choice||switch 6
|
|switch|p2a: Chansey|Chansey|451\/703
|turn|27
|choice|move 4|move 3
|
|move|p1a: Blastoise|Earthquake|p2a: Chansey
|-damage|p2a: Chansey|264\/703
|move|p2a: Chansey|Thunderbolt|p1a: Blastoise
|-supereffective|p1a: Blastoise
|-damage|p1a: Blastoise|12\/361
|
|turn|28
|choice|switch 6|move 3
|
|switch|p1a: Moltres|Moltres|383\/383
|move|p2a: Chansey|Thunderbolt|p1a: Moltres
|-supereffective|p1a: Moltres
|-damage|p1a: Moltres|253\/383
|
|turn|29
|choice|move 1|move 1
|
|move|p1a: Moltres|Agility|p1a: Moltres
|-boost|p1a: Moltres|spe|2
|move|p2a: Chansey|Soft-Boiled|p2a: Chansey
|-heal|p2a: Chansey|615\/703
|
|turn|30
|choice|move 2|move 3
|
|move|p1a: Moltres|Fire Blast|p2a: Chansey
|-crit|p2a: Chansey
|-damage|p2a: Chansey|287\/703
|move|p2a: Chansey|Thunderbolt|p1a: Moltres
|-supereffective|p1a: Moltres
|-damage|p1a: Moltres|126\/383
|
|turn|31
|choice|move 2|move 1
|
|move|p1a: Moltres|Fire Blast|p2a: Chansey
|-damage|p2a: Chansey|139\/703
|-status|p2a: Chansey|brn
|move|p2a: Chansey|Soft-Boiled|p2a: Chansey
|-heal|p2a: Chansey|490\/703 brn
|-damage|p2a: Chansey|447\/703 brn|[from] brn
|
|turn|32
|choice|move 3|move 1
|
|move|p1a: Moltres|Double-Edge|p2a: Chansey
|-damage|p2a: Chansey|226\/703 brn
|-damage|p1a: Moltres|71\/383|[from] recoil|[of] p2a: Chansey
|move|p2a: Chansey|Soft-Boiled|p2a: Chansey
|-heal|p2a: Chansey|577\/703 brn
|-damage|p2a: Chansey|534\/703 brn|[from] brn
|
|turn|33
|choice|move 4|move 4
|
|move|p1a: Moltres|Reflect|p1a: Moltres
|-start|p1a: Moltres|Reflect
|move|p2a: Chansey|Ice Beam|p1a: Moltres
|-supereffective|p1a: Moltres
|-damage|p1a: Moltres|0 fnt
|faint|p1a: Moltres
|choice|switch 6|
|
|switch|p1a: Blastoise|Blastoise|12\/361
|turn|34
|choice|move 3|move 3
|
|move|p1a: Blastoise|Hydro Pump|p2a: Chansey
|-damage|p2a: Chansey|410\/703 brn
|move|p2a: Chansey|Thunderbolt|p1a: Blastoise
|-supereffective|p1a: Blastoise
|-damage|p1a: Blastoise|0 fnt
|faint|p1a: Blastoise
|
|win|business is cool
|player|p1
|player|p2
|raw|Jozma's rating: 1000 &rarr; <strong>1000<\/strong><br \/>(+0 for losing)
|raw|business is cool's rating: 1000 &rarr; <strong>1040<\/strong><br \/>(+40 for winning)
|c|★business is cool|gg
|l|Jozma