|j|golderzoa333
|j|Quinnova
|player|p1|golderzoa333|141
|player|p2|Quinnova|101
|gametype|singles
|gen|1
|tier|[Gen 1] Random Battle
|rated
|seed|18718,46926,11169,63388
|rule|Sleep Clause Mod: Limit one foe put to sleep
|rule|Freeze Clause Mod: Limit one foe frozen
|rule|HP Percentage Mod: HP is shown in percentages
|
|start
|switch|p1a: Nidoking|Nidoking, L85|311\/311
|switch|p2a: Magmar|Magmar, L90|300\/300
|turn|1
|choice|move 1|move 1
|
|move|p2a: Magmar|Confuse Ray|p1a: Nidoking
|-start|p1a: Nidoking|confusion
|-activate|p1a: Nidoking|confusion
|move|p1a: Nidoking|Earthquake|p2a: Magmar
|-supereffective|p2a: Magmar
|-damage|p2a: Magmar|24\/300
|
|turn|2
|choice|switch 2|move 3
|
|switch|p1a: Charmeleon|Charmeleon, L85|272\/272
|move|p2a: Magmar|Body Slam|p1a: Charmeleon
|-damage|p1a: Charmeleon|186\/272
|
|turn|3
|choice|move 3|move 1
|
|move|p2a: Magmar|Confuse Ray|p1a: Charmeleon
|-start|p1a: Charmeleon|confusion
|-activate|p1a: Charmeleon|confusion
|move|p1a: Charmeleon|Swords Dance|p1a: Charmeleon
|-boost|p1a: Charmeleon|atk|2
|
|turn|4
|choice|move 4|move 3
|
|move|p2a: Magmar|Body Slam|p1a: Charmeleon
|-damage|p1a: Charmeleon|98\/272
|-activate|p1a: Charmeleon|confusion
|move|p1a: Charmeleon|Body Slam|p2a: Magmar
|-damage|p2a: Magmar|0 fnt
|faint|p2a: Magmar
|choice||switch 4
|
|switch|p2a: Gyarados|Gyarados, L85|335\/335
|turn|5
|choice|switch 3|move 1
|
|switch|p1a: Porygon|Porygon, L85|284\/284
|move|p2a: Gyarados|Surf|p1a: Porygon
|-damage|p1a: Porygon|164\/284
|
|turn|6
|choice|move 4|move 4
|
|move|p2a: Gyarados|Body Slam|p1a: Porygon
|-crit|p1a: Porygon
|-damage|p1a: Porygon|1\/284
|move|p1a: Porygon|Thunder Wave|p2a: Gyarados
|-status|p2a: Gyarados|par
|
|turn|7
|choice|move 1|move 4
|
|move|p1a: Porygon|Recover|p1a: Porygon
|-heal|p1a: Porygon|143\/284
|move|p2a: Gyarados|Body Slam|p1a: Porygon
|-damage|p1a: Porygon|57\/284
|
|turn|8
|choice|move 1|move 3
|
|move|p1a: Porygon|Recover|p1a: Porygon
|-heal|p1a: Porygon|199\/284
|move|p2a: Gyarados|Blizzard|p1a: Porygon
|-damage|p1a: Porygon|105\/284
|
|turn|9
|choice|move 1|move 1
|
|move|p1a: Porygon|Recover|p1a: Porygon
|-heal|p1a: Porygon|247\/284
|move|p2a: Gyarados|Surf|p1a: Porygon
|-damage|p1a: Porygon|127\/284
|
|turn|10
|choice|move 1|move 4
|
|move|p1a: Porygon|Recover|p1a: Porygon
|-heal|p1a: Porygon|269\/284
|move|p2a: Gyarados|Body Slam|p1a: Porygon
|-damage|p1a: Porygon|191\/284
|
|turn|11
|choice|move 1|move 4
|
|move|p1a: Porygon|Recover|p1a: Porygon
|-heal|p1a: Porygon|284\/284
|move|p2a: Gyarados|Body Slam|p1a: Porygon
|-crit|p1a: Porygon
|-damage|p1a: Porygon|131\/284
|
|turn|12
|choice|move 1|move 4
|
|move|p1a: Porygon|Recover|p1a: Porygon
|-heal|p1a: Porygon|273\/284
|move|p2a: Gyarados|Body Slam|p1a: Porygon
|-damage|p1a: Porygon|195\/284
|
|turn|13
|choice|move 3|move 4
|
|move|p1a: Porygon|Thunderbolt|p2a: Gyarados
|-supereffective|p2a: Gyarados
|-damage|p2a: Gyarados|126\/335 par
|move|p2a: Gyarados|Body Slam|p1a: Porygon
|-damage|p1a: Porygon|115\/284
|
|turn|14
|choice|move 1|move 4
|
|move|p1a: Porygon|Recover|p1a: Porygon
|-heal|p1a: Porygon|257\/284
|move|p2a: Gyarados|Body Slam|p1a: Porygon
|-damage|p1a: Porygon|174\/284
|
|turn|15
|choice|move 3|move 4
|
|move|p1a: Porygon|Thunderbolt|p2a: Gyarados
|-supereffective|p2a: Gyarados
|-damage|p2a: Gyarados|0 fnt
|faint|p2a: Gyarados
|choice||switch 5
|
|switch|p2a: Gengar|Gengar, L79|257\/257
|turn|16
|choice|move 4|move 1
|
|move|p2a: Gengar|Hypnosis|p1a: Porygon|[miss]
|-miss|p2a: Gengar
|move|p1a: Porygon|Thunder Wave|p2a: Gengar
|-status|p2a: Gengar|par
|
|turn|17
|choice|move 1|move 1
|
|move|p1a: Porygon|Recover|p1a: Porygon
|-heal|p1a: Porygon|284\/284
|move|p2a: Gengar|Hypnosis|p1a: Porygon|[miss]
|-miss|p2a: Gengar
|
|turn|18
|choice|move 2|move 3
|
|move|p1a: Porygon|Blizzard|p2a: Gengar
|-damage|p2a: Gengar|198\/257 par
|move|p2a: Gengar|Explosion|p1a: Porygon
|-damage|p1a: Porygon|82\/284
|faint|p2a: Gengar
|choice||switch 3
|
|switch|p2a: Chansey|Chansey, L79|557\/557
|turn|19
|choice|move 1|move 4
|
|move|p2a: Chansey|Reflect|p2a: Chansey
|-start|p2a: Chansey|Reflect
|move|p1a: Porygon|Recover|p1a: Porygon
|-heal|p1a: Porygon|224\/284
|
|turn|20
|choice|move 4|move 3
|
|move|p2a: Chansey|Thunderbolt|p1a: Porygon
|-damage|p1a: Porygon|157\/284
|move|p1a: Porygon|Thunder Wave|p2a: Chansey
|-status|p2a: Chansey|par
|
|turn|21
|choice|switch 6|move 3
|
|switch|p1a: Weezing|Weezing, L90|300\/300
|move|p2a: Chansey|Thunderbolt|p1a: Weezing
|-damage|p1a: Weezing|245\/300
|
|turn|22
|choice|move 3|move 3
|
|move|p1a: Weezing|Sludge|p2a: Chansey
|-crit|p2a: Chansey
|-damage|p2a: Chansey|143\/557 par
|move|p2a: Chansey|Thunderbolt|p1a: Weezing
|-damage|p1a: Weezing|184\/300
|
|turn|23
|choice|move 3|move 1
|
|move|p1a: Weezing|Sludge|p2a: Chansey
|-damage|p2a: Chansey|43\/557 par
|cant|p2a: Chansey|par
|
|turn|24
|choice|move 3|move 1
|
|move|p1a: Weezing|Sludge|p2a: Chansey
|-damage|p2a: Chansey|0 fnt
|faint|p2a: Chansey
|choice||switch 6
|
|switch|p2a: Graveler|Graveler, L85|267\/267
|turn|25
|choice|switch 5|move 2
|
|switch|p1a: Exeggutor|Exeggutor, L79|312\/312
|move|p2a: Graveler|Earthquake|p1a: Exeggutor
|-resisted|p1a: Exeggutor
|-damage|p1a: Exeggutor|254\/312
|
|turn|26
|choice|move 1|move 4
|
|move|p1a: Exeggutor|Sleep Powder|p2a: Graveler|[miss]
|-miss|p1a: Exeggutor
|move|p2a: Graveler|Body Slam|p1a: Exeggutor
|-damage|p1a: Exeggutor|186\/312
|
|turn|27
|choice|move 4|move 4
|
|move|p1a: Exeggutor|Mega Drain|p2a: Graveler
|-supereffective|p2a: Graveler
|-damage|p2a: Graveler|7\/267
|-heal|p1a: Exeggutor|312\/312|[from] drain|[of] p2a: Graveler
|move|p2a: Graveler|Body Slam|p1a: Exeggutor
|-damage|p1a: Exeggutor|251\/312
|-status|p1a: Exeggutor|par
|
|turn|28
|choice|move 4|move 1
|
|move|p2a: Graveler|Explosion|p1a: Exeggutor
|-damage|p1a: Exeggutor|2\/312 par
|faint|p2a: Graveler
|choice||switch 2
|
|switch|p2a: Golduck|Golduck, L85|310\/310
|turn|29
|choice|switch 4|move 3
|
|switch|p1a: Electrode|Electrode, L90|291\/291
|move|p2a: Golduck|Ice Beam|p1a: Electrode
|-damage|p1a: Electrode|229\/291
|
|turn|30
|choice|move 2|move 1
|
|move|p1a: Electrode|Thunder Wave|p2a: Golduck
|-status|p2a: Golduck|par
|move|p2a: Golduck|Amnesia|p2a: Golduck
|-boost|p2a: Golduck|spd|2
|-boost|p2a: Golduck|spa|2
|
|turn|31
|choice|move 4|move 2
|
|move|p1a: Electrode|Screech|p2a: Golduck
|-unboost|p2a: Golduck|def|2
|move|p2a: Golduck|Surf|p1a: Electrode
|-damage|p1a: Electrode|59\/291
|
|turn|32
|choice|move 1|move 2
|
|move|p1a: Electrode|Explosion|p2a: Golduck
|-damage|p2a: Golduck|0 fnt
|faint|p2a: Golduck
|faint|p1a: Electrode
|
|win|golderzoa333
|player|p1
|player|p2
|raw|golderzoa333's rating: 1000 &rarr; <strong>1040<\/strong><br \/>(+40 for winning)
|raw|Quinnova's rating: 1000 &rarr; <strong>1000<\/strong><br \/>(+0 for losing)
|c|★Quinnova|gg
|c|★golderzoa333|gg