|j|MALESANI
|j|SuperSunaArashi
|player|p1|MALESANI|238
|player|p2|SuperSunaArashi|161
|gametype|singles
|gen|1
|tier|[Gen 1] Random Battle
|rated
|seed|11151,5505,36714,41334
|rule|Sleep Clause Mod: Limit one foe put to sleep
|rule|Freeze Clause Mod: Limit one foe frozen
|rule|HP Percentage Mod: HP is shown in percentages
|
|start
|switch|p1a: Magikarp|Magikarp, L99|240\/240
|switch|p2a: Clefable|Clefable, L85|335\/335
|turn|1
|choice|move 2|move 1
|
|move|p1a: Magikarp|Dragon Rage|p2a: Clefable
|-damage|p2a: Clefable|295\/335
|move|p2a: Clefable|Thunder|p1a: Magikarp|[miss]
|-miss|p2a: Clefable
|
|turn|2
|choice|move 2|move 1
|
|move|p1a: Magikarp|Dragon Rage|p2a: Clefable
|-damage|p2a: Clefable|255\/335
|move|p2a: Clefable|Thunder|p1a: Magikarp|[miss]
|-miss|p2a: Clefable
|
|turn|3
|choice|move 2|move 1
|
|move|p1a: Magikarp|Dragon Rage|p2a: Clefable
|-damage|p2a: Clefable|215\/335
|move|p2a: Clefable|Thunder|p1a: Magikarp
|-supereffective|p1a: Magikarp
|-damage|p1a: Magikarp|0 fnt
|faint|p1a: Magikarp
|choice|switch 4|
|
|switch|p1a: Jolteon|Jolteon, L79|265\/265
|turn|4
|choice|move 1|move 4
|
|move|p1a: Jolteon|Thunderbolt|p2a: Clefable
|-damage|p2a: Clefable|110\/335
|move|p2a: Clefable|Sing|p1a: Jolteon|[miss]
|-miss|p2a: Clefable
|
|turn|5
|choice|move 1|move 4
|
|move|p1a: Jolteon|Thunderbolt|p2a: Clefable
|-damage|p2a: Clefable|9\/335
|move|p2a: Clefable|Sing|p1a: Jolteon
|-status|p1a: Jolteon|slp
|
|turn|6
|choice|switch 6|move 2
|
|switch|p1a: Dragonite|Dragonite, L85|328\/328
|move|p2a: Clefable|Blizzard|p1a: Dragonite
|-supereffective|p1a: Dragonite
|-damage|p1a: Dragonite|29\/328
|
|turn|7
|choice|move 2|move 3
|
|move|p1a: Dragonite|Thunderbolt|p2a: Clefable
|-damage|p2a: Clefable|0 fnt
|faint|p2a: Clefable
|choice||switch 6
|
|switch|p2a: Jynx|Jynx, L79|265\/265
|turn|8
|choice|switch 3|move 2
|
|switch|p1a: Chansey|Chansey, L79|557\/557
|move|p2a: Jynx|Psychic|p1a: Chansey
|-crit|p1a: Chansey
|-damage|p1a: Chansey|408\/557
|-unboost|p1a: Chansey|spd|1
|-unboost|p1a: Chansey|spa|1
|
|turn|9
|choice|move 4|move 1
|
|move|p2a: Jynx|Blizzard|p1a: Chansey
|-damage|p1a: Chansey|254\/557
|move|p1a: Chansey|Thunder Wave|p2a: Jynx
|-status|p2a: Jynx|par
|
|turn|10
|choice|move 1|move 1
|
|move|p1a: Chansey|Soft-Boiled|p1a: Chansey
|-heal|p1a: Chansey|532\/557
|move|p2a: Jynx|Blizzard|p1a: Chansey
|-damage|p1a: Chansey|382\/557
|
|turn|11
|choice|move 3|switch 5
|
|switch|p2a: Charmeleon|Charmeleon, L85|272\/272
|move|p1a: Chansey|Ice Beam|p2a: Charmeleon
|-damage|p2a: Charmeleon|220\/272
|-status|p2a: Charmeleon|frz
|
|turn|12
|choice|move 1|move 3
|
|cant|p2a: Charmeleon|frz
|move|p1a: Chansey|Soft-Boiled|p1a: Chansey
|-heal|p1a: Chansey|557\/557
|
|turn|13
|choice|switch 3|move 3
|
|switch|p1a: Dragonite|Dragonite, L85|29\/328
|cant|p2a: Charmeleon|frz
|
|turn|14
|choice|move 1|switch 5
|
|switch|p2a: Jynx|Jynx, L79|265\/265 par
|move|p1a: Dragonite|Agility|p1a: Dragonite
|-boost|p1a: Dragonite|spe|2
|
|turn|15
|choice|move 4|move 1
|
|move|p1a: Dragonite|Hyper Beam|p2a: Jynx
|-damage|p2a: Jynx|45\/265 par
|cant|p2a: Jynx|par
|
|turn|16
|-mustrecharge|p1a: Dragonite
|-mustrecharge|p1a: Dragonite
|choice|move 1|move 1
|
|cant|p1a: Dragonite|recharge
|move|p2a: Jynx|Blizzard|p1a: Dragonite
|-supereffective|p1a: Dragonite
|-damage|p1a: Dragonite|0 fnt
|faint|p1a: Dragonite
|choice|switch 2|
|
|switch|p1a: Mewtwo|Mewtwo, L70|293\/293
|turn|17
|choice|move 1|move 1
|
|move|p1a: Mewtwo|Psychic|p2a: Jynx
|-resisted|p2a: Jynx
|-damage|p2a: Jynx|0 fnt
|faint|p2a: Jynx
|choice||switch 3
|
|switch|p2a: Hypno|Hypno, L85|318\/318
|turn|18
|choice|switch 3|move 3
|
|switch|p1a: Chansey|Chansey, L79|557\/557
|move|p2a: Hypno|Thunder Wave|p1a: Chansey
|-status|p1a: Chansey|par
|
|turn|19
|choice|move 4|move 1
|
|move|p2a: Hypno|Psychic|p1a: Chansey
|-damage|p1a: Chansey|446\/557 par
|move|p1a: Chansey|Thunder Wave|p2a: Hypno
|-status|p2a: Hypno|par
|
|turn|20
|choice|move 3|switch 5
|
|switch|p2a: Charmeleon|Charmeleon, L85|220\/272 frz
|cant|p1a: Chansey|par
|
|turn|21
|choice|move 1|move 3
|
|cant|p2a: Charmeleon|frz
|move|p1a: Chansey|Soft-Boiled|p1a: Chansey
|-heal|p1a: Chansey|557\/557 par
|
|turn|22
|choice|move 3|move 3
|
|cant|p2a: Charmeleon|frz
|move|p1a: Chansey|Ice Beam|p2a: Charmeleon
|-damage|p2a: Charmeleon|148\/272 frz
|
|turn|23
|choice|move 3|move 3
|
|cant|p2a: Charmeleon|frz
|move|p1a: Chansey|Ice Beam|p2a: Charmeleon
|-damage|p2a: Charmeleon|72\/272 frz
|
|turn|24
|choice|move 3|move 3
|
|cant|p2a: Charmeleon|frz
|move|p1a: Chansey|Ice Beam|p2a: Charmeleon
|-damage|p2a: Charmeleon|0 fnt
|faint|p2a: Charmeleon
|choice||switch 2
|
|switch|p2a: Parasect|Parasect, L90|291\/291
|turn|25
|choice|move 3|move 4
|
|move|p2a: Parasect|Slash|p1a: Chansey
|-crit|p1a: Chansey
|-damage|p1a: Chansey|263\/557 par
|move|p1a: Chansey|Ice Beam|p2a: Parasect
|-supereffective|p2a: Parasect
|-damage|p2a: Parasect|171\/291
|
|turn|26
|choice|switch 3|move 4
|
|switch|p1a: Mewtwo|Mewtwo, L70|293\/293
|move|p2a: Parasect|Slash|p1a: Mewtwo
|-crit|p1a: Mewtwo
|-damage|p1a: Mewtwo|160\/293
|
|turn|27
|choice|move 1|switch 5
|
|switch|p2a: Hypno|Hypno, L85|318\/318 par
|move|p1a: Mewtwo|Psychic|p2a: Hypno
|-resisted|p2a: Hypno
|-damage|p2a: Hypno|279\/318 par
|
|turn|28
|choice|switch 3|move 1
|
|switch|p1a: Chansey|Chansey, L79|263\/557 par
|cant|p2a: Hypno|par
|
|turn|29
|choice|move 1|move 1
|
|move|p2a: Hypno|Psychic|p1a: Chansey
|-damage|p1a: Chansey|161\/557 par
|cant|p1a: Chansey|par
|
|turn|30
|choice|move 1|move 1
|
|cant|p2a: Hypno|par
|move|p1a: Chansey|Soft-Boiled|p1a: Chansey
|-heal|p1a: Chansey|439\/557 par
|
|turn|31
|choice|move 3|switch 5
|
|switch|p2a: Parasect|Parasect, L90|171\/291
|move|p1a: Chansey|Ice Beam|p2a: Parasect
|-supereffective|p2a: Parasect
|-damage|p2a: Parasect|39\/291
|
|turn|32
|choice|move 4|move 4
|
|move|p2a: Parasect|Slash|p1a: Chansey
|-damage|p1a: Chansey|286\/557 par
|cant|p1a: Chansey|par
|
|turn|33
|choice|move 4|move 4
|
|move|p2a: Parasect|Slash|p1a: Chansey
|-crit|p1a: Chansey
|-damage|p1a: Chansey|13\/557 par
|cant|p1a: Chansey|par
|
|turn|34
|choice|move 4|move 1
|
|move|p2a: Parasect|Body Slam|p1a: Chansey
|-damage|p1a: Chansey|0 fnt
|faint|p1a: Chansey
|choice|switch 3|
|
|switch|p1a: Mewtwo|Mewtwo, L70|160\/293
|turn|35
|choice|move 1|switch 5
|
|switch|p2a: Hypno|Hypno, L85|279\/318 par
|move|p1a: Mewtwo|Psychic|p2a: Hypno
|-crit|p2a: Hypno
|-resisted|p2a: Hypno
|-damage|p2a: Hypno|207\/318 par
|
|turn|36
|choice|move 3|move 3
|
|move|p1a: Mewtwo|Hyper Beam|p2a: Hypno
|-crit|p2a: Hypno
|-damage|p2a: Hypno|42\/318 par
|move|p2a: Hypno|Thunder Wave|p1a: Mewtwo
|-status|p1a: Mewtwo|par
|
|turn|37
|-mustrecharge|p1a: Mewtwo
|-mustrecharge|p1a: Mewtwo
|choice|move 1|switch 5
|
|switch|p2a: Parasect|Parasect, L90|39\/291
|cant|p1a: Mewtwo|recharge
|
|turn|38
|choice|move 4|move 4
|
|move|p2a: Parasect|Slash|p1a: Mewtwo
|-damage|p1a: Mewtwo|92\/293 par
|move|p1a: Mewtwo|Recover|p1a: Mewtwo
|-heal|p1a: Mewtwo|238\/293 par
|
|turn|39
|choice|move 1|move 4
|
|move|p2a: Parasect|Slash|p1a: Mewtwo|[miss]
|-miss|p2a: Parasect
|move|p1a: Mewtwo|Psychic|p2a: Parasect
|-damage|p2a: Parasect|0 fnt
|faint|p2a: Parasect
|choice||switch 5
|
|switch|p2a: Hypno|Hypno, L85|42\/318 par
|turn|40
|choice|move 2|move 1
|
|move|p1a: Mewtwo|Thunderbolt|p2a: Hypno
|-damage|p2a: Hypno|0 fnt
|faint|p2a: Hypno
|choice||switch 4
|
|switch|p2a: Wigglytuff|Wigglytuff, L90|435\/435
|turn|41
|choice|move 1|move 4
|
|move|p2a: Wigglytuff|Hyper Beam|p1a: Mewtwo
|-damage|p1a: Mewtwo|61\/293 par
|move|p1a: Mewtwo|Psychic|p2a: Wigglytuff
|-damage|p2a: Wigglytuff|315\/435
|
|turn|42
|-mustrecharge|p2a: Wigglytuff
|-mustrecharge|p2a: Wigglytuff
|choice|move 4|move 1
|
|cant|p2a: Wigglytuff|recharge
|move|p1a: Mewtwo|Recover|p1a: Mewtwo
|-heal|p1a: Mewtwo|207\/293 par
|
|turn|43
|choice|switch 5|move 4
|
|switch|p1a: Rhydon|Rhydon, L79|328\/328
|move|p2a: Wigglytuff|Hyper Beam|p1a: Rhydon
|-resisted|p1a: Rhydon
|-damage|p1a: Rhydon|265\/328
|
|turn|44
|-mustrecharge|p2a: Wigglytuff
|-mustrecharge|p2a: Wigglytuff
|choice|move 1|move 1
|
|cant|p2a: Wigglytuff|recharge
|move|p1a: Rhydon|Earthquake|p2a: Wigglytuff
|-damage|p2a: Wigglytuff|168\/435
|
|turn|45
|choice|move 3|move 1
|
|move|p2a: Wigglytuff|Blizzard|p1a: Rhydon
|-supereffective|p1a: Rhydon
|-damage|p1a: Rhydon|53\/328
|move|p1a: Rhydon|Substitute|p1a: Rhydon
|-fail|p1a: Rhydon|move: Substitute|[weak]
|
|turn|46
|choice|move 2|move 1
|
|move|p2a: Wigglytuff|Blizzard|p1a: Rhydon
|-supereffective|p1a: Rhydon
|-damage|p1a: Rhydon|0 fnt
|faint|p1a: Rhydon
|choice|switch 5|
|
|switch|p1a: Mewtwo|Mewtwo, L70|207\/293 par
|turn|47
|choice|move 4|move 1
|
|move|p2a: Wigglytuff|Blizzard|p1a: Mewtwo|[miss]
|-miss|p2a: Wigglytuff
|move|p1a: Mewtwo|Recover|p1a: Mewtwo
|-heal|p1a: Mewtwo|293\/293 par
|
|turn|48
|choice|move 1|move 1
|
|move|p2a: Wigglytuff|Blizzard|p1a: Mewtwo
|-damage|p1a: Mewtwo|236\/293 par
|cant|p1a: Mewtwo|par
|
|turn|49
|choice|move 1|move 1
|
|move|p2a: Wigglytuff|Blizzard|p1a: Mewtwo
|-damage|p1a: Mewtwo|179\/293 par
|cant|p1a: Mewtwo|par
|
|turn|50
|choice|move 4|move 4
|
|move|p2a: Wigglytuff|Hyper Beam|p1a: Mewtwo
|-damage|p1a: Mewtwo|0 fnt
|faint|p1a: Mewtwo
|choice|switch 6|
|
|switch|p1a: Jolteon|Jolteon, L79|265\/265 slp
|turn|51
|choice|move 3|move 4
|
|-curestatus|p1a: Jolteon|slp
|move|p2a: Wigglytuff|Hyper Beam|p1a: Jolteon|[miss]
|-miss|p2a: Wigglytuff
|
|turn|52
|choice|move 1|move 2
|
|move|p1a: Jolteon|Thunderbolt|p2a: Wigglytuff
|-crit|p2a: Wigglytuff
|-damage|p2a: Wigglytuff|0 fnt
|faint|p2a: Wigglytuff
|
|win|MALESANI
|player|p1
|player|p2
|raw|MALESANI's rating: 1339 &rarr; <strong>1348<\/strong><br \/>(+9 for winning)
|raw|SuperSunaArashi's rating: 1132 &rarr; <strong>1120<\/strong><br \/>(-12 for losing)
|c|★SuperSunaArashi|gg