|j|smilzo
|j|marcoasd
|player|p1|smilzo|157
|player|p2|marcoasd|266
|gametype|singles
|gen|1
|tier|[Gen 1] OU
|seed|47151,24782,57136,42712
|rule|Sleep Clause Mod: Limit one foe put to sleep
|rule|Freeze Clause Mod: Limit one foe frozen
|rule|Species Clause: Limit one of each Pokémon
|rule|OHKO Clause: OHKO moves are banned
|rule|Evasion Moves Clause: Evasion moves are banned
|rule|HP Percentage Mod: HP is shown in percentages
|
|start
|switch|p1a: Gengar|Gengar, M|323\/323
|switch|p2a: Jolteon|Jolteon, M|333\/333
|turn|1
|choice|move 1|move 1
|
|move|p2a: Jolteon|Thunder Wave|p1a: Gengar
|-status|p1a: Gengar|par
|cant|p1a: Gengar|par
|
|turn|2
|choice|move 1|move 2
|
|move|p2a: Jolteon|Thunderbolt|p1a: Gengar
|-crit|p1a: Gengar
|-damage|p1a: Gengar|141\/323 par
|move|p1a: Gengar|Hypnosis|p2a: Jolteon|[miss]
|-miss|p1a: Gengar
|
|turn|3
|choice|move 4|switch 3
|
|switch|p2a: Golem|Golem, M|363\/363
|move|p1a: Gengar|Explosion|p2a: Golem
|-crit|p2a: Golem
|-resisted|p2a: Golem
|-damage|p2a: Golem|194\/363
|faint|p1a: Gengar
|choice|switch 3|
|
|switch|p1a: Exeggutor|Exeggutor, M|393\/393
|turn|4
|choice|move 1|move 4
|
|move|p1a: Exeggutor|Sleep Powder|p2a: Golem
|-status|p2a: Golem|slp
|cant|p2a: Golem|slp
|
|turn|5
|choice|move 2|switch 5
|
|switch|p2a: Starmie|Starmie|323\/323
|move|p1a: Exeggutor|Stun Spore|p2a: Starmie
|-status|p2a: Starmie|par
|
|turn|6
|choice|switch 4|move 3
|
|switch|p1a: Chansey|Chansey|703\/703
|move|p2a: Starmie|Thunder Wave|p1a: Chansey
|-status|p1a: Chansey|par
|
|turn|7
|choice|move 2|switch 4
|
|switch|p2a: Snorlax|Snorlax, M|523\/523
|move|p1a: Chansey|Ice Beam|p2a: Snorlax
|-damage|p2a: Snorlax|429\/523
|
|turn|8
|choice|switch 5|move 2
|
|switch|p1a: Snorlax|Snorlax, M|523\/523
|move|p2a: Snorlax|Earthquake|p1a: Snorlax
|-damage|p1a: Snorlax|415\/523
|
|turn|9
|choice|move 2|move 2
|
|move|p2a: Snorlax|Earthquake|p1a: Snorlax
|-damage|p1a: Snorlax|305\/523
|move|p1a: Snorlax|Earthquake|p2a: Snorlax
|-damage|p2a: Snorlax|318\/523
|
|turn|10
|choice|move 3|move 2
|
|move|p1a: Snorlax|Reflect|p1a: Snorlax
|-start|p1a: Snorlax|Reflect
|move|p2a: Snorlax|Earthquake|p1a: Snorlax
|-damage|p1a: Snorlax|247\/523
|
|turn|11
|choice|move 1|switch 4
|
|switch|p2a: Starmie|Starmie|323\/323 par
|move|p1a: Snorlax|Body Slam|p2a: Starmie
|-damage|p2a: Starmie|199\/323 par
|
|turn|12
|choice|move 1|move 4
|
|move|p1a: Snorlax|Body Slam|p2a: Starmie
|-damage|p2a: Starmie|82\/323 par
|cant|p2a: Starmie|par
|
|turn|13
|choice|move 2|move 4
|
|move|p1a: Snorlax|Earthquake|p2a: Starmie
|-damage|p2a: Starmie|0 fnt
|faint|p2a: Starmie
|choice||switch 2
|
|switch|p2a: Victreebel|Victreebel, M|363\/363
|turn|14
|c|★smilzo|huh
|choice|switch 5|move 2
|
|switch|p1a: Chansey|Chansey|703\/703 par
|move|p2a: Victreebel|Razor Leaf|p1a: Chansey
|-crit|p1a: Chansey
|-damage|p1a: Chansey|577\/703 par
|
|turn|15
|choice|move 2|move 3
|
|move|p2a: Victreebel|Wrap|p1a: Chansey
|-damage|p1a: Chansey|546\/703 par
|-activate|p1a: Chansey|move: Wrap|[of] p2a: Victreebel
|cant|p1a: Chansey|partiallytrapped
|
|turn|16
|choice|switch 4|switch 4
|
|switch|p2a: Snorlax|Snorlax, M|318\/523
|switch|p1a: Exeggutor|Exeggutor, M|393\/393
|
|turn|17
|choice|move 3|move 4
|
|move|p1a: Exeggutor|Psychic|p2a: Snorlax
|-crit|p2a: Snorlax
|-damage|p2a: Snorlax|0 fnt
|faint|p2a: Snorlax
|c|★marcoasd|dio porco
|c|★smilzo|soz
|c|★marcoasd|ero scoppiato
|choice||switch 4
|
|switch|p2a: Victreebel|Victreebel, M|363\/363
|turn|18
|choice|switch 4|move 1
|
|switch|p1a: Chansey|Chansey|546\/703 par
|move|p2a: Victreebel|Sleep Powder|p1a: Chansey
|-fail|p1a: Chansey
|
|turn|19
|choice|move 2|move 3
|
|move|p2a: Victreebel|Wrap|p1a: Chansey
|-damage|p1a: Chansey|513\/703 par
|-activate|p1a: Chansey|move: Wrap|[of] p2a: Victreebel
|cant|p1a: Chansey|partiallytrapped
|
|turn|20
|choice|switch 4|move 3
|
|switch|p1a: Exeggutor|Exeggutor, M|393\/393
|move|p2a: Victreebel|Wrap|p1a: Exeggutor
|-damage|p1a: Exeggutor|378\/393
|-activate|p1a: Exeggutor|move: Wrap|[of] p2a: Victreebel
|
|turn|21
|choice|switch 4|move 3
|
|switch|p1a: Chansey|Chansey|513\/703 par
|move|p2a: Victreebel|Wrap|p1a: Chansey|[miss]
|-miss|p2a: Victreebel
|
|turn|22
|choice|move 2|move 3
|
|move|p2a: Victreebel|Wrap|p1a: Chansey
|-damage|p1a: Chansey|479\/703 par
|-activate|p1a: Chansey|move: Wrap|[of] p2a: Victreebel
|cant|p1a: Chansey|partiallytrapped
|
|turn|23
|choice|switch 4|move 3
|
|switch|p1a: Exeggutor|Exeggutor, M|378\/393
|move|p2a: Victreebel|Wrap|p1a: Exeggutor
|-damage|p1a: Exeggutor|364\/393
|-activate|p1a: Exeggutor|move: Wrap|[of] p2a: Victreebel
|
|turn|24
|choice|switch 2|move 3
|
|switch|p1a: Starmie|Starmie|323\/323
|move|p2a: Victreebel|Wrap|p1a: Starmie
|-damage|p1a: Starmie|309\/323
|-activate|p1a: Starmie|move: Wrap|[of] p2a: Victreebel
|
|turn|25
|choice|move 2|switch 3
|
|switch|p2a: Jolteon|Jolteon, M|333\/333
|cant|p1a: Starmie|partiallytrapped
|
|-end|p1a: Starmie|Wrap|[partiallytrapped]
|turn|26
|choice|switch 4|move 2
|
|switch|p1a: Chansey|Chansey|479\/703 par
|move|p2a: Jolteon|Thunderbolt|p1a: Chansey
|-damage|p1a: Chansey|371\/703 par
|
|turn|27
|choice|move 4|move 3
|
|move|p2a: Jolteon|Double Kick|p1a: Chansey
|-supereffective|p1a: Chansey
|-damage|p1a: Chansey|268\/703 par
|-damage|p1a: Chansey|165\/703 par
|-hitcount|p1a: Chansey|2
|move|p1a: Chansey|Soft-Boiled|p1a: Chansey
|-heal|p1a: Chansey|516\/703 par
|
|turn|28
|choice|move 1|move 3
|
|move|p2a: Jolteon|Double Kick|p1a: Chansey
|-supereffective|p1a: Chansey
|-damage|p1a: Chansey|410\/703 par
|-damage|p1a: Chansey|304\/703 par
|-hitcount|p1a: Chansey|2
|cant|p1a: Chansey|par
|
|turn|29
|choice|move 4|move 3
|
|move|p2a: Jolteon|Double Kick|p1a: Chansey
|-supereffective|p1a: Chansey
|-damage|p1a: Chansey|205\/703 par
|-damage|p1a: Chansey|106\/703 par
|-hitcount|p1a: Chansey|2
|move|p1a: Chansey|Soft-Boiled|p1a: Chansey
|-heal|p1a: Chansey|457\/703 par
|
|turn|30
|choice|switch 2|move 3
|
|switch|p1a: Exeggutor|Exeggutor, M|364\/393
|move|p2a: Jolteon|Double Kick|p1a: Exeggutor
|-resisted|p1a: Exeggutor
|-damage|p1a: Exeggutor|354\/393
|-damage|p1a: Exeggutor|344\/393
|-hitcount|p1a: Exeggutor|2
|
|turn|31
|choice|move 2|move 1
|
|move|p2a: Jolteon|Thunder Wave|p1a: Exeggutor
|-status|p1a: Exeggutor|par
|move|p1a: Exeggutor|Stun Spore|p2a: Jolteon
|-status|p2a: Jolteon|par
|
|turn|32
|choice|move 3|move 4
|
|cant|p2a: Jolteon|par
|cant|p1a: Exeggutor|par
|
|turn|33
|choice|move 3|move 4
|
|move|p2a: Jolteon|Pin Missile|p1a: Exeggutor
|-crit|p1a: Exeggutor
|-supereffective|p1a: Exeggutor
|-damage|p1a: Exeggutor|267\/393 par
|-damage|p1a: Exeggutor|190\/393 par
|-hitcount|p1a: Exeggutor|2
|move|p1a: Exeggutor|Psychic|p2a: Jolteon
|-damage|p2a: Jolteon|225\/333 par
|
|turn|34
|choice|switch 5|switch 5
|
|switch|p2a: Golem|Golem, M|194\/363 slp
|switch|p1a: Snorlax|Snorlax, M|247\/523
|
|turn|35
|choice|move 3|move 1
|
|cant|p2a: Golem|slp
|move|p1a: Snorlax|Reflect|p1a: Snorlax
|-start|p1a: Snorlax|Reflect
|
|turn|36
|choice|move 2|move 1
|
|cant|p2a: Golem|slp
|move|p1a: Snorlax|Earthquake|p2a: Golem
|-supereffective|p2a: Golem
|-damage|p2a: Golem|65\/363 slp
|
|turn|37
|choice|move 2|move 1
|
|cant|p2a: Golem|slp
|move|p1a: Snorlax|Earthquake|p2a: Golem
|-supereffective|p2a: Golem
|-damage|p2a: Golem|0 fnt
|faint|p2a: Golem
|choice||switch 3
|
|switch|p2a: Victreebel|Victreebel, M|363\/363
|turn|38
|choice|switch 2|move 2
|
|switch|p1a: Chansey|Chansey|457\/703 par
|move|p2a: Victreebel|Razor Leaf|p1a: Chansey
|-crit|p1a: Chansey
|-damage|p1a: Chansey|325\/703 par
|
|turn|39
|choice|move 4|move 3
|
|move|p2a: Victreebel|Wrap|p1a: Chansey
|-crit|p1a: Chansey
|-damage|p1a: Chansey|260\/703 par
|-activate|p1a: Chansey|move: Wrap|[of] p2a: Victreebel
|cant|p1a: Chansey|partiallytrapped
|
|turn|40
|choice|switch 4|move 3
|
|switch|p1a: Starmie|Starmie|309\/323
|move|p2a: Victreebel|Wrap|p1a: Starmie
|-damage|p1a: Starmie|294\/323
|-activate|p1a: Starmie|move: Wrap|[of] p2a: Victreebel
|
|turn|41
|choice|move 2|move 3
|
|cant|p1a: Starmie|partiallytrapped
|move|p2a: Victreebel|Wrap|p1a: Starmie|[from]Wrap
|-damage|p1a: Starmie|279\/323
|
|-end|p1a: Starmie|Wrap|[partiallytrapped]
|turn|42
|choice|move 1|switch 5
|
|switch|p2a: Jolteon|Jolteon, M|225\/333 par
|move|p1a: Starmie|Thunder Wave|p2a: Jolteon
|-fail|p2a: Jolteon|par
|
|turn|43
|choice|switch 5|move 2
|
|switch|p1a: Exeggutor|Exeggutor, M|190\/393 par
|move|p2a: Jolteon|Thunderbolt|p1a: Exeggutor
|-resisted|p1a: Exeggutor
|-damage|p1a: Exeggutor|141\/393 par
|
|turn|44
|choice|move 4|move 4
|
|move|p2a: Jolteon|Pin Missile|p1a: Exeggutor|[miss]
|-miss|p2a: Jolteon
|move|p1a: Exeggutor|Explosion|p2a: Jolteon
|-damage|p2a: Jolteon|0 fnt
|faint|p2a: Jolteon
|faint|p1a: Exeggutor
|choice|switch 5|switch 6
|
|switch|p2a: Alakazam|Alakazam, M|313\/313
|switch|p1a: Starmie|Starmie|279\/323
|turn|45
|choice|switch 4|move 1
|
|switch|p1a: Chansey|Chansey|260\/703 par
|move|p2a: Alakazam|Psychic|p1a: Chansey
|-crit|p1a: Chansey
|-damage|p1a: Chansey|33\/703 par
|-unboost|p1a: Chansey|spd|1
|-unboost|p1a: Chansey|spa|1
|
|turn|46
|choice|move 2|move 1
|
|move|p2a: Alakazam|Psychic|p1a: Chansey
|-damage|p1a: Chansey|0 fnt
|faint|p1a: Chansey
|choice|switch 6|
|
|switch|p1a: Tauros|Tauros|353\/353
|turn|47
|choice|move 1|move 3
|
|move|p2a: Alakazam|Thunder Wave|p1a: Tauros
|-status|p1a: Tauros|par
|move|p1a: Tauros|Body Slam|p2a: Alakazam
|-damage|p2a: Alakazam|151\/313
|
|turn|48
|choice|move 1|move 2
|
|move|p2a: Alakazam|Reflect|p2a: Alakazam
|-start|p2a: Alakazam|Reflect
|move|p1a: Tauros|Body Slam|p2a: Alakazam
|-crit|p2a: Alakazam
|-damage|p2a: Alakazam|0 fnt
|faint|p2a: Alakazam
|c|★smilzo|rip
|c|★marcoasd|rip never forget
|choice||switch 5
|
|switch|p2a: Victreebel|Victreebel, M|363\/363
|turn|49
|choice|move 1|move 2
|
|move|p2a: Victreebel|Razor Leaf|p1a: Tauros
|-crit|p1a: Tauros
|-damage|p1a: Tauros|187\/353 par
|move|p1a: Tauros|Body Slam|p2a: Victreebel
|-damage|p2a: Victreebel|231\/363
|-status|p2a: Victreebel|par
|
|turn|50
|c|★marcoasd|gg
|choice|move 3|move 2
|
|move|p1a: Tauros|Hyper Beam|p2a: Victreebel
|-damage|p2a: Victreebel|0 fnt
|faint|p2a: Victreebel
|
|win|smilzo
|player|p1
|player|p2
|c|★smilzo|gg
|l|marcoasd