|join|MALESANI
|join|Maxmaulwurf
|player|p1|MALESANI|238
|player|p2|Maxmaulwurf|266
|gametype|singles
|gen|1
|tier|[Gen 1] Random Battle
|rated
|seed|63688,46326,18981,11183
|rule|Sleep Clause Mod: Limit one foe put to sleep
|rule|Freeze Clause Mod: Limit one foe frozen
|rule|HP Percentage Mod: HP is shown in percentages
|
|start
|switch|p1a: Machoke|Machoke, L85|310\/310
|switch|p2a: Tangela|Tangela, L85|284\/284
|turn|1
|choice|move 2|move 3
|
|move|p2a: Tangela|Stun Spore|p1a: Machoke
|-status|p1a: Machoke|par
|cant|p1a: Machoke|par
|
|turn|2
|join|cotsiossuper3
|choice|move 2|switch 2
|
|switch|p2a: Dodrio|Dodrio, L85|276\/276
|cant|p1a: Machoke|par
|
|turn|3
|choice|move 3|move 1
|
|move|p2a: Dodrio|Drill Peck|p1a: Machoke
|-supereffective|p1a: Machoke
|-damage|p1a: Machoke|86\/310 par
|cant|p1a: Machoke|par
|
|turn|4
|choice|move 4|move 1
|
|move|p2a: Dodrio|Drill Peck|p1a: Machoke
|-supereffective|p1a: Machoke
|-damage|p1a: Machoke|0 fnt
|faint|p1a: Machoke
|choice|switch 5|
|
|switch|p1a: Aerodactyl|Aerodactyl, L90|327\/327
|turn|5
|choice|move 4|switch 3
|
|switch|p2a: Seadra|Seadra, L90|282\/282
|move|p1a: Aerodactyl|Double-Edge|p2a: Seadra
|-damage|p2a: Seadra|209\/282
|-damage|p1a: Aerodactyl|309\/327|[from] recoil|[of] p2a: Seadra
|
|turn|6
|choice|switch 3|move 3
|
|switch|p1a: Clefable|Clefable, L85|335\/335
|move|p2a: Seadra|Hydro Pump|p1a: Clefable
|-damage|p1a: Clefable|199\/335
|
|turn|7
|choice|move 2|move 3
|
|move|p2a: Seadra|Hydro Pump|p1a: Clefable
|-damage|p1a: Clefable|59\/335
|move|p1a: Clefable|Thunderbolt|p2a: Seadra
|-supereffective|p2a: Seadra
|-damage|p2a: Seadra|91\/282
|
|turn|8
|choice|move 2|move 3
|
|move|p2a: Seadra|Hydro Pump|p1a: Clefable|[miss]
|-miss|p2a: Seadra
|move|p1a: Clefable|Thunderbolt|p2a: Seadra
|-supereffective|p2a: Seadra
|-damage|p2a: Seadra|0 fnt
|faint|p2a: Seadra
|choice||switch 4
|
|switch|p2a: Arcanine|Arcanine, L85|327\/327
|turn|9
|choice|move 3|move 2
|
|move|p2a: Arcanine|Fire Blast|p1a: Clefable
|-damage|p1a: Clefable|0 fnt
|faint|p1a: Clefable
|choice|switch 4|
|
|switch|p1a: Dugtrio|Dugtrio, L85|233\/233
|turn|10
|choice|move 4|move 1
|
|move|p1a: Dugtrio|Slash|p2a: Arcanine
|-crit|p2a: Arcanine
|-damage|p2a: Arcanine|227\/327
|move|p2a: Arcanine|Hyper Beam|p1a: Dugtrio|[miss]
|-miss|p2a: Arcanine
|
|turn|11
|choice|move 1|move 1
|
|move|p1a: Dugtrio|Earthquake|p2a: Arcanine
|-supereffective|p2a: Arcanine
|-damage|p2a: Arcanine|36\/327
|move|p2a: Arcanine|Hyper Beam|p1a: Dugtrio
|-damage|p1a: Dugtrio|74\/233
|
|turn|12
|-mustrecharge|p2a: Arcanine
|-mustrecharge|p2a: Arcanine
|choice|move 2|move 1
|
|move|p1a: Dugtrio|Sand Attack|p2a: Arcanine
|-unboost|p2a: Arcanine|accuracy|1
|cant|p2a: Arcanine|recharge
|
|turn|13
|choice|move 4|switch 5
|
|switch|p2a: Beedrill|Beedrill, L90|300\/300
|move|p1a: Dugtrio|Slash|p2a: Beedrill
|-crit|p2a: Beedrill
|-damage|p2a: Beedrill|174\/300
|
|turn|14
|choice|move 1|move 1
|
|move|p1a: Dugtrio|Earthquake|p2a: Beedrill
|-damage|p2a: Beedrill|45\/300
|move|p2a: Beedrill|Swords Dance|p2a: Beedrill
|-boost|p2a: Beedrill|atk|2
|
|turn|15
|choice|move 4|move 4
|
|move|p1a: Dugtrio|Slash|p2a: Beedrill
|-crit|p2a: Beedrill
|-damage|p2a: Beedrill|0 fnt
|faint|p2a: Beedrill
|choice||switch 3
|
|switch|p2a: Dodrio|Dodrio, L85|276\/276
|turn|16
|choice|switch 3|move 4
|
|switch|p1a: Aerodactyl|Aerodactyl, L90|309\/327
|move|p2a: Dodrio|Body Slam|p1a: Aerodactyl
|-crit|p1a: Aerodactyl
|-resisted|p1a: Aerodactyl
|-damage|p1a: Aerodactyl|195\/327
|
|turn|17
|choice|move 4|move 3
|
|move|p1a: Aerodactyl|Double-Edge|p2a: Dodrio
|-damage|p2a: Dodrio|172\/276
|-damage|p1a: Aerodactyl|169\/327|[from] recoil|[of] p2a: Dodrio
|move|p2a: Dodrio|Hyper Beam|p1a: Aerodactyl
|-resisted|p1a: Aerodactyl
|-damage|p1a: Aerodactyl|64\/327
|
|turn|18
|-mustrecharge|p2a: Dodrio
|-mustrecharge|p2a: Dodrio
|choice|move 4|move 1
|
|move|p1a: Aerodactyl|Double-Edge|p2a: Dodrio
|-damage|p2a: Dodrio|82\/276
|-damage|p1a: Aerodactyl|42\/327|[from] recoil|[of] p2a: Dodrio
|cant|p2a: Dodrio|recharge
|
|turn|19
|choice|move 3|move 4
|
|move|p1a: Aerodactyl|Hyper Beam|p2a: Dodrio
|-damage|p2a: Dodrio|0 fnt
|faint|p2a: Dodrio
|choice||switch 5
|
|switch|p2a: Arcanine|Arcanine, L85|36\/327
|turn|20
|choice|move 4|move 3
|
|move|p1a: Aerodactyl|Double-Edge|p2a: Arcanine
|-damage|p2a: Arcanine|0 fnt
|-damage|p1a: Aerodactyl|33\/327|[from] recoil|[of] p2a: Arcanine
|faint|p2a: Arcanine
|choice||switch 6
|
|switch|p2a: Kangaskhan|Kangaskhan, L85|352\/352
|turn|21
|choice|move 3|move 4
|
|move|p1a: Aerodactyl|Hyper Beam|p2a: Kangaskhan
|-crit|p2a: Kangaskhan
|-damage|p2a: Kangaskhan|101\/352
|move|p2a: Kangaskhan|Surf|p1a: Aerodactyl
|-supereffective|p1a: Aerodactyl
|-damage|p1a: Aerodactyl|0 fnt
|faint|p1a: Aerodactyl
|choice|switch 6|
|
|switch|p1a: Pinsir|Pinsir, L85|284\/284
|turn|22
|choice|move 1|move 3
|
|move|p2a: Kangaskhan|Hyper Beam|p1a: Pinsir
|-damage|p1a: Pinsir|125\/284
|move|p1a: Pinsir|Body Slam|p2a: Kangaskhan
|-crit|p2a: Kangaskhan
|-damage|p2a: Kangaskhan|0 fnt
|faint|p2a: Kangaskhan
|choice||switch 2
|
|switch|p2a: Tangela|Tangela, L85|284\/284
|turn|23
|choice|move 1|move 4
|
|move|p1a: Pinsir|Body Slam|p2a: Tangela
|-damage|p2a: Tangela|227\/284
|move|p2a: Tangela|Hyper Beam|p1a: Pinsir
|-damage|p1a: Pinsir|60\/284
|
|turn|24
|-mustrecharge|p2a: Tangela
|-mustrecharge|p2a: Tangela
|choice|move 1|move 1
|
|move|p1a: Pinsir|Body Slam|p2a: Tangela
|-damage|p2a: Tangela|161\/284
|cant|p2a: Tangela|recharge
|
|turn|25
|choice|move 1|move 1
|
|move|p1a: Pinsir|Body Slam|p2a: Tangela
|-damage|p2a: Tangela|98\/284
|move|p2a: Tangela|Body Slam|p1a: Pinsir
|-damage|p1a: Pinsir|19\/284
|
|turn|26
|choice|move 1|move 1
|
|move|p1a: Pinsir|Body Slam|p2a: Tangela
|-damage|p2a: Tangela|39\/284
|move|p2a: Tangela|Body Slam|p1a: Pinsir
|-crit|p1a: Pinsir
|-damage|p1a: Pinsir|0 fnt
|faint|p1a: Pinsir
|choice|switch 2|
|
|switch|p1a: Gastly|Gastly, L96|252\/252
|turn|27
|choice|move 3|move 2
|
|move|p1a: Gastly|Explosion|p2a: Tangela
|-damage|p2a: Tangela|0 fnt
|faint|p2a: Tangela
|faint|p1a: Gastly
|
|win|MALESANI
|raw|MALESANI's rating: 1330 &rarr; <strong>1336<\/strong><br \/>(+6 for winning)
|raw|Maxmaulwurf's rating: 1040 &rarr; <strong>1035<\/strong><br \/>(-5 for losing)