|join|XianJu
|join|kungfuhustla
|player|p1|XianJu|130
|player|p2|kungfuhustla|170
|gametype|singles
|gen|1
|tier|[Gen 1] Random Battle
|rated
|rule|Sleep Clause Mod: Limit one foe put to sleep
|rule|Freeze Clause Mod: Limit one foe frozen
|rule|HP Percentage Mod: HP is shown in percentages
|
|start
|switch|p1a: Machoke|Machoke, L85|310\/310
|switch|p2a: Weedle|Weedle, L99|280\/280
|turn|1
|c|★kungfuhustla|loloolooololll
|c|★kungfuhustla|WEEEDLEEEE
|
|move|p2a: Weedle|Poison Sting|p1a: Machoke
|-damage|p1a: Machoke|294\/310
|move|p1a: Machoke|Rock Slide|p2a: Weedle
|-supereffective|p2a: Weedle
|-damage|p2a: Weedle|111\/280
|
|turn|2
|
|move|p2a: Weedle|Poison Sting|p1a: Machoke
|-damage|p1a: Machoke|277\/310
|move|p1a: Machoke|Rock Slide|p2a: Weedle
|-supereffective|p2a: Weedle
|-damage|p2a: Weedle|0 fnt
|faint|p2a: Weedle
|
|switch|p2a: Muk|Muk, L90|372\/372
|turn|3
|
|move|p2a: Muk|Screech|p1a: Machoke
|-unboost|p1a: Machoke|def|2
|move|p1a: Machoke|Earthquake|p2a: Muk
|-supereffective|p2a: Muk
|-damage|p2a: Muk|228\/372
|
|turn|4
|
|move|p2a: Muk|Sludge|p1a: Machoke
|-damage|p1a: Machoke|83\/310
|move|p1a: Machoke|Earthquake|p2a: Muk
|-supereffective|p2a: Muk
|-damage|p2a: Muk|64\/372
|
|turn|5
|
|switch|p1a: Gengar|Gengar, L79|257\/257
|move|p2a: Muk|Sludge|p1a: Gengar
|-crit|p1a: Gengar
|-resisted|p1a: Gengar
|-damage|p1a: Gengar|205\/257
|
|turn|6
|
|switch|p2a: Magmar|Magmar, L90|300\/300
|move|p1a: Gengar|Psychic|p2a: Magmar
|-damage|p2a: Magmar|230\/300
|
|turn|7
|
|move|p2a: Magmar|Confuse Ray|p1a: Gengar
|-start|p1a: Gengar|confusion
|-activate|p1a: Gengar|confusion
|move|p1a: Gengar|Hypnosis|p2a: Magmar
|-status|p2a: Magmar|slp
|
|turn|8
|
|switch|p1a: Pinsir|Pinsir, L85|284\/284
|cant|p2a: Magmar|slp
|
|turn|9
|
|-curestatus|p2a: Magmar|slp
|move|p1a: Pinsir|Swords Dance|p1a: Pinsir
|-boost|p1a: Pinsir|atk|2
|
|turn|10
|
|move|p2a: Magmar|Hyper Beam|p1a: Pinsir
|-damage|p1a: Pinsir|178\/284
|move|p1a: Pinsir|Hyper Beam|p2a: Magmar
|-crit|p2a: Magmar
|-damage|p2a: Magmar|0 fnt
|faint|p2a: Magmar
|
|switch|p2a: Muk|Muk, L90|64\/372
|turn|11
|
|move|p1a: Pinsir|Body Slam|p2a: Muk
|-damage|p2a: Muk|0 fnt
|faint|p2a: Muk
|
|switch|p2a: Jolteon|Jolteon, L79|265\/265
|turn|12
|
|move|p2a: Jolteon|Thunderbolt|p1a: Pinsir
|-crit|p1a: Pinsir
|-damage|p1a: Pinsir|0 fnt
|faint|p1a: Pinsir
|
|switch|p1a: Marowak|Marowak, L90|291\/291
|turn|13
|
|switch|p2a: Seaking|Seaking, L90|327\/327
|move|p1a: Marowak|Earthquake|p2a: Seaking
|-damage|p2a: Seaking|196\/327
|
|turn|14
|
|switch|p1a: Starmie|Starmie, L79|257\/257
|move|p2a: Seaking|Surf|p1a: Starmie
|-resisted|p1a: Starmie
|-damage|p1a: Starmie|205\/257
|
|turn|15
|
|move|p1a: Starmie|Thunderbolt|p2a: Seaking
|-crit|p2a: Seaking
|-supereffective|p2a: Seaking
|-damage|p2a: Seaking|0 fnt
|faint|p2a: Seaking
|
|switch|p2a: Jolteon|Jolteon, L79|265\/265
|turn|16
|
|switch|p1a: Marowak|Marowak, L90|291\/291
|move|p2a: Jolteon|Sand Attack|p1a: Marowak
|-unboost|p1a: Marowak|accuracy|1
|
|turn|17
|
|switch|p2a: Chansey|Chansey, L79|557\/557
|move|p1a: Marowak|Earthquake|p2a: Chansey
|-damage|p2a: Chansey|294\/557
|
|turn|18
|
|switch|p1a: Machoke|Machoke, L85|83\/310
|move|p2a: Chansey|Soft-Boiled|p2a: Chansey
|-heal|p2a: Chansey|557\/557
|
|turn|19
|
|move|p1a: Machoke|Leer|p2a: Chansey
|-unboost|p2a: Chansey|def|1
|move|p2a: Chansey|Counter|p1a: Machoke
|-fail|p2a: Chansey
|
|turn|20
|
|move|p1a: Machoke|Earthquake|p2a: Chansey
|-damage|p2a: Chansey|271\/557
|move|p2a: Chansey|Ice Beam|p1a: Machoke
|-damage|p1a: Machoke|1\/310
|
|turn|21
|
|move|p1a: Machoke|Earthquake|p2a: Chansey
|-damage|p2a: Chansey|0 fnt
|faint|p2a: Chansey
|-message|kungfuhustla forfeited.
|
|win|XianJu
|leave|kungfuhustla
|player|p2