|join|kid gf lol
|join|Andrew Cavanah
|player|p1|kid gf lol|37
|player|p2|Andrew Cavanah|214
|gametype|singles
|gen|1
|tier|[Gen 1] OU (beta)
|rated
|rule|Sleep Clause Mod: Limit one foe put to sleep
|rule|Species Clause: Limit one of each Pokémon
|rule|OHKO Clause: OHKO moves are banned
|rule|Moody Clause: Moody is banned
|rule|Evasion Moves Clause: Evasion moves are banned
|rule|Endless Battle Clause: Forcing endless battles is banned
|rule|HP Percentage Mod: HP is reported as percentages
|
|start
|switch|p1a: Insert Into Rectum|Starmie|323\/323
|switch|p2a: Tauros|Tauros|353\/353
|turn|1
|
|move|p1a: Insert Into Rectum|Thunderbolt|p2a: Tauros
|-crit|p2a: Tauros
|-damage|p2a: Tauros|180\/353
|move|p2a: Tauros|Body Slam|p1a: Insert Into Rectum
|-damage|p1a: Insert Into Rectum|207\/323
|
|turn|2
|
|move|p1a: Insert Into Rectum|Psychic|p2a: Tauros
|-crit|p2a: Tauros
|-damage|p2a: Tauros|0 fnt
|faint|p2a: Tauros
|
|
|switch|p2a: MyStarPKMN|Starmie|323\/323
|turn|3
|chat|kid gf lol|single biggest threat to the meta is gone
|
|switch|p1a: My Egg your Asshol|Chansey|703\/703
|move|p2a: MyStarPKMN|Thunder Wave|p1a: My Egg your Asshol
|-status|p1a: My Egg your Asshol|par
|
|turn|4
|chat|kid gf lol|...in 2 turns
|chat|kid gf lol|doing virtually no damage
|
|switch|p2a: Snorlax|Snorlax|523\/523
|cant|p1a: My Egg your Asshol|par
|
|turn|5
|
|move|p2a: Snorlax|Amnesia|p2a: Snorlax
|-boost|p2a: Snorlax|spd|2
|-boost|p2a: Snorlax|spa|2
|cant|p1a: My Egg your Asshol|par
|
|turn|6
|chat|Andrew Cavanah|nice call on your pokemon. how did you know?
|chat|kid gf lol|how did i know?
|chat|kid gf lol|isnt it obvious
|chat|Andrew Cavanah|that you wouldnt move for 2 turns
|
|switch|p1a: Insert Vine In Ass|Victreebel|363\/363
|move|p2a: Snorlax|Amnesia|p2a: Snorlax
|-boost|p2a: Snorlax|spd|2
|-boost|p2a: Snorlax|spa|2
|
|turn|7
|
|move|p1a: Insert Vine In Ass|Sleep Powder|p2a: Snorlax|[miss]
|-miss|p1a: Insert Vine In Ass
|move|p2a: Snorlax|Blizzard|p1a: Insert Vine In Ass
|-supereffective|p1a: Insert Vine In Ass
|-damage|p1a: Insert Vine In Ass|0 fnt
|faint|p1a: Insert Vine In Ass
|
|
|switch|p1a: Horn Anus Go|Cloyster|303\/303
|turn|8
|
|move|p1a: Horn Anus Go|Clamp|p2a: Snorlax|[miss]
|-miss|p1a: Horn Anus Go
|move|p2a: Snorlax|Body Slam|p1a: Horn Anus Go
|-damage|p1a: Horn Anus Go|237\/303
|
|turn|9
|
|switch|p2a: MyStarPKMN|Starmie|323\/323
|move|p1a: Horn Anus Go|Clamp|p2a: MyStarPKMN
|-resisted|p2a: MyStarPKMN
|-damage|p2a: MyStarPKMN|303\/323
|-activate|p2a: MyStarPKMN|move: Clamp|[of] p1a: Horn Anus Go
|
|turn|10
|
|switch|p1a: My Egg your Asshol|Chansey|703\/703 par
|cant|p2a: MyStarPKMN|partiallytrapped
|
|-end|p2a: MyStarPKMN|Clamp|[partiallytrapped]
|turn|11
|
|switch|p2a: Slowbro|Slowbro|393\/393
|move|p1a: My Egg your Asshol|Ice Beam|p2a: Slowbro
|-resisted|p2a: Slowbro
|-damage|p2a: Slowbro|350\/393
|
|turn|12
|join|Trey990
|leave|Trey990
|
|move|p2a: Slowbro|Amnesia|p2a: Slowbro
|-boost|p2a: Slowbro|spd|2
|-boost|p2a: Slowbro|spa|2
|cant|p1a: My Egg your Asshol|par
|
|turn|13
|
|move|p2a: Slowbro|Psychic|p1a: My Egg your Asshol
|-damage|p1a: My Egg your Asshol|523\/703 par
|move|p1a: My Egg your Asshol|Thunder Wave|p2a: Slowbro
|-status|p2a: Slowbro|par
|
|turn|14
|
|switch|p1a: Beak In Your A-Hol|Zapdos|383\/383
|cant|p2a: Slowbro|par
|
|turn|15
|
|move|p1a: Beak In Your A-Hol|Thunderbolt|p2a: Slowbro
|-supereffective|p2a: Slowbro
|-damage|p2a: Slowbro|191\/393 par
|move|p2a: Slowbro|Psychic|p1a: Beak In Your A-Hol
|-damage|p1a: Beak In Your A-Hol|235\/383
|
|turn|16
|
|move|p1a: Beak In Your A-Hol|Thunderbolt|p2a: Slowbro
|-supereffective|p2a: Slowbro
|-damage|p2a: Slowbro|47\/393 par
|move|p2a: Slowbro|Rest|p2a: Slowbro
|-status|p2a: Slowbro|slp
|-heal|p2a: Slowbro|393\/393 slp|[silent]
|-status|p2a: Slowbro|slp|[from] move: Rest
|
|turn|17
|
|switch|p2a: HocusPocus|Alakazam|313\/313
|move|p1a: Beak In Your A-Hol|Thunderbolt|p2a: HocusPocus
|-damage|p2a: HocusPocus|201\/313
|
|turn|18
|
|switch|p1a: My Egg your Asshol|Chansey|523\/703 par
|move|p2a: HocusPocus|Thunder Wave|p1a: My Egg your Asshol
|-fail|p1a: My Egg your Asshol|par
|
|turn|19
|
|switch|p2a: Slowbro|Slowbro|393\/393 slp
|cant|p1a: My Egg your Asshol|par
|
|turn|20
|join|MoxieInfinite
|
|switch|p1a: Beak In Your A-Hol|Zapdos|235\/383
|cant|p2a: Slowbro|slp
|
|turn|21
|chat|MoxieInfinite|nice nicknames lmao
|chat|MoxieInfinite|strong,,
|chat|Andrew Cavanah|thx
|
|switch|p2a: Pakalolo|Exeggutor|393\/393
|move|p1a: Beak In Your A-Hol|Thunderbolt|p2a: Pakalolo
|-resisted|p2a: Pakalolo
|-damage|p2a: Pakalolo|340\/393
|
|turn|22
|
|switch|p1a: My Egg your Asshol|Chansey|523\/703 par
|switch|p2a: Slowbro|Slowbro|393\/393 slp
|
|turn|23
|
|switch|p2a: HocusPocus|Alakazam|201\/313
|switch|p1a: Beak In Your A-Hol|Zapdos|235\/383
|
|turn|24
|
|move|p2a: HocusPocus|Psychic|p1a: Beak In Your A-Hol
|-damage|p1a: Beak In Your A-Hol|119\/383
|move|p1a: Beak In Your A-Hol|Thunder Wave|p2a: HocusPocus
|-status|p2a: HocusPocus|par
|
|turn|25
|
|move|p1a: Beak In Your A-Hol|Drill Peck|p2a: HocusPocus
|-crit|p2a: HocusPocus
|-damage|p2a: HocusPocus|0 fnt
|faint|p2a: HocusPocus
|
|
|switch|p2a: MyStarPKMN|Starmie|303\/323
|turn|26
|join|Roylee prods
|
|switch|p1a: My Egg your Asshol|Chansey|523\/703 par
|move|p2a: MyStarPKMN|Blizzard|p1a: My Egg your Asshol
|-damage|p1a: My Egg your Asshol|429\/703 par
|
|turn|27
|
|switch|p2a: Snorlax|Snorlax|523\/523
|cant|p1a: My Egg your Asshol|par
|
|turn|28
|
|move|p2a: Snorlax|Amnesia|p2a: Snorlax
|-boost|p2a: Snorlax|spd|2
|-boost|p2a: Snorlax|spa|2
|move|p1a: My Egg your Asshol|Counter|p2a: Snorlax
|-fail|p2a: Snorlax
|
|turn|29
|
|switch|p1a: Horn Anus Go|Cloyster|237\/303
|move|p2a: Snorlax|Amnesia|p2a: Snorlax
|-boost|p2a: Snorlax|spd|2
|-boost|p2a: Snorlax|spa|2
|
|turn|30
|leave|Roylee prods
|
|move|p1a: Horn Anus Go|Clamp|p2a: Snorlax
|-damage|p2a: Snorlax|505\/523
|-activate|p2a: Snorlax|move: Clamp|[of] p1a: Horn Anus Go
|cant|p2a: Snorlax|partiallytrapped
|
|turn|31
|
|switch|p2a: MyStarPKMN|Starmie|303\/323
|move|p1a: Horn Anus Go|Clamp|p2a: MyStarPKMN
|-resisted|p2a: MyStarPKMN
|-damage|p2a: MyStarPKMN|283\/323
|-activate|p2a: MyStarPKMN|move: Clamp|[of] p1a: Horn Anus Go
|
|turn|32
|
|switch|p1a: My Egg your Asshol|Chansey|429\/703 par
|cant|p2a: MyStarPKMN|partiallytrapped
|
|-end|p2a: MyStarPKMN|Clamp|[partiallytrapped]
|turn|33
|
|switch|p2a: Snorlax|Snorlax|505\/523
|move|p1a: My Egg your Asshol|Ice Beam|p2a: Snorlax
|-damage|p2a: Snorlax|405\/523
|
|turn|34
|
|move|p2a: Snorlax|Blizzard|p1a: My Egg your Asshol
|-damage|p1a: My Egg your Asshol|363\/703 par
|move|p1a: My Egg your Asshol|Soft-Boiled|p1a: My Egg your Asshol
|-heal|p1a: My Egg your Asshol|703\/703 par
|
|turn|35
|
|switch|p1a: Horn Anus Go|Cloyster|237\/303
|move|p2a: Snorlax|Body Slam|p1a: Horn Anus Go
|-damage|p1a: Horn Anus Go|168\/303
|-status|p1a: Horn Anus Go|par
|
|turn|36
|join|MrThirsty
|
|move|p2a: Snorlax|Amnesia|p2a: Snorlax
|-boost|p2a: Snorlax|spd|2
|-boost|p2a: Snorlax|spa|2
|move|p1a: Horn Anus Go|Explosion|p2a: Snorlax
|-damage|p2a: Snorlax|58\/523
|faint|p1a: Horn Anus Go
|
|switch|p1a: Beak In Your A-Hol|Zapdos|119\/383
|turn|37
|
|move|p1a: Beak In Your A-Hol|Thunderbolt|p2a: Snorlax
|-crit|p2a: Snorlax
|-damage|p2a: Snorlax|0 fnt
|faint|p2a: Snorlax
|
|
|switch|p2a: MyStarPKMN|Starmie|283\/323
|turn|38
|
|switch|p1a: My Egg your Asshol|Chansey|703\/703 par
|move|p2a: MyStarPKMN|Blizzard|p1a: My Egg your Asshol
|-damage|p1a: My Egg your Asshol|619\/703 par
|
|turn|39
|
|switch|p2a: Pakalolo|Exeggutor|340\/393
|move|p1a: My Egg your Asshol|Ice Beam|p2a: Pakalolo
|-supereffective|p2a: Pakalolo
|-damage|p2a: Pakalolo|207\/393
|
|turn|40
|
|switch|p1a: Insert Into Rectum|Starmie|207\/323
|move|p2a: Pakalolo|Explosion|p1a: Insert Into Rectum
|-damage|p1a: Insert Into Rectum|0 fnt
|faint|p1a: Insert Into Rectum
|faint|p2a: Pakalolo
|
|switch|p2a: MyStarPKMN|Starmie|283\/323
|switch|p1a: Beak In Your A-Hol|Zapdos|119\/383
|turn|41
|
|switch|p1a: My Egg your Asshol|Chansey|619\/703 par
|move|p2a: MyStarPKMN|Blizzard|p1a: My Egg your Asshol
|-damage|p1a: My Egg your Asshol|531\/703 par
|
|turn|42
|
|switch|p2a: Slowbro|Slowbro|393\/393 slp
|move|p1a: My Egg your Asshol|Soft-Boiled|p1a: My Egg your Asshol
|-heal|p1a: My Egg your Asshol|703\/703 par
|
|turn|43
|
|switch|p2a: MyStarPKMN|Starmie|283\/323
|switch|p1a: Beak In Your A-Hol|Zapdos|119\/383
|
|turn|44
|
|switch|p1a: My Egg your Asshol|Chansey|703\/703 par
|move|p2a: MyStarPKMN|Thunderbolt|p1a: My Egg your Asshol
|-damage|p1a: My Egg your Asshol|634\/703 par
|
|turn|45
|
|move|p2a: MyStarPKMN|Recover|p2a: MyStarPKMN
|-heal|p2a: MyStarPKMN|323\/323
|cant|p1a: My Egg your Asshol|par
|
|turn|46
|
|switch|p2a: Slowbro|Slowbro|393\/393 slp
|cant|p1a: My Egg your Asshol|par
|
|turn|47
|
|switch|p2a: MyStarPKMN|Starmie|323\/323
|switch|p1a: Beak In Your A-Hol|Zapdos|119\/383
|
|turn|48
|
|switch|p1a: My Egg your Asshol|Chansey|634\/703 par
|move|p2a: MyStarPKMN|Thunderbolt|p1a: My Egg your Asshol
|-crit|p1a: My Egg your Asshol
|-damage|p1a: My Egg your Asshol|486\/703 par
|
|turn|49
|
|switch|p2a: Slowbro|Slowbro|393\/393 slp
|move|p1a: My Egg your Asshol|Ice Beam|p2a: Slowbro
|-resisted|p2a: Slowbro
|-damage|p2a: Slowbro|349\/393 slp
|
|turn|50
|
|switch|p1a: Beak In Your A-Hol|Zapdos|119\/383
|cant|p2a: Slowbro|slp
|-curestatus|p2a: Slowbro|slp
|
|turn|51
|
|move|p1a: Beak In Your A-Hol|Thunderbolt|p2a: Slowbro
|-supereffective|p2a: Slowbro
|-damage|p2a: Slowbro|27\/393
|move|p2a: Slowbro|Toxic|p1a: Beak In Your A-Hol
|-status|p1a: Beak In Your A-Hol|tox
|
|turn|52
|
|move|p1a: Beak In Your A-Hol|Thunderbolt|p2a: Slowbro
|-supereffective|p2a: Slowbro
|-damage|p2a: Slowbro|0 fnt
|-damage|p1a: Beak In Your A-Hol|96\/383 tox|[from] tox|[of] p2a: Slowbro
|faint|p2a: Slowbro
|
|
|switch|p2a: MyStarPKMN|Starmie|323\/323
|turn|53
|
|switch|p1a: My Egg your Asshol|Chansey|486\/703 par
|move|p2a: MyStarPKMN|Blizzard|p1a: My Egg your Asshol
|-crit|p1a: My Egg your Asshol
|-damage|p1a: My Egg your Asshol|304\/703 par
|
|turn|54
|chat|kid gf lol|that ended your fate bro
|chat|kid gf lol|or rather sealed it
|chat|Andrew Cavanah|yeah gg
|
|move|p2a: MyStarPKMN|Thunderbolt|p1a: My Egg your Asshol
|-damage|p1a: My Egg your Asshol|233\/703 par
|move|p1a: My Egg your Asshol|Soft-Boiled|p1a: My Egg your Asshol
|-heal|p1a: My Egg your Asshol|584\/703 par
|
|turn|55
|
|move|p2a: MyStarPKMN|Thunderbolt|p1a: My Egg your Asshol
|-damage|p1a: My Egg your Asshol|516\/703 par
|move|p1a: My Egg your Asshol|Thunder Wave|p2a: MyStarPKMN
|-status|p2a: MyStarPKMN|par
|
|turn|56
|
|move|p2a: MyStarPKMN|Thunderbolt|p1a: My Egg your Asshol
|-damage|p1a: My Egg your Asshol|440\/703 par
|move|p1a: My Egg your Asshol|Soft-Boiled|p1a: My Egg your Asshol
|-heal|p1a: My Egg your Asshol|703\/703 par
|
|turn|57
|
|move|p2a: MyStarPKMN|Thunderbolt|p1a: My Egg your Asshol
|-damage|p1a: My Egg your Asshol|629\/703 par
|move|p1a: My Egg your Asshol|Ice Beam|p2a: MyStarPKMN
|-resisted|p2a: MyStarPKMN
|-damage|p2a: MyStarPKMN|285\/323 par
|
|turn|58
|
|cant|p2a: MyStarPKMN|par
|move|p1a: My Egg your Asshol|Counter|p2a: MyStarPKMN
|-fail|p2a: MyStarPKMN
|
|turn|59
|
|move|p2a: MyStarPKMN|Thunderbolt|p1a: My Egg your Asshol
|-damage|p1a: My Egg your Asshol|551\/703 par
|cant|p1a: My Egg your Asshol|par
|
|turn|60
|
|move|p2a: MyStarPKMN|Thunderbolt|p1a: My Egg your Asshol
|-damage|p1a: My Egg your Asshol|476\/703 par
|move|p1a: My Egg your Asshol|Counter|p2a: MyStarPKMN
|-fail|p2a: MyStarPKMN
|
|turn|61
|
|cant|p2a: MyStarPKMN|par
|move|p1a: My Egg your Asshol|Counter|p2a: MyStarPKMN
|-fail|p2a: MyStarPKMN
|
|turn|62
|
|move|p2a: MyStarPKMN|Blizzard|p1a: My Egg your Asshol
|-damage|p1a: My Egg your Asshol|390\/703 par
|cant|p1a: My Egg your Asshol|par
|
|turn|63
|
|cant|p2a: MyStarPKMN|par
|move|p1a: My Egg your Asshol|Soft-Boiled|p1a: My Egg your Asshol
|-heal|p1a: My Egg your Asshol|703\/703 par
|
|turn|64
|
|cant|p2a: MyStarPKMN|par
|cant|p1a: My Egg your Asshol|par
|
|turn|65
|
|move|p2a: MyStarPKMN|Thunderbolt|p1a: My Egg your Asshol
|-damage|p1a: My Egg your Asshol|633\/703 par
|cant|p1a: My Egg your Asshol|par
|
|turn|66
|
|move|p2a: MyStarPKMN|Thunder Wave|p1a: My Egg your Asshol
|-fail|p1a: My Egg your Asshol|par
|move|p1a: My Egg your Asshol|Counter|p2a: MyStarPKMN
|-fail|p2a: MyStarPKMN
|
|turn|67
|
|move|p2a: MyStarPKMN|Thunder Wave|p1a: My Egg your Asshol
|-fail|p1a: My Egg your Asshol|par
|move|p1a: My Egg your Asshol|Counter|p2a: MyStarPKMN
|-fail|p2a: MyStarPKMN
|
|turn|68
|
|move|p2a: MyStarPKMN|Thunder Wave|p1a: My Egg your Asshol
|-fail|p1a: My Egg your Asshol|par
|move|p1a: My Egg your Asshol|Counter|p2a: MyStarPKMN
|-fail|p2a: MyStarPKMN
|
|turn|69
|
|move|p2a: MyStarPKMN|Thunder Wave|p1a: My Egg your Asshol
|-fail|p1a: My Egg your Asshol|par
|cant|p1a: My Egg your Asshol|par
|
|turn|70
|
|move|p2a: MyStarPKMN|Thunder Wave|p1a: My Egg your Asshol
|-fail|p1a: My Egg your Asshol|par
|move|p1a: My Egg your Asshol|Counter|p2a: MyStarPKMN
|-fail|p2a: MyStarPKMN
|
|turn|71
|leave|MoxieInfinite
|
|cant|p2a: MyStarPKMN|par
|move|p1a: My Egg your Asshol|Counter|p2a: MyStarPKMN
|-fail|p2a: MyStarPKMN
|
|turn|72
|
|move|p2a: MyStarPKMN|Thunder Wave|p1a: My Egg your Asshol
|-fail|p1a: My Egg your Asshol|par
|move|p1a: My Egg your Asshol|Counter|p2a: MyStarPKMN
|-fail|p2a: MyStarPKMN
|
|turn|73
|
|cant|p2a: MyStarPKMN|par
|move|p1a: My Egg your Asshol|Counter|p2a: MyStarPKMN
|-fail|p2a: MyStarPKMN
|
|turn|74
|
|move|p2a: MyStarPKMN|Thunder Wave|p1a: My Egg your Asshol
|-fail|p1a: My Egg your Asshol|par
|move|p1a: My Egg your Asshol|Counter|p2a: MyStarPKMN
|-fail|p2a: MyStarPKMN
|
|turn|75
|
|move|p2a: MyStarPKMN|Thunder Wave|p1a: My Egg your Asshol
|-fail|p1a: My Egg your Asshol|par
|move|p1a: My Egg your Asshol|Counter|p2a: MyStarPKMN
|-fail|p2a: MyStarPKMN
|
|turn|76
|
|move|p2a: MyStarPKMN|Thunder Wave|p1a: My Egg your Asshol
|-fail|p1a: My Egg your Asshol|par
|move|p1a: My Egg your Asshol|Counter|p2a: MyStarPKMN
|-fail|p2a: MyStarPKMN
|
|turn|77
|
|move|p2a: MyStarPKMN|Thunder Wave|p1a: My Egg your Asshol
|-fail|p1a: My Egg your Asshol|par
|move|p1a: My Egg your Asshol|Counter|p2a: MyStarPKMN
|-fail|p2a: MyStarPKMN
|
|turn|78
|chat|kid gf lol|this battle has 84 turns left
|
|cant|p2a: MyStarPKMN|par
|move|p1a: My Egg your Asshol|Counter|p2a: MyStarPKMN
|-fail|p2a: MyStarPKMN
|
|turn|79
|
|move|p2a: MyStarPKMN|Thunder Wave|p1a: My Egg your Asshol
|-fail|p1a: My Egg your Asshol|par
|move|p1a: My Egg your Asshol|Counter|p2a: MyStarPKMN
|-fail|p2a: MyStarPKMN
|
|turn|80
|leave|MrThirsty
|
|move|p2a: MyStarPKMN|Thunder Wave|p1a: My Egg your Asshol
|-fail|p1a: My Egg your Asshol|par
|cant|p1a: My Egg your Asshol|par
|
|turn|81
|chat|kid gf lol|my prediction is, ill have you dead on turn 164
|
|move|p2a: MyStarPKMN|Thunder Wave|p1a: My Egg your Asshol
|-fail|p1a: My Egg your Asshol|par
|cant|p1a: My Egg your Asshol|par
|
|turn|82
|
|move|p2a: MyStarPKMN|Thunder Wave|p1a: My Egg your Asshol
|-fail|p1a: My Egg your Asshol|par
|move|p1a: My Egg your Asshol|Counter|p2a: MyStarPKMN
|-fail|p2a: MyStarPKMN
|
|turn|83
|
|move|p2a: MyStarPKMN|Thunder Wave|p1a: My Egg your Asshol
|-fail|p1a: My Egg your Asshol|par
|cant|p1a: My Egg your Asshol|par
|
|turn|84
|
|cant|p2a: MyStarPKMN|par
|move|p1a: My Egg your Asshol|Counter|p2a: MyStarPKMN
|-fail|p2a: MyStarPKMN
|
|turn|85
|
|move|p2a: MyStarPKMN|Thunder Wave|p1a: My Egg your Asshol
|-fail|p1a: My Egg your Asshol|par
|move|p1a: My Egg your Asshol|Counter|p2a: MyStarPKMN
|-fail|p2a: MyStarPKMN
|
|turn|86
|
|cant|p2a: MyStarPKMN|par
|move|p1a: My Egg your Asshol|Counter|p2a: MyStarPKMN
|-fail|p2a: MyStarPKMN
|
|turn|87
|
|cant|p2a: MyStarPKMN|par
|cant|p1a: My Egg your Asshol|par
|
|turn|88
|
|move|p2a: MyStarPKMN|Thunder Wave|p1a: My Egg your Asshol
|-fail|p1a: My Egg your Asshol|par
|move|p1a: My Egg your Asshol|Counter|p2a: MyStarPKMN
|-fail|p2a: MyStarPKMN
|
|turn|89
|
|cant|p2a: MyStarPKMN|par
|move|p1a: My Egg your Asshol|Counter|p2a: MyStarPKMN
|-fail|p2a: MyStarPKMN
|
|turn|90
|
|move|p2a: MyStarPKMN|Thunder Wave|p1a: My Egg your Asshol
|-fail|p1a: My Egg your Asshol|par
|cant|p1a: My Egg your Asshol|par
|
|turn|91
|
|move|p2a: MyStarPKMN|Thunder Wave|p1a: My Egg your Asshol
|-fail|p1a: My Egg your Asshol|par
|cant|p1a: My Egg your Asshol|par
|
|turn|92
|
|move|p2a: MyStarPKMN|Thunder Wave|p1a: My Egg your Asshol
|-fail|p1a: My Egg your Asshol|par
|cant|p1a: My Egg your Asshol|par
|
|turn|93
|
|move|p2a: MyStarPKMN|Thunder Wave|p1a: My Egg your Asshol
|-fail|p1a: My Egg your Asshol|par
|cant|p1a: My Egg your Asshol|par
|
|turn|94
|
|move|p2a: MyStarPKMN|Thunder Wave|p1a: My Egg your Asshol
|-fail|p1a: My Egg your Asshol|par
|move|p1a: My Egg your Asshol|Thunder Wave|p2a: MyStarPKMN
|-fail|p2a: MyStarPKMN|par
|
|turn|95
|
|move|p2a: MyStarPKMN|Thunder Wave|p1a: My Egg your Asshol
|-fail|p1a: My Egg your Asshol|par
|move|p1a: My Egg your Asshol|Thunder Wave|p2a: MyStarPKMN
|-fail|p2a: MyStarPKMN|par
|
|turn|96
|
|move|p2a: MyStarPKMN|Thunder Wave|p1a: My Egg your Asshol
|-fail|p1a: My Egg your Asshol|par
|move|p1a: My Egg your Asshol|Thunder Wave|p2a: MyStarPKMN
|-fail|p2a: MyStarPKMN|par
|
|turn|97
|chat|kid gf lol|I have any amount of time you can waste lel
|
|move|p2a: MyStarPKMN|Thunder Wave|p1a: My Egg your Asshol
|-fail|p1a: My Egg your Asshol|par
|move|p1a: My Egg your Asshol|Thunder Wave|p2a: MyStarPKMN
|-fail|p2a: MyStarPKMN|par
|
|turn|98
|chat|Andrew Cavanah|im doing two battles
|
|move|p2a: MyStarPKMN|Thunder Wave|p1a: My Egg your Asshol
|-fail|p1a: My Egg your Asshol|par
|cant|p1a: My Egg your Asshol|par
|
|turn|99
|join|Lorenzo96
|
|cant|p2a: MyStarPKMN|par
|move|p1a: My Egg your Asshol|Thunder Wave|p2a: MyStarPKMN
|-fail|p2a: MyStarPKMN|par
|
|turn|100
|leave|Lorenzo96
|
|move|p2a: MyStarPKMN|Thunder Wave|p1a: My Egg your Asshol
|-fail|p1a: My Egg your Asshol|par
|move|p1a: My Egg your Asshol|Thunder Wave|p2a: MyStarPKMN
|-fail|p2a: MyStarPKMN|par
|
|turn|101
|join|PikaYoshi
|
|move|p2a: MyStarPKMN|Thunder Wave|p1a: My Egg your Asshol
|-fail|p1a: My Egg your Asshol|par
|move|p1a: My Egg your Asshol|Thunder Wave|p2a: MyStarPKMN
|-fail|p2a: MyStarPKMN|par
|
|turn|102
|
|move|p2a: MyStarPKMN|Thunderbolt|p1a: My Egg your Asshol
|-crit|p1a: My Egg your Asshol
|-damage|p1a: My Egg your Asshol|483\/703 par
|move|p1a: My Egg your Asshol|Thunder Wave|p2a: MyStarPKMN
|-fail|p2a: MyStarPKMN|par
|
|turn|103
|
|move|p2a: MyStarPKMN|Thunderbolt|p1a: My Egg your Asshol
|-crit|p1a: My Egg your Asshol
|-damage|p1a: My Egg your Asshol|348\/703 par
|move|p1a: My Egg your Asshol|Thunder Wave|p2a: MyStarPKMN
|-fail|p2a: MyStarPKMN|par
|
|turn|104
|
|move|p2a: MyStarPKMN|Blizzard|p1a: My Egg your Asshol
|-crit|p1a: My Egg your Asshol
|-damage|p1a: My Egg your Asshol|156\/703 par
|move|p1a: My Egg your Asshol|Soft-Boiled|p1a: My Egg your Asshol
|-heal|p1a: My Egg your Asshol|507\/703 par
|
|turn|105
|
|move|p2a: MyStarPKMN|Thunderbolt|p1a: My Egg your Asshol
|-damage|p1a: My Egg your Asshol|432\/703 par
|move|p1a: My Egg your Asshol|Thunder Wave|p2a: MyStarPKMN
|-fail|p2a: MyStarPKMN|par
|
|turn|106
|
|cant|p2a: MyStarPKMN|par
|move|p1a: My Egg your Asshol|Thunder Wave|p2a: MyStarPKMN
|-fail|p2a: MyStarPKMN|par
|
|turn|107
|
|move|p2a: MyStarPKMN|Recover|p2a: MyStarPKMN
|-heal|p2a: MyStarPKMN|323\/323 par
|move|p1a: My Egg your Asshol|Thunder Wave|p2a: MyStarPKMN
|-fail|p2a: MyStarPKMN|par
|
|turn|108
|
|cant|p2a: MyStarPKMN|par
|move|p1a: My Egg your Asshol|Thunder Wave|p2a: MyStarPKMN
|-fail|p2a: MyStarPKMN|par
|
|turn|109
|
|move|p2a: MyStarPKMN|Thunder Wave|p1a: My Egg your Asshol
|-fail|p1a: My Egg your Asshol|par
|move|p1a: My Egg your Asshol|Thunder Wave|p2a: MyStarPKMN
|-fail|p2a: MyStarPKMN|par
|
|turn|110
|
|move|p2a: MyStarPKMN|Thunderbolt|p1a: My Egg your Asshol
|-damage|p1a: My Egg your Asshol|360\/703 par
|move|p1a: My Egg your Asshol|Thunder Wave|p2a: MyStarPKMN
|-fail|p2a: MyStarPKMN|par
|
|turn|111
|
|move|p2a: MyStarPKMN|Thunderbolt|p1a: My Egg your Asshol
|-crit|p1a: My Egg your Asshol
|-damage|p1a: My Egg your Asshol|202\/703 par
|cant|p1a: My Egg your Asshol|par
|
|turn|112
|
|move|p2a: MyStarPKMN|Blizzard|p1a: My Egg your Asshol
|-damage|p1a: My Egg your Asshol|103\/703 par
|move|p1a: My Egg your Asshol|Soft-Boiled|p1a: My Egg your Asshol
|-heal|p1a: My Egg your Asshol|454\/703 par
|
|turn|113
|
|move|p2a: MyStarPKMN|Thunderbolt|p1a: My Egg your Asshol
|-crit|p1a: My Egg your Asshol
|-damage|p1a: My Egg your Asshol|298\/703 par
|move|p1a: My Egg your Asshol|Thunder Wave|p2a: MyStarPKMN
|-fail|p2a: MyStarPKMN|par
|
|turn|114
|
|move|p2a: MyStarPKMN|Thunderbolt|p1a: My Egg your Asshol
|-damage|p1a: My Egg your Asshol|222\/703 par
|cant|p1a: My Egg your Asshol|par
|
|turn|115
|chat|Andrew Cavanah|whos your 6th
|
|cant|p2a: MyStarPKMN|par
|move|p1a: My Egg your Asshol|Soft-Boiled|p1a: My Egg your Asshol
|-heal|p1a: My Egg your Asshol|573\/703 par
|
|turn|116
|chat|Andrew Cavanah|knowing it might convence me to forfeit
|chat|kid gf lol|zapdos
|chat|Andrew Cavanah|the 3rd
|chat|Andrew Cavanah|i havent seen one
|
|move|p2a: MyStarPKMN|Thunderbolt|p1a: My Egg your Asshol
|-damage|p1a: My Egg your Asshol|498\/703 par
|move|p1a: My Egg your Asshol|Thunder Wave|p2a: MyStarPKMN
|-fail|p2a: MyStarPKMN|par
|
|turn|117
|chat|Andrew Cavanah|or we can just keep going
|chat|kid gf lol|does it really matter who it is lol
|
|move|p2a: MyStarPKMN|Thunderbolt|p1a: My Egg your Asshol
|-damage|p1a: My Egg your Asshol|431\/703 par
|move|p1a: My Egg your Asshol|Thunder Wave|p2a: MyStarPKMN
|-fail|p2a: MyStarPKMN|par
|
|turn|118
|chat|Andrew Cavanah|it might lol
|chat|Andrew Cavanah|do you want me to forfeit?
|
|move|p2a: MyStarPKMN|Thunderbolt|p1a: My Egg your Asshol
|-damage|p1a: My Egg your Asshol|359\/703 par
|move|p1a: My Egg your Asshol|Thunder Wave|p2a: MyStarPKMN
|-fail|p2a: MyStarPKMN|par
|
|turn|119
|
|move|p2a: MyStarPKMN|Thunderbolt|p1a: My Egg your Asshol
|-crit|p1a: My Egg your Asshol
|-damage|p1a: My Egg your Asshol|216\/703 par
|move|p1a: My Egg your Asshol|Soft-Boiled|p1a: My Egg your Asshol
|-heal|p1a: My Egg your Asshol|567\/703 par
|
|turn|120
|
|move|p2a: MyStarPKMN|Recover|p2a: MyStarPKMN
|-fail|p2a: MyStarPKMN
|move|p1a: My Egg your Asshol|Thunder Wave|p2a: MyStarPKMN
|-fail|p2a: MyStarPKMN|par
|
|turn|121
|
|move|p2a: MyStarPKMN|Recover|p2a: MyStarPKMN
|-fail|p2a: MyStarPKMN
|move|p1a: My Egg your Asshol|Thunder Wave|p2a: MyStarPKMN
|-fail|p2a: MyStarPKMN|par
|
|turn|122
|chat|kid gf lol|well on turn 78 i said id be out of pp on turn 162
|
|move|p2a: MyStarPKMN|Recover|p2a: MyStarPKMN
|-fail|p2a: MyStarPKMN
|cant|p1a: My Egg your Asshol|par
|
|turn|123
|chat|Andrew Cavanah|so you'd rather play it out?
|chat|Andrew Cavanah|then to just tell me a poke i might not see?
|
|move|p2a: MyStarPKMN|Thunderbolt|p1a: My Egg your Asshol
|-damage|p1a: My Egg your Asshol|492\/703 par
|move|p1a: My Egg your Asshol|Thunder Wave|p2a: MyStarPKMN
|-fail|p2a: MyStarPKMN|par
|
|turn|124
|
|cant|p2a: MyStarPKMN|par
|move|p1a: My Egg your Asshol|Thunder Wave|p2a: MyStarPKMN
|-fail|p2a: MyStarPKMN|par
|
|turn|125
|
|move|p2a: MyStarPKMN|Recover|p2a: MyStarPKMN
|-fail|p2a: MyStarPKMN
|move|p1a: My Egg your Asshol|Thunder Wave|p2a: MyStarPKMN
|-fail|p2a: MyStarPKMN|par
|
|turn|126
|chat|Andrew Cavanah|theres a 50\/50 chance we could be done if you tell me
|
|cant|p2a: MyStarPKMN|par
|move|p1a: My Egg your Asshol|Thunder Wave|p2a: MyStarPKMN
|-fail|p2a: MyStarPKMN|par
|
|turn|127
|chat|kid gf lol|you'll see if if you can take zapdos and chansey out
|chat|kid gf lol|and i accounted for the 25% paras for turn 162
|chat|Andrew Cavanah|ok then lol its to your disadvantage for me to keep playing and im taking your time
|chat|kid gf lol|so it could be sooner
|chat|Andrew Cavanah|or even sooner if i forfeit
|
|cant|p2a: MyStarPKMN|par
|cant|p1a: My Egg your Asshol|par
|
|turn|128
|
|move|p2a: MyStarPKMN|Recover|p2a: MyStarPKMN
|-fail|p2a: MyStarPKMN
|move|p1a: My Egg your Asshol|Thunder Wave|p2a: MyStarPKMN
|-fail|p2a: MyStarPKMN|par
|
|turn|129
|
|cant|p2a: MyStarPKMN|par
|move|p1a: My Egg your Asshol|Thunder Wave|p2a: MyStarPKMN
|-fail|p2a: MyStarPKMN|par
|
|turn|130
|
|move|p2a: MyStarPKMN|Recover|p2a: MyStarPKMN
|-fail|p2a: MyStarPKMN
|move|p1a: My Egg your Asshol|Thunder Wave|p2a: MyStarPKMN
|-fail|p2a: MyStarPKMN|par
|
|turn|131
|
|cant|p2a: MyStarPKMN|par
|move|p1a: My Egg your Asshol|Thunder Wave|p2a: MyStarPKMN
|-fail|p2a: MyStarPKMN|par
|
|turn|132
|
|move|p2a: MyStarPKMN|Recover|p2a: MyStarPKMN
|-fail|p2a: MyStarPKMN
|move|p1a: My Egg your Asshol|Thunder Wave|p2a: MyStarPKMN
|-fail|p2a: MyStarPKMN|par
|
|turn|133
|
|move|p2a: MyStarPKMN|Recover|p2a: MyStarPKMN
|-fail|p2a: MyStarPKMN
|move|p1a: My Egg your Asshol|Counter|p2a: MyStarPKMN
|-fail|p2a: MyStarPKMN
|
|turn|134
|
|move|p2a: MyStarPKMN|Recover|p2a: MyStarPKMN
|-fail|p2a: MyStarPKMN
|move|p1a: My Egg your Asshol|Counter|p2a: MyStarPKMN
|-fail|p2a: MyStarPKMN
|
|turn|135
|
|move|p2a: MyStarPKMN|Recover|p2a: MyStarPKMN
|-fail|p2a: MyStarPKMN
|move|p1a: My Egg your Asshol|Counter|p2a: MyStarPKMN
|-fail|p2a: MyStarPKMN
|
|turn|136
|
|cant|p2a: MyStarPKMN|par
|move|p1a: My Egg your Asshol|Counter|p2a: MyStarPKMN
|-fail|p2a: MyStarPKMN
|
|turn|137
|
|move|p2a: MyStarPKMN|Recover|p2a: MyStarPKMN
|-fail|p2a: MyStarPKMN
|move|p1a: My Egg your Asshol|Counter|p2a: MyStarPKMN
|-fail|p2a: MyStarPKMN
|
|turn|138
|
|cant|p2a: MyStarPKMN|par
|cant|p1a: My Egg your Asshol|par
|
|turn|139
|
|move|p2a: MyStarPKMN|Recover|p2a: MyStarPKMN
|-fail|p2a: MyStarPKMN
|move|p1a: My Egg your Asshol|Counter|p2a: MyStarPKMN
|-fail|p2a: MyStarPKMN
|
|turn|140
|
|move|p2a: MyStarPKMN|Recover|p2a: MyStarPKMN
|-fail|p2a: MyStarPKMN
|move|p1a: My Egg your Asshol|Ice Beam|p2a: MyStarPKMN
|-crit|p2a: MyStarPKMN
|-resisted|p2a: MyStarPKMN
|-damage|p2a: MyStarPKMN|252\/323 par
|
|turn|141
|
|move|p2a: MyStarPKMN|Recover|p2a: MyStarPKMN
|-heal|p2a: MyStarPKMN|323\/323 par
|move|p1a: My Egg your Asshol|Ice Beam|p2a: MyStarPKMN
|-crit|p2a: MyStarPKMN
|-resisted|p2a: MyStarPKMN
|-damage|p2a: MyStarPKMN|241\/323 par
|
|turn|142
|
|move|p2a: MyStarPKMN|Recover|p2a: MyStarPKMN
|-heal|p2a: MyStarPKMN|323\/323 par
|move|p1a: My Egg your Asshol|Ice Beam|p2a: MyStarPKMN
|-resisted|p2a: MyStarPKMN
|-damage|p2a: MyStarPKMN|282\/323 par
|
|turn|143
|
|move|p2a: MyStarPKMN|Thunder Wave|p1a: My Egg your Asshol
|-fail|p1a: My Egg your Asshol|par
|move|p1a: My Egg your Asshol|Ice Beam|p2a: MyStarPKMN
|-resisted|p2a: MyStarPKMN
|-damage|p2a: MyStarPKMN|246\/323 par
|
|turn|144
|
|cant|p2a: MyStarPKMN|par
|move|p1a: My Egg your Asshol|Counter|p2a: MyStarPKMN
|-fail|p2a: MyStarPKMN
|
|turn|145
|
|move|p2a: MyStarPKMN|Recover|p2a: MyStarPKMN
|-heal|p2a: MyStarPKMN|323\/323 par
|move|p1a: My Egg your Asshol|Ice Beam|p2a: MyStarPKMN
|-resisted|p2a: MyStarPKMN
|-damage|p2a: MyStarPKMN|282\/323 par
|
|turn|146
|
|move|p2a: MyStarPKMN|Recover|p2a: MyStarPKMN
|-heal|p2a: MyStarPKMN|323\/323 par
|move|p1a: My Egg your Asshol|Ice Beam|p2a: MyStarPKMN
|-resisted|p2a: MyStarPKMN
|-damage|p2a: MyStarPKMN|283\/323 par
|
|turn|147
|
|move|p2a: MyStarPKMN|Recover|p2a: MyStarPKMN
|-heal|p2a: MyStarPKMN|323\/323 par
|move|p1a: My Egg your Asshol|Ice Beam|p2a: MyStarPKMN
|-resisted|p2a: MyStarPKMN
|-damage|p2a: MyStarPKMN|285\/323 par
|
|turn|148
|
|move|p2a: MyStarPKMN|Recover|p2a: MyStarPKMN
|-heal|p2a: MyStarPKMN|323\/323 par
|move|p1a: My Egg your Asshol|Ice Beam|p2a: MyStarPKMN
|-crit|p2a: MyStarPKMN
|-resisted|p2a: MyStarPKMN
|-damage|p2a: MyStarPKMN|247\/323 par
|
|turn|149
|
|move|p2a: MyStarPKMN|Recover|p2a: MyStarPKMN
|-heal|p2a: MyStarPKMN|323\/323 par
|cant|p1a: My Egg your Asshol|par
|
|turn|150
|chat|Andrew Cavanah|if its another electric type i will forfeit now...or a certain other poke...
|
|move|p2a: MyStarPKMN|Recover|p2a: MyStarPKMN
|-fail|p2a: MyStarPKMN
|move|p1a: My Egg your Asshol|Counter|p2a: MyStarPKMN
|-fail|p2a: MyStarPKMN
|
|turn|151
|chat|kid gf lol|it is not an OU Poke
|chat|kid gf lol|in gen1
|chat|Andrew Cavanah|you are weird. you would really rather play it out
|
|move|p2a: MyStarPKMN|Recover|p2a: MyStarPKMN
|-fail|p2a: MyStarPKMN
|cant|p1a: My Egg your Asshol|par
|
|turn|152
|
|move|p2a: MyStarPKMN|Recover|p2a: MyStarPKMN
|-fail|p2a: MyStarPKMN
|move|p1a: My Egg your Asshol|Counter|p2a: MyStarPKMN
|-fail|p2a: MyStarPKMN
|
|turn|153
|
|cant|p2a: MyStarPKMN|par
|move|p1a: My Egg your Asshol|Ice Beam|p2a: MyStarPKMN
|-resisted|p2a: MyStarPKMN
|-damage|p2a: MyStarPKMN|283\/323 par
|
|turn|154
|chat|kid gf lol|i swear its not OU
|
|move|p2a: MyStarPKMN|Recover|p2a: MyStarPKMN
|-heal|p2a: MyStarPKMN|323\/323 par
|move|p1a: My Egg your Asshol|Ice Beam|p2a: MyStarPKMN
|-resisted|p2a: MyStarPKMN
|-damage|p2a: MyStarPKMN|287\/323 par
|
|turn|155
|chat|Andrew Cavanah|ou has nothing to do with it
|
|move|p2a: MyStarPKMN|Recover|p2a: MyStarPKMN
|-heal|p2a: MyStarPKMN|323\/323 par
|move|p1a: My Egg your Asshol|Ice Beam|p2a: MyStarPKMN
|-resisted|p2a: MyStarPKMN
|-damage|p2a: MyStarPKMN|287\/323 par
|
|turn|156
|chat|Andrew Cavanah|im just tired
|chat|Andrew Cavanah|and i thought id do us both a favor
|join|wertrex
|chat|kid gf lol|well i said on turn 78 id run oiut of pp on turn 162
|chat|kid gf lol|i'm altering that number to 164 now that we're closer
|chat|Andrew Cavanah|wertrex
|chat|wertrex|wats up
|chat|wertrex|im not speak many english xD
|chat|Andrew Cavanah|i told this guy 100 turns ago if he told me
|chat|Andrew Cavanah|who his last guy is
|chat|Andrew Cavanah|that i would forfeit
|chat|Andrew Cavanah|but hed rather play it out
|chat|kid gf lol|what if its magicarp
|chat|PikaYoshi|this PP stall..I'm just using this to listen to music lol
|chat|wertrex|D: turn 156
|join|stots21
|
|move|p2a: MyStarPKMN|Recover|p2a: MyStarPKMN
|-heal|p2a: MyStarPKMN|323\/323 par
|move|p1a: My Egg your Asshol|Soft-Boiled|p1a: My Egg your Asshol
|-heal|p1a: My Egg your Asshol|703\/703 par
|
|turn|157
|
|cant|p2a: MyStarPKMN|par
|cant|p1a: My Egg your Asshol|par
|
|turn|158
|leave|stots21
|
|cant|p2a: MyStarPKMN|par
|cant|p1a: My Egg your Asshol|par
|
|turn|159
|chat|PikaYoshi|turn 165..
|
|move|p2a: MyStarPKMN|Recover|p2a: MyStarPKMN
|-fail|p2a: MyStarPKMN
|move|p1a: My Egg your Asshol|Soft-Boiled|p1a: My Egg your Asshol
|-fail|p1a: My Egg your Asshol
|
|turn|160
|chat|PikaYoshi|166
|
|move|p2a: MyStarPKMN|Recover|p2a: MyStarPKMN
|-fail|p2a: MyStarPKMN
|move|p1a: My Egg your Asshol|Soft-Boiled|p1a: My Egg your Asshol
|-fail|p1a: My Egg your Asshol
|
|turn|161
|chat|Andrew Cavanah|i said id forfeit if you just tell me
|
|move|p2a: MyStarPKMN|Thunderbolt|p1a: My Egg your Asshol
|-damage|p1a: My Egg your Asshol|634\/703 par
|move|p1a: My Egg your Asshol|Soft-Boiled|p1a: My Egg your Asshol
|-heal|p1a: My Egg your Asshol|703\/703 par
|
|turn|162
|chat|kid gf lol|what if its geodude
|
|move|p2a: MyStarPKMN|Thunder Wave|p1a: My Egg your Asshol
|-fail|p1a: My Egg your Asshol|par
|cant|p1a: My Egg your Asshol|par
|
|turn|163
|chat|Andrew Cavanah|i would forfeit if you say a poke that isnt fully evolved 
|chat|kid gf lol|my new prediction is turn 165 ill be out of pp
|
|cant|p2a: MyStarPKMN|par
|move|p1a: My Egg your Asshol|Soft-Boiled|p1a: My Egg your Asshol
|-fail|p1a: My Egg your Asshol
|
|turn|164
|
|cant|p2a: MyStarPKMN|par
|move|p1a: My Egg your Asshol|Soft-Boiled|p1a: My Egg your Asshol
|-fail|p1a: My Egg your Asshol
|
|turn|165
|chat|kid gf lol|what if....it was goldeen
|
|move|p2a: MyStarPKMN|Thunderbolt|p1a: My Egg your Asshol
|-damage|p1a: My Egg your Asshol|636\/703 par
|move|p1a: My Egg your Asshol|Soft-Boiled|p1a: My Egg your Asshol
|-heal|p1a: My Egg your Asshol|703\/703 par
|
|turn|166
|
|move|p2a: MyStarPKMN|Recover|p2a: MyStarPKMN
|-fail|p2a: MyStarPKMN
|-message|My Egg your Asshol has no moves left! (placeholder)
|move|p1a: My Egg your Asshol|Struggle|p2a: MyStarPKMN
|-damage|p2a: MyStarPKMN|299\/323 par
|-damage|p1a: My Egg your Asshol|691\/703 par|[from] recoil|[of] p2a: MyStarPKMN
|
|turn|167
|chat|kid gf lol|88 turns ago i predicted i would be out in 84 tuirns
|chat|kid gf lol|i was 4 off
|chat|Andrew Cavanah|i dont care
|
|cant|p2a: MyStarPKMN|par
|cant|p1a: My Egg your Asshol|par
|
|turn|168
|
|move|p2a: MyStarPKMN|Thunderbolt|p1a: My Egg your Asshol
|-damage|p1a: My Egg your Asshol|613\/703 par
|cant|p1a: My Egg your Asshol|par
|
|turn|169
|
|move|p2a: MyStarPKMN|Blizzard|p1a: My Egg your Asshol
|-crit|p1a: My Egg your Asshol
|-damage|p1a: My Egg your Asshol|431\/703 par
|-message|My Egg your Asshol has no moves left! (placeholder)
|move|p1a: My Egg your Asshol|Struggle|p2a: MyStarPKMN
|-damage|p2a: MyStarPKMN|273\/323 par
|-damage|p1a: My Egg your Asshol|418\/703 par|[from] recoil|[of] p2a: MyStarPKMN
|
|turn|170
|
|move|p2a: MyStarPKMN|Recover|p2a: MyStarPKMN
|-heal|p2a: MyStarPKMN|323\/323 par
|cant|p1a: My Egg your Asshol|par
|
|turn|171
|
|-message|MyStarPKMN has no moves left! (placeholder)
|move|p2a: MyStarPKMN|Struggle|p1a: My Egg your Asshol
|-crit|p1a: My Egg your Asshol
|-damage|p1a: My Egg your Asshol|242\/703 par
|-damage|p2a: MyStarPKMN|235\/323 par|[from] recoil|[of] p1a: My Egg your Asshol
|-message|My Egg your Asshol has no moves left! (placeholder)
|move|p1a: My Egg your Asshol|Struggle|p2a: MyStarPKMN
|-damage|p2a: MyStarPKMN|210\/323 par
|-damage|p1a: My Egg your Asshol|229\/703 par|[from] recoil|[of] p2a: MyStarPKMN
|
|turn|172
|
|-message|MyStarPKMN has no moves left! (placeholder)
|move|p2a: MyStarPKMN|Struggle|p1a: My Egg your Asshol
|-damage|p1a: My Egg your Asshol|136\/703 par
|-damage|p2a: MyStarPKMN|163\/323 par|[from] recoil|[of] p1a: My Egg your Asshol
|cant|p1a: My Egg your Asshol|par
|
|turn|173
|chat|kid gf lol|ahahahah!!!
|chat|Andrew Cavanah|?
|
|-message|MyStarPKMN has no moves left! (placeholder)
|move|p2a: MyStarPKMN|Struggle|p1a: My Egg your Asshol
|-damage|p1a: My Egg your Asshol|40\/703 par
|-damage|p2a: MyStarPKMN|115\/323 par|[from] recoil|[of] p1a: My Egg your Asshol
|-message|My Egg your Asshol has no moves left! (placeholder)
|move|p1a: My Egg your Asshol|Struggle|p2a: MyStarPKMN
|-damage|p2a: MyStarPKMN|91\/323 par
|-damage|p1a: My Egg your Asshol|28\/703 par|[from] recoil|[of] p2a: MyStarPKMN
|
|turn|174
|chat|Andrew Cavanah|are you getting off?
|chat|kid gf lol|you'll never see my last mon!!!
|chat|PikaYoshi|what is this last pokemon
|chat|kid gf lol|unless i somehow die before you
|leave|wertrex
|chat|kid gf lol|which is extrodinarily unlikely
|chat|Andrew Cavanah|youre last poke doesnt matter now. you laugh at nothing
|chat|kid gf lol|like less than 1\/10000
|
|-message|MyStarPKMN has no moves left! (placeholder)
|move|p2a: MyStarPKMN|Struggle|p1a: My Egg your Asshol
|-crit|p1a: My Egg your Asshol
|-damage|p1a: My Egg your Asshol|0 fnt
|-damage|p2a: MyStarPKMN|77\/323 par|[from] recoil|[of] p1a: My Egg your Asshol
|faint|p1a: My Egg your Asshol
|
|
|switch|p1a: Beak In Your A-Hol|Zapdos|96\/383 tox
|-status|p1a: Beak In Your A-Hol|psn
|turn|175
|chat|kid gf lol|it was vileplume all along
|chat|Andrew Cavanah|all you did was waste both our times by not telling me
|chat|Andrew Cavanah|ok
|chat|PikaYoshi|vileplume sure
|chat|kid gf lol|how is that such a big stretch
|chat|kid gf lol|i have victreebell
|-message|Andrew Cavanah lost due to inactivity.
|
|win|kid gf lol
|raw|Ladder updating...
|raw|kid gf lol's rating: 1361 &rarr; <strong>1371<\/strong><br \/>(+10 for winning)
|raw|Andrew Cavanah's rating: 1149 &rarr; <strong>1137<\/strong><br \/>(-12 for losing)
|chat|kid gf lol|w000000t
|chat|kid gf lol|on turn 78 i said id have you beat on turn 166
|chat|kid gf lol|9 of
|chat|kid gf lol|i didnt account for the struggle hitd
|chat|Andrew Cavanah|im glad your happy
|chat|Andrew Cavanah|good for you
|leave|kid gf lol
|player|p1
|chat|Andrew Cavanah|now im going to play with my 3 year old, have sex when my wife gets home from work, play basketball with some "friends", then get ready for work.