|j|Rssg
|j|Wilchan
|player|p1|Rssg|159
|player|p2|Wilchan|102
|gametype|singles
|gen|1
|tier|[Gen 1] OU
|rated
|seed|
|rule|Sleep Clause Mod: Limit one foe put to sleep
|rule|Freeze Clause Mod: Limit one foe frozen
|rule|Species Clause: Limit one of each Pokémon
|rule|OHKO Clause: OHKO moves are banned
|rule|Evasion Moves Clause: Evasion moves are banned
|rule|HP Percentage Mod: HP is shown in percentages
|
|start
|switch|p1a: Exeggutor|Exeggutor|100\/100
|switch|p2a: Warrod|Exeggutor, M|100\/100
|turn|1
|choice||
|
|move|p2a: Warrod|Sleep Powder|p1a: Exeggutor
|-status|p1a: Exeggutor|slp
|cant|p1a: Exeggutor|slp
|
|turn|2
|choice||
|
|switch|p1a: Jynx|Jynx|100\/100
|switch|p2a: Natsu|Tauros|100\/100
|
|turn|3
|choice||
|
|switch|p2a: Wendy|Slowbro, F|100\/100
|move|p1a: Jynx|Lovely Kiss|p2a: Wendy|[miss]
|-miss|p1a: Jynx
|
|turn|4
|choice||
|
|move|p1a: Jynx|Lovely Kiss|p2a: Wendy|[miss]
|-miss|p1a: Jynx
|move|p2a: Wendy|Surf|p1a: Jynx
|-damage|p1a: Jynx|69\/100
|
|turn|5
|choice||
|
|move|p1a: Jynx|Lovely Kiss|p2a: Wendy
|-status|p2a: Wendy|slp
|-curestatus|p2a: Wendy|slp
|
|turn|6
|choice||
|
|move|p1a: Jynx|Lovely Kiss|p2a: Wendy|[miss]
|-miss|p1a: Jynx
|move|p2a: Wendy|Surf|p1a: Jynx
|-damage|p1a: Jynx|38\/100
|
|turn|7
|c|★Wilchan|Lol the struggle
|choice||
|
|move|p1a: Jynx|Lovely Kiss|p2a: Wendy
|-status|p2a: Wendy|slp
|cant|p2a: Wendy|slp
|
|turn|8
|choice||
|
|switch|p1a: Alakazam|Alakazam|100\/100
|-curestatus|p2a: Wendy|slp
|
|turn|9
|choice||
|
|move|p1a: Alakazam|Seismic Toss|p2a: Wendy
|-damage|p2a: Wendy|75\/100
|move|p2a: Wendy|Amnesia|p2a: Wendy
|-boost|p2a: Wendy|spd|2
|-boost|p2a: Wendy|spa|2
|
|turn|10
|choice||
|
|move|p1a: Alakazam|Seismic Toss|p2a: Wendy
|-damage|p2a: Wendy|50\/100
|move|p2a: Wendy|Amnesia|p2a: Wendy
|-boost|p2a: Wendy|spd|2
|-boost|p2a: Wendy|spa|2
|
|turn|11
|choice||
|
|move|p1a: Alakazam|Seismic Toss|p2a: Wendy
|-damage|p2a: Wendy|24\/100
|move|p2a: Wendy|Surf|p1a: Alakazam
|-damage|p1a: Alakazam|23\/100
|
|turn|12
|choice||
|
|move|p1a: Alakazam|Seismic Toss|p2a: Wendy
|-damage|p2a: Wendy|0 fnt
|faint|p2a: Wendy
|choice||
|
|switch|p2a: Erza|Alakazam, F|100\/100
|turn|13
|choice||
|
|move|p2a: Erza|Psychic|p1a: Alakazam
|-resisted|p1a: Alakazam
|-damage|p1a: Alakazam|6\/100
|-unboost|p1a: Alakazam|spd|1
|-unboost|p1a: Alakazam|spa|1
|move|p1a: Alakazam|Thunder Wave|p2a: Erza
|-status|p2a: Erza|par
|
|turn|14
|choice||
|
|switch|p1a: Mr. Mime|Mr. Mime|100\/100
|move|p2a: Erza|Thunder Wave|p1a: Mr. Mime
|-status|p1a: Mr. Mime|par
|
|turn|15
|choice||
|
|cant|p2a: Erza|par
|move|p1a: Mr. Mime|Seismic Toss|p2a: Erza
|-damage|p2a: Erza|69\/100 par
|
|turn|16
|choice||
|
|switch|p2a: Warrod|Exeggutor, M|100\/100
|move|p1a: Mr. Mime|Seismic Toss|p2a: Warrod
|-damage|p2a: Warrod|75\/100
|
|turn|17
|choice||
|
|move|p2a: Warrod|Psychic|p1a: Mr. Mime
|-resisted|p1a: Mr. Mime
|-damage|p1a: Mr. Mime|79\/100 par
|move|p1a: Mr. Mime|Seismic Toss|p2a: Warrod
|-damage|p2a: Warrod|50\/100
|
|turn|18
|choice||
|
|move|p2a: Warrod|Psychic|p1a: Mr. Mime
|-resisted|p1a: Mr. Mime
|-damage|p1a: Mr. Mime|58\/100 par
|cant|p1a: Mr. Mime|par
|
|turn|19
|choice||
|
|move|p2a: Warrod|Psychic|p1a: Mr. Mime
|-resisted|p1a: Mr. Mime
|-damage|p1a: Mr. Mime|36\/100 par
|move|p1a: Mr. Mime|Seismic Toss|p2a: Warrod
|-damage|p2a: Warrod|24\/100
|
|turn|20
|choice||
|
|move|p2a: Warrod|Explosion|p1a: Mr. Mime
|-damage|p1a: Mr. Mime|0 fnt
|faint|p1a: Mr. Mime
|faint|p2a: Warrod
|choice||
|
|switch|p2a: Gildarts|Snorlax, M|100\/100
|switch|p1a: Slowbro|Slowbro|100\/100
|turn|21
|choice||
|
|move|p2a: Gildarts|Body Slam|p1a: Slowbro
|-damage|p1a: Slowbro|76\/100
|-status|p1a: Slowbro|par
|move|p1a: Slowbro|Amnesia|p1a: Slowbro
|-boost|p1a: Slowbro|spd|2
|-boost|p1a: Slowbro|spa|2
|
|turn|22
|choice||
|
|move|p2a: Gildarts|Body Slam|p1a: Slowbro
|-damage|p1a: Slowbro|52\/100 par
|cant|p1a: Slowbro|par
|
|turn|23
|choice||
|
|move|p2a: Gildarts|Body Slam|p1a: Slowbro
|-damage|p1a: Slowbro|24\/100 par
|move|p1a: Slowbro|Psychic|p2a: Gildarts
|-damage|p2a: Gildarts|52\/100
|
|turn|24
|choice||
|
|switch|p1a: Starmie|Starmie|100\/100
|move|p2a: Gildarts|Body Slam|p1a: Starmie
|-damage|p1a: Starmie|66\/100
|-status|p1a: Starmie|par
|
|turn|25
|choice||
|
|move|p2a: Gildarts|Body Slam|p1a: Starmie
|-damage|p1a: Starmie|30\/100 par
|cant|p1a: Starmie|par
|
|turn|26
|choice||
|
|move|p2a: Gildarts|Body Slam|p1a: Starmie
|-damage|p1a: Starmie|0 fnt
|faint|p1a: Starmie
|choice||
|
|switch|p1a: Exeggutor|Exeggutor|100\/100 slp
|turn|27
|c|★Wilchan|Man I'm getting so lucky
|choice||
|
|cant|p1a: Exeggutor|slp
|move|p2a: Gildarts|Blizzard|p1a: Exeggutor
|-supereffective|p1a: Exeggutor
|-damage|p1a: Exeggutor|70\/100 slp
|
|turn|28
|choice||
|
|-curestatus|p1a: Exeggutor|slp
|move|p2a: Gildarts|Self-Destruct|p1a: Exeggutor
|-damage|p1a: Exeggutor|0 fnt
|faint|p1a: Exeggutor
|faint|p2a: Gildarts
|choice||
|
|switch|p2a: Erza|Alakazam, F|69\/100 par
|switch|p1a: Jynx|Jynx|38\/100
|turn|29
|choice||
|
|move|p1a: Jynx|Ice Beam|p2a: Erza
|-damage|p2a: Erza|38\/100 par
|cant|p2a: Erza|par
|
|turn|30
|choice||
|
|move|p1a: Jynx|Ice Beam|p2a: Erza
|-damage|p2a: Erza|8\/100 par
|move|p2a: Erza|Thunder Wave|p1a: Jynx
|-status|p1a: Jynx|par
|
|turn|31
|choice||
|
|move|p2a: Erza|Recover|p2a: Erza
|-heal|p2a: Erza|58\/100 par
|cant|p1a: Jynx|par
|
|turn|32
|choice||
|
|move|p2a: Erza|Recover|p2a: Erza
|-heal|p2a: Erza|100\/100 par
|move|p1a: Jynx|Ice Beam|p2a: Erza
|-crit|p2a: Erza
|-damage|p2a: Erza|49\/100 par
|
|turn|33
|choice||
|
|move|p2a: Erza|Psychic|p1a: Jynx
|-resisted|p1a: Jynx
|-damage|p1a: Jynx|17\/100 par
|cant|p1a: Jynx|par
|
|turn|34
|c|★Wilchan|Damm girl lol
|choice||
|
|move|p2a: Erza|Psychic|p1a: Jynx
|-resisted|p1a: Jynx
|-damage|p1a: Jynx|0 fnt
|faint|p1a: Jynx
|choice||
|
|switch|p1a: Slowbro|Slowbro|24\/100 par
|turn|35
|choice||
|
|move|p2a: Erza|Psychic|p1a: Slowbro
|-crit|p1a: Slowbro
|-resisted|p1a: Slowbro
|-damage|p1a: Slowbro|0 fnt
|faint|p1a: Slowbro
|choice||
|
|switch|p1a: Alakazam|Alakazam|6\/100
|turn|36
|c|★Wilchan|Gg???
|choice||
|
|move|p1a: Alakazam|Recover|p1a: Alakazam
|-heal|p1a: Alakazam|56\/100
|cant|p2a: Erza|par
|
|turn|37
|choice||
|
|move|p1a: Alakazam|Recover|p1a: Alakazam
|-heal|p1a: Alakazam|100\/100
|cant|p2a: Erza|par
|
|turn|38
|choice||
|
|move|p1a: Alakazam|Seismic Toss|p2a: Erza
|-damage|p2a: Erza|17\/100 par
|cant|p2a: Erza|par
|
|turn|39
|c|★Wilchan|Damm lol
|choice||
|
|move|p1a: Alakazam|Seismic Toss|p2a: Erza
|-damage|p2a: Erza|0 fnt
|faint|p2a: Erza
|choice||
|
|switch|p2a: Laxus|Electabuzz, M|100\/100
|turn|40
|choice||
|
|move|p1a: Alakazam|Psychic|p2a: Laxus
|-crit|p2a: Laxus
|-damage|p2a: Laxus|20\/100
|move|p2a: Laxus|Thunder Wave|p1a: Alakazam
|-status|p1a: Alakazam|par
|
|turn|41
|choice||
|
|move|p2a: Laxus|Ice Punch|p1a: Alakazam
|-damage|p1a: Alakazam|86\/100 par
|move|p1a: Alakazam|Psychic|p2a: Laxus
|-damage|p2a: Laxus|0 fnt
|faint|p2a: Laxus
|choice||
|
|switch|p2a: Natsu|Tauros|100\/100
|turn|42
|choice||
|
|move|p2a: Natsu|Body Slam|p1a: Alakazam
|-damage|p1a: Alakazam|33\/100 par
|cant|p1a: Alakazam|par
|
|turn|43
|choice||
|
|move|p2a: Natsu|Body Slam|p1a: Alakazam
|-crit|p1a: Alakazam
|-damage|p1a: Alakazam|0 fnt
|faint|p1a: Alakazam
|
|win|Wilchan
|player|p1
|player|p2
|raw|Rssg's rating: 1315 &rarr; <strong>1294<\/strong><br \/>(-21 for losing)
|raw|Wilchan's rating: 1302 &rarr; <strong>1323<\/strong><br \/>(+21 for winning)
|c|★Rssg|damn nice battle
|l|Rssg
|c|★Wilchan|Lol u 2