|j|icm
|j|GetNikkDon
|player|p1|icm|247
|player|p2|GetNikkDon|33
|gametype|singles
|gen|1
|tier|[Gen 1] Random Battle
|rated
|seed|
|rule|Sleep Clause Mod: Limit one foe put to sleep
|rule|Freeze Clause Mod: Limit one foe frozen
|rule|HP Percentage Mod: HP is shown in percentages
|
|start
|switch|p1a: Dragonair|Dragonair, L85|100\/100
|switch|p2a: Staryu|Staryu, L90|100\/100
|turn|1
|choice||
|
|move|p2a: Staryu|Blizzard|p1a: Dragonair
|-crit|p1a: Dragonair
|-supereffective|p1a: Dragonair
|-damage|p1a: Dragonair|0 fnt
|faint|p1a: Dragonair
|choice||
|
|switch|p1a: Jolteon|Jolteon, L79|100\/100
|turn|2
|choice||
|
|switch|p2a: Venusaur|Venusaur, L85|100\/100
|move|p1a: Jolteon|Thunderbolt|p2a: Venusaur
|-resisted|p2a: Venusaur
|-damage|p2a: Venusaur|87\/100
|
|turn|3
|choice||
|
|move|p1a: Jolteon|Thunder Wave|p2a: Venusaur
|-status|p2a: Venusaur|par
|move|p2a: Venusaur|Razor Leaf|p1a: Jolteon
|-crit|p1a: Jolteon
|-damage|p1a: Jolteon|62\/100
|
|turn|4
|choice||
|
|move|p1a: Jolteon|Pin Missile|p2a: Venusaur
|-crit|p2a: Venusaur
|-supereffective|p2a: Venusaur
|-damage|p2a: Venusaur|68\/100 par
|-damage|p2a: Venusaur|49\/100 par
|-hitcount|p2a: Venusaur|2
|cant|p2a: Venusaur|par
|
|turn|5
|choice||
|
|move|p1a: Jolteon|Pin Missile|p2a: Venusaur
|-crit|p2a: Venusaur
|-supereffective|p2a: Venusaur
|-damage|p2a: Venusaur|31\/100 par
|-damage|p2a: Venusaur|13\/100 par
|-damage|p2a: Venusaur|0 fnt
|-hitcount|p2a: Venusaur|3
|faint|p2a: Venusaur
|choice||
|
|switch|p2a: Chansey|Chansey, L79|100\/100
|turn|6
|choice||
|
|move|p1a: Jolteon|Thunder Wave|p2a: Chansey
|-status|p2a: Chansey|par
|cant|p2a: Chansey|par
|
|turn|7
|choice||
|
|move|p1a: Jolteon|Double Kick|p2a: Chansey
|-supereffective|p2a: Chansey
|-damage|p2a: Chansey|87\/100 par
|-damage|p2a: Chansey|74\/100 par
|-hitcount|p2a: Chansey|2
|cant|p2a: Chansey|par
|
|turn|8
|choice||
|
|move|p1a: Jolteon|Double Kick|p2a: Chansey
|-supereffective|p2a: Chansey
|-damage|p2a: Chansey|60\/100 par
|-damage|p2a: Chansey|46\/100 par
|-hitcount|p2a: Chansey|2
|move|p2a: Chansey|Thunder Wave|p1a: Jolteon
|-status|p1a: Jolteon|par
|
|turn|9
|choice||
|
|cant|p1a: Jolteon|par
|move|p2a: Chansey|Soft-Boiled|p2a: Chansey
|-heal|p2a: Chansey|96\/100 par
|
|turn|10
|choice||
|
|move|p1a: Jolteon|Double Kick|p2a: Chansey
|-supereffective|p2a: Chansey
|-damage|p2a: Chansey|82\/100 par
|-damage|p2a: Chansey|69\/100 par
|-hitcount|p2a: Chansey|2
|move|p2a: Chansey|Ice Beam|p1a: Jolteon
|-damage|p1a: Jolteon|42\/100 par
|
|turn|11
|choice||
|
|move|p1a: Jolteon|Double Kick|p2a: Chansey
|-supereffective|p2a: Chansey
|-damage|p2a: Chansey|54\/100 par
|-damage|p2a: Chansey|40\/100 par
|-hitcount|p2a: Chansey|2
|move|p2a: Chansey|Ice Beam|p1a: Jolteon
|-damage|p1a: Jolteon|21\/100 par
|
|turn|12
|choice||
|
|move|p1a: Jolteon|Double Kick|p2a: Chansey
|-supereffective|p2a: Chansey
|-damage|p2a: Chansey|27\/100 par
|-damage|p2a: Chansey|13\/100 par
|-hitcount|p2a: Chansey|2
|move|p2a: Chansey|Soft-Boiled|p2a: Chansey
|-heal|p2a: Chansey|63\/100 par
|
|turn|13
|choice||
|
|cant|p1a: Jolteon|par
|move|p2a: Chansey|Soft-Boiled|p2a: Chansey
|-heal|p2a: Chansey|100\/100 par
|
|turn|14
|choice||
|
|move|p1a: Jolteon|Double Kick|p2a: Chansey
|-crit|p2a: Chansey
|-supereffective|p2a: Chansey
|-damage|p2a: Chansey|71\/100 par
|-damage|p2a: Chansey|42\/100 par
|-hitcount|p2a: Chansey|2
|cant|p2a: Chansey|par
|
|turn|15
|choice||
|
|move|p1a: Jolteon|Double Kick|p2a: Chansey
|-crit|p2a: Chansey
|-supereffective|p2a: Chansey
|-damage|p2a: Chansey|14\/100 par
|-damage|p2a: Chansey|0 fnt
|-hitcount|p2a: Chansey|2
|faint|p2a: Chansey
|choice||
|
|switch|p2a: Pikachu|Pikachu, L96|100\/100
|turn|16
|choice||
|
|move|p2a: Pikachu|Surf|p1a: Jolteon
|-crit|p1a: Jolteon
|-damage|p1a: Jolteon|0 fnt
|faint|p1a: Jolteon
|choice||
|
|switch|p1a: Raticate|Raticate, L85|100\/100
|turn|17
|choice||
|
|move|p2a: Pikachu|Thunder Wave|p1a: Raticate
|-status|p1a: Raticate|par
|move|p1a: Raticate|Super Fang|p2a: Pikachu
|-damage|p2a: Pikachu|50\/100
|
|turn|18
|choice||
|
|move|p2a: Pikachu|Thunder|p1a: Raticate
|-damage|p1a: Raticate|48\/100 par
|move|p1a: Raticate|Body Slam|p2a: Pikachu
|-damage|p2a: Pikachu|0 fnt
|faint|p2a: Pikachu
|choice||
|
|switch|p2a: Gyarados|Gyarados, L85|100\/100
|turn|19
|choice||
|
|move|p2a: Gyarados|Hyper Beam|p1a: Raticate|[miss]
|-miss|p2a: Gyarados
|cant|p1a: Raticate|par
|
|turn|20
|choice||
|
|move|p2a: Gyarados|Hyper Beam|p1a: Raticate
|-damage|p1a: Raticate|0 fnt
|faint|p1a: Raticate
|choice||
|
|switch|p1a: Starmie|Starmie, L79|100\/100
|turn|21
|choice||
|
|move|p1a: Starmie|Thunderbolt|p2a: Gyarados
|-crit|p2a: Gyarados
|-supereffective|p2a: Gyarados
|-damage|p2a: Gyarados|0 fnt
|faint|p2a: Gyarados
|choice||
|
|switch|p2a: Alakazam|Alakazam, L79|100\/100
|turn|22
|choice||
|
|move|p2a: Alakazam|Thunder Wave|p1a: Starmie
|-status|p1a: Starmie|par
|move|p1a: Starmie|Thunderbolt|p2a: Alakazam
|-damage|p2a: Alakazam|80\/100
|
|turn|23
|choice||
|
|move|p2a: Alakazam|Reflect|p2a: Alakazam
|-start|p2a: Alakazam|Reflect
|cant|p1a: Starmie|par
|
|turn|24
|choice||
|
|move|p2a: Alakazam|Psychic|p1a: Starmie
|-crit|p1a: Starmie
|-resisted|p1a: Starmie
|-damage|p1a: Starmie|64\/100 par
|move|p1a: Starmie|Surf|p2a: Alakazam
|-damage|p2a: Alakazam|52\/100
|
|turn|25
|choice||
|
|move|p2a: Alakazam|Recover|p2a: Alakazam
|-heal|p2a: Alakazam|100\/100
|move|p1a: Starmie|Surf|p2a: Alakazam
|-damage|p2a: Alakazam|70\/100
|
|turn|26
|choice||
|
|move|p2a: Alakazam|Psychic|p1a: Starmie
|-resisted|p1a: Starmie
|-damage|p1a: Starmie|42\/100 par
|move|p1a: Starmie|Surf|p2a: Alakazam
|-damage|p2a: Alakazam|39\/100
|
|turn|27
|choice||
|
|move|p2a: Alakazam|Psychic|p1a: Starmie
|-crit|p1a: Starmie
|-resisted|p1a: Starmie
|-damage|p1a: Starmie|0 fnt
|faint|p1a: Starmie
|choice||
|
|switch|p1a: Magmar|Magmar, L90|100\/100
|turn|28
|choice||
|
|move|p2a: Alakazam|Thunder Wave|p1a: Magmar
|-status|p1a: Magmar|par
|cant|p1a: Magmar|par
|
|turn|29
|choice||
|
|move|p2a: Alakazam|Recover|p2a: Alakazam
|-heal|p2a: Alakazam|89\/100
|cant|p1a: Magmar|par
|
|turn|30
|choice||
|
|move|p2a: Alakazam|Psychic|p1a: Magmar
|-crit|p1a: Magmar
|-damage|p1a: Magmar|33\/100 par
|move|p1a: Magmar|Confuse Ray|p2a: Alakazam
|-start|p2a: Alakazam|confusion
|
|turn|31
|choice||
|
|-activate|p2a: Alakazam|confusion
|move|p2a: Alakazam|Psychic|p1a: Magmar
|-damage|p1a: Magmar|0 fnt
|faint|p1a: Magmar
|choice||
|
|switch|p1a: Golbat|Golbat, L90|100\/100
|turn|32
|choice||
|
|-activate|p2a: Alakazam|confusion
|move|p2a: Alakazam|Psychic|p1a: Golbat
|-crit|p1a: Golbat
|-supereffective|p1a: Golbat
|-damage|p1a: Golbat|0 fnt
|faint|p1a: Golbat
|
|win|GetNikkDon
|player|p1
|player|p2
|raw|icm's rating: 1248 &rarr; <strong>1215<\/strong><br \/>(-33 for losing)
|raw|GetNikkDon's rating: 1143 &rarr; <strong>1175<\/strong><br \/>(+32 for winning)
|c|★GetNikkDon|BEUTIFUL
|l|icm