|j|MALESANI
|j|PickledBeets
|player|p1|MALESANI|238
|player|p2|PickledBeets|162
|gametype|singles
|gen|1
|tier|[Gen 1] Random Battle
|rated
|seed|34331,7401,18179,23870
|rule|Sleep Clause Mod: Limit one foe put to sleep
|rule|Freeze Clause Mod: Limit one foe frozen
|rule|HP Percentage Mod: HP is shown in percentages
|
|start
|switch|p1a: Squirtle|Squirtle, L96|279\/279
|switch|p2a: Alakazam|Alakazam, L79|249\/249
|turn|1
|choice|move 4|move 2
|
|move|p2a: Alakazam|Thunder Wave|p1a: Squirtle
|-status|p1a: Squirtle|par
|move|p1a: Squirtle|Body Slam|p2a: Alakazam
|-damage|p2a: Alakazam|168\/249
|-status|p2a: Alakazam|par
|
|turn|2
|choice|move 4|move 4
|
|move|p2a: Alakazam|Reflect|p2a: Alakazam
|-start|p2a: Alakazam|Reflect
|move|p1a: Squirtle|Body Slam|p2a: Alakazam
|-damage|p2a: Alakazam|128\/249 par
|
|turn|3
|choice|move 2|move 3
|
|cant|p2a: Alakazam|par
|move|p1a: Squirtle|Mimic|p2a: Alakazam
|-start|p1a: Squirtle|Mimic|Recover
|
|turn|4
|choice|move 1|move 3
|
|move|p2a: Alakazam|Recover|p2a: Alakazam
|-heal|p2a: Alakazam|249\/249 par
|move|p1a: Squirtle|Surf|p2a: Alakazam
|-damage|p2a: Alakazam|177\/249 par
|
|turn|5
|choice|move 1|move 1
|
|move|p2a: Alakazam|Psychic|p1a: Squirtle
|-damage|p1a: Squirtle|152\/279 par
|-unboost|p1a: Squirtle|spd|1
|-unboost|p1a: Squirtle|spa|1
|move|p1a: Squirtle|Surf|p2a: Alakazam
|-damage|p2a: Alakazam|130\/249 par
|
|turn|6
|choice|move 1|move 3
|
|move|p2a: Alakazam|Recover|p2a: Alakazam
|-heal|p2a: Alakazam|249\/249 par
|move|p1a: Squirtle|Surf|p2a: Alakazam
|-damage|p2a: Alakazam|200\/249 par
|
|turn|7
|choice|move 1|move 1
|
|cant|p2a: Alakazam|par
|move|p1a: Squirtle|Surf|p2a: Alakazam
|-damage|p2a: Alakazam|155\/249 par
|
|turn|8
|choice|move 1|move 3
|
|move|p2a: Alakazam|Recover|p2a: Alakazam
|-heal|p2a: Alakazam|249\/249 par
|move|p1a: Squirtle|Surf|p2a: Alakazam
|-damage|p2a: Alakazam|199\/249 par
|
|turn|9
|choice|move 2|move 1
|
|move|p2a: Alakazam|Psychic|p1a: Squirtle
|-damage|p1a: Squirtle|0 fnt
|faint|p1a: Squirtle
|choice|switch 3|
|
|switch|p1a: Tauros|Tauros, L79|280\/280
|turn|10
|choice|move 2|move 2
|
|move|p1a: Tauros|Body Slam|p2a: Alakazam
|-damage|p2a: Alakazam|139\/249 par
|cant|p2a: Alakazam|par
|
|turn|11
|choice|move 2|move 2
|
|move|p1a: Tauros|Body Slam|p2a: Alakazam
|-damage|p2a: Alakazam|80\/249 par
|move|p2a: Alakazam|Thunder Wave|p1a: Tauros
|-status|p1a: Tauros|par
|
|turn|12
|choice|move 2|move 3
|
|move|p2a: Alakazam|Recover|p2a: Alakazam
|-heal|p2a: Alakazam|204\/249 par
|move|p1a: Tauros|Body Slam|p2a: Alakazam
|-damage|p2a: Alakazam|143\/249 par
|
|turn|13
|choice|move 2|move 3
|
|cant|p2a: Alakazam|par
|move|p1a: Tauros|Body Slam|p2a: Alakazam
|-damage|p2a: Alakazam|83\/249 par
|
|turn|14
|choice|move 3|move 3
|
|move|p2a: Alakazam|Recover|p2a: Alakazam
|-heal|p2a: Alakazam|207\/249 par
|move|p1a: Tauros|Hyper Beam|p2a: Alakazam
|-damage|p2a: Alakazam|102\/249 par
|
|turn|15
|-mustrecharge|p1a: Tauros
|-mustrecharge|p1a: Tauros
|choice|move 1|move 3
|
|cant|p2a: Alakazam|par
|cant|p1a: Tauros|recharge
|
|turn|16
|choice|move 3|move 3
|
|cant|p2a: Alakazam|par
|move|p1a: Tauros|Hyper Beam|p2a: Alakazam
|-crit|p2a: Alakazam
|-damage|p2a: Alakazam|0 fnt
|faint|p2a: Alakazam
|c|★PickledBeets|sigh
|choice||switch 3
|
|switch|p2a: Staryu|Staryu, L90|237\/237
|turn|17
|choice|move 2|move 2
|
|move|p2a: Staryu|Surf|p1a: Tauros
|-crit|p1a: Tauros
|-damage|p1a: Tauros|56\/280 par
|move|p1a: Tauros|Body Slam|p2a: Staryu
|-damage|p2a: Staryu|142\/237
|-status|p2a: Staryu|par
|
|turn|18
|choice|move 3|move 1
|
|cant|p1a: Tauros|par
|cant|p2a: Staryu|par
|
|turn|19
|choice|move 3|switch 6
|
|switch|p2a: Graveler|Graveler, L85|267\/267
|cant|p1a: Tauros|par
|
|turn|20
|choice|move 4|move 4
|
|move|p2a: Graveler|Body Slam|p1a: Tauros
|-damage|p1a: Tauros|0 fnt
|faint|p1a: Tauros
|choice|switch 5|
|
|switch|p1a: Raichu|Raichu, L85|276\/276
|turn|21
|choice|move 1|switch 6
|
|switch|p2a: Staryu|Staryu, L90|142\/237 par
|move|p1a: Raichu|Surf|p2a: Staryu
|-resisted|p2a: Staryu
|-damage|p2a: Staryu|110\/237 par
|
|turn|22
|choice|move 3|move 3
|
|move|p1a: Raichu|Thunder|p2a: Staryu
|-crit|p2a: Staryu
|-supereffective|p2a: Staryu
|-damage|p2a: Staryu|0 fnt
|faint|p2a: Staryu
|choice||switch 5
|
|switch|p2a: Nidorino|Nidorino, L90|293\/293
|turn|23
|choice|switch 4|move 2
|
|switch|p1a: Charmander|Charmander, L96|270\/270
|move|p2a: Nidorino|Body Slam|p1a: Charmander
|-damage|p1a: Charmander|189\/270
|-status|p1a: Charmander|par
|
|turn|24
|choice|move 1|switch 2
|
|switch|p2a: Starmie|Starmie, L79|257\/257
|cant|p1a: Charmander|par
|
|turn|25
|choice|move 1|move 4
|
|move|p2a: Starmie|Surf|p1a: Charmander
|-supereffective|p1a: Charmander
|-damage|p1a: Charmander|0 fnt
|faint|p1a: Charmander
|choice|switch 2|
|
|switch|p1a: Dragonite|Dragonite, L85|328\/328
|turn|26
|choice|move 2|move 3
|
|move|p2a: Starmie|Blizzard|p1a: Dragonite
|-supereffective|p1a: Dragonite
|-damage|p1a: Dragonite|48\/328
|move|p1a: Dragonite|Thunder Wave|p2a: Starmie
|-status|p2a: Starmie|par
|
|turn|27
|choice|move 3|move 2
|
|move|p1a: Dragonite|Thunderbolt|p2a: Starmie
|-supereffective|p2a: Starmie
|-damage|p2a: Starmie|114\/257 par
|move|p2a: Starmie|Thunder Wave|p1a: Dragonite
|-status|p1a: Dragonite|par
|
|turn|28
|choice|move 3|move 1
|
|move|p2a: Starmie|Recover|p2a: Starmie
|-heal|p2a: Starmie|242\/257 par
|cant|p1a: Dragonite|par
|
|turn|29
|choice|move 3|move 4
|
|move|p2a: Starmie|Surf|p1a: Dragonite
|-resisted|p1a: Dragonite
|-damage|p1a: Dragonite|8\/328 par
|move|p1a: Dragonite|Thunderbolt|p2a: Starmie
|-crit|p2a: Starmie
|-supereffective|p2a: Starmie
|-damage|p2a: Starmie|0 fnt
|faint|p2a: Starmie
|choice||switch 2
|
|switch|p2a: Nidorino|Nidorino, L90|293\/293
|turn|30
|choice|move 2|move 2
|
|move|p2a: Nidorino|Body Slam|p1a: Dragonite
|-damage|p1a: Dragonite|0 fnt
|faint|p1a: Dragonite
|choice|switch 4|
|
|switch|p1a: Raichu|Raichu, L85|276\/276
|turn|31
|choice|move 3|move 2
|
|move|p1a: Raichu|Thunder|p2a: Nidorino
|-damage|p2a: Nidorino|146\/293
|move|p2a: Nidorino|Body Slam|p1a: Raichu
|-damage|p1a: Raichu|201\/276
|
|turn|32
|choice|move 3|move 2
|
|move|p1a: Raichu|Thunder|p2a: Nidorino
|-damage|p2a: Nidorino|0 fnt
|faint|p2a: Nidorino
|choice||switch 4
|
|switch|p2a: Pikachu|Pikachu, L96|262\/262
|turn|33
|choice|move 2|move 4
|
|move|p2a: Pikachu|Body Slam|p1a: Raichu
|-crit|p1a: Raichu
|-damage|p1a: Raichu|51\/276
|move|p1a: Raichu|Thunder Wave|p2a: Pikachu
|-status|p2a: Pikachu|par
|
|turn|34
|choice|switch 6|move 4
|
|switch|p1a: Farfetch'd|Farfetch'd, L99|304\/304
|move|p2a: Pikachu|Body Slam|p1a: Farfetch'd
|-crit|p1a: Farfetch'd
|-damage|p1a: Farfetch'd|190\/304
|
|turn|35
|choice|move 1|move 3
|
|move|p1a: Farfetch'd|Slash|p2a: Pikachu
|-crit|p2a: Pikachu
|-damage|p2a: Pikachu|12\/262 par
|move|p2a: Pikachu|Thunderbolt|p1a: Farfetch'd
|-supereffective|p1a: Farfetch'd
|-damage|p1a: Farfetch'd|5\/304
|
|turn|36
|choice|move 3|move 4
|
|move|p1a: Farfetch'd|Body Slam|p2a: Pikachu
|-damage|p2a: Pikachu|0 fnt
|faint|p2a: Pikachu
|choice||switch 6
|
|switch|p2a: Graveler|Graveler, L85|267\/267
|turn|37
|choice|move 3|move 4
|
|move|p1a: Farfetch'd|Body Slam|p2a: Graveler
|-resisted|p2a: Graveler
|-damage|p2a: Graveler|226\/267
|-status|p2a: Graveler|par
|move|p2a: Graveler|Body Slam|p1a: Farfetch'd
|-damage|p1a: Farfetch'd|0 fnt
|faint|p1a: Farfetch'd
|choice|switch 6|
|
|switch|p1a: Raichu|Raichu, L85|51\/276
|turn|38
|choice|move 1|move 2
|
|move|p1a: Raichu|Surf|p2a: Graveler
|-supereffective|p2a: Graveler
|-damage|p2a: Graveler|0 fnt
|faint|p2a: Graveler
|
|win|MALESANI
|player|p1
|player|p2
|raw|MALESANI's rating: 1430 &rarr; <strong>1446<\/strong><br \/>(+16 for winning)
|raw|PickledBeets's rating: 1360 &rarr; <strong>1344<\/strong><br \/>(-16 for losing)
|l|PickledBeets