|join|Super Knuckles
|join|kid gf lol
|player|p1|Super Knuckles|155
|player|p2|kid gf lol|168
|gametype|singles
|gen|1
|tier|[Gen 1] OU (beta)
|rated
|rule|Sleep Clause Mod: Limit one foe put to sleep
|rule|Species Clause: Limit one of each Pokemon
|rule|OHKO Clause: OHKO moves are banned
|rule|Moody Clause: Moody is banned
|rule|Evasion Moves Clause: Evasion moves are banned
|rule|Endless Battle Clause: Forcing endless battles is banned.
|rule|HP Percentage Mod: HP is reported as percentages
|
|start
|switch|p1a: Exeggutor|Exeggutor|393\/393
|switch|p2a: Zam Lead|Alakazam|313\/313
|turn|1
|
|move|p2a: Zam Lead|Seismic Toss|p1a: Exeggutor
|-damage|p1a: Exeggutor|293\/393
|move|p1a: Exeggutor|Sleep Powder|p2a: Zam Lead|[miss]
|-miss|p1a: Exeggutor
|
|turn|2
|
|move|p2a: Zam Lead|Thunder Wave|p1a: Exeggutor
|-status|p1a: Exeggutor|par
|move|p1a: Exeggutor|Sleep Powder|p2a: Zam Lead
|-status|p2a: Zam Lead|slp
|
|turn|3
|
|cant|p2a: Zam Lead|slp
|move|p1a: Exeggutor|Psychic|p2a: Zam Lead
|-resisted|p2a: Zam Lead
|-damage|p2a: Zam Lead|259\/313 slp
|-unboost|p2a: Zam Lead|spd|1
|-unboost|p2a: Zam Lead|spa|1
|
|turn|4
|
|switch|p2a: Mr Mime|Jynx|333\/333
|move|p1a: Exeggutor|Psychic|p2a: Mr Mime
|-resisted|p2a: Mr Mime
|-damage|p2a: Mr Mime|267\/333
|-unboost|p2a: Mr Mime|spd|1
|-unboost|p2a: Mr Mime|spa|1
|
|turn|5
|
|switch|p1a: Starmie|Starmie|323\/323
|move|p2a: Mr Mime|Blizzard|p1a: Starmie
|-crit|p1a: Starmie
|-resisted|p1a: Starmie
|-damage|p1a: Starmie|187\/323
|
|turn|6
|
|switch|p2a: Egg Kangaroo|Chansey|703\/703
|move|p1a: Starmie|Recover|p1a: Starmie
|-heal|p1a: Starmie|323\/323
|
|turn|7
|
|switch|p1a: Tauros|Tauros|353\/353
|move|p2a: Egg Kangaroo|Ice Beam|p1a: Tauros
|-damage|p1a: Tauros|253\/353
|
|turn|8
|
|move|p1a: Tauros|Body Slam|p2a: Egg Kangaroo
|-damage|p2a: Egg Kangaroo|444\/703
|-status|p2a: Egg Kangaroo|par
|move|p2a: Egg Kangaroo|Thunder Wave|p1a: Tauros
|-status|p1a: Tauros|par
|
|turn|9
|
|switch|p2a: Result of Incest|Exeggutor|393\/393
|move|p1a: Tauros|Blizzard|p2a: Result of Incest
|-supereffective|p2a: Result of Incest
|-damage|p2a: Result of Incest|269\/393
|
|turn|10
|
|move|p2a: Result of Incest|Psychic|p1a: Tauros
|-damage|p1a: Tauros|91\/353 par
|cant|p1a: Tauros|par
|
|turn|11
|
|switch|p1a: Exeggutor|Exeggutor|293\/393 par
|move|p2a: Result of Incest|Psychic|p1a: Exeggutor
|-resisted|p1a: Exeggutor
|-damage|p1a: Exeggutor|238\/393 par
|
|turn|12
|
|move|p2a: Result of Incest|Psychic|p1a: Exeggutor
|-resisted|p1a: Exeggutor
|-damage|p1a: Exeggutor|189\/393 par
|move|p1a: Exeggutor|Psychic|p2a: Result of Incest
|-resisted|p2a: Result of Incest
|-damage|p2a: Result of Incest|221\/393
|
|turn|13
|
|move|p2a: Result of Incest|Psychic|p1a: Exeggutor
|-resisted|p1a: Exeggutor
|-damage|p1a: Exeggutor|138\/393 par
|move|p1a: Exeggutor|Explosion|p2a: Result of Incest
|-damage|p2a: Result of Incest|0 fnt
|faint|p2a: Result of Incest
|faint|p1a: Exeggutor
|
|switch|p1a: Alakazam|Alakazam|313\/313
|switch|p2a: That's Bull|Tauros|353\/353
|turn|14
|
|move|p1a: Alakazam|Thunder Wave|p2a: That's Bull
|-status|p2a: That's Bull|par
|cant|p2a: That's Bull|par
|
|turn|15
|
|switch|p2a: Egg Kangaroo|Chansey|444\/703 par
|move|p1a: Alakazam|Reflect|p1a: Alakazam
|
|turn|16
|
|switch|p1a: Tauros|Tauros|91\/353 par
|move|p2a: Egg Kangaroo|Soft-Boiled|p2a: Egg Kangaroo
|-heal|p2a: Egg Kangaroo|703\/703 par
|
|turn|17
|
|move|p1a: Tauros|Body Slam|p2a: Egg Kangaroo
|-crit|p2a: Egg Kangaroo
|-damage|p2a: Egg Kangaroo|166\/703 par
|move|p2a: Egg Kangaroo|Ice Beam|p1a: Tauros
|-damage|p1a: Tauros|0 fnt
|faint|p1a: Tauros
|
|
|switch|p1a: Rhydon|Rhydon|413\/413
|turn|18
|
|switch|p2a: TNT|Golem|363\/363
|move|p1a: Rhydon|Body Slam|p2a: TNT
|-resisted|p2a: TNT
|-damage|p2a: TNT|331\/363
|-status|p2a: TNT|par
|
|turn|19
|
|move|p1a: Rhydon|Earthquake|p2a: TNT
|-supereffective|p2a: TNT
|-damage|p2a: TNT|79\/363 par
|move|p2a: TNT|Earthquake|p1a: Rhydon
|-supereffective|p1a: Rhydon
|-damage|p1a: Rhydon|171\/413
|
|turn|20
|
|move|p1a: Rhydon|Earthquake|p2a: TNT
|-supereffective|p2a: TNT
|-damage|p2a: TNT|0 fnt
|faint|p2a: TNT
|
|
|switch|p2a: Mr Mime|Jynx|267\/333
|turn|21
|
|switch|p1a: Chansey|Chansey|703\/703
|move|p2a: Mr Mime|Blizzard|p1a: Chansey|[miss]
|-miss|p2a: Mr Mime
|
|turn|22
|
|move|p2a: Mr Mime|Lovely Kiss|p1a: Chansey|[miss]
|-miss|p2a: Mr Mime
|move|p1a: Chansey|Thunderbolt|p2a: Mr Mime
|-damage|p2a: Mr Mime|193\/333
|
|turn|23
|
|move|p2a: Mr Mime|Lovely Kiss|p1a: Chansey
|-status|p1a: Chansey|slp
|cant|p1a: Chansey|slp
|
|turn|24
|
|switch|p1a: Starmie|Starmie|323\/323
|move|p2a: Mr Mime|Blizzard|p1a: Starmie
|-resisted|p1a: Starmie
|-damage|p1a: Starmie|258\/323
|
|turn|25
|
|switch|p2a: Zam Lead|Alakazam|259\/313 slp
|move|p1a: Starmie|Thunder Wave|p2a: Zam Lead
|-fail|p2a: Zam Lead
|
|turn|26
|
|switch|p2a: Mr Mime|Jynx|193\/333
|switch|p1a: Rhydon|Rhydon|171\/413
|
|turn|27
|
|switch|p2a: Egg Kangaroo|Chansey|166\/703 par
|switch|p1a: Starmie|Starmie|258\/323
|
|turn|28
|
|move|p1a: Starmie|Thunderbolt|p2a: Egg Kangaroo
|-damage|p2a: Egg Kangaroo|92\/703 par
|cant|p2a: Egg Kangaroo|par
|
|turn|29
|
|switch|p1a: Rhydon|Rhydon|171\/413
|move|p2a: Egg Kangaroo|Soft-Boiled|p2a: Egg Kangaroo
|-heal|p2a: Egg Kangaroo|443\/703 par
|
|turn|30
|
|move|p1a: Rhydon|Substitute|p1a: Rhydon
|-start|p1a: Rhydon|Substitute
|-damage|p1a: Rhydon|68\/413
|move|p2a: Egg Kangaroo|Ice Beam|p1a: Rhydon
|-supereffective|p1a: Rhydon
|-end|p1a: Rhydon|Substitute
|
|turn|31
|
|move|p1a: Rhydon|Earthquake|p2a: Egg Kangaroo
|-damage|p2a: Egg Kangaroo|82\/703 par
|cant|p2a: Egg Kangaroo|par
|
|turn|32
|chat|kid gf lol|rlly? -.-
|chat|Super Knuckles|xD
|chat|Super Knuckles|sorry
|chat|kid gf lol|well...better than the fucking explosion miss
|chat|kid gf lol|last game
|chat|Super Knuckles|oh my god xD
|
|move|p1a: Rhydon|Earthquake|p2a: Egg Kangaroo
|-crit|p2a: Egg Kangaroo
|-damage|p2a: Egg Kangaroo|0 fnt
|faint|p2a: Egg Kangaroo
|
|
|switch|p2a: Mr Mime|Jynx|193\/333
|turn|33
|
|switch|p1a: Starmie|Starmie|258\/323
|move|p2a: Mr Mime|Blizzard|p1a: Starmie
|-crit|p1a: Starmie
|-resisted|p1a: Starmie
|-damage|p1a: Starmie|119\/323
|
|turn|34
|chat|kid gf lol|please freeze
|
|move|p1a: Starmie|Thunderbolt|p2a: Mr Mime
|-damage|p2a: Mr Mime|109\/333
|move|p2a: Mr Mime|Blizzard|p1a: Starmie|[miss]
|-miss|p2a: Mr Mime
|
|turn|35
|
|move|p1a: Starmie|Thunderbolt|p2a: Mr Mime
|-damage|p2a: Mr Mime|38\/333
|move|p2a: Mr Mime|Blizzard|p1a: Starmie
|-resisted|p1a: Starmie
|-damage|p1a: Starmie|54\/323
|
|turn|36
|chat|kid gf lol|crit, 
|chat|kid gf lol|freeze
|
|move|p1a: Starmie|Thunderbolt|p2a: Mr Mime
|-damage|p2a: Mr Mime|0 fnt
|faint|p2a: Mr Mime
|
|
|switch|p2a: That's Bull|Tauros|353\/353 par
|turn|37
|chat|kid gf lol|crit
|
|switch|p1a: Alakazam|Alakazam|313\/313
|move|p2a: That's Bull|Body Slam|p1a: Alakazam
|-crit|p1a: Alakazam
|-damage|p1a: Alakazam|20\/313
|-status|p1a: Alakazam|par
|
|turn|38
|chat|kid gf lol|yeah thats good
|
|move|p1a: Alakazam|Recover|p1a: Alakazam
|-heal|p1a: Alakazam|176\/313 par
|move|p2a: That's Bull|Body Slam|p1a: Alakazam
|-damage|p1a: Alakazam|15\/313 par
|
|turn|39
|
|cant|p1a: Alakazam|par
|move|p2a: That's Bull|Body Slam|p1a: Alakazam
|-damage|p1a: Alakazam|0 fnt
|faint|p1a: Alakazam
|
|
|switch|p1a: Starmie|Starmie|54\/323
|turn|40
|
|move|p1a: Starmie|Recover|p1a: Starmie
|-heal|p1a: Starmie|215\/323
|move|p2a: That's Bull|Body Slam|p1a: Starmie
|-damage|p1a: Starmie|113\/323
|
|turn|41
|chat|kid gf lol|crit, para
|
|move|p1a: Starmie|Recover|p1a: Starmie
|-heal|p1a: Starmie|274\/323
|move|p2a: That's Bull|Body Slam|p1a: Starmie
|-damage|p1a: Starmie|157\/323
|-status|p1a: Starmie|par
|
|turn|42
|
|cant|p1a: Starmie|par
|move|p2a: That's Bull|Body Slam|p1a: Starmie
|-damage|p1a: Starmie|40\/323 par
|
|turn|43
|
|move|p1a: Starmie|Thunderbolt|p2a: That's Bull
|-damage|p2a: That's Bull|260\/353 par
|cant|p2a: That's Bull|par
|
|turn|44
|
|move|p1a: Starmie|Recover|p1a: Starmie
|-heal|p1a: Starmie|201\/323 par
|move|p2a: That's Bull|Body Slam|p1a: Starmie
|-damage|p1a: Starmie|91\/323 par
|
|turn|45
|chat|kid gf lol|crit
|
|move|p1a: Starmie|Recover|p1a: Starmie
|-heal|p1a: Starmie|252\/323 par
|move|p2a: That's Bull|Body Slam|p1a: Starmie
|-damage|p1a: Starmie|134\/323 par
|
|turn|46
|chat|kid gf lol|crit
|
|move|p1a: Starmie|Thunderbolt|p2a: That's Bull
|-damage|p2a: That's Bull|171\/353 par
|move|p2a: That's Bull|Body Slam|p1a: Starmie
|-damage|p1a: Starmie|20\/323 par
|
|turn|47
|chat|kid gf lol|crit
|
|move|p1a: Starmie|Thunderbolt|p2a: That's Bull
|-damage|p2a: That's Bull|82\/353 par
|move|p2a: That's Bull|Body Slam|p1a: Starmie
|-damage|p1a: Starmie|0 fnt
|faint|p1a: Starmie
|
|
|switch|p1a: Rhydon|Rhydon|68\/413
|turn|48
|chat|kid gf lol|256
|
|move|p1a: Rhydon|Earthquake|p2a: That's Bull
|-damage|p2a: That's Bull|0 fnt
|faint|p2a: That's Bull
|
|
|switch|p2a: Zam Lead|Alakazam|259\/313 slp
|turn|49
|
|cant|p2a: Zam Lead|slp
|move|p1a: Rhydon|Earthquake|p2a: Zam Lead
|-damage|p2a: Zam Lead|18\/313 slp
|
|turn|50
|chat|kid gf lol|256, wake up
|chat|Super Knuckles|gg
|
|cant|p2a: Zam Lead|slp
|move|p1a: Rhydon|Earthquake|p2a: Zam Lead
|-damage|p2a: Zam Lead|0 fnt
|faint|p2a: Zam Lead
|
|win|Super Knuckles
|raw|Ladder updating...
|raw|Super Knuckles's rating: 1239 &rarr; <strong>1276<\/strong><br \/>(+37 for winning)
|raw|kid gf lol's rating: 1408 &rarr; <strong>1379<\/strong><br \/>(-29 for losing)
|leave|kid gf lol
|player|p2