|join|Rortik
|join|kid gf lol
|player|p1|Rortik|148
|player|p2|kid gf lol|114
|gametype|singles
|gen|1
|tier|[Gen 1] OU (beta)
|rated
|rule|Sleep Clause Mod: Limit one foe put to sleep
|rule|Species Clause: Limit one of each Pokémon
|rule|OHKO Clause: OHKO moves are banned
|rule|Evasion Moves Clause: Evasion moves are banned
|rule|HP Percentage Mod: HP is shown in percentages
|
|start
|switch|p1a: Exeggutor|Exeggutor|393\/393
|switch|p2a: Jynx|Jynx|333\/333
|turn|1
|c|★Rortik|Sup
|c|★kid gf lol|hello
|
|switch|p1a: Snorlax|Snorlax|523\/523
|move|p2a: Jynx|Lovely Kiss|p1a: Snorlax
|-status|p1a: Snorlax|slp
|
|turn|2
|
|move|p2a: Jynx|Mimic|p1a: Snorlax
|-start|p2a: Jynx|Mimic|Body Slam
|cant|p1a: Snorlax|slp
|
|turn|3
|
|move|p2a: Jynx|Blizzard|p1a: Snorlax
|-damage|p1a: Snorlax|359\/523 slp
|cant|p1a: Snorlax|slp
|
|turn|4
|join|Swagoon
|leave|Swagoon
|
|switch|p1a: Alakazam|Alakazam|313\/313
|move|p2a: Jynx|Blizzard|p1a: Alakazam
|-damage|p1a: Alakazam|198\/313
|
|turn|5
|
|switch|p2a: Chansey|Chansey|703\/703
|move|p1a: Alakazam|Thunder Wave|p2a: Chansey
|-status|p2a: Chansey|par
|
|turn|6
|
|move|p1a: Alakazam|Psychic|p2a: Chansey
|-crit|p2a: Chansey
|-damage|p2a: Chansey|430\/703 par
|-unboost|p2a: Chansey|spd|1
|-unboost|p2a: Chansey|spa|1
|move|p2a: Chansey|Thunder Wave|p1a: Alakazam
|-status|p1a: Alakazam|par
|
|turn|7
|
|move|p1a: Alakazam|Psychic|p2a: Chansey
|-damage|p2a: Chansey|230\/703 par
|cant|p2a: Chansey|par
|
|turn|8
|
|move|p1a: Alakazam|Psychic|p2a: Chansey
|-damage|p2a: Chansey|36\/703 par
|move|p2a: Chansey|Soft-Boiled|p2a: Chansey
|-heal|p2a: Chansey|387\/703 par
|
|turn|9
|
|move|p1a: Alakazam|Psychic|p2a: Chansey
|-damage|p2a: Chansey|203\/703 par
|-unboost|p2a: Chansey|spd|1
|-unboost|p2a: Chansey|spa|1
|move|p2a: Chansey|Soft-Boiled|p2a: Chansey
|-heal|p2a: Chansey|554\/703 par
|
|turn|10
|
|switch|p2a: Exeggutor|Exeggutor|393\/393
|move|p1a: Alakazam|Psychic|p2a: Exeggutor
|-resisted|p2a: Exeggutor
|-damage|p2a: Exeggutor|342\/393
|-unboost|p2a: Exeggutor|spd|1
|-unboost|p2a: Exeggutor|spa|1
|
|turn|11
|
|switch|p2a: Chansey|Chansey|554\/703 par
|move|p1a: Alakazam|Thunder Wave|p2a: Chansey
|-fail|p2a: Chansey|par
|
|turn|12
|
|cant|p1a: Alakazam|par
|move|p2a: Chansey|Soft-Boiled|p2a: Chansey
|-heal|p2a: Chansey|703\/703 par
|
|turn|13
|
|move|p1a: Alakazam|Recover|p1a: Alakazam
|-heal|p1a: Alakazam|313\/313 par
|cant|p2a: Chansey|par
|
|turn|14
|
|move|p1a: Alakazam|Psychic|p2a: Chansey
|-damage|p2a: Chansey|581\/703 par
|move|p2a: Chansey|Ice Beam|p1a: Alakazam
|-damage|p1a: Alakazam|248\/313 par
|
|turn|15
|
|move|p1a: Alakazam|Psychic|p2a: Chansey
|-damage|p2a: Chansey|452\/703 par
|move|p2a: Chansey|Thunderbolt|p1a: Alakazam
|-damage|p1a: Alakazam|191\/313 par
|
|turn|16
|
|move|p1a: Alakazam|Psychic|p2a: Chansey
|-damage|p2a: Chansey|317\/703 par
|move|p2a: Chansey|Soft-Boiled|p2a: Chansey
|-heal|p2a: Chansey|668\/703 par
|
|turn|17
|
|cant|p1a: Alakazam|par
|cant|p2a: Chansey|par
|
|turn|18
|
|cant|p1a: Alakazam|par
|move|p2a: Chansey|Thunderbolt|p1a: Alakazam
|-damage|p1a: Alakazam|125\/313 par
|
|turn|19
|
|move|p1a: Alakazam|Recover|p1a: Alakazam
|-heal|p1a: Alakazam|281\/313 par
|cant|p2a: Chansey|par
|
|turn|20
|
|move|p1a: Alakazam|Seismic Toss|p2a: Chansey
|-damage|p2a: Chansey|568\/703 par
|move|p2a: Chansey|Thunderbolt|p1a: Alakazam
|-damage|p1a: Alakazam|216\/313 par
|
|turn|21
|
|move|p1a: Alakazam|Seismic Toss|p2a: Chansey
|-damage|p2a: Chansey|468\/703 par
|move|p2a: Chansey|Soft-Boiled|p2a: Chansey
|-heal|p2a: Chansey|703\/703 par
|
|turn|22
|
|move|p1a: Alakazam|Seismic Toss|p2a: Chansey
|-damage|p2a: Chansey|603\/703 par
|move|p2a: Chansey|Thunderbolt|p1a: Alakazam
|-damage|p1a: Alakazam|156\/313 par
|
|turn|23
|
|cant|p1a: Alakazam|par
|move|p2a: Chansey|Thunderbolt|p1a: Alakazam
|-damage|p1a: Alakazam|91\/313 par
|
|turn|24
|
|switch|p2a: Tauros|Tauros|353\/353
|move|p1a: Alakazam|Recover|p1a: Alakazam
|-heal|p1a: Alakazam|247\/313 par
|
|turn|25
|
|move|p2a: Tauros|Blizzard|p1a: Alakazam
|-damage|p1a: Alakazam|189\/313 par
|move|p1a: Alakazam|Thunder Wave|p2a: Tauros
|-status|p2a: Tauros|par
|
|turn|26
|
|switch|p1a: Exeggutor|Exeggutor|393\/393
|cant|p2a: Tauros|par
|
|turn|27
|
|switch|p2a: Chansey|Chansey|603\/703 par
|move|p1a: Exeggutor|Psychic|p2a: Chansey
|-damage|p2a: Chansey|481\/703 par
|
|turn|28
|
|switch|p1a: Alakazam|Alakazam|189\/313 par
|cant|p2a: Chansey|par
|
|turn|29
|
|move|p1a: Alakazam|Recover|p1a: Alakazam
|-heal|p1a: Alakazam|313\/313 par
|move|p2a: Chansey|Soft-Boiled|p2a: Chansey
|-heal|p2a: Chansey|703\/703 par
|
|turn|30
|
|move|p1a: Alakazam|Seismic Toss|p2a: Chansey
|-damage|p2a: Chansey|603\/703 par
|move|p2a: Chansey|Thunderbolt|p1a: Alakazam
|-damage|p1a: Alakazam|252\/313 par
|
|turn|31
|
|cant|p1a: Alakazam|par
|move|p2a: Chansey|Thunderbolt|p1a: Alakazam
|-damage|p1a: Alakazam|187\/313 par
|
|turn|32
|
|move|p1a: Alakazam|Recover|p1a: Alakazam
|-heal|p1a: Alakazam|313\/313 par
|move|p2a: Chansey|Thunderbolt|p1a: Alakazam
|-damage|p1a: Alakazam|248\/313 par
|
|turn|33
|
|move|p1a: Alakazam|Seismic Toss|p2a: Chansey
|-damage|p2a: Chansey|503\/703 par
|move|p2a: Chansey|Thunderbolt|p1a: Alakazam
|-damage|p1a: Alakazam|183\/313 par
|
|turn|34
|
|switch|p2a: Tauros|Tauros|353\/353 par
|cant|p1a: Alakazam|par
|
|turn|35
|
|switch|p1a: Exeggutor|Exeggutor|393\/393
|move|p2a: Tauros|Hyper Beam|p1a: Exeggutor
|-damage|p1a: Exeggutor|189\/393
|
|turn|36
|
|move|p1a: Exeggutor|Explosion|p2a: Tauros
|-damage|p2a: Tauros|69\/353 par
|faint|p1a: Exeggutor
|
|switch|p1a: Zapdos|Zapdos|383\/383
|turn|37
|
|move|p1a: Zapdos|Thunderbolt|p2a: Tauros
|-damage|p2a: Tauros|0 fnt
|faint|p2a: Tauros
|
|switch|p2a: Golem|Golem|363\/363
|turn|38
|
|switch|p1a: Snorlax|Snorlax|359\/523 slp
|switch|p2a: Lapras|Lapras|463\/463
|
|turn|39
|
|switch|p2a: Exeggutor|Exeggutor|342\/393
|cant|p1a: Snorlax|slp
|-curestatus|p1a: Snorlax|slp
|
|turn|40
|
|switch|p1a: Alakazam|Alakazam|183\/313 par
|move|p2a: Exeggutor|Sleep Powder|p1a: Alakazam
|-fail|p1a: Alakazam
|
|turn|41
|
|switch|p2a: Chansey|Chansey|503\/703 par
|move|p1a: Alakazam|Recover|p1a: Alakazam
|-heal|p1a: Alakazam|313\/313 par
|
|turn|42
|
|switch|p2a: Exeggutor|Exeggutor|342\/393
|cant|p1a: Alakazam|par
|
|turn|43
|
|switch|p2a: Chansey|Chansey|503\/703 par
|move|p1a: Alakazam|Seismic Toss|p2a: Chansey
|-damage|p2a: Chansey|403\/703 par
|
|turn|44
|
|cant|p1a: Alakazam|par
|move|p2a: Chansey|Soft-Boiled|p2a: Chansey
|-heal|p2a: Chansey|703\/703 par
|
|turn|45
|
|move|p1a: Alakazam|Seismic Toss|p2a: Chansey
|-damage|p2a: Chansey|603\/703 par
|cant|p2a: Chansey|par
|
|turn|46
|
|move|p1a: Alakazam|Seismic Toss|p2a: Chansey
|-damage|p2a: Chansey|503\/703 par
|move|p2a: Chansey|Thunderbolt|p1a: Alakazam
|-crit|p1a: Alakazam
|-damage|p1a: Alakazam|198\/313 par
|
|turn|47
|
|move|p1a: Alakazam|Recover|p1a: Alakazam
|-heal|p1a: Alakazam|313\/313 par
|cant|p2a: Chansey|par
|
|turn|48
|
|move|p1a: Alakazam|Seismic Toss|p2a: Chansey
|-damage|p2a: Chansey|403\/703 par
|move|p2a: Chansey|Thunderbolt|p1a: Alakazam
|-damage|p1a: Alakazam|250\/313 par
|
|turn|49
|
|move|p1a: Alakazam|Seismic Toss|p2a: Chansey
|-damage|p2a: Chansey|303\/703 par
|move|p2a: Chansey|Soft-Boiled|p2a: Chansey
|-heal|p2a: Chansey|654\/703 par
|
|turn|50
|
|move|p1a: Alakazam|Seismic Toss|p2a: Chansey
|-damage|p2a: Chansey|554\/703 par
|move|p2a: Chansey|Thunderbolt|p1a: Alakazam
|-damage|p1a: Alakazam|190\/313 par
|
|turn|51
|
|switch|p2a: Golem|Golem|363\/363
|move|p1a: Alakazam|Recover|p1a: Alakazam
|-heal|p1a: Alakazam|313\/313 par
|
|turn|52
|
|switch|p2a: Chansey|Chansey|554\/703 par
|move|p1a: Alakazam|Psychic|p2a: Chansey
|-damage|p2a: Chansey|430\/703 par
|
|turn|53
|
|cant|p1a: Alakazam|par
|move|p2a: Chansey|Soft-Boiled|p2a: Chansey
|-heal|p2a: Chansey|703\/703 par
|
|turn|54
|
|move|p1a: Alakazam|Seismic Toss|p2a: Chansey
|-damage|p2a: Chansey|603\/703 par
|move|p2a: Chansey|Ice Beam|p1a: Alakazam
|-damage|p1a: Alakazam|248\/313 par
|
|turn|55
|
|cant|p1a: Alakazam|par
|move|p2a: Chansey|Thunderbolt|p1a: Alakazam
|-damage|p1a: Alakazam|183\/313 par
|
|turn|56
|
|move|p1a: Alakazam|Recover|p1a: Alakazam
|-heal|p1a: Alakazam|313\/313 par
|cant|p2a: Chansey|par
|
|turn|57
|
|move|p1a: Alakazam|Seismic Toss|p2a: Chansey
|-damage|p2a: Chansey|503\/703 par
|move|p2a: Chansey|Ice Beam|p1a: Alakazam
|-damage|p1a: Alakazam|250\/313 par
|
|turn|58
|
|move|p1a: Alakazam|Seismic Toss|p2a: Chansey
|-damage|p2a: Chansey|403\/703 par
|cant|p2a: Chansey|par
|
|turn|59
|
|move|p1a: Alakazam|Seismic Toss|p2a: Chansey
|-damage|p2a: Chansey|303\/703 par
|move|p2a: Chansey|Soft-Boiled|p2a: Chansey
|-heal|p2a: Chansey|654\/703 par
|
|turn|60
|
|move|p1a: Alakazam|Seismic Toss|p2a: Chansey
|-damage|p2a: Chansey|554\/703 par
|move|p2a: Chansey|Ice Beam|p1a: Alakazam
|-damage|p1a: Alakazam|185\/313 par
|
|turn|61
|
|switch|p2a: Golem|Golem|363\/363
|move|p1a: Alakazam|Recover|p1a: Alakazam
|-heal|p1a: Alakazam|313\/313 par
|
|turn|62
|
|switch|p2a: Chansey|Chansey|554\/703 par
|move|p1a: Alakazam|Seismic Toss|p2a: Chansey
|-damage|p2a: Chansey|454\/703 par
|
|turn|63
|
|cant|p1a: Alakazam|par
|cant|p2a: Chansey|par
|
|turn|64
|
|switch|p1a: Snorlax|Snorlax|359\/523
|move|p2a: Chansey|Soft-Boiled|p2a: Chansey
|-heal|p2a: Chansey|703\/703 par
|
|turn|65
|
|switch|p2a: Exeggutor|Exeggutor|342\/393
|move|p1a: Snorlax|Body Slam|p2a: Exeggutor
|-damage|p2a: Exeggutor|213\/393
|-status|p2a: Exeggutor|par
|
|turn|66
|
|switch|p1a: Alakazam|Alakazam|313\/313 par
|move|p2a: Exeggutor|Explosion|p1a: Alakazam
|-damage|p1a: Alakazam|0 fnt
|faint|p1a: Alakazam
|faint|p2a: Exeggutor
|
|switch|p1a: Tauros|Tauros|353\/353
|switch|p2a: Lapras|Lapras|463\/463
|turn|67
|
|move|p1a: Tauros|Body Slam|p2a: Lapras
|-damage|p2a: Lapras|341\/463
|move|p2a: Lapras|Reflect|p2a: Lapras
|
|turn|68
|
|switch|p1a: Snorlax|Snorlax|359\/523
|move|p2a: Lapras|Ice Beam|p1a: Snorlax
|-damage|p1a: Snorlax|228\/523
|
|turn|69
|
|move|p2a: Lapras|Ice Beam|p1a: Snorlax
|-damage|p1a: Snorlax|80\/523
|move|p1a: Snorlax|Amnesia|p1a: Snorlax
|-boost|p1a: Snorlax|spd|2
|-boost|p1a: Snorlax|spa|2
|
|turn|70
|
|move|p2a: Lapras|Ice Beam|p1a: Snorlax
|-damage|p1a: Snorlax|6\/523
|-status|p1a: Snorlax|frz
|cant|p1a: Snorlax|frz
|
|turn|71
|c|★Rortik|lmao
|
|move|p2a: Lapras|Rest|p2a: Lapras
|-status|p2a: Lapras|slp
|-heal|p2a: Lapras|463\/463 slp|[silent]
|-status|p2a: Lapras|slp|[from] move: Rest
|cant|p1a: Snorlax|frz
|
|turn|72
|
|switch|p1a: Zapdos|Zapdos|383\/383
|cant|p2a: Lapras|slp
|
|turn|73
|
|switch|p2a: Golem|Golem|363\/363
|move|p1a: Zapdos|Thunderbolt|p2a: Golem
|-immune|p2a: Golem|[msg]
|
|turn|74
|
|switch|p1a: Snorlax|Snorlax|6\/523 frz
|move|p2a: Golem|Body Slam|p1a: Snorlax
|-damage|p1a: Snorlax|0 fnt
|faint|p1a: Snorlax
|
|switch|p1a: Chansey|Chansey|703\/703
|turn|75
|
|switch|p2a: Chansey|Chansey|703\/703 par
|move|p1a: Chansey|Counter|p2a: Chansey
|-fail|p2a: Chansey
|
|turn|76
|
|switch|p1a: Zapdos|Zapdos|383\/383
|cant|p2a: Chansey|par
|
|turn|77
|
|switch|p2a: Golem|Golem|363\/363
|move|p1a: Zapdos|Drill Peck|p2a: Golem
|-resisted|p2a: Golem
|-damage|p2a: Golem|328\/363
|
|turn|78
|
|switch|p1a: Tauros|Tauros|353\/353
|move|p2a: Golem|Earthquake|p1a: Tauros
|-damage|p1a: Tauros|225\/353
|
|turn|79
|
|switch|p2a: Lapras|Lapras|463\/463 slp
|move|p1a: Tauros|Earthquake|p2a: Lapras
|-damage|p2a: Lapras|373\/463 slp
|
|turn|80
|
|move|p1a: Tauros|Body Slam|p2a: Lapras
|-damage|p2a: Lapras|256\/463 slp
|cant|p2a: Lapras|slp
|-curestatus|p2a: Lapras|slp
|
|turn|81
|
|move|p1a: Tauros|Body Slam|p2a: Lapras
|-damage|p2a: Lapras|142\/463
|move|p2a: Lapras|Reflect|p2a: Lapras
|
|turn|82
|
|move|p1a: Tauros|Earthquake|p2a: Lapras
|-damage|p2a: Lapras|99\/463
|move|p2a: Lapras|Rest|p2a: Lapras
|-status|p2a: Lapras|slp
|-heal|p2a: Lapras|463\/463 slp|[silent]
|-status|p2a: Lapras|slp|[from] move: Rest
|
|turn|83
|
|switch|p1a: Zapdos|Zapdos|383\/383
|cant|p2a: Lapras|slp
|
|turn|84
|
|switch|p2a: Golem|Golem|328\/363
|move|p1a: Zapdos|Thunderbolt|p2a: Golem
|-immune|p2a: Golem|[msg]
|
|turn|85
|
|switch|p1a: Tauros|Tauros|225\/353
|move|p2a: Golem|Earthquake|p1a: Tauros
|-damage|p1a: Tauros|106\/353
|
|turn|86
|
|move|p1a: Tauros|Earthquake|p2a: Golem
|-supereffective|p2a: Golem
|-damage|p2a: Golem|189\/363
|move|p2a: Golem|Earthquake|p1a: Tauros
|-damage|p1a: Tauros|0 fnt
|faint|p1a: Tauros
|
|switch|p1a: Chansey|Chansey|703\/703
|turn|87
|
|switch|p2a: Chansey|Chansey|703\/703 par
|move|p1a: Chansey|Ice Beam|p2a: Chansey
|-crit|p2a: Chansey
|-damage|p2a: Chansey|545\/703 par
|
|turn|88
|
|move|p1a: Chansey|Ice Beam|p2a: Chansey
|-damage|p2a: Chansey|469\/703 par
|move|p2a: Chansey|Ice Beam|p1a: Chansey
|-damage|p1a: Chansey|635\/703
|
|turn|89
|
|move|p1a: Chansey|Ice Beam|p2a: Chansey
|-damage|p2a: Chansey|397\/703 par
|move|p2a: Chansey|Soft-Boiled|p2a: Chansey
|-heal|p2a: Chansey|703\/703 par
|
|turn|90
|
|switch|p1a: Zapdos|Zapdos|383\/383
|cant|p2a: Chansey|par
|
|turn|91
|
|move|p1a: Zapdos|Drill Peck|p2a: Chansey
|-damage|p2a: Chansey|456\/703 par
|move|p2a: Chansey|Thunder Wave|p1a: Zapdos
|-status|p1a: Zapdos|par
|
|turn|92
|
|switch|p2a: Golem|Golem|189\/363
|move|p1a: Zapdos|Drill Peck|p2a: Golem
|-resisted|p2a: Golem
|-damage|p2a: Golem|153\/363
|
|turn|93
|
|move|p2a: Golem|Rock Slide|p1a: Zapdos
|-supereffective|p1a: Zapdos
|-damage|p1a: Zapdos|167\/383 par
|cant|p1a: Zapdos|par
|
|turn|94
|
|move|p2a: Golem|Earthquake|p1a: Zapdos
|-immune|p1a: Zapdos|[msg]
|move|p1a: Zapdos|Drill Peck|p2a: Golem
|-crit|p2a: Golem
|-resisted|p2a: Golem
|-damage|p2a: Golem|75\/363
|
|turn|95
|
|move|p2a: Golem|Rock Slide|p1a: Zapdos
|-supereffective|p1a: Zapdos
|-damage|p1a: Zapdos|0 fnt
|faint|p1a: Zapdos
|
|switch|p1a: Chansey|Chansey|635\/703
|turn|96
|
|switch|p2a: Chansey|Chansey|456\/703 par
|move|p1a: Chansey|Ice Beam|p2a: Chansey
|-damage|p2a: Chansey|377\/703 par
|
|turn|97
|
|move|p1a: Chansey|Ice Beam|p2a: Chansey
|-damage|p2a: Chansey|305\/703 par
|move|p2a: Chansey|Soft-Boiled|p2a: Chansey
|-heal|p2a: Chansey|656\/703 par
|
|turn|98
|-message|Rortik forfeited.
|
|win|kid gf lol
|raw|Ladder updating...
|
|c|★Rortik|gg
|raw|Rortik's rating: 1291 &rarr; <strong>1274<\/strong><br \/>(-17 for losing)
|raw|kid gf lol's rating: 1406 &rarr; <strong>1419<\/strong><br \/>(+13 for winning)
|leave|Rortik
|player|p1