|j|midnitefirefly
|j|MonsieurWolfe
|player|p1|midnitefirefly|238
|player|p2|MonsieurWolfe|17
|gametype|singles
|gen|1
|tier|[Gen 1] OU
|rated
|seed|26655,32076,47949,43918
|rule|Sleep Clause Mod: Limit one foe put to sleep
|rule|Freeze Clause Mod: Limit one foe frozen
|rule|Species Clause: Limit one of each Pokémon
|rule|OHKO Clause: OHKO moves are banned
|rule|Evasion Moves Clause: Evasion moves are banned
|rule|HP Percentage Mod: HP is shown in percentages
|
|start
|switch|p1a: Electrode|Electrode|323\/323
|switch|p2a: Jynx|Jynx|333\/333
|turn|1
|choice|move 1|move 1
|
|move|p1a: Electrode|Thunder Wave|p2a: Jynx
|-status|p2a: Jynx|par
|move|p2a: Jynx|Lovely Kiss|p1a: Electrode|[miss]
|-miss|p2a: Jynx
|
|turn|2
|choice|move 3|move 1
|
|move|p1a: Electrode|Thunderbolt|p2a: Jynx
|-damage|p2a: Jynx|237\/333 par
|move|p2a: Jynx|Lovely Kiss|p1a: Electrode|[miss]
|-miss|p2a: Jynx
|
|turn|3
|choice|move 3|switch 5
|
|switch|p2a: Rhydon|Rhydon|413\/413
|move|p1a: Electrode|Thunderbolt|p2a: Rhydon
|-immune|p2a: Rhydon|[msg]
|
|turn|4
|choice|switch 2|move 4
|
|switch|p1a: Exeggutor|Exeggutor|393\/393
|move|p2a: Rhydon|Toxic|p1a: Exeggutor
|-status|p1a: Exeggutor|tox
|
|turn|5
|choice|move 2|switch 3
|
|switch|p2a: Venusaur|Venusaur|363\/363
|move|p1a: Exeggutor|Psychic|p2a: Venusaur
|-crit|p2a: Venusaur
|-supereffective|p2a: Venusaur
|-damage|p2a: Venusaur|0 fnt
|faint|p2a: Venusaur
|choice||switch 4
|
|switch|p2a: Lapras|Lapras|463\/463
|turn|6
|choice|switch 3|move 2
|
|switch|p1a: Chansey|Chansey|703\/703
|move|p2a: Lapras|Blizzard|p1a: Chansey
|-damage|p1a: Chansey|563\/703
|
|turn|7
|choice|move 2|switch 5
|
|switch|p2a: Jynx|Jynx|237\/333 par
|move|p1a: Chansey|Thunder Wave|p2a: Jynx
|-fail|p2a: Jynx|par
|
|turn|8
|choice|switch 5|move 1
|
|switch|p1a: Gengar|Gengar|323\/323
|move|p2a: Jynx|Lovely Kiss|p1a: Gengar|[miss]
|-miss|p2a: Jynx
|
|turn|9
|choice|move 3|move 1
|
|move|p1a: Gengar|Confuse Ray|p2a: Jynx
|-start|p2a: Jynx|confusion
|-activate|p2a: Jynx|confusion
|move|p2a: Jynx|Lovely Kiss|p1a: Gengar
|-status|p1a: Gengar|slp
|
|turn|10
|choice|switch 4|switch 3
|
|switch|p1a: Slowbro|Slowbro|393\/393
|switch|p2a: Rhydon|Rhydon|413\/413
|
|turn|11
|choice|move 3|move 1
|
|move|p2a: Rhydon|Earthquake|p1a: Slowbro
|-damage|p1a: Slowbro|253\/393
|move|p1a: Slowbro|Amnesia|p1a: Slowbro
|-boost|p1a: Slowbro|spd|2
|-boost|p1a: Slowbro|spa|2
|
|turn|12
|choice|move 4|switch 5
|
|switch|p2a: Lapras|Lapras|463\/463
|move|p1a: Slowbro|Surf|p2a: Lapras
|-resisted|p2a: Lapras
|-damage|p2a: Lapras|366\/463
|
|turn|13
|choice|move 1|move 1
|
|move|p2a: Lapras|Confuse Ray|p1a: Slowbro
|-start|p1a: Slowbro|confusion
|-activate|p1a: Slowbro|confusion
|move|p1a: Slowbro|Thunder Wave|p2a: Lapras
|-status|p2a: Lapras|par
|
|turn|14
|choice|switch 5|move 4
|
|switch|p1a: Chansey|Chansey|563\/703
|move|p2a: Lapras|Body Slam|p1a: Chansey
|-damage|p1a: Chansey|399\/703
|
|turn|15
|choice|move 1|move 4
|
|move|p1a: Chansey|Soft-Boiled|p1a: Chansey
|-heal|p1a: Chansey|703\/703
|move|p2a: Lapras|Body Slam|p1a: Chansey
|-damage|p1a: Chansey|548\/703
|
|turn|16
|choice|move 4|move 1
|
|move|p2a: Lapras|Confuse Ray|p1a: Chansey
|-start|p1a: Chansey|confusion
|-activate|p1a: Chansey|confusion
|move|p1a: Chansey|Counter|p2a: Lapras
|-fail|p1a: Chansey
|
|turn|17
|choice|switch 5|move 2
|
|switch|p1a: Slowbro|Slowbro|253\/393
|move|p2a: Lapras|Blizzard|p1a: Slowbro
|-resisted|p1a: Slowbro
|-damage|p1a: Slowbro|180\/393
|
|turn|18
|choice|move 2|move 1
|
|move|p1a: Slowbro|Rest|p1a: Slowbro
|-status|p1a: Slowbro|slp
|-heal|p1a: Slowbro|393\/393 slp|[silent]
|-status|p1a: Slowbro|slp|[from] move: Rest
|move|p2a: Lapras|Confuse Ray|p1a: Slowbro
|-start|p1a: Slowbro|confusion
|
|turn|19
|choice|move 1|move 3
|
|cant|p1a: Slowbro|slp
|move|p2a: Lapras|Thunderbolt|p1a: Slowbro
|-supereffective|p1a: Slowbro
|-damage|p1a: Slowbro|229\/393 slp
|
|turn|20
|choice|switch 2|move 3
|
|switch|p1a: Electrode|Electrode|323\/323
|move|p2a: Lapras|Thunderbolt|p1a: Electrode
|-resisted|p1a: Electrode
|-damage|p1a: Electrode|281\/323
|
|turn|21
|choice|switch 5|switch 5
|
|switch|p1a: Chansey|Chansey|548\/703
|switch|p2a: Rhydon|Rhydon|413\/413
|
|turn|22
|choice|move 3|switch 5
|
|switch|p2a: Lapras|Lapras|366\/463 par
|move|p1a: Chansey|Ice Beam|p2a: Lapras
|-resisted|p2a: Lapras
|-damage|p2a: Lapras|346\/463 par
|
|turn|23
|choice|move 1|move 4
|
|move|p1a: Chansey|Soft-Boiled|p1a: Chansey
|-heal|p1a: Chansey|703\/703
|move|p2a: Lapras|Body Slam|p1a: Chansey
|-damage|p1a: Chansey|532\/703
|
|turn|24
|choice|move 4|move 1
|
|move|p2a: Lapras|Confuse Ray|p1a: Chansey
|-start|p1a: Chansey|confusion
|-activate|p1a: Chansey|confusion
|-damage|p1a: Chansey|497\/703|[from] confusion
|
|turn|25
|choice|switch 4|move 4
|
|switch|p1a: Gengar|Gengar|323\/323 slp
|move|p2a: Lapras|Body Slam|p1a: Gengar
|-immune|p1a: Gengar|[msg]
|
|turn|26
|choice|move 1|switch 5
|
|switch|p2a: Rhydon|Rhydon|413\/413
|-curestatus|p1a: Gengar|slp
|
|turn|27
|choice|switch 3|switch 2
|
|switch|p1a: Exeggutor|Exeggutor|393\/393 tox
|-status|p1a: Exeggutor|psn
|-damage|p1a: Exeggutor|369\/393 psn|[from] psn
|switch|p2a: Alakazam|Alakazam|313\/313
|
|turn|28
|choice|move 3|switch 3
|
|switch|p2a: Jynx|Jynx|237\/333 par
|move|p1a: Exeggutor|Sleep Powder|p2a: Jynx
|-fail|p2a: Jynx
|-damage|p1a: Exeggutor|345\/393 psn|[from] psn|[of] p2a: Jynx
|
|turn|29
|choice|switch 2|switch 5
|
|switch|p1a: Slowbro|Slowbro|229\/393 slp
|switch|p2a: Lapras|Lapras|346\/463 par
|
|turn|30
|choice|switch 4|move 3
|
|switch|p1a: Chansey|Chansey|497\/703
|move|p2a: Lapras|Thunderbolt|p1a: Chansey
|-crit|p1a: Chansey
|-damage|p1a: Chansey|371\/703
|
|turn|31
|choice|move 1|move 1
|
|move|p1a: Chansey|Soft-Boiled|p1a: Chansey
|-heal|p1a: Chansey|703\/703
|cant|p2a: Lapras|par
|
|turn|32
|choice|move 4|move 1
|
|move|p2a: Lapras|Confuse Ray|p1a: Chansey
|-start|p1a: Chansey|confusion
|-activate|p1a: Chansey|confusion
|-damage|p1a: Chansey|668\/703|[from] confusion
|
|turn|33
|choice|move 4|move 2
|
|cant|p2a: Lapras|par
|-end|p1a: Chansey|confusion
|move|p1a: Chansey|Counter|p2a: Lapras
|-fail|p1a: Chansey
|
|turn|34
|choice|move 4|move 2
|
|move|p2a: Lapras|Blizzard|p1a: Chansey
|-crit|p1a: Chansey
|-damage|p1a: Chansey|431\/703
|move|p1a: Chansey|Counter|p2a: Lapras
|-fail|p1a: Chansey
|
|turn|35
|choice|move 1|move 1
|
|move|p1a: Chansey|Soft-Boiled|p1a: Chansey
|-heal|p1a: Chansey|703\/703
|move|p2a: Lapras|Confuse Ray|p1a: Chansey
|-start|p1a: Chansey|confusion
|
|turn|36
|choice|switch 4|move 4
|
|switch|p1a: Slowbro|Slowbro|229\/393 slp
|move|p2a: Lapras|Body Slam|p1a: Slowbro
|-damage|p1a: Slowbro|176\/393 slp
|
|turn|37
|choice|move 2|move 3
|
|-curestatus|p1a: Slowbro|slp
|move|p2a: Lapras|Thunderbolt|p1a: Slowbro
|-crit|p1a: Slowbro
|-supereffective|p1a: Slowbro
|-damage|p1a: Slowbro|0 fnt
|faint|p1a: Slowbro
|choice|switch 2|
|
|switch|p1a: Exeggutor|Exeggutor|345\/393 psn
|turn|38
|choice|move 2|move 2
|
|move|p1a: Exeggutor|Psychic|p2a: Lapras
|-damage|p2a: Lapras|217\/463 par
|-damage|p1a: Exeggutor|321\/393 psn|[from] psn|[of] p2a: Lapras
|move|p2a: Lapras|Blizzard|p1a: Exeggutor
|-supereffective|p1a: Exeggutor
|-damage|p1a: Exeggutor|95\/393 psn
|
|turn|39
|choice|move 1|switch 5
|
|switch|p2a: Jynx|Jynx|237\/333 par
|move|p1a: Exeggutor|Explosion|p2a: Jynx
|-crit|p2a: Jynx
|-damage|p2a: Jynx|0 fnt
|faint|p2a: Jynx
|faint|p1a: Exeggutor
|choice|switch 4|switch 3
|
|switch|p2a: Alakazam|Alakazam|313\/313
|switch|p1a: Chansey|Chansey|703\/703
|turn|40
|choice|move 3|move 3
|
|move|p2a: Alakazam|Thunder Wave|p1a: Chansey
|-status|p1a: Chansey|par
|move|p1a: Chansey|Ice Beam|p2a: Alakazam
|-damage|p2a: Alakazam|250\/313
|
|turn|41
|choice|move 2|switch 6
|
|switch|p2a: Persian|Persian|333\/333
|move|p1a: Chansey|Thunder Wave|p2a: Persian
|-status|p2a: Persian|par
|
|turn|42
|choice|move 4|move 4
|
|move|p2a: Persian|Thunderbolt|p1a: Chansey
|-damage|p1a: Chansey|646\/703 par
|cant|p1a: Chansey|par
|
|turn|43
|choice|move 4|move 2
|
|move|p2a: Persian|Slash|p1a: Chansey
|-crit|p1a: Chansey
|-damage|p1a: Chansey|313\/703 par
|cant|p1a: Chansey|par
|
|turn|44
|choice|switch 3|move 4
|
|switch|p1a: Gengar|Gengar|323\/323
|cant|p2a: Persian|par
|
|turn|45
|choice|move 3|switch 5
|
|switch|p2a: Lapras|Lapras|217\/463 par
|move|p1a: Gengar|Confuse Ray|p2a: Lapras
|-start|p2a: Lapras|confusion
|
|turn|46
|choice|move 2|switch 6
|
|switch|p2a: Alakazam|Alakazam|250\/313
|move|p1a: Gengar|Night Shade|p2a: Alakazam
|-damage|p2a: Alakazam|150\/313
|
|turn|47
|choice|switch 3|move 4
|
|switch|p1a: Chansey|Chansey|313\/703 par
|move|p2a: Alakazam|Psychic|p1a: Chansey
|-damage|p1a: Chansey|182\/703 par
|
|turn|48
|choice|move 1|switch 2
|
|switch|p2a: Rhydon|Rhydon|413\/413
|move|p1a: Chansey|Soft-Boiled|p1a: Chansey
|-heal|p1a: Chansey|533\/703 par
|
|turn|49
|choice|move 3|move 1
|
|move|p2a: Rhydon|Earthquake|p1a: Chansey
|-damage|p1a: Chansey|134\/703 par
|move|p1a: Chansey|Ice Beam|p2a: Rhydon
|-supereffective|p2a: Rhydon
|-damage|p2a: Rhydon|166\/413
|
|turn|50
|choice|switch 6|move 1
|
|switch|p1a: Cloyster|Cloyster|303\/303
|move|p2a: Rhydon|Earthquake|p1a: Cloyster
|-damage|p1a: Cloyster|205\/303
|
|turn|51
|choice|move 2|switch 6
|
|switch|p2a: Lapras|Lapras|217\/463 par
|move|p1a: Cloyster|Ice Beam|p2a: Lapras
|-resisted|p2a: Lapras
|-damage|p2a: Lapras|193\/463 par
|
|turn|52
|choice|move 1|move 3
|
|move|p1a: Cloyster|Clamp|p2a: Lapras
|-crit|p2a: Lapras
|-resisted|p2a: Lapras
|-damage|p2a: Lapras|156\/463 par
|-activate|p2a: Lapras|move: Clamp|[of] p1a: Cloyster
|cant|p2a: Lapras|par
|
|turn|53
|choice|move 1|move 3
|
|move|p1a: Cloyster|Clamp|p2a: Lapras
|-damage|p2a: Lapras|119\/463 par
|cant|p2a: Lapras|partiallytrapped
|
|-end|p2a: Lapras|Clamp|[partiallytrapped]
|turn|54
|choice|move 1|move 3
|
|move|p1a: Cloyster|Clamp|p2a: Lapras
|-resisted|p2a: Lapras
|-damage|p2a: Lapras|102\/463 par
|-activate|p2a: Lapras|move: Clamp|[of] p1a: Cloyster
|cant|p2a: Lapras|partiallytrapped
|
|turn|55
|choice|move 1|move 3
|
|move|p1a: Cloyster|Clamp|p2a: Lapras
|-damage|p2a: Lapras|85\/463 par
|cant|p2a: Lapras|partiallytrapped
|
|-end|p2a: Lapras|Clamp|[partiallytrapped]
|turn|56
|choice|move 1|move 3
|
|move|p1a: Cloyster|Clamp|p2a: Lapras
|-resisted|p2a: Lapras
|-damage|p2a: Lapras|67\/463 par
|-activate|p2a: Lapras|move: Clamp|[of] p1a: Cloyster
|cant|p2a: Lapras|partiallytrapped
|
|turn|57
|choice|move 1|move 3
|
|move|p1a: Cloyster|Clamp|p2a: Lapras
|-damage|p2a: Lapras|49\/463 par
|cant|p2a: Lapras|partiallytrapped
|
|turn|58
|choice|move 1|move 3
|
|move|p1a: Cloyster|Clamp|p2a: Lapras
|-damage|p2a: Lapras|31\/463 par
|cant|p2a: Lapras|partiallytrapped
|
|turn|59
|choice|move 1|move 3
|
|move|p1a: Cloyster|Clamp|p2a: Lapras
|-damage|p2a: Lapras|13\/463 par
|cant|p2a: Lapras|partiallytrapped
|
|turn|60
|choice|move 1|move 3
|
|move|p1a: Cloyster|Clamp|p2a: Lapras
|-damage|p2a: Lapras|0 fnt
|faint|p2a: Lapras
|choice||switch 2
|
|switch|p2a: Alakazam|Alakazam|150\/313
|turn|61
|choice|switch 6|move 4
|
|switch|p1a: Chansey|Chansey|134\/703 par
|move|p2a: Alakazam|Psychic|p1a: Chansey
|-damage|p1a: Chansey|1\/703 par
|
|turn|62
|choice|switch 5|move 4
|
|switch|p1a: Electrode|Electrode|281\/323
|move|p2a: Alakazam|Psychic|p1a: Electrode
|-crit|p1a: Electrode
|-damage|p1a: Electrode|0 fnt
|faint|p1a: Electrode
|choice|switch 3|
|
|switch|p1a: Gengar|Gengar|323\/323
|turn|63
|choice|move 3|move 3
|
|move|p2a: Alakazam|Thunder Wave|p1a: Gengar
|-status|p1a: Gengar|par
|move|p1a: Gengar|Confuse Ray|p2a: Alakazam
|-start|p2a: Alakazam|confusion
|
|turn|64
|choice|move 4|switch 5
|
|switch|p2a: Persian|Persian|333\/333 par
|cant|p1a: Gengar|par
|
|turn|65
|choice|move 3|move 4
|
|move|p2a: Persian|Thunderbolt|p1a: Gengar
|-damage|p1a: Gengar|278\/323 par
|cant|p1a: Gengar|par
|
|turn|66
|choice|move 3|move 4
|
|cant|p2a: Persian|par
|move|p1a: Gengar|Confuse Ray|p2a: Persian
|-start|p2a: Persian|confusion
|
|turn|67
|choice|move 2|switch 6
|
|switch|p2a: Rhydon|Rhydon|166\/413
|move|p1a: Gengar|Night Shade|p2a: Rhydon
|-damage|p2a: Rhydon|66\/413
|
|turn|68
|choice|switch 5|move 1
|
|switch|p1a: Chansey|Chansey|1\/703 par
|move|p2a: Rhydon|Earthquake|p1a: Chansey
|-damage|p1a: Chansey|0 fnt
|faint|p1a: Chansey
|choice|switch 6|
|
|switch|p1a: Cloyster|Cloyster|205\/303
|turn|69
|choice|move 2|switch 6
|
|switch|p2a: Persian|Persian|333\/333 par
|move|p1a: Cloyster|Ice Beam|p2a: Persian
|-damage|p2a: Persian|203\/333 par
|
|turn|70
|choice|move 1|move 4
|
|move|p1a: Cloyster|Clamp|p2a: Persian
|-damage|p2a: Persian|153\/333 par
|-activate|p2a: Persian|move: Clamp|[of] p1a: Cloyster
|cant|p2a: Persian|partiallytrapped
|
|turn|71
|choice|move 1|move 4
|
|move|p1a: Cloyster|Clamp|p2a: Persian
|-damage|p2a: Persian|103\/333 par
|cant|p2a: Persian|par
|
|-end|p2a: Persian|Clamp|[partiallytrapped]
|turn|72
|choice|move 1|move 4
|
|move|p1a: Cloyster|Clamp|p2a: Persian
|-damage|p2a: Persian|51\/333 par
|-activate|p2a: Persian|move: Clamp|[of] p1a: Cloyster
|cant|p2a: Persian|partiallytrapped
|
|turn|73
|choice|move 1|move 4
|
|move|p1a: Cloyster|Clamp|p2a: Persian
|-damage|p2a: Persian|0 fnt
|faint|p2a: Persian
|choice||switch 5
|
|switch|p2a: Alakazam|Alakazam|150\/313
|turn|74
|choice|switch 5|move 4
|
|switch|p1a: Gengar|Gengar|278\/323 par
|move|p2a: Alakazam|Psychic|p1a: Gengar
|-supereffective|p1a: Gengar
|-damage|p1a: Gengar|56\/323 par
|
|turn|75
|choice|move 4|move 4
|
|move|p2a: Alakazam|Psychic|p1a: Gengar
|-supereffective|p1a: Gengar
|-damage|p1a: Gengar|0 fnt
|faint|p1a: Gengar
|choice|switch 5|
|
|switch|p1a: Cloyster|Cloyster|205\/303
|turn|76
|choice|move 2|move 4
|
|move|p2a: Alakazam|Psychic|p1a: Cloyster
|-crit|p1a: Cloyster
|-damage|p1a: Cloyster|0 fnt
|faint|p1a: Cloyster
|
|win|MonsieurWolfe
|raw|midnitefirefly's rating: 1097 &rarr; <strong>1069<\/strong><br \/>(-28 for losing)
|raw|MonsieurWolfe's rating: 1047 &rarr; <strong>1085<\/strong><br \/>(+38 for winning)