|join|riwu
|join|yaldyyyy
|player|p1|riwu|101
|player|p2|yaldyyyy|102
|gametype|singles
|gen|1
|tier|[Gen 1] Random Battle
|rated
|seed|51745,2656,60636,61794
|rule|Sleep Clause Mod: Limit one foe put to sleep
|rule|Freeze Clause Mod: Limit one foe frozen
|rule|HP Percentage Mod: HP is shown in percentages
|
|start
|switch|p1a: Shellder|Shellder, L96|252\/252
|switch|p2a: Metapod|Metapod, L99|300\/300
|turn|1
|choice|move 4|move 3
|
|move|p1a: Shellder|Blizzard|p2a: Metapod
|-damage|p2a: Metapod|183\/300
|move|p2a: Metapod|String Shot|p1a: Shellder
|-unboost|p1a: Shellder|spe|1
|
|turn|2
|choice|move 1|move 2
|
|move|p2a: Metapod|Harden|p2a: Metapod
|-boost|p2a: Metapod|def|1
|move|p1a: Shellder|Withdraw|p1a: Shellder
|-boost|p1a: Shellder|def|1
|
|turn|3
|choice|move 1|switch 3
|
|switch|p2a: Slowbro|Slowbro, L79|312\/312
|move|p1a: Shellder|Withdraw|p1a: Shellder
|-boost|p1a: Shellder|def|1
|
|turn|4
|choice|switch 6|move 3
|
|switch|p1a: Jolteon|Jolteon, L79|265\/265
|move|p2a: Slowbro|Amnesia|p2a: Slowbro
|-boost|p2a: Slowbro|spd|2
|-boost|p2a: Slowbro|spa|2
|
|turn|5
|choice|move 1|switch 3
|
|switch|p2a: Metapod|Metapod, L99|183\/300
|move|p1a: Jolteon|Thunderbolt|p2a: Metapod
|-crit|p2a: Metapod
|-damage|p2a: Metapod|0 fnt
|faint|p2a: Metapod
|choice||switch 2
|
|switch|p2a: Muk|Muk, L90|372\/372
|turn|6
|choice|switch 4|move 2
|
|switch|p1a: Dragonite|Dragonite, L85|328\/328
|move|p2a: Muk|Body Slam|p1a: Dragonite
|-damage|p1a: Dragonite|261\/328
|
|turn|7
|choice|move 2|move 2
|
|move|p1a: Dragonite|Thunder Wave|p2a: Muk
|-status|p2a: Muk|par
|move|p2a: Muk|Body Slam|p1a: Dragonite
|-damage|p1a: Dragonite|196\/328
|-status|p1a: Dragonite|par
|
|turn|8
|choice|move 4|move 2
|
|move|p1a: Dragonite|Blizzard|p2a: Muk
|-crit|p2a: Muk
|-damage|p2a: Muk|176\/372 par
|cant|p2a: Muk|par
|
|turn|9
|choice|move 4|move 2
|
|move|p1a: Dragonite|Blizzard|p2a: Muk
|-crit|p2a: Muk
|-damage|p2a: Muk|0 fnt
|faint|p2a: Muk
|choice||switch 3
|
|switch|p2a: Slowbro|Slowbro, L79|312\/312
|turn|10
|choice|move 1|move 3
|
|move|p2a: Slowbro|Amnesia|p2a: Slowbro
|-boost|p2a: Slowbro|spd|2
|-boost|p2a: Slowbro|spa|2
|move|p1a: Dragonite|Thunder|p2a: Slowbro
|-crit|p2a: Slowbro
|-supereffective|p2a: Slowbro
|-damage|p2a: Slowbro|0 fnt
|faint|p2a: Slowbro
|c|★yaldyyyy|3 crits in a row man
|choice||switch 5
|
|switch|p2a: Alakazam|Alakazam, L79|249\/249
|turn|11
|choice|move 2|move 1
|
|move|p2a: Alakazam|Psychic|p1a: Dragonite
|-damage|p1a: Dragonite|101\/328 par
|-unboost|p1a: Dragonite|spd|1
|-unboost|p1a: Dragonite|spa|1
|move|p1a: Dragonite|Thunder Wave|p2a: Alakazam
|-status|p2a: Alakazam|par
|
|turn|12
|choice|move 4|move 1
|
|move|p2a: Alakazam|Psychic|p1a: Dragonite
|-damage|p1a: Dragonite|0 fnt
|faint|p1a: Dragonite
|choice|switch 6|
|
|switch|p1a: Shellder|Shellder, L96|252\/252
|turn|13
|choice|move 4|move 1
|
|move|p1a: Shellder|Blizzard|p2a: Alakazam
|-damage|p2a: Alakazam|193\/249 par
|move|p2a: Alakazam|Psychic|p1a: Shellder
|-damage|p1a: Shellder|110\/252
|-unboost|p1a: Shellder|spd|1
|-unboost|p1a: Shellder|spa|1
|
|turn|14
|choice|move 3|move 1
|
|move|p1a: Shellder|Explosion|p2a: Alakazam
|-damage|p2a: Alakazam|0 fnt
|faint|p2a: Alakazam
|faint|p1a: Shellder
|choice|switch 5|switch 4
|
|switch|p1a: Alakazam|Alakazam, L79|249\/249
|switch|p2a: Machamp|Machamp, L90|345\/345
|turn|15
|choice|move 1|switch 6
|
|switch|p2a: Parasect|Parasect, L90|291\/291
|move|p1a: Alakazam|Psychic|p2a: Parasect
|-damage|p2a: Parasect|195\/291
|
|turn|16
|choice|switch 3|move 4
|
|switch|p1a: Metapod|Metapod, L99|300\/300
|move|p2a: Parasect|Slash|p1a: Metapod
|-damage|p1a: Metapod|236\/300
|
|turn|17
|choice|move 3|move 2
|
|move|p1a: Metapod|Tackle|p2a: Parasect
|-damage|p2a: Parasect|178\/291
|move|p2a: Parasect|Swords Dance|p2a: Parasect
|-boost|p2a: Parasect|atk|2
|
|turn|18
|choice|switch 4|move 2
|
|switch|p1a: Jolteon|Jolteon, L79|265\/265
|move|p2a: Parasect|Swords Dance|p2a: Parasect
|-boost|p2a: Parasect|atk|2
|
|turn|19
|choice|move 2|move 1
|
|move|p1a: Jolteon|Pin Missile|p2a: Parasect
|-supereffective|p2a: Parasect
|-damage|p2a: Parasect|162\/291
|-damage|p2a: Parasect|146\/291
|-damage|p2a: Parasect|130\/291
|-hitcount|p2a: Parasect|3
|move|p2a: Parasect|Body Slam|p1a: Jolteon
|-crit|p1a: Jolteon
|-damage|p1a: Jolteon|79\/265
|
|turn|20
|choice|move 1|move 4
|
|move|p1a: Jolteon|Thunderbolt|p2a: Parasect
|-resisted|p2a: Parasect
|-damage|p2a: Parasect|85\/291
|-status|p2a: Parasect|par
|move|p2a: Parasect|Slash|p1a: Jolteon
|-damage|p1a: Jolteon|0 fnt
|faint|p1a: Jolteon
|choice|switch 3|
|
|switch|p1a: Alakazam|Alakazam, L79|249\/249
|turn|21
|choice|move 1|move 1
|
|move|p1a: Alakazam|Psychic|p2a: Parasect
|-damage|p2a: Parasect|0 fnt
|faint|p2a: Parasect
|choice||switch 6
|
|switch|p2a: Machamp|Machamp, L90|345\/345
|turn|22
|choice|move 1|move 3
|
|move|p1a: Alakazam|Psychic|p2a: Machamp
|-supereffective|p2a: Machamp
|-damage|p2a: Machamp|102\/345
|move|p2a: Machamp|Hyper Beam|p1a: Alakazam
|-damage|p1a: Alakazam|7\/249
|
|turn|23
|-mustrecharge|p2a: Machamp
|-mustrecharge|p2a: Machamp
|choice|move 1|move 1
|
|move|p1a: Alakazam|Psychic|p2a: Machamp
|-supereffective|p2a: Machamp
|-damage|p2a: Machamp|0 fnt
|faint|p2a: Machamp
|
|win|riwu
|raw|riwu's rating: 1416 &rarr; <strong>1429<\/strong><br \/>(+13 for winning)
|raw|yaldyyyy's rating: 1284 &rarr; <strong>1268<\/strong><br \/>(-16 for losing)
|leave|yaldyyyy
|player|p2