|join|kid gf lol
|join|IamBirdJesus(◕◡◕)
|player|p1|kid gf lol|167
|player|p2|IamBirdJesus(◕◡◕)|294
|gametype|singles
|gen|1
|tier|[Gen 1] OU (beta)
|rated
|rule|Sleep Clause Mod: Limit one foe put to sleep
|rule|Species Clause: Limit one of each Pokemon
|rule|OHKO Clause: OHKO moves are banned
|rule|Moody Clause: Moody is banned
|rule|Evasion Moves Clause: Evasion moves are banned
|rule|Endless Battle Clause: Forcing endless battles is banned.
|rule|HP Percentage Mod: HP is reported as percentages
|
|start
|switch|p1a: Zam Lead|Alakazam|313\/313
|switch|p2a: Gengar|Gengar|323\/323
|turn|1
|
|move|p1a: Zam Lead|Psychic|p2a: Gengar
|-crit|p2a: Gengar
|-supereffective|p2a: Gengar
|-damage|p2a: Gengar|0 fnt
|faint|p2a: Gengar
|
|
|switch|p2a: Chansey|Chansey|703\/703
|turn|2
|
|switch|p1a: Breakfast Pouch|Chansey|703\/703
|move|p2a: Chansey|Blizzard|p1a: Breakfast Pouch
|-damage|p1a: Breakfast Pouch|607\/703
|
|turn|3
|join|masifasi
|
|move|p2a: Chansey|Blizzard|p1a: Breakfast Pouch
|-damage|p1a: Breakfast Pouch|515\/703
|move|p1a: Breakfast Pouch|Ice Beam|p2a: Chansey
|-damage|p2a: Chansey|625\/703
|
|turn|4
|
|move|p1a: Breakfast Pouch|Ice Beam|p2a: Chansey
|-damage|p2a: Chansey|551\/703
|move|p2a: Chansey|Blizzard|p1a: Breakfast Pouch
|-damage|p1a: Breakfast Pouch|428\/703
|
|turn|5
|
|move|p1a: Breakfast Pouch|Ice Beam|p2a: Chansey
|-damage|p2a: Chansey|471\/703
|move|p2a: Chansey|Blizzard|p1a: Breakfast Pouch
|-damage|p1a: Breakfast Pouch|334\/703
|
|turn|6
|
|move|p1a: Breakfast Pouch|Ice Beam|p2a: Chansey
|-damage|p2a: Chansey|393\/703
|move|p2a: Chansey|Blizzard|p1a: Breakfast Pouch
|-damage|p1a: Breakfast Pouch|248\/703
|
|turn|7
|
|move|p1a: Breakfast Pouch|Soft-Boiled|p1a: Breakfast Pouch
|-heal|p1a: Breakfast Pouch|599\/703
|move|p2a: Chansey|Blizzard|p1a: Breakfast Pouch
|-damage|p1a: Breakfast Pouch|506\/703
|
|turn|8
|
|move|p2a: Chansey|Blizzard|p1a: Breakfast Pouch
|-damage|p1a: Breakfast Pouch|416\/703
|move|p1a: Breakfast Pouch|Ice Beam|p2a: Chansey
|-crit|p2a: Chansey
|-damage|p2a: Chansey|244\/703
|
|turn|9
|
|move|p1a: Breakfast Pouch|Ice Beam|p2a: Chansey
|-damage|p2a: Chansey|167\/703
|-status|p2a: Chansey|frz
|cant|p2a: Chansey|frz
|
|turn|10
|
|switch|p2a: Dragonite|Dragonite|385\/385
|switch|p1a: Big Boned|Snorlax|523\/523
|
|turn|11
|
|switch|p1a: Zam Lead|Alakazam|313\/313
|move|p2a: Dragonite|Agility|p2a: Dragonite
|-boost|p2a: Dragonite|spe|2
|
|turn|12
|
|move|p2a: Dragonite|Wrap|p1a: Zam Lead
|-crit|p1a: Zam Lead
|-damage|p1a: Zam Lead|265\/313
|-activate|p1a: Zam Lead|move: Wrap|[of] p2a: Dragonite
|cant|p1a: Zam Lead|partiallytrapped
|
|turn|13
|
|switch|p1a: TNT|Golem|363\/363
|move|p2a: Dragonite|Wrap|p1a: TNT
|-resisted|p1a: TNT
|-damage|p1a: TNT|357\/363
|-activate|p1a: TNT|move: Wrap|[of] p2a: Dragonite
|
|turn|14
|
|move|p2a: Dragonite|Wrap|p1a: TNT
|-damage|p1a: TNT|309\/363
|cant|p1a: TNT|partiallytrapped
|
|turn|15
|
|move|p2a: Dragonite|Wrap|p1a: TNT
|-damage|p1a: TNT|261\/363
|cant|p1a: TNT|partiallytrapped
|
|turn|16
|
|move|p2a: Dragonite|Wrap|p1a: TNT
|-damage|p1a: TNT|213\/363
|cant|p1a: TNT|partiallytrapped
|
|-end|p1a: TNT|Wrap|[partiallytrapped]
|turn|17
|
|switch|p1a: Zam Lead|Alakazam|265\/313
|move|p2a: Dragonite|Surf|p1a: Zam Lead
|-damage|p1a: Zam Lead|202\/313
|
|turn|18
|
|move|p2a: Dragonite|Wrap|p1a: Zam Lead|[miss]
|-miss|p2a: Dragonite
|move|p1a: Zam Lead|Thunder Wave|p2a: Dragonite
|-status|p2a: Dragonite|par
|
|turn|19
|
|switch|p1a: That's Bull|Tauros|353\/353
|cant|p2a: Dragonite|par
|
|turn|20
|
|move|p1a: That's Bull|Blizzard|p2a: Dragonite|[miss]
|-miss|p1a: That's Bull
|move|p2a: Dragonite|Thunder Wave|p1a: That's Bull
|-status|p1a: That's Bull|par
|
|turn|21
|
|move|p2a: Dragonite|Wrap|p1a: That's Bull
|-damage|p1a: That's Bull|337\/353 par
|-activate|p1a: That's Bull|move: Wrap|[of] p2a: Dragonite
|cant|p1a: That's Bull|par
|
|turn|22
|join|ashiemore
|
|cant|p2a: Dragonite|par
|cant|p1a: That's Bull|par
|
|-end|p1a: That's Bull|Wrap|[partiallytrapped]
|turn|23
|
|move|p2a: Dragonite|Wrap|p1a: That's Bull
|-damage|p1a: That's Bull|321\/353 par
|-activate|p1a: That's Bull|move: Wrap|[of] p2a: Dragonite
|cant|p1a: That's Bull|par
|
|turn|24
|
|move|p2a: Dragonite|Wrap|p1a: That's Bull
|-damage|p1a: That's Bull|305\/353 par
|cant|p1a: That's Bull|par
|
|-end|p1a: That's Bull|Wrap|[partiallytrapped]
|turn|25
|
|move|p2a: Dragonite|Wrap|p1a: That's Bull
|-damage|p1a: That's Bull|288\/353 par
|-activate|p1a: That's Bull|move: Wrap|[of] p2a: Dragonite
|cant|p1a: That's Bull|partiallytrapped
|
|turn|26
|
|move|p2a: Dragonite|Wrap|p1a: That's Bull
|-damage|p1a: That's Bull|271\/353 par
|cant|p1a: That's Bull|partiallytrapped
|
|turn|27
|
|move|p2a: Dragonite|Wrap|p1a: That's Bull
|-damage|p1a: That's Bull|254\/353 par
|cant|p1a: That's Bull|par
|
|turn|28
|
|move|p2a: Dragonite|Wrap|p1a: That's Bull
|-damage|p1a: That's Bull|237\/353 par
|cant|p1a: That's Bull|par
|
|turn|29
|
|move|p2a: Dragonite|Wrap|p1a: That's Bull
|-damage|p1a: That's Bull|220\/353 par
|cant|p1a: That's Bull|par
|
|-end|p1a: That's Bull|Wrap|[partiallytrapped]
|turn|30
|join|ALeader Jiggly
|
|move|p2a: Dragonite|Wrap|p1a: That's Bull
|-damage|p1a: That's Bull|203\/353 par
|-activate|p1a: That's Bull|move: Wrap|[of] p2a: Dragonite
|cant|p1a: That's Bull|partiallytrapped
|
|turn|31
|
|move|p2a: Dragonite|Wrap|p1a: That's Bull
|-damage|p1a: That's Bull|186\/353 par
|cant|p1a: That's Bull|partiallytrapped
|
|turn|32
|chat|ALeader Jiggly|O.o mega battle
|
|move|p2a: Dragonite|Wrap|p1a: That's Bull
|-damage|p1a: That's Bull|169\/353 par
|cant|p1a: That's Bull|partiallytrapped
|
|-end|p1a: That's Bull|Wrap|[partiallytrapped]
|turn|33
|
|move|p2a: Dragonite|Wrap|p1a: That's Bull
|-damage|p1a: That's Bull|152\/353 par
|-activate|p1a: That's Bull|move: Wrap|[of] p2a: Dragonite
|cant|p1a: That's Bull|par
|
|turn|34
|chat|ALeader Jiggly|Wrap is so annoying
|
|move|p2a: Dragonite|Wrap|p1a: That's Bull
|-damage|p1a: That's Bull|135\/353 par
|cant|p1a: That's Bull|par
|
|turn|35
|
|move|p2a: Dragonite|Wrap|p1a: That's Bull
|-damage|p1a: That's Bull|118\/353 par
|cant|p1a: That's Bull|partiallytrapped
|
|-end|p1a: That's Bull|Wrap|[partiallytrapped]
|turn|36
|
|move|p2a: Dragonite|Wrap|p1a: That's Bull
|-damage|p1a: That's Bull|103\/353 par
|-activate|p1a: That's Bull|move: Wrap|[of] p2a: Dragonite
|cant|p1a: That's Bull|partiallytrapped
|
|turn|37
|
|move|p2a: Dragonite|Wrap|p1a: That's Bull
|-damage|p1a: That's Bull|88\/353 par
|cant|p1a: That's Bull|partiallytrapped
|
|turn|38
|
|move|p2a: Dragonite|Wrap|p1a: That's Bull
|-damage|p1a: That's Bull|73\/353 par
|cant|p1a: That's Bull|partiallytrapped
|
|-end|p1a: That's Bull|Wrap|[partiallytrapped]
|turn|39
|
|move|p2a: Dragonite|Surf|p1a: That's Bull
|-crit|p1a: That's Bull
|-damage|p1a: That's Bull|0 fnt
|faint|p1a: That's Bull
|
|
|switch|p1a: Breakfast Pouch|Chansey|416\/703
|turn|40
|
|move|p1a: Breakfast Pouch|Ice Beam|p2a: Dragonite
|-supereffective|p2a: Dragonite
|-damage|p2a: Dragonite|53\/385 par
|move|p2a: Dragonite|Wrap|p1a: Breakfast Pouch
|-damage|p1a: Breakfast Pouch|377\/703
|-activate|p1a: Breakfast Pouch|move: Wrap|[of] p2a: Dragonite
|
|turn|41
|
|cant|p1a: Breakfast Pouch|partiallytrapped
|move|p2a: Dragonite|Wrap|p1a: Breakfast Pouch
|-damage|p1a: Breakfast Pouch|338\/703
|
|turn|42
|
|cant|p1a: Breakfast Pouch|partiallytrapped
|cant|p2a: Dragonite|par
|
|-end|p1a: Breakfast Pouch|Wrap|[partiallytrapped]
|turn|43
|
|move|p1a: Breakfast Pouch|Ice Beam|p2a: Dragonite
|-supereffective|p2a: Dragonite
|-damage|p2a: Dragonite|0 fnt
|faint|p2a: Dragonite
|
|
|switch|p2a: Tauros|Tauros|353\/353
|turn|44
|
|switch|p1a: Big Boned|Snorlax|523\/523
|move|p2a: Tauros|Blizzard|p1a: Big Boned
|-damage|p1a: Big Boned|430\/523
|
|turn|45
|
|switch|p2a: Rhydon|Rhydon|413\/413
|move|p1a: Big Boned|Reflect|p1a: Big Boned
|
|turn|46
|
|move|p2a: Rhydon|Body Slam|p1a: Big Boned
|-damage|p1a: Big Boned|374\/523
|-status|p1a: Big Boned|par
|move|p1a: Big Boned|Amnesia|p1a: Big Boned
|-boost|p1a: Big Boned|spd|2
|-boost|p1a: Big Boned|spa|2
|
|turn|47
|
|move|p2a: Rhydon|Earthquake|p1a: Big Boned
|-damage|p1a: Big Boned|284\/523 par
|move|p1a: Big Boned|Body Slam|p2a: Rhydon
|-resisted|p2a: Rhydon
|-damage|p2a: Rhydon|365\/413
|-status|p2a: Rhydon|par
|
|turn|48
|
|cant|p2a: Rhydon|par
|move|p1a: Big Boned|Body Slam|p2a: Rhydon
|-resisted|p2a: Rhydon
|-damage|p2a: Rhydon|321\/413 par
|
|turn|49
|
|cant|p2a: Rhydon|par
|move|p1a: Big Boned|Body Slam|p2a: Rhydon
|-resisted|p2a: Rhydon
|-damage|p2a: Rhydon|275\/413 par
|
|turn|50
|
|move|p2a: Rhydon|Earthquake|p1a: Big Boned
|-damage|p1a: Big Boned|188\/523 par
|move|p1a: Big Boned|Body Slam|p2a: Rhydon
|-resisted|p2a: Rhydon
|-damage|p2a: Rhydon|225\/413 par
|
|turn|51
|chat|ashiemore|mono attacking snorlax lmao
|
|move|p2a: Rhydon|Earthquake|p1a: Big Boned
|-damage|p1a: Big Boned|103\/523 par
|move|p1a: Big Boned|Rest|p1a: Big Boned
|-status|p1a: Big Boned|slp
|-heal|p1a: Big Boned|523\/523 slp|[silent]
|-status|p1a: Big Boned|slp|[from] move: Rest
|
|turn|52
|
|switch|p2a: Alakazam|Alakazam|313\/313
|cant|p1a: Big Boned|slp
|
|turn|53
|
|move|p2a: Alakazam|Reflect|p2a: Alakazam
|cant|p1a: Big Boned|slp
|-curestatus|p1a: Big Boned|slp
|
|turn|54
|
|move|p2a: Alakazam|Thunder Wave|p1a: Big Boned
|-status|p1a: Big Boned|par
|move|p1a: Big Boned|Body Slam|p2a: Alakazam
|-damage|p2a: Alakazam|226\/313
|
|turn|55
|
|move|p2a: Alakazam|Psychic|p1a: Big Boned
|-damage|p1a: Big Boned|431\/523 par
|move|p1a: Big Boned|Body Slam|p2a: Alakazam
|-damage|p2a: Alakazam|144\/313
|
|turn|56
|
|move|p2a: Alakazam|Psychic|p1a: Big Boned
|-damage|p1a: Big Boned|345\/523 par
|cant|p1a: Big Boned|par
|
|turn|57
|
|switch|p1a: Result of Incest|Exeggutor|393\/393
|move|p2a: Alakazam|Psychic|p1a: Result of Incest
|-crit|p1a: Result of Incest
|-resisted|p1a: Result of Incest
|-damage|p1a: Result of Incest|288\/393
|
|turn|58
|
|move|p2a: Alakazam|Thunder Wave|p1a: Result of Incest
|-status|p1a: Result of Incest|par
|move|p1a: Result of Incest|Sleep Powder|p2a: Alakazam|[miss]
|-miss|p1a: Result of Incest
|
|turn|59
|
|switch|p2a: Rhydon|Rhydon|225\/413 par
|move|p1a: Result of Incest|Sleep Powder|p2a: Rhydon
|-fail|p2a: Rhydon
|
|turn|60
|
|move|p1a: Result of Incest|Mega Drain|p2a: Rhydon
|-supereffective|p2a: Rhydon
|-damage|p2a: Rhydon|0 fnt
|-heal|p1a: Result of Incest|393\/393 par|[from] drain|[of] p2a: Rhydon
|faint|p2a: Rhydon
|
|
|switch|p2a: Alakazam|Alakazam|144\/313
|turn|61
|
|move|p2a: Alakazam|Psychic|p1a: Result of Incest
|-resisted|p1a: Result of Incest
|-damage|p1a: Result of Incest|335\/393 par
|move|p1a: Result of Incest|Sleep Powder|p2a: Alakazam
|-status|p2a: Alakazam|slp
|
|turn|62
|
|switch|p1a: Zam Lead|Alakazam|202\/313
|cant|p2a: Alakazam|slp
|
|turn|63
|
|cant|p2a: Alakazam|slp
|move|p1a: Zam Lead|Recover|p1a: Zam Lead
|-heal|p1a: Zam Lead|313\/313
|
|turn|64
|
|move|p1a: Zam Lead|Seismic Toss|p2a: Alakazam
|-damage|p2a: Alakazam|44\/313 slp
|cant|p2a: Alakazam|slp
|
|turn|65
|
|cant|p2a: Alakazam|slp
|move|p1a: Zam Lead|Seismic Toss|p2a: Alakazam
|-damage|p2a: Alakazam|0 fnt
|faint|p2a: Alakazam
|
|-message|IamBirdJesus(◕◡◕) forfeited.
|
|win|kid gf lol
|raw|Ladder updating...
|leave|IamBirdJesus(◕◡◕)
|player|p2
|raw|kid gf lol's rating: 1376 &rarr; <strong>1385<\/strong><br \/>(+9 for winning)
|raw|IamBirdJesus(◕◡◕)'s rating: 1163 &rarr; <strong>1151<\/strong><br \/>(-12 for losing)
|leave|kid gf lol
|player|p1
|chat|ashiemore|lol
|leave|ashiemore