|j|Hyper Rosso
|j|marcoasd
|player|p1|Hyper Rosso|153
|player|p2|marcoasd|170
|gametype|singles
|gen|1
|tier|[Gen 1] OU
|seed|61737,58899,20610,25384
|rule|Sleep Clause Mod: Limit one foe put to sleep
|rule|Freeze Clause Mod: Limit one foe frozen
|rule|Species Clause: Limit one of each Pokémon
|rule|OHKO Clause: OHKO moves are banned
|rule|Evasion Moves Clause: Evasion moves are banned
|rule|HP Percentage Mod: HP is shown in percentages
|
|start
|switch|p1a: Starmie|Starmie|323\/323
|switch|p2a: Jolteon|Jolteon|333\/333
|turn|1
|choice|switch 3|switch 4
|
|switch|p2a: Exeggutor|Exeggutor|393\/393
|switch|p1a: Chansey|Chansey|703\/703
|
|turn|2
|choice|move 2|move 1
|
|move|p2a: Exeggutor|Sleep Powder|p1a: Chansey
|-status|p1a: Chansey|slp
|cant|p1a: Chansey|slp
|
|turn|3
|c|★Hyper Rosso|non dovevo lasciarlo-
|c|★Hyper Rosso|...
|choice|switch 6|switch 4
|
|switch|p2a: Jolteon|Jolteon|333\/333
|switch|p1a: Snorlax|Snorlax|523\/523
|
|turn|4
|c|★marcoasd|sì ma anche no
|choice|move 2|move 1
|
|move|p2a: Jolteon|Thunder Wave|p1a: Snorlax
|-status|p1a: Snorlax|par
|move|p1a: Snorlax|Reflect|p1a: Snorlax
|-start|p1a: Snorlax|Reflect
|
|turn|5
|c|★marcoasd|cosa cazzo è reflect contro jolteon
|c|★marcoasd|cosa mi significa
|c|★Hyper Rosso|pensavo di alzarmi le difese
|c|★Hyper Rosso|tutte e due
|c|★Hyper Rosso|magari per chi entra
|choice|move 3|switch 4
|
|switch|p2a: Exeggutor|Exeggutor|393\/393
|move|p1a: Snorlax|Amnesia|p1a: Snorlax
|-boost|p1a: Snorlax|spd|2
|-boost|p1a: Snorlax|spa|2
|
|turn|6
|c|★marcoasd|reflect qui non rimane...
|choice|move 1|switch 5
|
|switch|p2a: Snorlax|Snorlax|523\/523
|move|p1a: Snorlax|Body Slam|p2a: Snorlax
|-damage|p2a: Snorlax|394\/523
|
|turn|7
|c|★Hyper Rosso|si lo so
|c|★Hyper Rosso|ma credevo switchassi con jolteon
|choice|move 1|move 3
|
|move|p1a: Snorlax|Body Slam|p2a: Snorlax
|-damage|p2a: Snorlax|255\/523
|move|p2a: Snorlax|Counter|p1a: Snorlax
|-damage|p1a: Snorlax|245\/523 par
|
|turn|8
|choice|move 1|move 4
|
|move|p2a: Snorlax|Self-Destruct|p1a: Snorlax
|-damage|p1a: Snorlax|29\/523 par
|faint|p2a: Snorlax
|choice||switch 4
|
|switch|p2a: Jolteon|Jolteon|333\/333
|turn|9
|choice|move 1|move 2
|
|move|p2a: Jolteon|Thunderbolt|p1a: Snorlax
|-damage|p1a: Snorlax|0 fnt
|faint|p1a: Snorlax
|choice|switch 4|
|
|switch|p1a: Golem|Golem|363\/363
|turn|10
|choice|move 1|switch 5
|
|switch|p2a: Exeggutor|Exeggutor|393\/393
|move|p1a: Golem|Earthquake|p2a: Exeggutor
|-resisted|p2a: Exeggutor
|-damage|p2a: Exeggutor|323\/393
|
|turn|11
|choice|switch 2|move 2
|
|switch|p1a: Exeggutor|Exeggutor|393\/393
|move|p2a: Exeggutor|Stun Spore|p1a: Exeggutor
|-status|p1a: Exeggutor|par
|
|turn|12
|choice|move 2|switch 5
|
|switch|p2a: Jolteon|Jolteon|333\/333
|move|p1a: Exeggutor|Stun Spore|p2a: Jolteon
|-status|p2a: Jolteon|par
|
|turn|13
|choice|move 3|switch 5
|
|switch|p2a: Exeggutor|Exeggutor|323\/393
|move|p1a: Exeggutor|Psychic|p2a: Exeggutor
|-resisted|p2a: Exeggutor
|-damage|p2a: Exeggutor|269\/393
|-unboost|p2a: Exeggutor|spd|1
|-unboost|p2a: Exeggutor|spa|1
|
|turn|14
|choice|move 2|move 4
|
|move|p2a: Exeggutor|Explosion|p1a: Exeggutor
|-damage|p1a: Exeggutor|121\/393 par
|faint|p2a: Exeggutor
|choice||switch 6
|
|switch|p2a: Lapras|Lapras|463\/463
|turn|15
|c|★Hyper Rosso|è tipo un'altra strategia
|c|★Hyper Rosso|scoppiare sui pokemon pericolosi?
|choice|move 4|move 1
|
|move|p2a: Lapras|Blizzard|p1a: Exeggutor
|-crit|p1a: Exeggutor
|-supereffective|p1a: Exeggutor
|-damage|p1a: Exeggutor|0 fnt
|faint|p1a: Exeggutor
|choice|switch 3|
|
|switch|p1a: Starmie|Starmie|323\/323
|turn|16
|choice|switch 6|switch 3
|
|switch|p1a: Chansey|Chansey|703\/703 slp
|switch|p2a: Alakazam|Alakazam|313\/313
|
|turn|17
|choice|move 1|move 2
|
|move|p2a: Alakazam|Psychic|p1a: Chansey
|-damage|p1a: Chansey|582\/703 slp
|-unboost|p1a: Chansey|spd|1
|-unboost|p1a: Chansey|spa|1
|cant|p1a: Chansey|slp
|
|turn|18
|choice|switch 6|move 2
|
|switch|p1a: Starmie|Starmie|323\/323
|move|p2a: Alakazam|Psychic|p1a: Starmie
|-resisted|p1a: Starmie
|-damage|p1a: Starmie|254\/323
|
|turn|19
|choice|move 3|move 1
|
|move|p2a: Alakazam|Thunder Wave|p1a: Starmie
|-status|p1a: Starmie|par
|move|p1a: Starmie|Thunder Wave|p2a: Alakazam
|-status|p2a: Alakazam|par
|
|turn|20
|choice|move 2|move 2
|
|move|p2a: Alakazam|Psychic|p1a: Starmie
|-resisted|p1a: Starmie
|-damage|p1a: Starmie|187\/323 par
|move|p1a: Starmie|Psychic|p2a: Alakazam
|-resisted|p2a: Alakazam
|-damage|p2a: Alakazam|270\/313 par
|
|turn|21
|choice|move 4|move 3
|
|move|p2a: Alakazam|Seismic Toss|p1a: Starmie
|-damage|p1a: Starmie|87\/323 par
|move|p1a: Starmie|Recover|p1a: Starmie
|-heal|p1a: Starmie|248\/323 par
|
|turn|22
|choice|move 2|move 2
|
|move|p2a: Alakazam|Psychic|p1a: Starmie
|-resisted|p1a: Starmie
|-damage|p1a: Starmie|183\/323 par
|-unboost|p1a: Starmie|spd|1
|-unboost|p1a: Starmie|spa|1
|move|p1a: Starmie|Psychic|p2a: Alakazam
|-resisted|p2a: Alakazam
|-damage|p2a: Alakazam|244\/313 par
|
|turn|23
|choice|move 4|move 2
|
|cant|p2a: Alakazam|par
|move|p1a: Starmie|Recover|p1a: Starmie
|-heal|p1a: Starmie|323\/323 par
|
|turn|24
|choice|move 1|move 2
|
|move|p2a: Alakazam|Psychic|p1a: Starmie
|-resisted|p1a: Starmie
|-damage|p1a: Starmie|222\/323 par
|move|p1a: Starmie|Blizzard|p2a: Alakazam
|-damage|p2a: Alakazam|197\/313 par
|
|turn|25
|choice|switch 2|move 2
|
|switch|p1a: Golem|Golem|363\/363
|move|p2a: Alakazam|Psychic|p1a: Golem
|-damage|p1a: Golem|185\/363
|
|turn|26
|choice|move 1|switch 3
|
|switch|p2a: Lapras|Lapras|463\/463
|move|p1a: Golem|Earthquake|p2a: Lapras
|-damage|p2a: Lapras|316\/463
|
|turn|27
|choice|switch 2|move 1
|
|switch|p1a: Starmie|Starmie|222\/323 par
|move|p2a: Lapras|Blizzard|p1a: Starmie|[miss]
|-miss|p2a: Lapras
|
|turn|28
|choice|move 3|move 2
|
|move|p2a: Lapras|Thunderbolt|p1a: Starmie
|-supereffective|p1a: Starmie
|-damage|p1a: Starmie|80\/323 par
|move|p1a: Starmie|Thunder Wave|p2a: Lapras
|-status|p2a: Lapras|par
|
|turn|29
|choice|move 4|move 2
|
|move|p1a: Starmie|Recover|p1a: Starmie
|-heal|p1a: Starmie|241\/323 par
|cant|p2a: Lapras|par
|
|turn|30
|choice|switch 6|switch 3
|
|switch|p1a: Chansey|Chansey|582\/703 slp
|switch|p2a: Alakazam|Alakazam|197\/313 par
|
|turn|31
|choice|move 2|move 2
|
|-curestatus|p1a: Chansey|slp
|move|p2a: Alakazam|Psychic|p1a: Chansey
|-damage|p1a: Chansey|448\/703
|
|turn|32
|choice|move 3|move 1
|
|move|p1a: Chansey|Thunderbolt|p2a: Alakazam
|-damage|p2a: Alakazam|135\/313 par
|move|p2a: Alakazam|Thunder Wave|p1a: Chansey
|-status|p1a: Chansey|par
|
|turn|33
|choice|move 3|move 4
|
|cant|p2a: Alakazam|par
|cant|p1a: Chansey|par
|
|turn|34
|choice|move 3|move 4
|
|move|p2a: Alakazam|Recover|p2a: Alakazam
|-heal|p2a: Alakazam|291\/313 par
|move|p1a: Chansey|Thunderbolt|p2a: Alakazam
|-damage|p2a: Alakazam|228\/313 par
|
|turn|35
|choice|move 3|move 2
|
|move|p2a: Alakazam|Psychic|p1a: Chansey
|-damage|p1a: Chansey|313\/703 par
|move|p1a: Chansey|Thunderbolt|p2a: Alakazam
|-damage|p2a: Alakazam|169\/313 par
|
|turn|36
|choice|move 4|move 4
|
|move|p2a: Alakazam|Recover|p2a: Alakazam
|-heal|p2a: Alakazam|313\/313 par
|move|p1a: Chansey|Soft-Boiled|p1a: Chansey
|-heal|p1a: Chansey|664\/703 par
|
|turn|37
|choice|move 3|move 2
|
|move|p2a: Alakazam|Psychic|p1a: Chansey
|-crit|p1a: Chansey
|-damage|p1a: Chansey|403\/703 par
|move|p1a: Chansey|Thunderbolt|p2a: Alakazam
|-damage|p2a: Alakazam|248\/313 par
|
|turn|38
|choice|move 3|move 2
|
|move|p2a: Alakazam|Psychic|p1a: Chansey
|-damage|p1a: Chansey|268\/703 par
|-unboost|p1a: Chansey|spd|1
|-unboost|p1a: Chansey|spa|1
|move|p1a: Chansey|Thunderbolt|p2a: Alakazam
|-damage|p2a: Alakazam|207\/313 par
|
|turn|39
|choice|move 4|move 2
|
|cant|p2a: Alakazam|par
|move|p1a: Chansey|Soft-Boiled|p1a: Chansey
|-heal|p1a: Chansey|619\/703 par
|
|turn|40
|choice|move 3|move 4
|
|cant|p2a: Alakazam|par
|cant|p1a: Chansey|par
|
|turn|41
|choice|move 3|move 4
|
|move|p2a: Alakazam|Recover|p2a: Alakazam
|-heal|p2a: Alakazam|313\/313 par
|move|p1a: Chansey|Thunderbolt|p2a: Alakazam
|-damage|p2a: Alakazam|271\/313 par
|
|turn|42
|choice|move 3|move 2
|
|move|p2a: Alakazam|Psychic|p1a: Chansey
|-damage|p1a: Chansey|432\/703 par
|move|p1a: Chansey|Thunderbolt|p2a: Alakazam
|-damage|p2a: Alakazam|231\/313 par
|
|turn|43
|choice|move 3|switch 5
|
|switch|p2a: Jolteon|Jolteon|333\/333 par
|move|p1a: Chansey|Thunderbolt|p2a: Jolteon
|-resisted|p2a: Jolteon
|-damage|p2a: Jolteon|309\/333 par
|
|turn|44
|choice|move 4|move 4
|
|move|p2a: Jolteon|Double Kick|p1a: Chansey
|-crit|p1a: Chansey
|-supereffective|p1a: Chansey
|-damage|p1a: Chansey|225\/703 par
|-damage|p1a: Chansey|18\/703 par
|-hitcount|p1a: Chansey|2
|move|p1a: Chansey|Soft-Boiled|p1a: Chansey
|-heal|p1a: Chansey|369\/703 par
|
|turn|45
|choice|move 4|move 4
|
|cant|p2a: Jolteon|par
|cant|p1a: Chansey|par
|
|turn|46
|choice|move 4|move 4
|
|move|p2a: Jolteon|Double Kick|p1a: Chansey
|-supereffective|p1a: Chansey
|-damage|p1a: Chansey|268\/703 par
|-damage|p1a: Chansey|167\/703 par
|-hitcount|p1a: Chansey|2
|move|p1a: Chansey|Soft-Boiled|p1a: Chansey
|-heal|p1a: Chansey|518\/703 par
|
|turn|47
|choice|switch 2|move 4
|
|switch|p1a: Golem|Golem|185\/363
|cant|p2a: Jolteon|par
|
|turn|48
|c|★Hyper Rosso|si
|choice|move 3|move 4
|
|move|p1a: Golem|Rock Slide|p2a: Jolteon
|-damage|p2a: Jolteon|187\/333 par
|cant|p2a: Jolteon|par
|
|turn|49
|choice|move 1|move 4
|
|move|p1a: Golem|Earthquake|p2a: Jolteon
|-supereffective|p2a: Jolteon
|-damage|p2a: Jolteon|0 fnt
|faint|p2a: Jolteon
|choice||switch 3
|
|switch|p2a: Lapras|Lapras|316\/463 par
|turn|50
|choice|move 3|move 1
|
|move|p1a: Golem|Rock Slide|p2a: Lapras
|-supereffective|p2a: Lapras
|-damage|p2a: Lapras|111\/463 par
|cant|p2a: Lapras|par
|
|turn|51
|c|★Hyper Rosso|mamma mia
|c|★Hyper Rosso|che schifo
|c|★Hyper Rosso|scysi
|choice|move 3|move 1
|
|move|p1a: Golem|Rock Slide|p2a: Lapras
|-supereffective|p2a: Lapras
|-damage|p2a: Lapras|0 fnt
|faint|p2a: Lapras
|choice||switch 5
|
|switch|p2a: Alakazam|Alakazam|231\/313 par
|turn|52
|choice|move 1|move 2
|
|move|p1a: Golem|Earthquake|p2a: Alakazam
|-damage|p2a: Alakazam|28\/313 par
|move|p2a: Alakazam|Psychic|p1a: Golem
|-damage|p1a: Golem|0 fnt
|faint|p1a: Golem
|choice|switch 5|
|
|switch|p1a: Tauros|Tauros|353\/353
|turn|53
|choice|move 1|move 2
|
|move|p1a: Tauros|Body Slam|p2a: Alakazam
|-damage|p2a: Alakazam|0 fnt
|faint|p2a: Alakazam
|choice||switch 2
|
|switch|p2a: Moltres|Moltres|383\/383
|turn|54
|choice|move 1|move 1
|
|move|p1a: Tauros|Body Slam|p2a: Moltres
|-damage|p2a: Moltres|276\/383
|move|p2a: Moltres|Fire Blast|p1a: Tauros|[miss]
|-miss|p2a: Moltres
|
|turn|55
|choice|move 3|move 1
|
|move|p1a: Tauros|Hyper Beam|p2a: Moltres
|-damage|p2a: Moltres|78\/383
|move|p2a: Moltres|Fire Blast|p1a: Tauros
|-damage|p1a: Tauros|154\/353
|-status|p1a: Tauros|brn
|
|turn|56
|-mustrecharge|p1a: Tauros
|-mustrecharge|p1a: Tauros
|choice|move 1|move 4
|
|cant|p1a: Tauros|recharge
|-damage|p1a: Tauros|132\/353 brn|[from] brn|[of] p2a: Moltres
|move|p2a: Moltres|Agility|p2a: Moltres
|-boost|p2a: Moltres|spe|2
|
|turn|57
|choice|move 3|move 1
|
|move|p2a: Moltres|Fire Blast|p1a: Tauros
|-crit|p1a: Tauros
|-damage|p1a: Tauros|0 fnt
|faint|p1a: Tauros
|choice|switch 6|
|
|switch|p1a: Starmie|Starmie|241\/323 par
|turn|58
|choice|move 1|move 2
|
|move|p2a: Moltres|Fire Spin|p1a: Starmie
|-resisted|p1a: Starmie
|-damage|p1a: Starmie|230\/323 par
|-activate|p1a: Starmie|move: Fire Spin|[of] p2a: Moltres
|cant|p1a: Starmie|partiallytrapped
|
|turn|59
|c|★Hyper Rosso|wooo
|c|★Hyper Rosso|l'asso nella manica
|choice|move 3|move 2
|
|move|p2a: Moltres|Fire Spin|p1a: Starmie
|-damage|p1a: Starmie|219\/323 par
|cant|p1a: Starmie|partiallytrapped
|
|-end|p1a: Starmie|Fire Spin|[partiallytrapped]
|turn|60
|choice|move 3|move 2
|
|move|p2a: Moltres|Fire Spin|p1a: Starmie
|-resisted|p1a: Starmie
|-damage|p1a: Starmie|209\/323 par
|-activate|p1a: Starmie|move: Fire Spin|[of] p2a: Moltres
|cant|p1a: Starmie|partiallytrapped
|
|turn|61
|choice|move 3|move 2
|
|move|p2a: Moltres|Fire Spin|p1a: Starmie
|-damage|p1a: Starmie|199\/323 par
|cant|p1a: Starmie|partiallytrapped
|
|turn|62
|choice|move 3|move 2
|
|move|p2a: Moltres|Fire Spin|p1a: Starmie
|-damage|p1a: Starmie|189\/323 par
|cant|p1a: Starmie|partiallytrapped
|
|turn|63
|choice|move 3|move 2
|
|move|p2a: Moltres|Fire Spin|p1a: Starmie
|-damage|p1a: Starmie|179\/323 par
|cant|p1a: Starmie|partiallytrapped
|
|turn|64
|choice|move 2|move 2
|
|move|p2a: Moltres|Fire Spin|p1a: Starmie
|-damage|p1a: Starmie|169\/323 par
|cant|p1a: Starmie|partiallytrapped
|
|-end|p1a: Starmie|Fire Spin|[partiallytrapped]
|turn|65
|choice|move 2|move 2
|
|move|p2a: Moltres|Fire Spin|p1a: Starmie
|-resisted|p1a: Starmie
|-damage|p1a: Starmie|158\/323 par
|-activate|p1a: Starmie|move: Fire Spin|[of] p2a: Moltres
|cant|p1a: Starmie|partiallytrapped
|
|turn|66
|choice|move 2|move 2
|
|move|p2a: Moltres|Fire Spin|p1a: Starmie
|-damage|p1a: Starmie|147\/323 par
|cant|p1a: Starmie|partiallytrapped
|
|turn|67
|choice|move 2|move 2
|
|move|p2a: Moltres|Fire Spin|p1a: Starmie
|-damage|p1a: Starmie|136\/323 par
|cant|p1a: Starmie|par
|
|turn|68
|choice|move 2|move 2
|
|move|p2a: Moltres|Fire Spin|p1a: Starmie
|-damage|p1a: Starmie|125\/323 par
|cant|p1a: Starmie|par
|
|-end|p1a: Starmie|Fire Spin|[partiallytrapped]
|turn|69
|choice|move 2|move 3
|
|move|p2a: Moltres|Hyper Beam|p1a: Starmie
|-damage|p1a: Starmie|0 fnt
|faint|p1a: Starmie
|choice|switch 2|
|
|switch|p1a: Chansey|Chansey|518\/703 par
|turn|70
|choice|move 2|move 2
|
|move|p2a: Moltres|Fire Spin|p1a: Chansey|[miss]
|-miss|p2a: Moltres
|cant|p1a: Chansey|par
|
|turn|71
|choice|move 3|move 2
|
|move|p2a: Moltres|Fire Spin|p1a: Chansey
|-damage|p1a: Chansey|497\/703 par
|-activate|p1a: Chansey|move: Fire Spin|[of] p2a: Moltres
|cant|p1a: Chansey|partiallytrapped
|
|turn|72
|choice|move 3|move 2
|
|move|p2a: Moltres|Fire Spin|p1a: Chansey
|-damage|p1a: Chansey|476\/703 par
|cant|p1a: Chansey|partiallytrapped
|
|turn|73
|choice|move 3|move 2
|
|move|p2a: Moltres|Fire Spin|p1a: Chansey
|-damage|p1a: Chansey|455\/703 par
|cant|p1a: Chansey|partiallytrapped
|
|turn|74
|choice|move 3|move 2
|
|move|p2a: Moltres|Fire Spin|p1a: Chansey
|-damage|p1a: Chansey|434\/703 par
|cant|p1a: Chansey|partiallytrapped
|
|turn|75
|choice|move 3|move 2
|
|move|p2a: Moltres|Fire Spin|p1a: Chansey
|-damage|p1a: Chansey|413\/703 par
|cant|p1a: Chansey|partiallytrapped
|
|-end|p1a: Chansey|Fire Spin|[partiallytrapped]
|turn|76
|choice|move 3|move 2
|
|move|p2a: Moltres|Fire Spin|p1a: Chansey
|-damage|p1a: Chansey|393\/703 par
|-activate|p1a: Chansey|move: Fire Spin|[of] p2a: Moltres
|cant|p1a: Chansey|par
|
|turn|77
|choice|move 3|move 2
|
|move|p2a: Moltres|Fire Spin|p1a: Chansey
|-damage|p1a: Chansey|373\/703 par
|cant|p1a: Chansey|partiallytrapped
|
|turn|78
|choice|move 3|move 2
|
|move|p2a: Moltres|Fire Spin|p1a: Chansey
|-damage|p1a: Chansey|353\/703 par
|cant|p1a: Chansey|partiallytrapped
|
|turn|79
|choice|move 3|move 2
|
|move|p2a: Moltres|Fire Spin|p1a: Chansey
|-damage|p1a: Chansey|333\/703 par
|cant|p1a: Chansey|par
|
|turn|80
|choice|move 3|move 2
|
|move|p2a: Moltres|Fire Spin|p1a: Chansey
|-damage|p1a: Chansey|313\/703 par
|cant|p1a: Chansey|partiallytrapped
|
|-end|p1a: Chansey|Fire Spin|[partiallytrapped]
|turn|81
|choice|move 3|move 2
|
|move|p2a: Moltres|Fire Spin|p1a: Chansey
|-damage|p1a: Chansey|292\/703 par
|-activate|p1a: Chansey|move: Fire Spin|[of] p2a: Moltres
|cant|p1a: Chansey|partiallytrapped
|
|turn|82
|c|★marcoasd|gg
|choice|move 3|move 2
|
|move|p2a: Moltres|Fire Spin|p1a: Chansey
|-damage|p1a: Chansey|271\/703 par
|cant|p1a: Chansey|partiallytrapped
|
|turn|83
|choice|move 3|move 2
|
|move|p2a: Moltres|Fire Spin|p1a: Chansey
|-damage|p1a: Chansey|250\/703 par
|cant|p1a: Chansey|partiallytrapped
|
|-end|p1a: Chansey|Fire Spin|[partiallytrapped]
|turn|84
|c|★Hyper Rosso|lol
|c|★Hyper Rosso|-1?
|choice|move 3|move 3
|
|move|p2a: Moltres|Hyper Beam|p1a: Chansey
|-damage|p1a: Chansey|0 fnt
|faint|p1a: Chansey
|
|win|marcoasd
|player|p1
|player|p2