|join|iluvhermione
|join|No Life Fag
|player|p1|iluvhermione|2
|player|p2|No Life Fag|15
|gametype|singles
|gen|1
|tier|[Gen 1] Random Battle
|rated
|rule|Sleep Clause Mod: Limit one foe put to sleep
|rule|Freeze Clause Mod: Limit one foe frozen
|rule|HP Percentage Mod: HP is shown in percentages
|
|start
|switch|p1a: Dratini|Dratini, L96|274\/274
|switch|p2a: Pinsir|Pinsir, L85|284\/284
|turn|1
|
|move|p2a: Pinsir|Swords Dance|p2a: Pinsir
|-boost|p2a: Pinsir|atk|2
|move|p1a: Dratini|Body Slam|p2a: Pinsir
|-crit|p2a: Pinsir
|-damage|p2a: Pinsir|182\/284
|
|turn|2
|
|move|p2a: Pinsir|Swords Dance|p2a: Pinsir
|-boost|p2a: Pinsir|atk|2
|move|p1a: Dratini|Body Slam|p2a: Pinsir
|-damage|p2a: Pinsir|125\/284
|
|turn|3
|
|move|p2a: Pinsir|Hyper Beam|p1a: Dratini
|-damage|p1a: Dratini|0 fnt
|faint|p1a: Dratini
|
|switch|p1a: Dugtrio|Dugtrio, L85|233\/233
|turn|4
|
|move|p1a: Dugtrio|Slash|p2a: Pinsir
|-crit|p2a: Pinsir
|-damage|p2a: Pinsir|43\/284
|move|p2a: Pinsir|Hyper Beam|p1a: Dugtrio
|-damage|p1a: Dugtrio|0 fnt
|faint|p1a: Dugtrio
|
|switch|p1a: Kabuto|Kabuto, L96|252\/252
|turn|5
|
|move|p2a: Pinsir|Submission|p1a: Kabuto
|-supereffective|p1a: Kabuto
|-damage|p1a: Kabuto|0 fnt
|-damage|p2a: Pinsir|0 fnt|[from] recoil|[of] p1a: Kabuto
|faint|p1a: Kabuto
|faint|p2a: Pinsir
|
|switch|p2a: Mewtwo|Mewtwo, L70|293\/293
|switch|p1a: Jynx|Jynx, L79|265\/265
|turn|6
|
|move|p2a: Mewtwo|Thunderbolt|p1a: Jynx
|-damage|p1a: Jynx|203\/265
|move|p1a: Jynx|Lovely Kiss|p2a: Mewtwo
|-status|p2a: Mewtwo|slp
|
|turn|7
|
|switch|p1a: Pinsir|Pinsir, L85|284\/284
|cant|p2a: Mewtwo|slp
|
|turn|8
|
|switch|p2a: Fearow|Fearow, L90|300\/300
|move|p1a: Pinsir|Swords Dance|p1a: Pinsir
|-boost|p1a: Pinsir|atk|2
|
|turn|9
|
|move|p2a: Fearow|Drill Peck|p1a: Pinsir
|-supereffective|p1a: Pinsir
|-damage|p1a: Pinsir|126\/284
|move|p1a: Pinsir|Body Slam|p2a: Fearow
|-damage|p2a: Fearow|139\/300
|
|turn|10
|
|switch|p1a: Jynx|Jynx, L79|203\/265
|move|p2a: Fearow|Drill Peck|p1a: Jynx
|-damage|p1a: Jynx|40\/265
|
|turn|11
|
|move|p2a: Fearow|Drill Peck|p1a: Jynx
|-damage|p1a: Jynx|0 fnt
|faint|p1a: Jynx
|
|switch|p1a: Lickitung|Lickitung, L90|345\/345
|turn|12
|
|move|p2a: Fearow|Hyper Beam|p1a: Lickitung|[miss]
|-miss|p2a: Fearow
|move|p1a: Lickitung|Hyper Beam|p2a: Fearow
|-damage|p2a: Fearow|5\/300
|
|turn|13
|-mustrecharge|p1a: Lickitung
|-mustrecharge|p1a: Lickitung
|
|move|p2a: Fearow|Drill Peck|p1a: Lickitung
|-crit|p1a: Lickitung
|-damage|p1a: Lickitung|168\/345
|cant|p1a: Lickitung|recharge
|
|turn|14
|
|move|p2a: Fearow|Hyper Beam|p1a: Lickitung
|-damage|p1a: Lickitung|0 fnt
|faint|p1a: Lickitung
|
|switch|p1a: Pinsir|Pinsir, L85|126\/284
|turn|15
|c|★iluvhermione|gg
|
|move|p2a: Fearow|Drill Peck|p1a: Pinsir
|-crit|p1a: Pinsir
|-supereffective|p1a: Pinsir
|-damage|p1a: Pinsir|0 fnt
|faint|p1a: Pinsir
|
|win|No Life Fag
|raw|Ladder updating...
|leave|iluvhermione
|player|p1
|raw|iluvhermione's rating: 1234 &rarr; <strong>1206<\/strong><br \/>(-28 for losing)
|raw|No Life Fag's rating: 1187 &rarr; <strong>1215<\/strong><br \/>(+28 for winning)