|j|FruFruPikachu
|j|Blazerbat25
|player|p1|FruFruPikachu|86
|player|p2|Blazerbat25|102
|gametype|singles
|gen|1
|tier|[Gen 1] Random Battle
|rated
|seed|54032,15597,13799,25605
|rule|Sleep Clause Mod: Limit one foe put to sleep
|rule|Freeze Clause Mod: Limit one foe frozen
|rule|HP Percentage Mod: HP is shown in percentages
|
|start
|switch|p1a: Mr. Mime|Mr. Mime, L85|242\/242
|switch|p2a: Cubone|Cubone, L96|291\/291
|turn|1
|choice|move 1|move 2
|
|move|p1a: Mr. Mime|Seismic Toss|p2a: Cubone
|-damage|p2a: Cubone|206\/291
|move|p2a: Cubone|Earthquake|p1a: Mr. Mime
|-damage|p1a: Mr. Mime|123\/242
|
|turn|2
|choice|move 4|move 2
|
|move|p1a: Mr. Mime|Psychic|p2a: Cubone
|-damage|p2a: Cubone|76\/291
|move|p2a: Cubone|Earthquake|p1a: Mr. Mime
|-damage|p1a: Mr. Mime|14\/242
|
|turn|3
|choice|move 4|move 2
|
|move|p1a: Mr. Mime|Psychic|p2a: Cubone
|-damage|p2a: Cubone|0 fnt
|faint|p2a: Cubone
|choice||switch 3
|
|switch|p2a: Kadabra|Kadabra, L85|242\/242
|turn|4
|choice|move 2|move 3
|
|move|p2a: Kadabra|Reflect|p2a: Kadabra
|-start|p2a: Kadabra|Reflect
|move|p1a: Mr. Mime|Thunder Wave|p2a: Kadabra
|-status|p2a: Kadabra|par
|
|turn|5
|choice|move 3|move 1
|
|move|p1a: Mr. Mime|Thunderbolt|p2a: Kadabra
|-crit|p2a: Kadabra
|-damage|p2a: Kadabra|133\/242 par
|move|p2a: Kadabra|Psychic|p1a: Mr. Mime
|-resisted|p1a: Mr. Mime
|-damage|p1a: Mr. Mime|0 fnt
|faint|p1a: Mr. Mime
|choice|switch 6|
|
|switch|p1a: Flareon|Flareon, L90|300\/300
|turn|6
|choice|move 3|move 2
|
|move|p1a: Flareon|Fire Blast|p2a: Kadabra
|-damage|p2a: Kadabra|15\/242 par
|move|p2a: Kadabra|Recover|p2a: Kadabra
|-heal|p2a: Kadabra|136\/242 par
|
|turn|7
|choice|move 3|move 2
|
|move|p1a: Flareon|Fire Blast|p2a: Kadabra
|-damage|p2a: Kadabra|4\/242 par
|move|p2a: Kadabra|Recover|p2a: Kadabra
|-heal|p2a: Kadabra|125\/242 par
|
|turn|8
|choice|move 3|move 2
|
|move|p1a: Flareon|Fire Blast|p2a: Kadabra
|-damage|p2a: Kadabra|3\/242 par
|move|p2a: Kadabra|Recover|p2a: Kadabra
|-heal|p2a: Kadabra|124\/242 par
|
|turn|9
|choice|move 3|move 2
|
|move|p1a: Flareon|Fire Blast|p2a: Kadabra|[miss]
|-miss|p1a: Flareon
|move|p2a: Kadabra|Recover|p2a: Kadabra
|-heal|p2a: Kadabra|242\/242 par
|
|turn|10
|choice|move 4|move 4
|
|move|p1a: Flareon|Hyper Beam|p2a: Kadabra
|-damage|p2a: Kadabra|123\/242 par
|move|p2a: Kadabra|Thunder Wave|p1a: Flareon
|-status|p1a: Flareon|par
|
|turn|11
|-mustrecharge|p1a: Flareon
|-mustrecharge|p1a: Flareon
|choice|move 1|move 1
|
|move|p2a: Kadabra|Psychic|p1a: Flareon
|-crit|p1a: Flareon
|-damage|p1a: Flareon|129\/300 par
|cant|p1a: Flareon|recharge
|
|turn|12
|choice|move 4|move 1
|
|cant|p2a: Kadabra|par
|cant|p1a: Flareon|par
|
|turn|13
|choice|move 4|move 1
|
|cant|p2a: Kadabra|par
|cant|p1a: Flareon|par
|
|turn|14
|choice|move 4|move 1
|
|move|p2a: Kadabra|Psychic|p1a: Flareon
|-damage|p1a: Flareon|34\/300 par
|move|p1a: Flareon|Hyper Beam|p2a: Kadabra
|-damage|p2a: Kadabra|2\/242 par
|
|turn|15
|-mustrecharge|p1a: Flareon
|-mustrecharge|p1a: Flareon
|choice|move 1|move 2
|
|move|p2a: Kadabra|Recover|p2a: Kadabra
|-heal|p2a: Kadabra|123\/242 par
|cant|p1a: Flareon|recharge
|
|turn|16
|choice|move 3|move 1
|
|move|p2a: Kadabra|Psychic|p1a: Flareon
|-damage|p1a: Flareon|0 fnt
|faint|p1a: Flareon
|choice|switch 2|
|
|switch|p1a: Pidgey|Pidgey, L96|272\/272
|turn|17
|choice|move 2|move 1
|
|move|p1a: Pidgey|Sand Attack|p2a: Kadabra
|-unboost|p2a: Kadabra|accuracy|1
|move|p2a: Kadabra|Psychic|p1a: Pidgey|[miss]
|-miss|p2a: Kadabra
|
|turn|18
|choice|move 2|move 1
|
|move|p1a: Pidgey|Sand Attack|p2a: Kadabra
|-unboost|p2a: Kadabra|accuracy|1
|move|p2a: Kadabra|Psychic|p1a: Pidgey|[miss]
|-miss|p2a: Kadabra
|
|turn|19
|choice|move 2|move 1
|
|move|p1a: Pidgey|Sand Attack|p2a: Kadabra
|-unboost|p2a: Kadabra|accuracy|1
|move|p2a: Kadabra|Psychic|p1a: Pidgey
|-crit|p1a: Pidgey
|-damage|p1a: Pidgey|0 fnt
|faint|p1a: Pidgey
|choice|switch 4|
|
|switch|p1a: Dragonite|Dragonite, L85|328\/328
|turn|20
|choice|move 4|move 4
|
|move|p1a: Dragonite|Hyper Beam|p2a: Kadabra
|-damage|p2a: Kadabra|12\/242 par
|cant|p2a: Kadabra|par
|
|turn|21
|-mustrecharge|p1a: Dragonite
|-mustrecharge|p1a: Dragonite
|choice|move 1|move 4
|
|cant|p1a: Dragonite|recharge
|move|p2a: Kadabra|Thunder Wave|p1a: Dragonite|[miss]
|-miss|p2a: Kadabra
|
|turn|22
|choice|move 1|move 4
|
|move|p1a: Dragonite|Ice Beam|p2a: Kadabra
|-damage|p2a: Kadabra|0 fnt
|faint|p2a: Kadabra
|choice||switch 5
|
|switch|p2a: Alakazam|Alakazam, L79|249\/249
|turn|23
|choice|move 2|move 3
|
|move|p2a: Alakazam|Reflect|p2a: Alakazam
|-start|p2a: Alakazam|Reflect
|move|p1a: Dragonite|Thunder Wave|p2a: Alakazam
|-status|p2a: Alakazam|par
|
|turn|24
|choice|move 1|move 1
|
|move|p1a: Dragonite|Ice Beam|p2a: Alakazam
|-damage|p2a: Alakazam|195\/249 par
|move|p2a: Alakazam|Psychic|p1a: Dragonite
|-crit|p1a: Dragonite
|-damage|p1a: Dragonite|139\/328
|
|turn|25
|choice|move 4|move 1
|
|move|p1a: Dragonite|Hyper Beam|p2a: Alakazam|[miss]
|-miss|p1a: Dragonite
|move|p2a: Alakazam|Psychic|p1a: Dragonite
|-crit|p1a: Dragonite
|-damage|p1a: Dragonite|0 fnt
|faint|p1a: Dragonite
|choice|switch 5|
|
|switch|p1a: Alakazam|Alakazam, L79|249\/249
|turn|26
|choice|move 1|move 2
|
|move|p1a: Alakazam|Psychic|p2a: Alakazam
|-resisted|p2a: Alakazam
|-damage|p2a: Alakazam|157\/249 par
|-unboost|p2a: Alakazam|spd|1
|-unboost|p2a: Alakazam|spa|1
|move|p2a: Alakazam|Seismic Toss|p1a: Alakazam
|-damage|p1a: Alakazam|170\/249
|
|turn|27
|choice|move 1|move 2
|
|move|p1a: Alakazam|Psychic|p2a: Alakazam
|-resisted|p2a: Alakazam
|-damage|p2a: Alakazam|91\/249 par
|move|p2a: Alakazam|Seismic Toss|p1a: Alakazam
|-damage|p1a: Alakazam|91\/249
|
|turn|28
|choice|move 3|move 4
|
|move|p1a: Alakazam|Recover|p1a: Alakazam
|-heal|p1a: Alakazam|215\/249
|move|p2a: Alakazam|Recover|p2a: Alakazam
|-heal|p2a: Alakazam|215\/249 par
|
|turn|29
|choice|move 2|move 2
|
|move|p1a: Alakazam|Reflect|p1a: Alakazam
|-start|p1a: Alakazam|Reflect
|move|p2a: Alakazam|Seismic Toss|p1a: Alakazam
|-damage|p1a: Alakazam|136\/249
|
|turn|30
|choice|move 1|move 2
|
|move|p1a: Alakazam|Psychic|p2a: Alakazam
|-resisted|p2a: Alakazam
|-damage|p2a: Alakazam|156\/249 par
|move|p2a: Alakazam|Seismic Toss|p1a: Alakazam
|-damage|p1a: Alakazam|57\/249
|
|turn|31
|choice|move 3|move 2
|
|move|p1a: Alakazam|Recover|p1a: Alakazam
|-heal|p1a: Alakazam|181\/249
|cant|p2a: Alakazam|par
|
|turn|32
|choice|move 1|move 2
|
|move|p1a: Alakazam|Psychic|p2a: Alakazam
|-resisted|p2a: Alakazam
|-damage|p2a: Alakazam|90\/249 par
|-unboost|p2a: Alakazam|spd|1
|-unboost|p2a: Alakazam|spa|1
|move|p2a: Alakazam|Seismic Toss|p1a: Alakazam
|-damage|p1a: Alakazam|102\/249
|
|turn|33
|choice|move 1|move 2
|
|move|p1a: Alakazam|Psychic|p2a: Alakazam
|-resisted|p2a: Alakazam
|-damage|p2a: Alakazam|2\/249 par
|cant|p2a: Alakazam|par
|
|turn|34
|choice|move 1|move 2
|
|move|p1a: Alakazam|Psychic|p2a: Alakazam
|-crit|p2a: Alakazam
|-resisted|p2a: Alakazam
|-damage|p2a: Alakazam|0 fnt
|faint|p2a: Alakazam
|choice||switch 2
|
|switch|p2a: Dragonite|Dragonite, L85|328\/328
|turn|35
|choice|move 3|move 4
|
|move|p1a: Alakazam|Recover|p1a: Alakazam
|-heal|p1a: Alakazam|226\/249
|move|p2a: Dragonite|Substitute|p2a: Dragonite
|-start|p2a: Dragonite|Substitute
|-damage|p2a: Dragonite|246\/328
|
|turn|36
|choice|move 1|move 3
|
|move|p1a: Alakazam|Psychic|p2a: Dragonite
|-end|p2a: Dragonite|Substitute
|move|p2a: Dragonite|Thunderbolt|p1a: Alakazam
|-damage|p1a: Alakazam|166\/249
|-status|p1a: Alakazam|par
|
|turn|37
|choice|move 4|move 2
|
|move|p2a: Dragonite|Surf|p1a: Alakazam
|-damage|p1a: Alakazam|113\/249 par
|move|p1a: Alakazam|Thunder Wave|p2a: Dragonite
|-status|p2a: Dragonite|par
|
|turn|38
|choice|move 3|move 3
|
|move|p1a: Alakazam|Recover|p1a: Alakazam
|-heal|p1a: Alakazam|237\/249 par
|move|p2a: Dragonite|Thunderbolt|p1a: Alakazam
|-damage|p1a: Alakazam|185\/249 par
|
|turn|39
|choice|move 1|move 3
|
|move|p1a: Alakazam|Psychic|p2a: Dragonite
|-crit|p2a: Dragonite
|-damage|p2a: Dragonite|51\/328 par
|cant|p2a: Dragonite|par
|
|turn|40
|choice|move 1|move 3
|
|move|p1a: Alakazam|Psychic|p2a: Dragonite
|-damage|p2a: Dragonite|0 fnt
|faint|p2a: Dragonite
|choice||switch 4
|
|switch|p2a: Seaking|Seaking, L90|327\/327
|turn|41
|choice|move 4|move 2
|
|move|p2a: Seaking|Surf|p1a: Alakazam
|-damage|p1a: Alakazam|107\/249 par
|move|p1a: Alakazam|Thunder Wave|p2a: Seaking
|-status|p2a: Seaking|par
|
|turn|42
|choice|move 3|move 2
|
|move|p1a: Alakazam|Recover|p1a: Alakazam
|-heal|p1a: Alakazam|231\/249 par
|move|p2a: Seaking|Surf|p1a: Alakazam
|-damage|p1a: Alakazam|146\/249 par
|
|turn|43
|choice|move 1|move 1
|
|move|p1a: Alakazam|Psychic|p2a: Seaking
|-damage|p2a: Seaking|219\/327 par
|move|p2a: Seaking|Blizzard|p1a: Alakazam
|-damage|p1a: Alakazam|73\/249 par
|
|turn|44
|choice|move 3|move 2
|
|cant|p1a: Alakazam|par
|move|p2a: Seaking|Surf|p1a: Alakazam
|-damage|p1a: Alakazam|0 fnt
|faint|p1a: Alakazam
|choice|switch 3|
|
|switch|p1a: Poliwrath|Poliwrath, L85|327\/327
|turn|45
|choice|move 1|move 3
|
|move|p1a: Poliwrath|Amnesia|p1a: Poliwrath
|-boost|p1a: Poliwrath|spd|2
|-boost|p1a: Poliwrath|spa|2
|cant|p2a: Seaking|par
|
|turn|46
|choice|move 1|move 3
|
|move|p1a: Poliwrath|Amnesia|p1a: Poliwrath
|-boost|p1a: Poliwrath|spd|2
|-boost|p1a: Poliwrath|spa|2
|move|p2a: Seaking|Hyper Beam|p1a: Poliwrath
|-damage|p1a: Poliwrath|225\/327
|
|turn|47
|-mustrecharge|p2a: Seaking
|-mustrecharge|p2a: Seaking
|choice|move 2|move 1
|
|move|p1a: Poliwrath|Blizzard|p2a: Seaking|[miss]
|-miss|p1a: Poliwrath
|cant|p2a: Seaking|recharge
|
|turn|48
|choice|move 2|move 3
|
|move|p1a: Poliwrath|Blizzard|p2a: Seaking
|-crit|p2a: Seaking
|-resisted|p2a: Seaking
|-damage|p2a: Seaking|149\/327 par
|move|p2a: Seaking|Hyper Beam|p1a: Poliwrath
|-damage|p1a: Poliwrath|122\/327
|
|turn|49
|-mustrecharge|p2a: Seaking
|-mustrecharge|p2a: Seaking
|choice|move 4|move 1
|
|move|p1a: Poliwrath|Submission|p2a: Seaking
|-damage|p2a: Seaking|54\/327 par
|-damage|p1a: Poliwrath|99\/327|[from] recoil|[of] p2a: Seaking
|cant|p2a: Seaking|recharge
|
|turn|50
|choice|move 4|move 4
|
|move|p1a: Poliwrath|Submission|p2a: Seaking
|-damage|p2a: Seaking|0 fnt
|-damage|p1a: Poliwrath|86\/327|[from] recoil|[of] p2a: Seaking
|faint|p2a: Seaking
|choice||switch 6
|
|switch|p2a: Lickitung|Lickitung, L90|345\/345
|turn|51
|choice|move 3|move 1
|
|move|p1a: Poliwrath|Hypnosis|p2a: Lickitung
|-status|p2a: Lickitung|slp
|cant|p2a: Lickitung|slp
|
|turn|52
|choice|move 4|move 1
|
|move|p1a: Poliwrath|Submission|p2a: Lickitung
|-crit|p2a: Lickitung
|-supereffective|p2a: Lickitung
|-damage|p2a: Lickitung|43\/345 slp
|-damage|p1a: Poliwrath|11\/327|[from] recoil|[of] p2a: Lickitung
|cant|p2a: Lickitung|slp
|
|turn|53
|choice|move 2|move 1
|
|move|p1a: Poliwrath|Blizzard|p2a: Lickitung
|-damage|p2a: Lickitung|0 fnt
|faint|p2a: Lickitung
|
|win|FruFruPikachu
|player|p1
|player|p2
|raw|FruFruPikachu's rating: 1000 &rarr; <strong>1053<\/strong><br \/>(+53 for winning)
|raw|Blazerbat25's rating: 1116 &rarr; <strong>1083<\/strong><br \/>(-33 for losing)
|c|★Blazerbat25|gg
|c|★Blazerbat25|close one