|join|MALESANI
|join|Chambraigne
|player|p1|MALESANI|238
|player|p2|Chambraigne|229
|gametype|singles
|gen|1
|tier|[Gen 1] Random Battle
|rated
|seed|55274,62677,44268,6339
|rule|Sleep Clause Mod: Limit one foe put to sleep
|rule|Freeze Clause Mod: Limit one foe frozen
|rule|HP Percentage Mod: HP is shown in percentages
|
|start
|switch|p1a: Magnemite|Magnemite, L96|243\/243
|switch|p2a: Diglett|Diglett, L96|214\/214
|turn|1
|choice|switch 4|move 2
|
|switch|p1a: Seadra|Seadra, L90|282\/282
|move|p2a: Diglett|Slash|p1a: Seadra
|-crit|p1a: Seadra
|-damage|p1a: Seadra|201\/282
|
|turn|2
|c|★Chambraigne|scrub button
|choice|move 4|switch 5
|
|switch|p2a: Seaking|Seaking, L90|327\/327
|move|p1a: Seadra|Hydro Pump|p2a: Seaking
|-resisted|p2a: Seaking
|-damage|p2a: Seaking|259\/327
|
|turn|3
|choice|move 3|move 2
|
|move|p1a: Seadra|Smokescreen|p2a: Seaking
|-unboost|p2a: Seaking|accuracy|1
|move|p2a: Seaking|Double-Edge|p1a: Seadra
|-crit|p1a: Seadra
|-damage|p1a: Seadra|63\/282
|-damage|p2a: Seaking|225\/327|[from] recoil|[of] p1a: Seadra
|
|turn|4
|choice|move 3|switch 5
|
|switch|p2a: Diglett|Diglett, L96|214\/214
|move|p1a: Seadra|Smokescreen|p2a: Diglett
|-unboost|p2a: Diglett|accuracy|1
|
|turn|5
|choice|move 1|move 1
|
|move|p2a: Diglett|Earthquake|p1a: Seadra
|-damage|p1a: Seadra|0 fnt
|faint|p1a: Seadra
|choice|switch 6|
|
|switch|p1a: Hypno|Hypno, L85|318\/318
|turn|6
|choice|move 1|move 4
|
|move|p2a: Diglett|Substitute|p2a: Diglett
|-start|p2a: Diglett|Substitute
|-damage|p2a: Diglett|161\/214
|move|p1a: Hypno|Psychic|p2a: Diglett
|-end|p2a: Diglett|Substitute
|
|turn|7
|choice|move 1|switch 6
|
|switch|p2a: Alakazam|Alakazam, L79|249\/249
|move|p1a: Hypno|Psychic|p2a: Alakazam
|-resisted|p2a: Alakazam
|-damage|p2a: Alakazam|204\/249
|-unboost|p2a: Alakazam|spd|1
|-unboost|p2a: Alakazam|spa|1
|
|turn|8
|choice|move 2|switch 6
|
|switch|p2a: Diglett|Diglett, L96|161\/214
|move|p1a: Hypno|Hypnosis|p2a: Diglett|[miss]
|-miss|p1a: Hypno
|
|turn|9
|choice|move 1|move 3
|
|move|p2a: Diglett|Sand Attack|p1a: Hypno
|-unboost|p1a: Hypno|accuracy|1
|move|p1a: Hypno|Psychic|p2a: Diglett|[miss]
|-miss|p1a: Hypno
|
|turn|10
|choice|move 1|move 1
|
|move|p2a: Diglett|Earthquake|p1a: Hypno
|-damage|p1a: Hypno|206\/318
|move|p1a: Hypno|Psychic|p2a: Diglett|[miss]
|-miss|p1a: Hypno
|
|turn|11
|choice|move 2|switch 6
|
|switch|p2a: Alakazam|Alakazam, L79|204\/249
|move|p1a: Hypno|Hypnosis|p2a: Alakazam
|-status|p2a: Alakazam|slp
|
|turn|12
|choice|switch 5|move 1
|
|switch|p1a: Nidorina|Nidorina, L90|309\/309
|cant|p2a: Alakazam|slp
|
|turn|13
|choice|move 3|switch 2
|
|switch|p2a: Haunter|Haunter, L85|250\/250
|move|p1a: Nidorina|Thunder|p2a: Haunter
|-damage|p2a: Haunter|196\/250
|
|turn|14
|choice|switch 4|move 1
|
|switch|p1a: Magnemite|Magnemite, L96|243\/243
|move|p2a: Haunter|Hypnosis|p1a: Magnemite
|-status|p1a: Magnemite|slp
|
|turn|15
|choice|switch 5|move 4
|
|switch|p1a: Hypno|Hypno, L85|206\/318
|move|p2a: Haunter|Confuse Ray|p1a: Hypno
|-start|p1a: Hypno|confusion
|
|turn|16
|choice|move 1|switch 2
|
|switch|p2a: Alakazam|Alakazam, L79|204\/249 slp
|-activate|p1a: Hypno|confusion
|move|p1a: Hypno|Psychic|p2a: Alakazam
|-resisted|p2a: Alakazam
|-damage|p2a: Alakazam|158\/249 slp
|-unboost|p2a: Alakazam|spd|1
|-unboost|p2a: Alakazam|spa|1
|
|turn|17
|choice|move 1|move 4
|
|cant|p2a: Alakazam|slp
|-end|p1a: Hypno|confusion
|move|p1a: Hypno|Psychic|p2a: Alakazam
|-crit|p2a: Alakazam
|-resisted|p2a: Alakazam
|-damage|p2a: Alakazam|69\/249 slp
|
|turn|18
|choice|move 1|move 2
|
|cant|p2a: Alakazam|slp
|move|p1a: Hypno|Psychic|p2a: Alakazam
|-resisted|p2a: Alakazam
|-damage|p2a: Alakazam|2\/249 slp
|
|turn|19
|choice|move 1|move 2
|
|-curestatus|p2a: Alakazam|slp
|move|p1a: Hypno|Psychic|p2a: Alakazam
|-resisted|p2a: Alakazam
|-damage|p2a: Alakazam|0 fnt
|faint|p2a: Alakazam
|choice||switch 5
|
|switch|p2a: Seaking|Seaking, L90|225\/327
|turn|20
|choice|move 3|move 3
|
|move|p2a: Seaking|Hyper Beam|p1a: Hypno
|-damage|p1a: Hypno|65\/318
|move|p1a: Hypno|Thunder Wave|p2a: Seaking
|-status|p2a: Seaking|par
|
|turn|21
|-mustrecharge|p2a: Seaking
|-mustrecharge|p2a: Seaking
|choice|move 4|move 1
|
|move|p1a: Hypno|Rest|p1a: Hypno
|-status|p1a: Hypno|slp
|-heal|p1a: Hypno|318\/318 slp|[silent]
|-status|p1a: Hypno|slp|[from] move: Rest
|cant|p2a: Seaking|recharge
|
|turn|22
|choice|move 1|switch 3
|
|switch|p2a: Graveler|Graveler, L85|267\/267
|cant|p1a: Hypno|slp
|
|turn|23
|choice|switch 5|move 4
|
|switch|p1a: Magnemite|Magnemite, L96|243\/243 slp
|move|p2a: Graveler|Earthquake|p1a: Magnemite
|-supereffective|p1a: Magnemite
|-damage|p1a: Magnemite|23\/243 slp
|
|turn|24
|choice|move 2|move 2
|
|cant|p1a: Magnemite|slp
|move|p2a: Graveler|Body Slam|p1a: Magnemite
|-damage|p1a: Magnemite|0 fnt
|faint|p1a: Magnemite
|choice|switch 3|
|
|switch|p1a: Rhydon|Rhydon, L79|328\/328
|turn|25
|choice|move 2|switch 3
|
|switch|p2a: Seaking|Seaking, L90|225\/327 par
|move|p1a: Rhydon|Earthquake|p2a: Seaking
|-damage|p2a: Seaking|106\/327 par
|
|turn|26
|choice|move 2|move 1
|
|move|p1a: Rhydon|Earthquake|p2a: Seaking
|-damage|p2a: Seaking|0 fnt
|faint|p2a: Seaking
|choice||switch 2
|
|switch|p2a: Haunter|Haunter, L85|196\/250
|turn|27
|choice|move 2|move 1
|
|move|p2a: Haunter|Hypnosis|p1a: Rhydon
|-status|p1a: Rhydon|slp
|cant|p1a: Rhydon|slp
|
|turn|28
|choice|switch 5|move 4
|
|switch|p1a: Hypno|Hypno, L85|318\/318 slp
|move|p2a: Haunter|Confuse Ray|p1a: Hypno
|-start|p1a: Hypno|confusion
|
|turn|29
|choice|move 1|switch 6
|
|switch|p2a: Diglett|Diglett, L96|161\/214
|-curestatus|p1a: Hypno|slp
|
|turn|30
|choice|move 2|move 1
|
|move|p2a: Diglett|Earthquake|p1a: Hypno
|-damage|p1a: Hypno|207\/318
|-activate|p1a: Hypno|confusion
|move|p1a: Hypno|Hypnosis|p2a: Diglett
|-status|p2a: Diglett|slp
|
|turn|31
|choice|move 1|move 3
|
|cant|p2a: Diglett|slp
|-activate|p1a: Hypno|confusion
|move|p1a: Hypno|Psychic|p2a: Diglett
|-damage|p2a: Diglett|21\/214 slp
|
|turn|32
|choice|move 1|move 1
|
|cant|p2a: Diglett|slp
|-activate|p1a: Hypno|confusion
|-damage|p1a: Hypno|176\/318|[from] confusion
|
|turn|33
|choice|move 1|move 1
|
|cant|p2a: Diglett|slp
|-end|p1a: Hypno|confusion
|move|p1a: Hypno|Psychic|p2a: Diglett
|-damage|p2a: Diglett|0 fnt
|faint|p2a: Diglett
|choice||switch 3
|
|switch|p2a: Graveler|Graveler, L85|267\/267
|turn|34
|choice|move 2|move 4
|
|move|p1a: Hypno|Hypnosis|p2a: Graveler|[miss]
|-miss|p1a: Hypno
|move|p2a: Graveler|Earthquake|p1a: Hypno
|-damage|p1a: Hypno|63\/318
|
|turn|35
|choice|move 2|move 4
|
|move|p1a: Hypno|Hypnosis|p2a: Graveler|[miss]
|-miss|p1a: Hypno
|move|p2a: Graveler|Earthquake|p1a: Hypno
|-damage|p1a: Hypno|0 fnt
|faint|p1a: Hypno
|choice|switch 2|
|
|switch|p1a: Vulpix|Vulpix, L96|268\/268
|turn|36
|choice|move 1|move 4
|
|move|p1a: Vulpix|Fire Blast|p2a: Graveler
|-resisted|p2a: Graveler
|-damage|p2a: Graveler|175\/267
|-status|p2a: Graveler|brn
|move|p2a: Graveler|Earthquake|p1a: Vulpix
|-supereffective|p1a: Vulpix
|-damage|p1a: Vulpix|115\/268
|-damage|p2a: Graveler|159\/267 brn|[from] brn|[of] p1a: Vulpix
|
|turn|37
|choice|move 1|move 4
|
|move|p1a: Vulpix|Fire Blast|p2a: Graveler
|-resisted|p2a: Graveler
|-damage|p2a: Graveler|72\/267 brn
|move|p2a: Graveler|Earthquake|p1a: Vulpix
|-supereffective|p1a: Vulpix
|-damage|p1a: Vulpix|0 fnt
|faint|p1a: Vulpix
|choice|switch 5|
|
|switch|p1a: Rhydon|Rhydon, L79|328\/328 slp
|turn|38
|choice|move 2|move 4
|
|move|p2a: Graveler|Earthquake|p1a: Rhydon
|-supereffective|p1a: Rhydon
|-damage|p1a: Rhydon|233\/328 slp
|-damage|p2a: Graveler|56\/267 brn|[from] brn|[of] p1a: Rhydon
|cant|p1a: Rhydon|slp
|
|turn|39
|choice|move 2|move 3
|
|move|p2a: Graveler|Explosion|p1a: Rhydon
|-resisted|p1a: Rhydon
|-damage|p1a: Rhydon|182\/328 slp
|faint|p2a: Graveler
|choice||switch 4
|
|switch|p2a: Machamp|Machamp, L90|345\/345
|turn|40
|choice|switch 4|move 1
|
|switch|p1a: Nidorina|Nidorina, L90|309\/309
|move|p2a: Machamp|Submission|p1a: Nidorina|[miss]
|-miss|p2a: Machamp
|
|turn|41
|choice|move 3|move 2
|
|move|p1a: Nidorina|Thunder|p2a: Machamp
|-crit|p2a: Machamp
|-damage|p2a: Machamp|198\/345
|move|p2a: Machamp|Body Slam|p1a: Nidorina
|-damage|p1a: Nidorina|216\/309
|
|turn|42
|choice|move 3|switch 6
|
|switch|p2a: Haunter|Haunter, L85|196\/250
|move|p1a: Nidorina|Thunder|p2a: Haunter
|-damage|p2a: Haunter|136\/250
|
|turn|43
|choice|move 3|move 4
|
|move|p2a: Haunter|Confuse Ray|p1a: Nidorina
|-start|p1a: Nidorina|confusion
|-activate|p1a: Nidorina|confusion
|-damage|p1a: Nidorina|185\/309|[from] confusion
|
|turn|44
|choice|move 3|move 3
|
|move|p2a: Haunter|Thunderbolt|p1a: Nidorina
|-crit|p1a: Nidorina
|-damage|p1a: Nidorina|0 fnt
|faint|p1a: Nidorina
|choice|switch 4|
|
|switch|p1a: Rhydon|Rhydon, L79|182\/328 slp
|turn|45
|choice|move 2|move 2
|
|move|p2a: Haunter|Explosion|p1a: Rhydon
|-resisted|p1a: Rhydon
|-damage|p1a: Rhydon|110\/328 slp
|faint|p2a: Haunter
|choice||switch 6
|
|switch|p2a: Machamp|Machamp, L90|198\/345
|turn|46
|choice|move 2|move 1
|
|move|p2a: Machamp|Submission|p1a: Rhydon
|-crit|p1a: Rhydon
|-supereffective|p1a: Rhydon
|-damage|p1a: Rhydon|0 fnt
|-damage|p2a: Machamp|171\/345|[from] recoil|[of] p1a: Rhydon
|faint|p1a: Rhydon
|
|win|Chambraigne
|raw|MALESANI's rating: 1324 &rarr; <strong>1297<\/strong><br \/>(-27 for losing)
|raw|Chambraigne's rating: 1197 &rarr; <strong>1231<\/strong><br \/>(+34 for winning)
|leave|MALESANI
|player|p1