|join|gen1masterrony
|join|SuperJoint004
|player|p1|gen1masterrony|162
|player|p2|SuperJoint004|108
|gametype|singles
|gen|1
|tier|[Gen 1] Random Battle
|rated
|rule|Sleep Clause Mod: Limit one foe put to sleep
|rule|Freeze Clause Mod: Limit one foe frozen
|rule|HP Percentage Mod: HP is shown in percentages
|
|start
|switch|p1a: Voltorb|Voltorb, L96|272\/272
|switch|p2a: Blastoise|Blastoise, L85|308\/308
|turn|1
|
|move|p1a: Voltorb|Thunderbolt|p2a: Blastoise
|-crit|p2a: Blastoise
|-supereffective|p2a: Blastoise
|-damage|p2a: Blastoise|0 fnt
|faint|p2a: Blastoise
|
|switch|p2a: Seadra|Seadra, L85|267\/267
|turn|2
|
|move|p1a: Voltorb|Thunderbolt|p2a: Seadra
|-supereffective|p2a: Seadra
|-damage|p2a: Seadra|105\/267
|move|p2a: Seadra|Hydro Pump|p1a: Voltorb
|-crit|p1a: Voltorb
|-damage|p1a: Voltorb|0 fnt
|faint|p1a: Voltorb
|
|switch|p1a: Zapdos|Zapdos, L79|304\/304
|turn|3
|
|move|p1a: Zapdos|Thunder Wave|p2a: Seadra
|-status|p2a: Seadra|par
|cant|p2a: Seadra|par
|
|turn|4
|
|switch|p2a: Hypno|Hypno, L85|318\/318
|move|p1a: Zapdos|Thunderbolt|p2a: Hypno
|-damage|p2a: Hypno|238\/318
|
|turn|5
|
|move|p1a: Zapdos|Thunder Wave|p2a: Hypno
|-status|p2a: Hypno|par
|move|p2a: Hypno|Thunder Wave|p1a: Zapdos
|-status|p1a: Zapdos|par
|
|turn|6
|
|cant|p1a: Zapdos|par
|move|p2a: Hypno|Psychic|p1a: Zapdos
|-damage|p1a: Zapdos|210\/304 par
|-unboost|p1a: Zapdos|spd|1
|-unboost|p1a: Zapdos|spa|1
|
|turn|7
|
|move|p1a: Zapdos|Drill Peck|p2a: Hypno
|-damage|p2a: Hypno|155\/318 par
|move|p2a: Hypno|Psychic|p1a: Zapdos
|-damage|p1a: Zapdos|65\/304 par
|
|turn|8
|
|move|p1a: Zapdos|Drill Peck|p2a: Hypno
|-damage|p2a: Hypno|71\/318 par
|move|p2a: Hypno|Rest|p2a: Hypno
|-status|p2a: Hypno|slp
|-heal|p2a: Hypno|318\/318 slp|[silent]
|-status|p2a: Hypno|slp|[from] move: Rest
|
|turn|9
|
|switch|p2a: Ninetales|Ninetales, L85|298\/298
|move|p1a: Zapdos|Agility|p1a: Zapdos
|-boost|p1a: Zapdos|spe|2
|
|turn|10
|
|move|p1a: Zapdos|Thunder Wave|p2a: Ninetales
|-status|p2a: Ninetales|par
|cant|p2a: Ninetales|par
|
|turn|11
|
|move|p1a: Zapdos|Thunderbolt|p2a: Ninetales
|-damage|p2a: Ninetales|235\/298 par
|move|p2a: Ninetales|Fire Blast|p1a: Zapdos
|-damage|p1a: Zapdos|0 fnt
|faint|p1a: Zapdos
|
|switch|p1a: Rhydon|Rhydon, L79|328\/328
|turn|12
|
|move|p1a: Rhydon|Rock Slide|p2a: Ninetales
|-supereffective|p2a: Ninetales
|-damage|p2a: Ninetales|47\/298 par
|move|p2a: Ninetales|Confuse Ray|p1a: Rhydon
|-start|p1a: Rhydon|confusion
|
|turn|13
|
|-activate|p1a: Rhydon|confusion
|move|p1a: Rhydon|Body Slam|p2a: Ninetales
|-damage|p2a: Ninetales|0 fnt
|faint|p2a: Ninetales
|
|switch|p2a: Clefable|Clefable, L85|335\/335
|turn|14
|
|switch|p1a: Vaporeon|Vaporeon, L85|395\/395
|move|p2a: Clefable|Ice Beam|p1a: Vaporeon
|-resisted|p1a: Vaporeon
|-damage|p1a: Vaporeon|367\/395
|
|turn|15
|
|move|p1a: Vaporeon|Body Slam|p2a: Clefable
|-damage|p2a: Clefable|278\/335
|move|p2a: Clefable|Thunder|p1a: Vaporeon
|-supereffective|p1a: Vaporeon
|-damage|p1a: Vaporeon|227\/395
|
|turn|16
|
|move|p1a: Vaporeon|Surf|p2a: Clefable
|-damage|p2a: Clefable|173\/335
|move|p2a: Clefable|Sing|p1a: Vaporeon|[miss]
|-miss|p2a: Clefable
|
|turn|17
|
|move|p1a: Vaporeon|Surf|p2a: Clefable
|-damage|p2a: Clefable|62\/335
|move|p2a: Clefable|Thunder Wave|p1a: Vaporeon
|-status|p1a: Vaporeon|par
|
|turn|18
|
|move|p2a: Clefable|Thunder|p1a: Vaporeon
|-supereffective|p1a: Vaporeon
|-damage|p1a: Vaporeon|95\/395 par
|cant|p1a: Vaporeon|par
|
|turn|19
|
|move|p2a: Clefable|Thunder|p1a: Vaporeon|[miss]
|-miss|p2a: Clefable
|move|p1a: Vaporeon|Surf|p2a: Clefable
|-damage|p2a: Clefable|0 fnt
|faint|p2a: Clefable
|
|switch|p2a: Flareon|Flareon, L85|284\/284
|turn|20
|
|move|p2a: Flareon|Body Slam|p1a: Vaporeon
|-damage|p1a: Vaporeon|4\/395 par
|move|p1a: Vaporeon|Surf|p2a: Flareon
|-supereffective|p2a: Flareon
|-damage|p2a: Flareon|93\/284
|
|turn|21
|
|move|p2a: Flareon|Fire Blast|p1a: Vaporeon
|-crit|p1a: Vaporeon
|-resisted|p1a: Vaporeon
|-damage|p1a: Vaporeon|0 fnt
|faint|p1a: Vaporeon
|
|switch|p1a: Rhydon|Rhydon, L79|328\/328
|turn|22
|
|move|p2a: Flareon|Hyper Beam|p1a: Rhydon
|-resisted|p1a: Rhydon
|-damage|p1a: Rhydon|273\/328
|move|p1a: Rhydon|Earthquake|p2a: Flareon
|-supereffective|p2a: Flareon
|-damage|p2a: Flareon|0 fnt
|faint|p2a: Flareon
|
|switch|p2a: Seadra|Seadra, L85|105\/267 par
|turn|23
|
|switch|p1a: Flareon|Flareon, L85|284\/284
|move|p2a: Seadra|Surf|p1a: Flareon
|-supereffective|p1a: Flareon
|-damage|p1a: Flareon|121\/284
|
|turn|24
|
|move|p1a: Flareon|Hyper Beam|p2a: Seadra
|-damage|p2a: Seadra|0 fnt
|faint|p2a: Seadra
|-message|SuperJoint004 forfeited.
|
|win|gen1masterrony
|raw|Ladder updating...
|leave|SuperJoint004
|player|p2
|raw|gen1masterrony's rating: 1270 &rarr; <strong>1278<\/strong><br \/>(+8 for winning)
|raw|SuperJoint004's rating: 1000 &rarr; <strong>1000<\/strong><br \/>(+0 for losing)
|leave|gen1masterrony
|player|p1
|join|gen1masterrony