|join|ggc
|join|kid gf lol
|player|p1|ggc|10
|player|p2|kid gf lol|168
|gametype|singles
|gen|1
|tier|[Gen 1] OU (beta)
|rated
|rule|Sleep Clause Mod: Limit one foe put to sleep
|rule|Species Clause: Limit one of each Pokemon
|rule|OHKO Clause: OHKO moves are banned
|rule|Moody Clause: Moody is banned
|rule|Evasion Moves Clause: Evasion moves are banned
|rule|Endless Battle Clause: Forcing endless battles is banned.
|rule|HP Percentage Mod: HP is reported as percentages
|
|start
|switch|p1a: Jynx|Jynx|333\/333
|switch|p2a: Zam Lead|Alakazam|313\/313
|turn|1
|
|switch|p1a: Chansey|Chansey|703\/703
|move|p2a: Zam Lead|Seismic Toss|p1a: Chansey
|-damage|p1a: Chansey|603\/703
|
|turn|2
|join|ashiemore
|
|switch|p2a: Mr Mime|Jynx|333\/333
|move|p1a: Chansey|Light Screen|p1a: Chansey
|
|turn|3
|chat|ashiemore|ooh good battle right here
|
|switch|p1a: Jynx|Jynx|333\/333
|move|p2a: Mr Mime|Lovely Kiss|p1a: Jynx
|-status|p1a: Jynx|slp
|
|turn|4
|
|cant|p1a: Jynx|slp
|move|p2a: Mr Mime|Blizzard|p1a: Jynx
|-resisted|p1a: Jynx
|-damage|p1a: Jynx|268\/333 slp
|
|turn|5
|
|switch|p1a: Alakazam|Alakazam|313\/313
|move|p2a: Mr Mime|Psychic|p1a: Alakazam
|-resisted|p1a: Alakazam
|-damage|p1a: Alakazam|271\/313
|
|turn|6
|
|switch|p2a: Zam Lead|Alakazam|313\/313
|move|p1a: Alakazam|Psychic|p2a: Zam Lead
|-resisted|p2a: Zam Lead
|-damage|p2a: Zam Lead|259\/313
|
|turn|7
|
|switch|p1a: Exeggutor|Exeggutor|393\/393
|switch|p2a: Breakfast Pouch|Chansey|703\/703
|
|turn|8
|
|switch|p2a: Zam Lead|Alakazam|259\/313
|move|p1a: Exeggutor|Sleep Powder|p2a: Zam Lead|[miss]
|-miss|p1a: Exeggutor
|
|turn|9
|
|move|p2a: Zam Lead|Seismic Toss|p1a: Exeggutor
|-damage|p1a: Exeggutor|293\/393
|move|p1a: Exeggutor|Sleep Powder|p2a: Zam Lead
|-status|p2a: Zam Lead|slp
|
|turn|10
|join|gsc uu pls joim
|
|switch|p2a: Mr Mime|Jynx|333\/333
|move|p1a: Exeggutor|Psychic|p2a: Mr Mime
|-resisted|p2a: Mr Mime
|-damage|p2a: Mr Mime|269\/333
|
|turn|11
|
|switch|p1a: Alakazam|Alakazam|271\/313
|move|p2a: Mr Mime|Blizzard|p1a: Alakazam
|-damage|p1a: Alakazam|160\/313
|
|turn|12
|
|move|p1a: Alakazam|Psychic|p2a: Mr Mime
|-resisted|p2a: Mr Mime
|-damage|p2a: Mr Mime|202\/333
|move|p2a: Mr Mime|Blizzard|p1a: Alakazam
|-damage|p1a: Alakazam|48\/313
|-status|p1a: Alakazam|frz
|
|turn|13
|chat|ashiemore|kek
|
|switch|p2a: That's Bull|Tauros|353\/353
|cant|p1a: Alakazam|frz
|
|turn|14
|
|switch|p2a: Mr Mime|Jynx|202\/333
|cant|p1a: Alakazam|frz
|
|turn|15
|
|cant|p1a: Alakazam|frz
|move|p2a: Mr Mime|Reflect|p2a: Mr Mime
|
|turn|16
|
|cant|p1a: Alakazam|frz
|move|p2a: Mr Mime|Psychic|p1a: Alakazam
|-resisted|p1a: Alakazam
|-damage|p1a: Alakazam|9\/313 frz
|-unboost|p1a: Alakazam|spd|1
|-unboost|p1a: Alakazam|spa|1
|
|turn|17
|chat|ashiemore|lol
|
|cant|p1a: Alakazam|frz
|move|p2a: Mr Mime|Psychic|p1a: Alakazam
|-resisted|p1a: Alakazam
|-damage|p1a: Alakazam|0 fnt
|faint|p1a: Alakazam
|
|
|switch|p1a: Snorlax|Snorlax|523\/523
|turn|18
|
|move|p2a: Mr Mime|Blizzard|p1a: Snorlax
|-crit|p1a: Snorlax
|-damage|p1a: Snorlax|195\/523
|-status|p1a: Snorlax|frz
|cant|p1a: Snorlax|frz
|
|turn|19
|chat|ashiemore|LOL
|chat|kid gf lol|lol
|
|move|p2a: Mr Mime|Psychic|p1a: Snorlax
|-damage|p1a: Snorlax|66\/523 frz
|-unboost|p1a: Snorlax|spd|1
|-unboost|p1a: Snorlax|spa|1
|cant|p1a: Snorlax|frz
|
|turn|20
|
|move|p2a: Mr Mime|Psychic|p1a: Snorlax
|-damage|p1a: Snorlax|0 fnt
|faint|p1a: Snorlax
|
|chat|ashiemore|this is cat 2.0
|
|switch|p1a: Tauros|Tauros|353\/353
|turn|21
|
|move|p1a: Tauros|Body Slam|p2a: Mr Mime
|-damage|p2a: Mr Mime|107\/333
|move|p2a: Mr Mime|Blizzard|p1a: Tauros
|-crit|p1a: Tauros
|-damage|p1a: Tauros|36\/353
|-status|p1a: Tauros|frz
|
|turn|22
|chat|ashiemore|LMFAO
|chat|kid gf lol|omg
|
|cant|p1a: Tauros|frz
|move|p2a: Mr Mime|Psychic|p1a: Tauros
|-damage|p1a: Tauros|0 fnt
|faint|p1a: Tauros
|
|
|switch|p1a: Exeggutor|Exeggutor|293\/393
|turn|23
|
|move|p2a: Mr Mime|Blizzard|p1a: Exeggutor
|-supereffective|p1a: Exeggutor
|-damage|p1a: Exeggutor|60\/393
|move|p1a: Exeggutor|Psychic|p2a: Mr Mime
|-resisted|p2a: Mr Mime
|-damage|p2a: Mr Mime|43\/333
|-unboost|p2a: Mr Mime|spd|1
|-unboost|p2a: Mr Mime|spa|1
|
|turn|24
|
|move|p2a: Mr Mime|Blizzard|p1a: Exeggutor
|-supereffective|p1a: Exeggutor
|-damage|p1a: Exeggutor|0 fnt
|faint|p1a: Exeggutor
|
|
|switch|p1a: Jynx|Jynx|268\/333 slp
|turn|25
|chat|ashiemore|chansey sweep cmon
|
|switch|p2a: That's Bull|Tauros|353\/353
|switch|p1a: Chansey|Chansey|603\/703
|
|turn|26
|
|move|p2a: That's Bull|Body Slam|p1a: Chansey
|-damage|p1a: Chansey|311\/703
|move|p1a: Chansey|Reflect|p1a: Chansey
|
|turn|27
|
|switch|p2a: Breakfast Pouch|Chansey|703\/703
|move|p1a: Chansey|Soft-Boiled|p1a: Chansey
|-heal|p1a: Chansey|662\/703
|
|turn|28
|
|move|p1a: Chansey|Light Screen|p1a: Chansey
|move|p2a: Breakfast Pouch|Ice Beam|p1a: Chansey
|-damage|p1a: Chansey|624\/703
|
|turn|29
|
|switch|p2a: Mr Mime|Jynx|43\/333
|move|p1a: Chansey|Ice Beam|p2a: Mr Mime
|-resisted|p2a: Mr Mime
|-damage|p2a: Mr Mime|7\/333
|
|turn|30
|chat|kid gf lol|nah i'll save her actually
|
|switch|p2a: Breakfast Pouch|Chansey|703\/703
|move|p1a: Chansey|Ice Beam|p2a: Breakfast Pouch
|-damage|p2a: Breakfast Pouch|626\/703
|
|turn|31
|
|move|p2a: Breakfast Pouch|Ice Beam|p1a: Chansey
|-damage|p1a: Chansey|586\/703
|move|p1a: Chansey|Ice Beam|p2a: Breakfast Pouch
|-damage|p2a: Breakfast Pouch|552\/703
|
|turn|32
|
|move|p2a: Breakfast Pouch|Ice Beam|p1a: Chansey
|-damage|p1a: Chansey|550\/703
|move|p1a: Chansey|Ice Beam|p2a: Breakfast Pouch
|-crit|p2a: Breakfast Pouch
|-damage|p2a: Breakfast Pouch|415\/703
|
|turn|33
|
|move|p2a: Breakfast Pouch|Ice Beam|p1a: Chansey
|-damage|p1a: Chansey|515\/703
|move|p1a: Chansey|Ice Beam|p2a: Breakfast Pouch
|-damage|p2a: Breakfast Pouch|336\/703
|
|turn|34
|
|move|p2a: Breakfast Pouch|Soft-Boiled|p2a: Breakfast Pouch
|-heal|p2a: Breakfast Pouch|687\/703
|move|p1a: Chansey|Ice Beam|p2a: Breakfast Pouch
|-damage|p2a: Breakfast Pouch|613\/703
|
|turn|35
|chat|ashiemore|kid gf gets 4th freeze y\/n
|
|move|p1a: Chansey|Ice Beam|p2a: Breakfast Pouch
|-damage|p2a: Breakfast Pouch|543\/703
|move|p2a: Breakfast Pouch|Ice Beam|p1a: Chansey
|-damage|p1a: Chansey|477\/703
|
|turn|36
|
|move|p2a: Breakfast Pouch|Ice Beam|p1a: Chansey
|-damage|p1a: Chansey|440\/703
|move|p1a: Chansey|Ice Beam|p2a: Breakfast Pouch
|-damage|p2a: Breakfast Pouch|467\/703
|
|turn|37
|
|move|p2a: Breakfast Pouch|Ice Beam|p1a: Chansey
|-damage|p1a: Chansey|404\/703
|move|p1a: Chansey|Ice Beam|p2a: Breakfast Pouch
|-damage|p2a: Breakfast Pouch|390\/703
|
|turn|38
|
|move|p2a: Breakfast Pouch|Ice Beam|p1a: Chansey
|-damage|p1a: Chansey|369\/703
|move|p1a: Chansey|Ice Beam|p2a: Breakfast Pouch
|-damage|p2a: Breakfast Pouch|314\/703
|
|turn|39
|
|move|p1a: Chansey|Soft-Boiled|p1a: Chansey
|-heal|p1a: Chansey|703\/703
|move|p2a: Breakfast Pouch|Ice Beam|p1a: Chansey
|-damage|p1a: Chansey|663\/703
|
|turn|40
|chat|kid gf lol|ggc has better odds to freeze because of damage
|
|move|p2a: Breakfast Pouch|Soft-Boiled|p2a: Breakfast Pouch
|-heal|p2a: Breakfast Pouch|665\/703
|move|p1a: Chansey|Ice Beam|p2a: Breakfast Pouch
|-damage|p2a: Breakfast Pouch|596\/703
|
|turn|41
|chat|ashiemore|tr00
|
|move|p1a: Chansey|Ice Beam|p2a: Breakfast Pouch
|-damage|p2a: Breakfast Pouch|519\/703
|move|p2a: Breakfast Pouch|Ice Beam|p1a: Chansey
|-damage|p1a: Chansey|627\/703
|
|turn|42
|
|move|p2a: Breakfast Pouch|Ice Beam|p1a: Chansey
|-crit|p1a: Chansey
|-damage|p1a: Chansey|545\/703
|-status|p1a: Chansey|frz
|cant|p1a: Chansey|frz
|
|turn|43
|chat|ashiemore|kek
|leave|gsc uu pls joim
|chat|kid gf lol|wooooot
|chat|ashiemore|crit freeze much
|chat|ggc|4
|chat|ggc|4 freezes
|
|switch|p2a: TNT|Golem|363\/363
|cant|p1a: Chansey|frz
|
|turn|44
|
|cant|p1a: Chansey|frz
|move|p2a: TNT|Earthquake|p1a: Chansey
|-damage|p1a: Chansey|379\/703 frz
|
|turn|45
|
|cant|p1a: Chansey|frz
|move|p2a: TNT|Earthquake|p1a: Chansey
|-damage|p1a: Chansey|213\/703 frz
|
|turn|46
|
|cant|p1a: Chansey|frz
|move|p2a: TNT|Earthquake|p1a: Chansey
|-damage|p1a: Chansey|41\/703 frz
|
|turn|47
|chat|ggc|4 freezes and 1 of my pokemon is ice
|
|cant|p1a: Chansey|frz
|move|p2a: TNT|Body Slam|p1a: Chansey
|-damage|p1a: Chansey|0 fnt
|faint|p1a: Chansey
|
|
|switch|p1a: Jynx|Jynx|268\/333 slp
|turn|48
|chat|kid gf lol|atleast egg didnt freeze
|chat|ggc|between 8 blizzards no less
|
|cant|p1a: Jynx|slp
|move|p2a: TNT|Explosion|p1a: Jynx
|-damage|p1a: Jynx|0 fnt
|faint|p1a: Jynx
|faint|p2a: TNT
|
|win|kid gf lol
|raw|Ladder updating...
|raw|ggc's rating: 1472 &rarr; <strong>1452<\/strong><br \/>(-20 for losing)
|raw|kid gf lol's rating: 1482 &rarr; <strong>1501<\/strong><br \/>(+19 for winning)
|chat|ashiemore|lol
|chat|ashiemore|kid didn't top
|chat|ashiemore|lol
|chat|ggc|We will never speak of this again.
|chat|kid gf lol|lol
|chat|ggc|I'm not saying gg.
|chat|kid gf lol|no way this was the most hax i've seen in like
|chat|kid gf lol|lol
|leave|ggc
|player|p1
|leave|ashiemore
|leave|kid gf lol
|player|p2
|join|ashiemore