|join|DaTechnoD00d
|join|Flaffy99
|player|p1|DaTechnoD00d|101
|player|p2|Flaffy99|2
|gametype|singles
|gen|1
|tier|[Gen 1] Random Battle
|rated
|rule|Sleep Clause Mod: Limit one foe put to sleep
|rule|Freeze Clause Mod: Limit one foe frozen
|rule|HP Percentage Mod: HP is shown in percentages
|
|start
|switch|p1a: Magmar|Magmar, L90|300\/300
|switch|p2a: Clefable|Clefable, L85|335\/335
|turn|1
|
|move|p1a: Magmar|Confuse Ray|p2a: Clefable
|-start|p2a: Clefable|confusion
|-activate|p2a: Clefable|confusion
|move|p2a: Clefable|Blizzard|p1a: Magmar
|-damage|p1a: Magmar|229\/300
|
|turn|2
|
|move|p1a: Magmar|Mimic|p2a: Clefable
|-start|p1a: Magmar|Mimic|Thunderbolt
|-activate|p2a: Clefable|confusion
|move|p2a: Clefable|Thunderbolt|p1a: Magmar
|-damage|p1a: Magmar|167\/300
|
|turn|3
|
|move|p1a: Magmar|Body Slam|p2a: Clefable
|-damage|p2a: Clefable|256\/335
|-end|p2a: Clefable|confusion
|move|p2a: Clefable|Body Slam|p1a: Magmar
|-damage|p1a: Magmar|80\/300
|-status|p1a: Magmar|par
|
|turn|4
|
|move|p2a: Clefable|Body Slam|p1a: Magmar
|-crit|p1a: Magmar
|-damage|p1a: Magmar|0 fnt
|faint|p1a: Magmar
|
|switch|p1a: Hitmonchan|Hitmonchan, L90|273\/273
|turn|5
|
|move|p1a: Hitmonchan|Submission|p2a: Clefable|[miss]
|-miss|p1a: Hitmonchan
|move|p2a: Clefable|Blizzard|p1a: Hitmonchan
|-damage|p1a: Hitmonchan|149\/273
|
|turn|6
|
|move|p1a: Hitmonchan|Submission|p2a: Clefable|[miss]
|-miss|p1a: Hitmonchan
|move|p2a: Clefable|Blizzard|p1a: Hitmonchan
|-damage|p1a: Hitmonchan|31\/273
|
|turn|7
|
|move|p1a: Hitmonchan|Submission|p2a: Clefable
|-supereffective|p2a: Clefable
|-damage|p2a: Clefable|18\/335
|-damage|p1a: Hitmonchan|0 fnt|[from] recoil|[of] p2a: Clefable
|faint|p1a: Hitmonchan
|c|★DaTechnoD00d|??
|c|★DaTechnoD00d|fuck u
|
|switch|p1a: Horsea|Horsea, L96|252\/252
|turn|8
|
|move|p1a: Horsea|Surf|p2a: Clefable
|-damage|p2a: Clefable|0 fnt
|faint|p2a: Clefable
|
|switch|p2a: Pinsir|Pinsir, L85|284\/284
|turn|9
|
|move|p2a: Pinsir|Submission|p1a: Horsea
|-damage|p1a: Horsea|185\/252
|-damage|p2a: Pinsir|268\/284|[from] recoil|[of] p1a: Horsea
|move|p1a: Horsea|Smokescreen|p2a: Pinsir|[miss]
|-miss|p1a: Horsea
|
|turn|10
|
|move|p2a: Pinsir|Body Slam|p1a: Horsea
|-damage|p1a: Horsea|111\/252
|move|p1a: Horsea|Smokescreen|p2a: Pinsir
|-unboost|p2a: Pinsir|accuracy|1
|
|turn|11
|c|★DaTechnoD00d|oh now YOUR submission hits
|c|★DaTechnoD00d|but mine misses 2 turns in a row
|
|move|p2a: Pinsir|Swords Dance|p2a: Pinsir
|-boost|p2a: Pinsir|atk|2
|move|p1a: Horsea|Smokescreen|p2a: Pinsir
|-unboost|p2a: Pinsir|accuracy|1
|
|turn|12
|
|move|p2a: Pinsir|Body Slam|p1a: Horsea
|-damage|p1a: Horsea|0 fnt
|faint|p1a: Horsea
|
|switch|p1a: Paras|Paras, L96|262\/262
|turn|13
|
|move|p2a: Pinsir|Body Slam|p1a: Paras
|-damage|p1a: Paras|100\/262
|-status|p1a: Paras|par
|move|p1a: Paras|Body Slam|p2a: Pinsir
|-damage|p2a: Pinsir|205\/284
|
|turn|14
|
|move|p2a: Pinsir|Body Slam|p1a: Paras
|-damage|p1a: Paras|0 fnt
|faint|p1a: Paras
|c|★DaTechnoD00d|how???
|
|switch|p1a: Marowak|Marowak, L90|291\/291
|turn|15
|
|move|p2a: Pinsir|Body Slam|p1a: Marowak
|-damage|p1a: Marowak|179\/291
|move|p1a: Marowak|Blizzard|p2a: Pinsir
|-damage|p2a: Pinsir|119\/284
|
|turn|16
|c|★DaTechnoD00d|accuracy makes NO SENSE
|
|move|p2a: Pinsir|Body Slam|p1a: Marowak
|-crit|p1a: Marowak
|-damage|p1a: Marowak|70\/291
|move|p1a: Marowak|Earthquake|p2a: Pinsir
|-resisted|p2a: Pinsir
|-damage|p2a: Pinsir|73\/284
|
|turn|17
|c|★DaTechnoD00d|how are you hitting ever god damn time
|
|move|p2a: Pinsir|Body Slam|p1a: Marowak
|-damage|p1a: Marowak|0 fnt
|faint|p1a: Marowak
|
|switch|p1a: Electrode|Electrode, L90|291\/291
|turn|18
|c|★DaTechnoD00d|what???????????
|
|move|p1a: Electrode|Explosion|p2a: Pinsir
|-damage|p2a: Pinsir|0 fnt
|faint|p2a: Pinsir
|faint|p1a: Electrode
|
|win|Flaffy99
|raw|Ladder updating...
|raw|DaTechnoD00d's rating: 1246 &rarr; <strong>1212<\/strong><br \/>(-34 for losing)
|raw|Flaffy99's rating: 1114 &rarr; <strong>1148<\/strong><br \/>(+34 for winning)
|c|★DaTechnoD00d|are u KIDDING ME??????????
|c|★DaTechnoD00d|that was the only damaging move
|leave|Flaffy99
|player|p2