|join|Zorage
|join|MegaGengar94
|player|p1|Zorage|166
|player|p2|MegaGengar94|293
|gametype|singles
|gen|1
|tier|[Gen 1] Random Battle
|rule|Sleep Clause Mod: Limit one foe put to sleep
|rule|Freeze Clause Mod: Limit one foe frozen
|rule|HP Percentage Mod: HP is shown in percentages
|
|start
|switch|p1a: Zapdos|Zapdos, L79|304\/304
|switch|p2a: Seel|Seel, L96|320\/320
|turn|1
|
|switch|p1a: Tentacool|Tentacool, L96|272\/272
|move|p2a: Seel|Blizzard|p1a: Tentacool
|-resisted|p1a: Tentacool
|-damage|p1a: Tentacool|234\/272
|
|turn|2
|
|move|p1a: Tentacool|Mimic|p2a: Seel
|-start|p1a: Tentacool|Mimic|Mimic
|move|p2a: Seel|Body Slam|p1a: Tentacool
|-damage|p1a: Tentacool|168\/272
|
|turn|3
|
|move|p1a: Tentacool|Barrier|p1a: Tentacool
|-boost|p1a: Tentacool|def|2
|move|p2a: Seel|Body Slam|p1a: Tentacool
|-damage|p1a: Tentacool|130\/272
|
|turn|4
|
|move|p1a: Tentacool|Mimic|p2a: Seel
|-start|p1a: Tentacool|Mimic|Mimic
|move|p2a: Seel|Body Slam|p1a: Tentacool
|-damage|p1a: Tentacool|92\/272
|
|turn|5
|
|move|p1a: Tentacool|Hydro Pump|p2a: Seel
|-resisted|p2a: Seel
|-damage|p2a: Seel|241\/320
|move|p2a: Seel|Body Slam|p1a: Tentacool
|-damage|p1a: Tentacool|57\/272
|-status|p1a: Tentacool|par
|
|turn|6
|c|★Zorage|Mimmic copies mimmic...
|
|move|p2a: Seel|Body Slam|p1a: Tentacool
|-crit|p1a: Tentacool
|-damage|p1a: Tentacool|0 fnt
|faint|p1a: Tentacool
|
|switch|p1a: Gengar|Gengar, L79|257\/257
|turn|7
|
|move|p1a: Gengar|Hypnosis|p2a: Seel|[miss]
|-miss|p1a: Gengar
|move|p2a: Seel|Mimic|p1a: Gengar
|-start|p2a: Seel|Mimic|Mega Drain
|
|turn|8
|
|move|p1a: Gengar|Hypnosis|p2a: Seel
|-status|p2a: Seel|slp
|cant|p2a: Seel|slp
|
|turn|9
|
|move|p1a: Gengar|Thunderbolt|p2a: Seel
|-crit|p2a: Seel
|-supereffective|p2a: Seel
|-damage|p2a: Seel|0 fnt
|faint|p2a: Seel
|
|switch|p2a: Weedle|Weedle, L99|280\/280
|turn|10
|
|switch|p1a: Kabutops|Kabutops, L85|276\/276
|move|p2a: Weedle|String Shot|p1a: Kabutops
|-unboost|p1a: Kabutops|spe|1
|
|turn|11
|
|move|p2a: Weedle|String Shot|p1a: Kabutops
|-unboost|p1a: Kabutops|spe|1
|move|p1a: Kabutops|Swords Dance|p1a: Kabutops
|-boost|p1a: Kabutops|atk|2
|
|turn|12
|
|move|p2a: Weedle|String Shot|p1a: Kabutops
|-unboost|p1a: Kabutops|spe|1
|move|p1a: Kabutops|Swords Dance|p1a: Kabutops
|-boost|p1a: Kabutops|atk|2
|
|turn|13
|
|move|p2a: Weedle|String Shot|p1a: Kabutops
|-unboost|p1a: Kabutops|spe|1
|move|p1a: Kabutops|Swords Dance|p1a: Kabutops
|-boost|p1a: Kabutops|atk|2
|
|turn|14
|
|move|p2a: Weedle|Poison Sting|p1a: Kabutops
|-resisted|p1a: Kabutops
|-damage|p1a: Kabutops|271\/276
|move|p1a: Kabutops|Body Slam|p2a: Weedle
|-damage|p2a: Weedle|0 fnt
|faint|p2a: Weedle
|
|switch|p2a: Electrode|Electrode, L90|291\/291
|turn|15
|
|move|p2a: Electrode|Thunder|p1a: Kabutops
|-supereffective|p1a: Kabutops
|-damage|p1a: Kabutops|0 fnt
|faint|p1a: Kabutops
|
|switch|p1a: Paras|Paras, L96|262\/262
|turn|16
|
|move|p2a: Electrode|Thunder Wave|p1a: Paras
|-status|p1a: Paras|par
|move|p1a: Paras|Spore|p2a: Electrode
|-status|p2a: Electrode|slp
|
|turn|17
|
|-curestatus|p2a: Electrode|slp
|cant|p1a: Paras|par
|
|turn|18
|
|move|p2a: Electrode|Flash|p1a: Paras|[miss]
|-miss|p2a: Electrode
|move|p1a: Paras|Spore|p2a: Electrode
|-status|p2a: Electrode|slp
|
|turn|19
|
|cant|p2a: Electrode|slp
|move|p1a: Paras|Growth|p1a: Paras
|-boost|p1a: Paras|spa|1
|-boost|p1a: Paras|spd|1
|
|turn|20
|
|-curestatus|p2a: Electrode|slp
|move|p1a: Paras|Growth|p1a: Paras
|-boost|p1a: Paras|spa|1
|-boost|p1a: Paras|spd|1
|
|turn|21
|
|move|p2a: Electrode|Explosion|p1a: Paras
|-damage|p1a: Paras|31\/262 par
|faint|p2a: Electrode
|
|switch|p2a: Flareon|Flareon, L90|300\/300
|turn|22
|
|move|p2a: Flareon|Quick Attack|p1a: Paras
|-damage|p1a: Paras|0 fnt
|faint|p1a: Paras
|
|switch|p1a: Gengar|Gengar, L79|257\/257
|turn|23
|
|move|p1a: Gengar|Hypnosis|p2a: Flareon
|-status|p2a: Flareon|slp
|cant|p2a: Flareon|slp
|
|turn|24
|
|switch|p1a: Lickitung|Lickitung, L90|345\/345
|cant|p2a: Flareon|slp
|
|turn|25
|
|-curestatus|p2a: Flareon|slp
|move|p1a: Lickitung|Swords Dance|p1a: Lickitung
|-boost|p1a: Lickitung|atk|2
|
|turn|26
|
|move|p2a: Flareon|Hyper Beam|p1a: Lickitung
|-damage|p1a: Lickitung|197\/345
|move|p1a: Lickitung|Earthquake|p2a: Flareon
|-supereffective|p2a: Flareon
|-damage|p2a: Flareon|10\/300
|
|turn|27
|-mustrecharge|p2a: Flareon
|-mustrecharge|p2a: Flareon
|
|cant|p2a: Flareon|recharge
|move|p1a: Lickitung|Body Slam|p2a: Flareon
|-damage|p2a: Flareon|0 fnt
|faint|p2a: Flareon
|
|switch|p2a: Persian|Persian, L79|265\/265
|turn|28
|
|move|p2a: Persian|Slash|p1a: Lickitung
|-crit|p1a: Lickitung
|-damage|p1a: Lickitung|91\/345
|move|p1a: Lickitung|Hyper Beam|p2a: Persian
|-damage|p2a: Persian|0 fnt
|faint|p2a: Persian
|
|switch|p2a: Marowak|Marowak, L90|291\/291
|turn|29
|
|move|p2a: Marowak|Earthquake|p1a: Lickitung
|-damage|p1a: Lickitung|0 fnt
|faint|p1a: Lickitung
|
|switch|p1a: Zapdos|Zapdos, L79|304\/304
|turn|30
|
|move|p1a: Zapdos|Drill Peck|p2a: Marowak
|-damage|p2a: Marowak|229\/291
|move|p2a: Marowak|Blizzard|p1a: Zapdos
|-supereffective|p1a: Zapdos
|-damage|p1a: Zapdos|200\/304
|
|turn|31
|
|move|p1a: Zapdos|Drill Peck|p2a: Marowak
|-damage|p2a: Marowak|167\/291
|move|p2a: Marowak|Blizzard|p1a: Zapdos
|-supereffective|p1a: Zapdos
|-damage|p1a: Zapdos|84\/304
|
|turn|32
|
|move|p1a: Zapdos|Drill Peck|p2a: Marowak
|-damage|p2a: Marowak|107\/291
|move|p2a: Marowak|Blizzard|p1a: Zapdos
|-supereffective|p1a: Zapdos
|-damage|p1a: Zapdos|0 fnt
|faint|p1a: Zapdos
|
|switch|p1a: Gengar|Gengar, L79|257\/257
|turn|33
|
|move|p1a: Gengar|Psychic|p2a: Marowak
|-damage|p2a: Marowak|12\/291
|-unboost|p2a: Marowak|spd|1
|-unboost|p2a: Marowak|spa|1
|move|p2a: Marowak|Earthquake|p1a: Gengar
|-supereffective|p1a: Gengar
|-damage|p1a: Gengar|0 fnt
|faint|p1a: Gengar
|
|win|MegaGengar94
|leave|MegaGengar94
|player|p2
|c|★Zorage|wow