|j|Kid GF Lawl
|j|opticfazeguy
|player|p1|Kid GF Lawl|92
|player|p2|opticfazeguy|72
|gametype|singles
|gen|1
|tier|[Gen 1] OU
|rated
|seed|40453,23985,54151,59336
|rule|Sleep Clause Mod: Limit one foe put to sleep
|rule|Freeze Clause Mod: Limit one foe frozen
|rule|Species Clause: Limit one of each Pokémon
|rule|OHKO Clause: OHKO moves are banned
|rule|Evasion Moves Clause: Evasion moves are banned
|rule|HP Percentage Mod: HP is shown in percentages
|
|start
|switch|p1a: Jynx|Jynx|333\/333
|switch|p2a: Alakazam|Alakazam|313\/313
|turn|1
|c|★opticfazeguy|heheh gl dude
|choice|move 1|move 3
|
|move|p2a: Alakazam|Thunder Wave|p1a: Jynx
|-status|p1a: Jynx|par
|cant|p1a: Jynx|par
|
|turn|2
|choice|move 1|move 4
|
|move|p2a: Alakazam|Tri Attack|p1a: Jynx
|-damage|p1a: Jynx|254\/333 par
|move|p1a: Jynx|Lovely Kiss|p2a: Alakazam
|-status|p2a: Alakazam|slp
|
|turn|3
|c|★Kid GF Lawl|You too =)
|choice|switch 3|move 2
|
|switch|p1a: Snorlax|Snorlax|523\/523
|cant|p2a: Alakazam|slp
|
|turn|4
|choice|move 1|move 2
|
|cant|p2a: Alakazam|slp
|move|p1a: Snorlax|Body Slam|p2a: Alakazam
|-damage|p2a: Alakazam|154\/313 slp
|
|turn|5
|choice|move 1|move 2
|
|-curestatus|p2a: Alakazam|slp
|move|p1a: Snorlax|Body Slam|p2a: Alakazam
|-crit|p2a: Alakazam
|-damage|p2a: Alakazam|0 fnt
|faint|p2a: Alakazam
|choice||switch 5
|
|switch|p2a: Hypno|Hypno|373\/373
|turn|6
|c|★opticfazeguy|can you hurry up jesus
|choice|switch 3|move 2
|
|switch|p1a: Jynx|Jynx|254\/333 par
|move|p2a: Hypno|Hypnosis|p1a: Jynx|[miss]
|-miss|p2a: Hypno
|
|turn|7
|choice|move 2|move 2
|
|move|p2a: Hypno|Hypnosis|p1a: Jynx|[miss]
|-miss|p2a: Hypno
|move|p1a: Jynx|Blizzard|p2a: Hypno|[miss]
|-miss|p1a: Jynx
|
|turn|8
|choice|move 2|move 2
|
|move|p2a: Hypno|Hypnosis|p1a: Jynx
|-fail|p1a: Jynx
|move|p1a: Jynx|Blizzard|p2a: Hypno
|-damage|p2a: Hypno|239\/373
|
|turn|9
|choice|move 2|switch 4
|
|switch|p2a: Charizard|Charizard|359\/359
|cant|p1a: Jynx|par
|
|turn|10
|choice|switch 5|move 1
|
|switch|p1a: Chansey|Chansey|703\/703
|move|p2a: Charizard|Flamethrower|p1a: Chansey
|-damage|p1a: Chansey|602\/703
|-status|p1a: Chansey|brn
|
|turn|11
|choice|move 2|move 2
|
|move|p2a: Charizard|Swords Dance|p2a: Charizard
|-boost|p2a: Charizard|atk|2
|move|p1a: Chansey|Thunder Wave|p2a: Charizard
|-status|p2a: Charizard|par
|-damage|p1a: Chansey|559\/703 brn|[from] brn|[of] p2a: Charizard
|
|turn|12
|choice|move 4|move 2
|
|move|p1a: Chansey|Reflect|p1a: Chansey
|-start|p1a: Chansey|Reflect
|-damage|p1a: Chansey|516\/703 brn|[from] brn
|move|p2a: Charizard|Swords Dance|p2a: Charizard
|-boost|p2a: Charizard|atk|2
|
|turn|13
|choice|move 3|move 2
|
|move|p1a: Chansey|Ice Beam|p2a: Charizard
|-supereffective|p2a: Charizard
|-damage|p2a: Charizard|193\/359 par
|-damage|p1a: Chansey|473\/703 brn|[from] brn|[of] p2a: Charizard
|move|p2a: Charizard|Swords Dance|p2a: Charizard
|-boost|p2a: Charizard|atk|2
|
|turn|14
|choice|move 3|move 1
|
|move|p1a: Chansey|Ice Beam|p2a: Charizard
|-supereffective|p2a: Charizard
|-damage|p2a: Charizard|32\/359 par
|-damage|p1a: Chansey|430\/703 brn|[from] brn|[of] p2a: Charizard
|move|p2a: Charizard|Flamethrower|p1a: Chansey
|-damage|p1a: Chansey|326\/703 brn
|
|turn|15
|choice|move 1|move 4
|
|move|p1a: Chansey|Soft-Boiled|p1a: Chansey
|-heal|p1a: Chansey|677\/703 brn
|-damage|p1a: Chansey|634\/703 brn|[from] brn
|move|p2a: Charizard|Mega Kick|p1a: Chansey
|-damage|p1a: Chansey|179\/703 brn
|
|turn|16
|choice|move 1|move 3
|
|move|p1a: Chansey|Soft-Boiled|p1a: Chansey
|-heal|p1a: Chansey|530\/703 brn
|-damage|p1a: Chansey|487\/703 brn|[from] brn
|cant|p2a: Charizard|par
|
|turn|17
|choice|move 3|move 4
|
|move|p1a: Chansey|Ice Beam|p2a: Charizard
|-supereffective|p2a: Charizard
|-damage|p2a: Charizard|0 fnt
|faint|p2a: Charizard
|choice||switch 4
|
|switch|p2a: Hypno|Hypno|239\/373
|turn|18
|choice|move 2|move 2
|
|move|p2a: Hypno|Hypnosis|p1a: Chansey
|-fail|p1a: Chansey
|move|p1a: Chansey|Thunder Wave|p2a: Hypno
|-status|p2a: Hypno|par
|-damage|p1a: Chansey|444\/703 brn|[from] brn|[of] p2a: Hypno
|
|turn|19
|choice|move 1|move 2
|
|move|p1a: Chansey|Soft-Boiled|p1a: Chansey
|-heal|p1a: Chansey|703\/703 brn
|-damage|p1a: Chansey|660\/703 brn|[from] brn
|move|p2a: Hypno|Hypnosis|p1a: Chansey
|-fail|p1a: Chansey
|
|turn|20
|choice|move 3|move 2
|
|move|p1a: Chansey|Ice Beam|p2a: Hypno
|-damage|p2a: Hypno|170\/373 par
|-damage|p1a: Chansey|617\/703 brn|[from] brn|[of] p2a: Hypno
|cant|p2a: Hypno|par
|
|turn|21
|choice|move 3|move 2
|
|move|p1a: Chansey|Ice Beam|p2a: Hypno
|-damage|p2a: Hypno|104\/373 par
|-damage|p1a: Chansey|574\/703 brn|[from] brn|[of] p2a: Hypno
|cant|p2a: Hypno|par
|
|turn|22
|choice|move 3|move 2
|
|move|p1a: Chansey|Ice Beam|p2a: Hypno
|-damage|p2a: Hypno|31\/373 par
|-damage|p1a: Chansey|531\/703 brn|[from] brn|[of] p2a: Hypno
|move|p2a: Hypno|Hypnosis|p1a: Chansey|[miss]
|-miss|p2a: Hypno
|
|turn|23
|c|★opticfazeguy|FUCK THIS
|-message|opticfazeguy forfeited.
|
|win|Kid GF Lawl
|l|opticfazeguy
|player|p2
|raw|Kid GF Lawl's rating: 1175 &rarr; <strong>1189<\/strong><br \/>(+14 for winning)
|raw|opticfazeguy's rating: 1000 &rarr; <strong>1000<\/strong><br \/>(+0 for losing)