|join|xordims
|join|lepoopeater
|player|p1|xordims|170
|player|p2|lepoopeater|115
|gametype|singles
|gen|1
|tier|[Gen 1] Random Battle
|rated
|rule|Sleep Clause Mod: Limit one foe put to sleep
|rule|Freeze Clause Mod: Limit one foe frozen
|rule|HP Percentage Mod: HP is shown in percentages
|
|start
|switch|p1a: Tangela|Tangela, L85|284\/284
|switch|p2a: Moltres|Moltres, L85|327\/327
|turn|1
|
|move|p2a: Moltres|Fire Blast|p1a: Tangela
|-supereffective|p1a: Tangela
|-damage|p1a: Tangela|0 fnt
|faint|p1a: Tangela
|
|switch|p1a: Dragonite|Dragonite, L75|291\/291
|turn|2
|
|move|p2a: Moltres|Toxic|p1a: Dragonite
|-status|p1a: Dragonite|tox
|move|p1a: Dragonite|Thunder Wave|p2a: Moltres
|-status|p2a: Moltres|par
|-damage|p1a: Dragonite|273\/291 tox|[from] tox|[of] p2a: Moltres
|
|turn|3
|
|move|p1a: Dragonite|Surf|p2a: Moltres
|-supereffective|p2a: Moltres
|-damage|p2a: Moltres|245\/327 par
|-damage|p1a: Dragonite|237\/291 tox|[from] tox|[of] p2a: Moltres
|move|p2a: Moltres|Reflect|p2a: Moltres
|
|turn|4
|
|switch|p1a: Mew|Mew, L72|292\/292
|cant|p2a: Moltres|par
|
|turn|5
|
|move|p1a: Mew|Swords Dance|p1a: Mew
|-boost|p1a: Mew|atk|2
|move|p2a: Moltres|Toxic|p1a: Mew
|-status|p1a: Mew|tox
|
|turn|6
|
|move|p1a: Mew|Swords Dance|p1a: Mew
|-boost|p1a: Mew|atk|2
|-damage|p1a: Mew|274\/292 tox|[from] psn
|move|p2a: Moltres|Fire Blast|p1a: Mew
|-damage|p1a: Mew|116\/292 tox
|
|turn|7
|
|move|p1a: Mew|Soft-Boiled|p1a: Mew
|-heal|p1a: Mew|262\/292 tox
|-damage|p1a: Mew|226\/292 tox|[from] psn
|cant|p2a: Moltres|par
|
|turn|8
|
|move|p1a: Mew|Swords Dance|p1a: Mew
|-boost|p1a: Mew|atk|2
|-damage|p1a: Mew|172\/292 tox|[from] psn
|cant|p2a: Moltres|par
|
|turn|9
|
|move|p1a: Mew|Swift|p2a: Moltres
|-damage|p2a: Moltres|178\/327 par
|-damage|p1a: Mew|100\/292 tox|[from] tox|[of] p2a: Moltres
|move|p2a: Moltres|Fire Blast|p1a: Mew|[miss]
|-miss|p2a: Moltres
|
|turn|10
|c|★lepoopeater|omfg
|
|move|p1a: Mew|Soft-Boiled|p1a: Mew
|-heal|p1a: Mew|246\/292 tox
|-damage|p1a: Mew|156\/292 tox|[from] psn
|move|p2a: Moltres|Fire Blast|p1a: Mew|[miss]
|-miss|p2a: Moltres
|
|turn|11
|c|★lepoopeater|WTF
|
|move|p1a: Mew|Swift|p2a: Moltres
|-damage|p2a: Moltres|114\/327 par
|-damage|p1a: Mew|48\/292 tox|[from] tox|[of] p2a: Moltres
|move|p2a: Moltres|Fire Blast|p1a: Mew
|-crit|p1a: Mew
|-damage|p1a: Mew|0 fnt
|faint|p1a: Mew
|c|★xordims|is a moltres or a tank?
|c|★lepoopeater|tank
|c|★lepoopeater|xD
|c|★xordims|but here's my secret weapon
|
|switch|p1a: Caterpie|Caterpie, L99|290\/290
|turn|12
|
|move|p1a: Caterpie|Tackle|p2a: Moltres
|-damage|p2a: Moltres|105\/327 par
|move|p2a: Moltres|Fire Blast|p1a: Caterpie
|-supereffective|p1a: Caterpie
|-damage|p1a: Caterpie|0 fnt
|faint|p1a: Caterpie
|c|★lepoopeater|xD
|c|★lepoopeater|le caterpie
|
|switch|p1a: Snorlax|Snorlax, L75|394\/394
|turn|13
|
|move|p1a: Snorlax|Amnesia|p1a: Snorlax
|-boost|p1a: Snorlax|spd|2
|-boost|p1a: Snorlax|spa|2
|move|p2a: Moltres|Toxic|p1a: Snorlax
|-status|p1a: Snorlax|tox
|
|turn|14
|
|move|p1a: Snorlax|Amnesia|p1a: Snorlax
|-boost|p1a: Snorlax|spd|2
|-boost|p1a: Snorlax|spa|2
|-damage|p1a: Snorlax|370\/394 tox|[from] psn
|move|p2a: Moltres|Fire Blast|p1a: Snorlax
|-crit|p1a: Snorlax
|-damage|p1a: Snorlax|0 fnt
|faint|p1a: Snorlax
|c|★xordims|ok
|c|★lepoopeater|grimy as a gooch grimy grimy as a gooch
|
|switch|p1a: Tauros|Tauros, L75|267\/267
|turn|15
|
|move|p1a: Tauros|Hyper Beam|p2a: Moltres
|-damage|p2a: Moltres|44\/327 par
|move|p2a: Moltres|Toxic|p1a: Tauros|[miss]
|-miss|p2a: Moltres
|
|turn|16
|
|cant|p1a: Tauros|recharge
|move|p2a: Moltres|Fire Blast|p1a: Tauros
|-damage|p1a: Tauros|77\/267
|
|turn|17
|
|move|p1a: Tauros|Hyper Beam|p2a: Moltres
|-crit|p2a: Moltres
|-damage|p2a: Moltres|0 fnt
|faint|p2a: Moltres
|
|switch|p2a: Mew|Mew, L72|292\/292
|turn|18
|
|move|p1a: Tauros|Body Slam|p2a: Mew
|-damage|p2a: Mew|208\/292
|move|p2a: Mew|Earthquake|p1a: Tauros
|-damage|p1a: Tauros|23\/267
|
|turn|19
|
|move|p1a: Tauros|Hyper Beam|p2a: Mew
|-damage|p2a: Mew|57\/292
|move|p2a: Mew|Psychic|p1a: Tauros
|-damage|p1a: Tauros|0 fnt
|faint|p1a: Tauros
|
|switch|p1a: Dragonite|Dragonite, L75|237\/291 tox
|-status|p1a: Dragonite|psn
|turn|20
|
|move|p2a: Mew|Hyper Beam|p1a: Dragonite
|-damage|p1a: Dragonite|151\/291 psn
|move|p1a: Dragonite|Hyper Beam|p2a: Mew
|-damage|p2a: Mew|0 fnt
|faint|p2a: Mew
|
|switch|p2a: Lapras|Lapras, L75|349\/349
|turn|21
|
|move|p1a: Dragonite|Thunder Wave|p2a: Lapras
|-status|p2a: Lapras|par
|-damage|p1a: Dragonite|133\/291 psn|[from] psn|[of] p2a: Lapras
|cant|p2a: Lapras|par
|
|turn|22
|
|move|p1a: Dragonite|Hyper Beam|p2a: Lapras
|-crit|p2a: Lapras
|-damage|p2a: Lapras|120\/349 par
|-damage|p1a: Dragonite|115\/291 psn|[from] psn|[of] p2a: Lapras
|move|p2a: Lapras|Ice Beam|p1a: Dragonite
|-crit|p1a: Dragonite
|-supereffective|p1a: Dragonite
|-damage|p1a: Dragonite|0 fnt
|faint|p1a: Dragonite
|
|win|lepoopeater
|raw|Ladder updating...
|raw|xordims's rating: 1229 &rarr; <strong>1205<\/strong><br \/>(-24 for losing)
|raw|lepoopeater's rating: 1238 &rarr; <strong>1262<\/strong><br \/>(+24 for winning)
|c|★xordims|good pkmns
|leave|lepoopeater