|j|charrol
|j|Giju
|player|p1|charrol|60
|player|p2|Giju|20
|gametype|singles
|gen|1
|tier|[Gen 1] OU
|rated
|seed|
|rule|Sleep Clause Mod: Limit one foe put to sleep
|rule|Freeze Clause Mod: Limit one foe frozen
|rule|Species Clause: Limit one of each Pokémon
|rule|OHKO Clause: OHKO moves are banned
|rule|Evasion Moves Clause: Evasion moves are banned
|rule|HP Percentage Mod: HP is shown in percentages
|
|start
|switch|p1a: Jynx|Jynx|100\/100
|switch|p2a: Alakazam|Alakazam|100\/100
|turn|1
|c|★Giju|hey charrol!
|j|imoverpower
|l|imoverpower
|c|★charrol|ciao !
|choice||
|
|move|p2a: Alakazam|Thunder Wave|p1a: Jynx
|-status|p1a: Jynx|par
|move|p1a: Jynx|Lovely Kiss|p2a: Alakazam
|-status|p2a: Alakazam|slp
|
|turn|2
|choice||
|
|switch|p2a: Snorlax|Snorlax|100\/100
|move|p1a: Jynx|Psychic|p2a: Snorlax
|-damage|p2a: Snorlax|76\/100
|
|turn|3
|choice||
|
|switch|p1a: Chansey|Chansey|100\/100
|move|p2a: Snorlax|Earthquake|p1a: Chansey
|-damage|p1a: Chansey|69\/100
|
|turn|4
|choice||
|
|move|p1a: Chansey|Thunder Wave|p2a: Snorlax
|-status|p2a: Snorlax|par
|move|p2a: Snorlax|Hyper Beam|p1a: Chansey
|-damage|p1a: Chansey|0 fnt
|faint|p1a: Chansey
|choice||
|
|switch|p1a: Snorlax|Snorlax, M|100\/100
|turn|5
|choice||
|
|move|p1a: Snorlax|Body Slam|p2a: Snorlax
|-damage|p2a: Snorlax|50\/100 par
|move|p2a: Snorlax|Self-Destruct|p1a: Snorlax
|-damage|p1a: Snorlax|22\/100
|faint|p2a: Snorlax
|choice||
|
|switch|p2a: Golem|Golem|100\/100
|turn|6
|choice||
|
|switch|p1a: Exeggutor|Exeggutor, M|100\/100
|move|p2a: Golem|Earthquake|p1a: Exeggutor
|-resisted|p1a: Exeggutor
|-damage|p1a: Exeggutor|84\/100
|
|turn|7
|choice||
|
|switch|p2a: Exeggutor|Exeggutor|100\/100
|move|p1a: Exeggutor|Stun Spore|p2a: Exeggutor
|-status|p2a: Exeggutor|par
|
|turn|8
|choice||
|
|move|p1a: Exeggutor|Psychic|p2a: Exeggutor
|-resisted|p2a: Exeggutor
|-damage|p2a: Exeggutor|88\/100 par
|move|p2a: Exeggutor|Psychic|p1a: Exeggutor
|-resisted|p1a: Exeggutor
|-damage|p1a: Exeggutor|71\/100
|
|turn|9
|choice||
|
|switch|p1a: Jynx|Jynx|100\/100 par
|move|p2a: Exeggutor|Sleep Powder|p1a: Jynx
|-fail|p1a: Jynx
|
|turn|10
|choice||
|
|switch|p2a: Chansey|Chansey|100\/100
|move|p1a: Jynx|Blizzard|p2a: Chansey
|-damage|p2a: Chansey|83\/100
|
|turn|11
|choice||
|
|move|p2a: Chansey|Seismic Toss|p1a: Jynx
|-damage|p1a: Jynx|70\/100 par
|cant|p1a: Jynx|par
|
|turn|12
|choice||
|
|switch|p1a: Exeggutor|Exeggutor, M|71\/100
|move|p2a: Chansey|Seismic Toss|p1a: Exeggutor
|-damage|p1a: Exeggutor|45\/100
|
|turn|13
|choice||
|
|switch|p2a: Exeggutor|Exeggutor|88\/100 par
|move|p1a: Exeggutor|Stun Spore|p2a: Exeggutor
|-fail|p2a: Exeggutor|par
|
|turn|14
|choice||
|
|switch|p1a: Jynx|Jynx|70\/100 par
|cant|p2a: Exeggutor|par
|
|turn|15
|choice||
|
|switch|p1a: Snorlax|Snorlax, M|22\/100
|switch|p2a: Chansey|Chansey|83\/100
|
|turn|16
|choice||
|
|move|p2a: Chansey|Ice Beam|p1a: Snorlax
|-damage|p1a: Snorlax|3\/100
|move|p1a: Snorlax|Body Slam|p2a: Chansey
|-damage|p2a: Chansey|41\/100
|
|turn|17
|choice||
|
|move|p2a: Chansey|Ice Beam|p1a: Snorlax
|-damage|p1a: Snorlax|0 fnt
|faint|p1a: Snorlax
|choice||
|
|switch|p1a: Cloyster|Cloyster, M|100\/100
|turn|18
|choice||
|
|move|p1a: Cloyster|Clamp|p2a: Chansey
|-crit|p2a: Chansey
|-damage|p2a: Chansey|31\/100
|cant|p2a: Chansey|partiallytrapped
|
|turn|19
|choice||
|
|switch|p2a: Alakazam|Alakazam|100\/100 slp
|move|p1a: Cloyster|Clamp|p2a: Alakazam|[miss]
|-miss|p1a: Cloyster
|
|turn|20
|choice||
|
|switch|p1a: Tauros|Tauros|100\/100
|cant|p2a: Alakazam|slp
|
|turn|21
|choice||
|
|switch|p2a: Exeggutor|Exeggutor|88\/100 par
|move|p1a: Tauros|Body Slam|p2a: Exeggutor
|-damage|p2a: Exeggutor|61\/100 par
|
|turn|22
|choice||
|
|move|p1a: Tauros|Body Slam|p2a: Exeggutor
|-damage|p2a: Exeggutor|34\/100 par
|move|p2a: Exeggutor|Sleep Powder|p1a: Tauros
|-status|p1a: Tauros|slp
|
|turn|23
|choice||
|
|switch|p1a: Cloyster|Cloyster, M|100\/100
|move|p2a: Exeggutor|Psychic|p1a: Cloyster
|-damage|p1a: Cloyster|56\/100
|
|turn|24
|choice||
|
|move|p1a: Cloyster|Blizzard|p2a: Exeggutor|[miss]
|-miss|p1a: Cloyster
|move|p2a: Exeggutor|Explosion|p1a: Cloyster
|-damage|p1a: Cloyster|0 fnt
|faint|p1a: Cloyster
|faint|p2a: Exeggutor
|c|★charrol|gg
|choice||
|
|switch|p2a: Tauros|Tauros|100\/100
|switch|p1a: Exeggutor|Exeggutor, M|45\/100
|turn|25
|c|★Giju|hope so
|c|★Giju|is not over
|choice||
|
|move|p2a: Tauros|Hyper Beam|p1a: Exeggutor
|-damage|p1a: Exeggutor|0 fnt
|faint|p1a: Exeggutor
|choice||
|
|switch|p1a: Tauros|Tauros|100\/100 slp
|turn|26
|choice||
|
|move|p2a: Tauros|Body Slam|p1a: Tauros
|-damage|p1a: Tauros|72\/100 slp
|cant|p1a: Tauros|slp
|
|turn|27
|choice||
|
|move|p2a: Tauros|Body Slam|p1a: Tauros
|-damage|p1a: Tauros|41\/100 slp
|cant|p1a: Tauros|slp
|
|turn|28
|choice||
|
|cant|p1a: Tauros|slp
|move|p2a: Tauros|Hyper Beam|p1a: Tauros
|-crit|p1a: Tauros
|-damage|p1a: Tauros|0 fnt
|faint|p1a: Tauros
|-message|charrol forfeited.
|
|win|Giju
|player|p1
|player|p2
|l|charrol
|raw|charrol's rating: 1431 &rarr; <strong>1407<\/strong><br \/>(-24 for losing)
|raw|Giju's rating: 1370 &rarr; <strong>1393<\/strong><br \/>(+23 for winning)