|j|smilzo
|j|marcoasd
|player|p1|smilzo|157
|player|p2|marcoasd|2
|gametype|singles
|gen|1
|tier|[Gen 1] OU
|seed|
|rule|Sleep Clause Mod: Limit one foe put to sleep
|rule|Freeze Clause Mod: Limit one foe frozen
|rule|Species Clause: Limit one of each Pokémon
|rule|OHKO Clause: OHKO moves are banned
|rule|Evasion Moves Clause: Evasion moves are banned
|rule|HP Percentage Mod: HP is shown in percentages
|
|start
|switch|p1a: Alakazam|Alakazam, M|100\/100
|switch|p2a: Jynx|Jynx|100\/100
|turn|1
|c|★smilzo|hf
|choice||
|
|move|p1a: Alakazam|Thunder Wave|p2a: Jynx
|-status|p2a: Jynx|par
|move|p2a: Jynx|Lovely Kiss|p1a: Alakazam
|-status|p1a: Alakazam|slp
|
|turn|2
|j|Alexander
|c|★marcoasd|u2 with or without u
|choice||
|
|cant|p1a: Alakazam|slp
|move|p2a: Jynx|Blizzard|p1a: Alakazam
|-damage|p1a: Alakazam|64\/100 slp
|
|turn|3
|choice||
|
|switch|p1a: Chansey|Chansey|100\/100
|move|p2a: Jynx|Blizzard|p1a: Chansey|[miss]
|-miss|p2a: Jynx
|
|turn|4
|choice||
|
|move|p1a: Chansey|Thunderbolt|p2a: Jynx
|-damage|p2a: Jynx|76\/100 par
|move|p2a: Jynx|Blizzard|p1a: Chansey
|-damage|p1a: Chansey|82\/100
|
|turn|5
|choice||
|
|switch|p2a: Chansey|Chansey|100\/100
|move|p1a: Chansey|Thunderbolt|p2a: Chansey
|-damage|p2a: Chansey|89\/100
|
|turn|6
|choice||
|
|move|p1a: Chansey|Thunder Wave|p2a: Chansey
|-status|p2a: Chansey|par
|move|p2a: Chansey|Thunder Wave|p1a: Chansey
|-status|p1a: Chansey|par
|
|turn|7
|choice||
|
|switch|p2a: Snorlax|Snorlax, M|100\/100
|switch|p1a: Snorlax|Snorlax, M|100\/100
|
|turn|8
|choice||
|
|move|p1a: Snorlax|Reflect|p1a: Snorlax
|-start|p1a: Snorlax|Reflect
|move|p2a: Snorlax|Body Slam|p1a: Snorlax
|-damage|p1a: Snorlax|86\/100
|
|turn|9
|choice||
|
|switch|p2a: Starmie|Starmie|100\/100
|move|p1a: Snorlax|Ice Beam|p2a: Starmie
|-resisted|p2a: Starmie
|-damage|p2a: Starmie|92\/100
|
|turn|10
|choice||
|
|switch|p1a: Chansey|Chansey|82\/100 par
|move|p2a: Starmie|Thunder Wave|p1a: Chansey
|-fail|p1a: Chansey|par
|
|turn|11
|choice||
|
|switch|p2a: Snorlax|Snorlax, M|100\/100
|move|p1a: Chansey|Thunder Wave|p2a: Snorlax
|-status|p2a: Snorlax|par
|
|turn|12
|choice||
|
|switch|p1a: Snorlax|Snorlax, M|86\/100
|move|p2a: Snorlax|Body Slam|p1a: Snorlax
|-damage|p1a: Snorlax|60\/100
|
|turn|13
|choice||
|
|switch|p2a: Starmie|Starmie|92\/100
|move|p1a: Snorlax|Body Slam|p2a: Starmie
|-crit|p2a: Starmie
|-damage|p2a: Starmie|18\/100
|
|turn|14
|c|★smilzo|cattiveria
|c|★marcoasd|abbastanza
|choice||
|
|move|p2a: Starmie|Recover|p2a: Starmie
|-heal|p2a: Starmie|68\/100
|move|p1a: Snorlax|Body Slam|p2a: Starmie
|-damage|p2a: Starmie|34\/100
|
|turn|15
|c|★marcoasd|ma lo fermo male
|choice||
|
|move|p2a: Starmie|Recover|p2a: Starmie
|-heal|p2a: Starmie|84\/100
|move|p1a: Snorlax|Body Slam|p2a: Starmie
|-damage|p2a: Starmie|48\/100
|-status|p2a: Starmie|par
|
|turn|16
|choice||
|
|move|p1a: Snorlax|Body Slam|p2a: Starmie
|-damage|p2a: Starmie|12\/100 par
|move|p2a: Starmie|Thunder Wave|p1a: Snorlax
|-status|p1a: Snorlax|par
|
|turn|17
|choice||
|
|move|p2a: Starmie|Recover|p2a: Starmie
|-heal|p2a: Starmie|62\/100 par
|move|p1a: Snorlax|Rest|p1a: Snorlax
|-status|p1a: Snorlax|slp
|-heal|p1a: Snorlax|100\/100 slp|[silent]
|-status|p1a: Snorlax|slp|[from] move: Rest
|
|turn|18
|choice||
|
|move|p2a: Starmie|Recover|p2a: Starmie
|-heal|p2a: Starmie|100\/100 par
|cant|p1a: Snorlax|slp
|
|turn|19
|choice||
|
|switch|p1a: Chansey|Chansey|82\/100 par
|move|p2a: Starmie|Blizzard|p1a: Chansey
|-crit|p1a: Chansey
|-damage|p1a: Chansey|57\/100 par
|
|turn|20
|choice||
|
|switch|p2a: Snorlax|Snorlax, M|100\/100 par
|move|p1a: Chansey|Soft-Boiled|p1a: Chansey
|-heal|p1a: Chansey|100\/100 par
|
|turn|21
|choice||
|
|switch|p1a: Snorlax|Snorlax, M|100\/100 slp
|move|p2a: Snorlax|Body Slam|p1a: Snorlax
|-damage|p1a: Snorlax|73\/100 slp
|
|turn|22
|choice||
|
|-curestatus|p1a: Snorlax|slp
|move|p2a: Snorlax|Self-Destruct|p1a: Snorlax
|-damage|p1a: Snorlax|0 fnt
|faint|p1a: Snorlax
|faint|p2a: Snorlax
|c|★marcoasd|fermato
|j|Bro Kappa
|c|★marcoasd|E SE NE VADA FUORI DAI COGLIONI
|c|★marcoasd|LEI QUI E' UN OSPITE
|choice||
|
|switch|p1a: Chansey|Chansey|100\/100 par
|switch|p2a: Chansey|Chansey|89\/100 par
|turn|23
|choice||
|
|move|p1a: Chansey|Thunderbolt|p2a: Chansey
|-damage|p2a: Chansey|79\/100 par
|move|p2a: Chansey|Ice Beam|p1a: Chansey
|-damage|p1a: Chansey|89\/100 par
|
|turn|24
|choice||
|
|move|p1a: Chansey|Thunderbolt|p2a: Chansey
|-damage|p2a: Chansey|68\/100 par
|move|p2a: Chansey|Soft-Boiled|p2a: Chansey
|-heal|p2a: Chansey|100\/100 par
|
|turn|25
|choice||
|
|move|p1a: Chansey|Ice Beam|p2a: Chansey
|-crit|p2a: Chansey
|-damage|p2a: Chansey|79\/100 par
|move|p2a: Chansey|Ice Beam|p1a: Chansey
|-damage|p1a: Chansey|78\/100 par
|
|turn|26
|choice||
|
|move|p1a: Chansey|Thunderbolt|p2a: Chansey
|-damage|p2a: Chansey|68\/100 par
|cant|p2a: Chansey|par
|
|turn|27
|c|★marcoasd|l'ultimo è giallo
|c|★smilzo|l'ultimo è lucario
|choice||
|
|move|p1a: Chansey|Thunder Wave|p2a: Chansey
|-fail|p2a: Chansey|par
|move|p2a: Chansey|Soft-Boiled|p2a: Chansey
|-heal|p2a: Chansey|100\/100 par
|
|turn|28
|choice||
|
|move|p2a: Chansey|Ice Beam|p1a: Chansey
|-damage|p1a: Chansey|66\/100 par
|move|p1a: Chansey|Ice Beam|p2a: Chansey
|-damage|p2a: Chansey|91\/100 par
|
|turn|29
|choice||
|
|switch|p2a: Golem|Golem|100\/100
|cant|p1a: Chansey|par
|
|turn|30
|choice||
|
|switch|p1a: Exeggutor|Exeggutor, M|100\/100
|move|p2a: Golem|Rock Slide|p1a: Exeggutor|[miss]
|-miss|p2a: Golem
|
|turn|31
|c|★marcoasd|a+
|choice||
|
|switch|p1a: Chansey|Chansey|66\/100 par
|switch|p2a: Chansey|Chansey|91\/100 par
|
|turn|32
|l|Bro Kappa
|choice||
|
|switch|p2a: Tauros|Tauros|100\/100
|cant|p1a: Chansey|par
|
|turn|33
|c|★smilzo|aiai
|choice||
|
|switch|p1a: Exeggutor|Exeggutor, M|100\/100
|move|p2a: Tauros|Body Slam|p1a: Exeggutor
|-damage|p1a: Exeggutor|74\/100
|-status|p1a: Exeggutor|par
|
|turn|34
|choice||
|
|switch|p2a: Jynx|Jynx|76\/100 par
|move|p1a: Exeggutor|Psychic|p2a: Jynx
|-resisted|p2a: Jynx
|-damage|p2a: Jynx|55\/100 par
|-unboost|p2a: Jynx|spd|1
|-unboost|p2a: Jynx|spa|1
|
|turn|35
|choice||
|
|switch|p1a: Chansey|Chansey|66\/100 par
|move|p2a: Jynx|Blizzard|p1a: Chansey
|-damage|p1a: Chansey|54\/100 par
|
|turn|36
|choice||
|
|switch|p2a: Tauros|Tauros|100\/100
|move|p1a: Chansey|Soft-Boiled|p1a: Chansey
|-heal|p1a: Chansey|100\/100 par
|
|turn|37
|choice||
|
|move|p2a: Tauros|Body Slam|p1a: Chansey
|-damage|p1a: Chansey|59\/100 par
|move|p1a: Chansey|Thunder Wave|p2a: Tauros
|-status|p2a: Tauros|par
|
|turn|38
|c|★marcoasd|sassosweep
|c|★smilzo|eh mi sa di si
|choice||
|
|switch|p1a: Alakazam|Alakazam, M|64\/100 slp
|cant|p2a: Tauros|par
|
|turn|39
|c|★marcoasd|https:\/\/www.youtube.com\/watch?v=x2u4wcHmez8
|choice||
|
|cant|p1a: Alakazam|slp
|cant|p2a: Tauros|par
|
|turn|40
|choice||
|
|-curestatus|p1a: Alakazam|slp
|move|p2a: Tauros|Hyper Beam|p1a: Alakazam
|-crit|p1a: Alakazam
|-damage|p1a: Alakazam|0 fnt
|faint|p1a: Alakazam
|choice||
|
|switch|p1a: Tauros|Tauros|100\/100
|turn|41
|choice||
|
|switch|p2a: Jynx|Jynx|55\/100 par
|move|p1a: Tauros|Body Slam|p2a: Jynx
|-crit|p2a: Jynx
|-damage|p2a: Jynx|0 fnt
|faint|p2a: Jynx
|choice||
|
|switch|p2a: Starmie|Starmie|100\/100 par
|turn|42
|choice||
|
|switch|p1a: Chansey|Chansey|59\/100 par
|move|p2a: Starmie|Blizzard|p1a: Chansey
|-damage|p1a: Chansey|45\/100 par
|
|turn|43
|choice||
|
|switch|p2a: Tauros|Tauros|100\/100 par
|move|p1a: Chansey|Soft-Boiled|p1a: Chansey
|-heal|p1a: Chansey|95\/100 par
|
|turn|44
|choice||
|
|switch|p1a: Zapdos|Zapdos|100\/100
|move|p2a: Tauros|Body Slam|p1a: Zapdos
|-damage|p1a: Zapdos|72\/100
|
|turn|45
|c|★marcoasd|ai nemici in fronte il sasso
|c|★marcoasd|agli amici tutto il cuor
|choice||
|
|switch|p1a: Exeggutor|Exeggutor, M|74\/100 par
|switch|p2a: Chansey|Chansey|91\/100 par
|
|turn|46
|choice||
|
|switch|p1a: Tauros|Tauros|100\/100
|cant|p2a: Chansey|par
|
|turn|47
|choice||
|
|move|p1a: Tauros|Earthquake|p2a: Chansey
|-damage|p2a: Chansey|61\/100 par
|move|p2a: Chansey|Thunder Wave|p1a: Tauros
|-status|p1a: Tauros|par
|
|turn|48
|c|★marcoasd|rinunciando a tirare sing tra l'altro
|j|Diegolh
|c|★smilzo|un po troppo rischioso
|c|★marcoasd|sì
|choice||
|
|switch|p2a: Starmie|Starmie|100\/100 par
|move|p1a: Tauros|Body Slam|p2a: Starmie
|-crit|p2a: Starmie
|-damage|p2a: Starmie|39\/100 par
|
|turn|49
|c|★marcoasd|poi dai è scritto che sta partita deve fare la sua figura il sasso
|choice||
|
|cant|p2a: Starmie|par
|cant|p1a: Tauros|par
|
|turn|50
|choice||
|
|move|p2a: Starmie|Recover|p2a: Starmie
|-heal|p2a: Starmie|88\/100 par
|cant|p1a: Tauros|par
|
|turn|51
|choice||
|
|switch|p2a: Chansey|Chansey|61\/100 par
|switch|p1a: Zapdos|Zapdos|72\/100
|
|turn|52
|j|LeInf
|choice||
|
|switch|p1a: Tauros|Tauros|100\/100 par
|switch|p2a: Golem|Golem|100\/100
|
|turn|53
|choice||
|
|switch|p2a: Starmie|Starmie|88\/100 par
|cant|p1a: Tauros|par
|
|turn|54
|choice||
|
|switch|p1a: Chansey|Chansey|95\/100 par
|cant|p2a: Starmie|par
|
|turn|55
|choice||
|
|switch|p2a: Tauros|Tauros|100\/100 par
|move|p1a: Chansey|Ice Beam|p2a: Tauros
|-damage|p2a: Tauros|74\/100 par
|
|turn|56
|choice||
|
|move|p2a: Tauros|Body Slam|p1a: Chansey
|-crit|p1a: Chansey
|-damage|p1a: Chansey|21\/100 par
|move|p1a: Chansey|Ice Beam|p2a: Tauros
|-damage|p2a: Tauros|44\/100 par
|
|turn|57
|choice||
|
|cant|p2a: Tauros|par
|move|p1a: Chansey|Ice Beam|p2a: Tauros
|-damage|p2a: Tauros|15\/100 par
|
|turn|58
|choice||
|
|move|p2a: Tauros|Hyper Beam|p1a: Chansey
|-damage|p1a: Chansey|0 fnt
|faint|p1a: Chansey
|choice||
|
|switch|p1a: Zapdos|Zapdos|72\/100
|turn|59
|choice||
|
|switch|p2a: Golem|Golem|100\/100
|move|p1a: Zapdos|Drill Peck|p2a: Golem
|-crit|p2a: Golem
|-resisted|p2a: Golem
|-damage|p2a: Golem|82\/100
|
|turn|60
|choice||
|
|switch|p1a: Exeggutor|Exeggutor, M|74\/100 par
|move|p2a: Golem|Rock Slide|p1a: Exeggutor
|-damage|p1a: Exeggutor|47\/100 par
|
|turn|61
|choice||
|
|switch|p2a: Chansey|Chansey|61\/100 par
|move|p1a: Exeggutor|Explosion|p2a: Chansey
|-damage|p2a: Chansey|0 fnt
|faint|p2a: Chansey
|faint|p1a: Exeggutor
|choice||
|
|switch|p2a: Starmie|Starmie|88\/100 par
|switch|p1a: Tauros|Tauros|100\/100 par
|turn|62
|choice||
|
|move|p2a: Starmie|Blizzard|p1a: Tauros|[miss]
|-miss|p2a: Starmie
|move|p1a: Tauros|Body Slam|p2a: Starmie
|-damage|p2a: Starmie|55\/100 par
|
|turn|63
|choice||
|
|move|p2a: Starmie|Recover|p2a: Starmie
|-heal|p2a: Starmie|100\/100 par
|move|p1a: Tauros|Body Slam|p2a: Starmie
|-crit|p2a: Starmie
|-damage|p2a: Starmie|36\/100 par
|
|turn|64
|choice||
|
|move|p2a: Starmie|Blizzard|p1a: Tauros
|-damage|p1a: Tauros|64\/100 par
|move|p1a: Tauros|Body Slam|p2a: Starmie
|-damage|p2a: Starmie|5\/100 par
|
|turn|65
|choice||
|
|cant|p2a: Starmie|par
|move|p1a: Tauros|Hyper Beam|p2a: Starmie|[miss]
|-miss|p1a: Tauros
|
|turn|66
|choice||
|
|move|p2a: Starmie|Blizzard|p1a: Tauros
|-crit|p1a: Tauros
|-damage|p1a: Tauros|0 fnt
|faint|p1a: Tauros
|choice||
|
|switch|p1a: Zapdos|Zapdos|72\/100
|turn|67
|c|★marcoasd|gg
|c|★smilzo|gg
|choice||
|
|move|p1a: Zapdos|Drill Peck|p2a: Starmie
|-damage|p2a: Starmie|0 fnt
|faint|p2a: Starmie
|c|★marcoasd|ai nemici in fronte il sassooo
|choice||
|
|switch|p2a: Golem|Golem|82\/100
|turn|68
|c|★smilzo|tanto ho hp grass
|choice||
|
|move|p1a: Zapdos|Drill Peck|p2a: Golem
|-resisted|p2a: Golem
|-damage|p2a: Golem|72\/100
|move|p2a: Golem|Rock Slide|p1a: Zapdos|[miss]
|-miss|p2a: Golem
|
|turn|69
|c|★marcoasd|farebbe male
|choice||
|
|move|p1a: Zapdos|Drill Peck|p2a: Golem
|-resisted|p2a: Golem
|-damage|p2a: Golem|61\/100
|move|p2a: Golem|Rock Slide|p1a: Zapdos
|-supereffective|p1a: Zapdos
|-damage|p1a: Zapdos|14\/100
|
|turn|70
|c|★smilzo|altri 6 miss
|choice||
|
|move|p1a: Zapdos|Drill Peck|p2a: Golem
|-crit|p2a: Golem
|-resisted|p2a: Golem
|-damage|p2a: Golem|42\/100
|move|p2a: Golem|Rock Slide|p1a: Zapdos
|-supereffective|p1a: Zapdos
|-damage|p1a: Zapdos|0 fnt
|faint|p1a: Zapdos
|
|win|marcoasd
|player|p1
|player|p2
|c|★marcoasd|asd
|l|LeInf
|c|★smilzo|gg
|l|marcoasd