|join|Buts X
|join|bfgbfgbsn
|player|p1|Buts X|43
|player|p2|bfgbfgbsn|170
|gametype|singles
|gen|1
|tier|[Gen 1] Random Battle
|rated
|rule|Sleep Clause Mod: Limit one foe put to sleep
|rule|Freeze Clause Mod: Limit one foe frozen
|rule|HP Percentage Mod: HP is shown in percentages
|
|start
|switch|p1a: Machoke|Machoke, L85|310\/310
|switch|p2a: Rhydon|Rhydon, L79|328\/328
|turn|1
|
|move|p1a: Machoke|Earthquake|p2a: Rhydon
|-crit|p2a: Rhydon
|-supereffective|p2a: Rhydon
|-damage|p2a: Rhydon|89\/328
|move|p2a: Rhydon|Earthquake|p1a: Machoke
|-damage|p1a: Machoke|186\/310
|
|turn|2
|
|move|p1a: Machoke|Earthquake|p2a: Rhydon
|-supereffective|p2a: Rhydon
|-damage|p2a: Rhydon|0 fnt
|faint|p2a: Rhydon
|
|switch|p2a: Haunter|Haunter, L85|250\/250
|turn|3
|
|move|p2a: Haunter|Psychic|p1a: Machoke
|-crit|p1a: Machoke
|-supereffective|p1a: Machoke
|-damage|p1a: Machoke|0 fnt
|faint|p1a: Machoke
|
|switch|p1a: Rhydon|Rhydon, L79|328\/328
|turn|4
|
|move|p2a: Haunter|Mega Drain|p1a: Rhydon
|-supereffective|p1a: Rhydon
|-damage|p1a: Rhydon|110\/328
|move|p1a: Rhydon|Earthquake|p2a: Haunter
|-supereffective|p2a: Haunter
|-damage|p2a: Haunter|0 fnt
|faint|p2a: Haunter
|
|switch|p2a: Kingler|Kingler, L85|267\/267
|turn|5
|
|switch|p1a: Magikarp|Magikarp, L99|240\/240
|move|p2a: Kingler|Crabhammer|p1a: Magikarp|[miss]
|-miss|p2a: Kingler
|
|turn|6
|
|move|p1a: Magikarp|Dragon Rage|p2a: Kingler
|-damage|p2a: Kingler|227\/267
|move|p2a: Kingler|Body Slam|p1a: Magikarp
|-damage|p1a: Magikarp|153\/240
|-status|p1a: Magikarp|par
|
|turn|7
|
|move|p2a: Kingler|Body Slam|p1a: Magikarp
|-damage|p1a: Magikarp|73\/240 par
|move|p1a: Magikarp|Dragon Rage|p2a: Kingler
|-damage|p2a: Kingler|187\/267
|
|turn|8
|
|move|p2a: Kingler|Swords Dance|p2a: Kingler
|-boost|p2a: Kingler|atk|2
|move|p1a: Magikarp|Dragon Rage|p2a: Kingler
|-damage|p2a: Kingler|147\/267
|
|turn|9
|
|move|p2a: Kingler|Swords Dance|p2a: Kingler
|-boost|p2a: Kingler|atk|2
|move|p1a: Magikarp|Dragon Rage|p2a: Kingler
|-damage|p2a: Kingler|107\/267
|
|turn|10
|
|move|p2a: Kingler|Body Slam|p1a: Magikarp
|-crit|p1a: Magikarp
|-damage|p1a: Magikarp|0 fnt
|faint|p1a: Magikarp
|
|switch|p1a: Jynx|Jynx, L79|265\/265
|turn|11
|
|move|p1a: Jynx|Psychic|p2a: Kingler
|-damage|p2a: Kingler|0 fnt
|faint|p2a: Kingler
|
|switch|p2a: Pinsir|Pinsir, L85|284\/284
|turn|12
|
|move|p1a: Jynx|Blizzard|p2a: Pinsir|[miss]
|-miss|p1a: Jynx
|move|p2a: Pinsir|Body Slam|p1a: Jynx
|-crit|p1a: Jynx
|-damage|p1a: Jynx|23\/265
|
|turn|13
|
|switch|p1a: Golem|Golem, L79|288\/288
|move|p2a: Pinsir|Body Slam|p1a: Golem
|-resisted|p1a: Golem
|-damage|p1a: Golem|260\/288
|
|turn|14
|
|move|p2a: Pinsir|Submission|p1a: Golem
|-supereffective|p1a: Golem
|-damage|p1a: Golem|155\/288
|-damage|p2a: Pinsir|258\/284|[from] recoil|[of] p1a: Golem
|move|p1a: Golem|Rock Slide|p2a: Pinsir
|-supereffective|p2a: Pinsir
|-damage|p2a: Pinsir|120\/284
|
|turn|15
|
|move|p2a: Pinsir|Submission|p1a: Golem
|-supereffective|p1a: Golem
|-damage|p1a: Golem|33\/288
|-damage|p2a: Pinsir|90\/284|[from] recoil|[of] p1a: Golem
|move|p1a: Golem|Rock Slide|p2a: Pinsir
|-supereffective|p2a: Pinsir
|-damage|p2a: Pinsir|0 fnt
|faint|p2a: Pinsir
|
|switch|p2a: Tentacool|Tentacool, L96|272\/272
|turn|16
|
|move|p2a: Tentacool|Hydro Pump|p1a: Golem
|-supereffective|p1a: Golem
|-damage|p1a: Golem|0 fnt
|faint|p1a: Golem
|
|switch|p1a: Jynx|Jynx, L79|23\/265
|turn|17
|
|move|p2a: Tentacool|Hydro Pump|p1a: Jynx
|-damage|p1a: Jynx|0 fnt
|faint|p1a: Jynx
|
|switch|p1a: Dragonite|Dragonite, L85|328\/328
|turn|18
|
|move|p2a: Tentacool|Blizzard|p1a: Dragonite|[miss]
|-miss|p2a: Tentacool
|move|p1a: Dragonite|Thunder Wave|p2a: Tentacool
|-status|p2a: Tentacool|par
|
|turn|19
|
|move|p1a: Dragonite|Body Slam|p2a: Tentacool
|-crit|p2a: Tentacool
|-damage|p2a: Tentacool|70\/272 par
|move|p2a: Tentacool|Blizzard|p1a: Dragonite
|-supereffective|p1a: Dragonite
|-damage|p1a: Dragonite|0 fnt
|faint|p1a: Dragonite
|
|switch|p1a: Rhydon|Rhydon, L79|110\/328
|turn|20
|
|move|p1a: Rhydon|Earthquake|p2a: Tentacool
|-supereffective|p2a: Tentacool
|-damage|p2a: Tentacool|0 fnt
|faint|p2a: Tentacool
|
|switch|p2a: Porygon|Porygon, L85|284\/284
|turn|21
|
|move|p2a: Porygon|Hyper Beam|p1a: Rhydon
|-resisted|p1a: Rhydon
|-damage|p1a: Rhydon|59\/328
|move|p1a: Rhydon|Earthquake|p2a: Porygon
|-damage|p2a: Porygon|161\/284
|
|turn|22
|
|cant|p2a: Porygon|recharge
|move|p1a: Rhydon|Earthquake|p2a: Porygon
|-damage|p2a: Porygon|26\/284
|
|turn|23
|
|move|p2a: Porygon|Hyper Beam|p1a: Rhydon
|-resisted|p1a: Rhydon
|-damage|p1a: Rhydon|9\/328
|move|p1a: Rhydon|Earthquake|p2a: Porygon
|-damage|p2a: Porygon|0 fnt
|faint|p2a: Porygon
|
|win|Buts X
|raw|Ladder updating...
|raw|Buts X's rating: 1308 &rarr; <strong>1315<\/strong><br \/>(+7 for winning)
|raw|bfgbfgbsn's rating: 1059 &rarr; <strong>1052<\/strong><br \/>(-7 for losing)
|leave|bfgbfgbsn
|player|p2