|j|xJoelituh
|j|badaking
|player|p1|xJoelituh|134
|player|p2|badaking|102
|gametype|singles
|gen|1
|tier|[Gen 1] OU
|seed|44948,9816,47646,14192
|rule|Sleep Clause Mod: Limit one foe put to sleep
|rule|Freeze Clause Mod: Limit one foe frozen
|rule|Species Clause: Limit one of each Pokémon
|rule|OHKO Clause: OHKO moves are banned
|rule|Evasion Moves Clause: Evasion moves are banned
|rule|HP Percentage Mod: HP is shown in percentages
|
|start
|switch|p1a: Starmie|Starmie|323\/323
|switch|p2a: Alakazam|Alakazam|313\/313
|turn|1
|j|Oksort
|j|CC) Misicloud
|c|★xJoelituh|hf again
|choice|move 3|switch 2
|
|switch|p2a: Chansey|Chansey|703\/703
|move|p1a: Starmie|Thunder Wave|p2a: Chansey
|-status|p2a: Chansey|par
|
|turn|2
|j|MoosE1
|choice|switch 4|move 3
|
|switch|p1a: Snorlax|Snorlax|523\/523
|move|p2a: Chansey|Sing|p1a: Snorlax|[miss]
|-miss|p2a: Chansey
|
|turn|3
|c| CC) Misicloud|lol
|choice|move 1|move 3
|
|move|p1a: Snorlax|Body Slam|p2a: Chansey
|-damage|p2a: Chansey|405\/703 par
|move|p2a: Chansey|Sing|p1a: Snorlax
|-status|p1a: Snorlax|slp
|
|turn|4
|c| Oksort|Gen 1 looks too much haxy for me lmao
|choice|switch 5|move 1
|
|switch|p1a: Rhydon|Rhydon|413\/413
|move|p2a: Chansey|Soft-Boiled|p2a: Chansey
|-heal|p2a: Chansey|703\/703 par
|
|turn|5
|choice|switch 4|switch 4
|
|switch|p1a: Starmie|Starmie|323\/323
|switch|p2a: Exeggutor|Exeggutor|393\/393
|
|turn|6
|choice|move 1|switch 4
|
|switch|p2a: Chansey|Chansey|703\/703 par
|move|p1a: Starmie|Blizzard|p2a: Chansey
|-damage|p2a: Chansey|611\/703 par
|
|turn|7
|choice|switch 4|move 4
|
|switch|p1a: Rhydon|Rhydon|413\/413
|cant|p2a: Chansey|par
|
|turn|8
|choice|move 1|switch 4
|
|switch|p2a: Exeggutor|Exeggutor|393\/393
|move|p1a: Rhydon|Body Slam|p2a: Exeggutor
|-damage|p2a: Exeggutor|307\/393
|
|turn|9
|choice|switch 3|move 3
|
|switch|p1a: Chansey|Chansey|703\/703
|move|p2a: Exeggutor|Psychic|p1a: Chansey
|-damage|p1a: Chansey|573\/703
|
|turn|10
|choice|switch 4|switch 4
|
|switch|p2a: Chansey|Chansey|611\/703 par
|switch|p1a: Starmie|Starmie|323\/323
|
|turn|11
|choice|switch 3|move 4
|
|switch|p1a: Rhydon|Rhydon|413\/413
|move|p2a: Chansey|Seismic Toss|p1a: Rhydon
|-damage|p1a: Rhydon|313\/413
|
|turn|12
|choice|switch 4|switch 4
|
|switch|p1a: Chansey|Chansey|573\/703
|switch|p2a: Exeggutor|Exeggutor|307\/393
|
|turn|13
|l|MoosE1
|choice|move 1|switch 4
|
|switch|p2a: Chansey|Chansey|611\/703 par
|move|p1a: Chansey|Ice Beam|p2a: Chansey
|-damage|p2a: Chansey|537\/703 par
|
|turn|14
|choice|switch 3|move 4
|
|switch|p1a: Starmie|Starmie|323\/323
|move|p2a: Chansey|Seismic Toss|p1a: Starmie
|-damage|p1a: Starmie|223\/323
|
|turn|15
|choice|move 2|move 4
|
|move|p1a: Starmie|Psychic|p2a: Chansey
|-damage|p2a: Chansey|434\/703 par
|move|p2a: Chansey|Seismic Toss|p1a: Starmie
|-damage|p1a: Starmie|123\/323
|
|turn|16
|choice|move 4|move 2
|
|move|p1a: Starmie|Recover|p1a: Starmie
|-heal|p1a: Starmie|284\/323
|move|p2a: Chansey|Thunder Wave|p1a: Starmie
|-status|p1a: Starmie|par
|
|turn|17
|choice|switch 4|move 1
|
|switch|p1a: Rhydon|Rhydon|313\/413
|move|p2a: Chansey|Soft-Boiled|p2a: Chansey
|-heal|p2a: Chansey|703\/703 par
|
|turn|18
|choice|move 1|switch 4
|
|switch|p2a: Exeggutor|Exeggutor|307\/393
|move|p1a: Rhydon|Body Slam|p2a: Exeggutor
|-damage|p2a: Exeggutor|217\/393
|-status|p2a: Exeggutor|par
|
|turn|19
|choice|switch 4|move 2
|
|switch|p1a: Starmie|Starmie|284\/323 par
|move|p2a: Exeggutor|Rest|p2a: Exeggutor
|-status|p2a: Exeggutor|slp
|-heal|p2a: Exeggutor|393\/393 slp|[silent]
|-status|p2a: Exeggutor|slp|[from] move: Rest
|
|turn|20
|choice|switch 4|switch 4
|
|switch|p1a: Rhydon|Rhydon|313\/413
|switch|p2a: Chansey|Chansey|703\/703 par
|
|turn|21
|choice|move 3|move 4
|
|move|p1a: Rhydon|Earthquake|p2a: Chansey
|-damage|p2a: Chansey|304\/703 par
|move|p2a: Chansey|Seismic Toss|p1a: Rhydon
|-damage|p1a: Rhydon|213\/413
|
|turn|22
|c| CC) Misicloud|tortazo
|choice|move 1|switch 4
|
|switch|p2a: Exeggutor|Exeggutor|393\/393 slp
|move|p1a: Rhydon|Body Slam|p2a: Exeggutor
|-damage|p2a: Exeggutor|301\/393 slp
|
|turn|23
|choice|move 1|switch 6
|
|switch|p2a: Rhydon|Rhydon|413\/413
|move|p1a: Rhydon|Body Slam|p2a: Rhydon
|-resisted|p2a: Rhydon
|-damage|p2a: Rhydon|376\/413
|
|turn|24
|choice|switch 4|move 1
|
|switch|p1a: Starmie|Starmie|284\/323 par
|move|p2a: Rhydon|Earthquake|p1a: Starmie
|-damage|p1a: Starmie|135\/323 par
|
|turn|25
|choice|switch 2|move 1
|
|switch|p1a: Exeggutor|Exeggutor|393\/393
|move|p2a: Rhydon|Earthquake|p1a: Exeggutor
|-resisted|p1a: Exeggutor
|-damage|p1a: Exeggutor|314\/393
|
|turn|26
|choice|switch 4|switch 6
|
|switch|p1a: Rhydon|Rhydon|213\/413
|switch|p2a: Exeggutor|Exeggutor|301\/393 slp
|
|turn|27
|choice|move 1|move 3
|
|cant|p2a: Exeggutor|slp
|move|p1a: Rhydon|Body Slam|p2a: Exeggutor
|-damage|p2a: Exeggutor|210\/393 slp
|
|turn|28
|choice|move 1|move 3
|
|-curestatus|p2a: Exeggutor|slp
|move|p1a: Rhydon|Body Slam|p2a: Exeggutor
|-damage|p2a: Exeggutor|129\/393
|
|turn|29
|choice|switch 3|move 4
|
|switch|p1a: Chansey|Chansey|573\/703
|move|p2a: Exeggutor|Stun Spore|p1a: Chansey
|-status|p1a: Chansey|par
|
|turn|30
|choice|switch 2|move 2
|
|switch|p1a: Starmie|Starmie|135\/323 par
|move|p2a: Exeggutor|Rest|p2a: Exeggutor
|-status|p2a: Exeggutor|slp
|-heal|p2a: Exeggutor|393\/393 slp|[silent]
|-status|p2a: Exeggutor|slp|[from] move: Rest
|
|turn|31
|choice|move 1|switch 4
|
|switch|p2a: Chansey|Chansey|304\/703 par
|move|p1a: Starmie|Blizzard|p2a: Chansey
|-damage|p2a: Chansey|211\/703 par
|
|turn|32
|c| CC) Misicloud|buena
|c| CC) Misicloud|rip era Recover
|choice|switch 3|move 1
|
|switch|p1a: Rhydon|Rhydon|213\/413
|move|p2a: Chansey|Soft-Boiled|p2a: Chansey
|-heal|p2a: Chansey|562\/703 par
|
|turn|33
|j|Pikagirll
|choice|move 3|switch 4
|
|switch|p2a: Exeggutor|Exeggutor|393\/393 slp
|move|p1a: Rhydon|Earthquake|p2a: Exeggutor
|-resisted|p2a: Exeggutor
|-damage|p2a: Exeggutor|313\/393 slp
|
|turn|34
|choice|move 1|move 3
|
|cant|p2a: Exeggutor|slp
|move|p1a: Rhydon|Body Slam|p2a: Exeggutor
|-damage|p2a: Exeggutor|225\/393 slp
|
|turn|35
|choice|move 1|move 3
|
|-curestatus|p2a: Exeggutor|slp
|move|p1a: Rhydon|Body Slam|p2a: Exeggutor
|-damage|p2a: Exeggutor|142\/393
|
|turn|36
|l|Pikagirll
|choice|switch 3|move 3
|
|switch|p1a: Starmie|Starmie|135\/323 par
|move|p2a: Exeggutor|Psychic|p1a: Starmie
|-crit|p1a: Starmie
|-resisted|p1a: Starmie
|-damage|p1a: Starmie|17\/323 par
|-unboost|p1a: Starmie|spd|1
|-unboost|p1a: Starmie|spa|1
|
|turn|37
|c| CC) Misicloud|...
|c|★xJoelituh|np lol
|choice|move 1|move 3
|
|move|p2a: Exeggutor|Psychic|p1a: Starmie
|-resisted|p1a: Starmie
|-damage|p1a: Starmie|0 fnt
|faint|p1a: Starmie
|choice|switch 4|
|
|switch|p1a: Exeggutor|Exeggutor|314\/393
|turn|38
|choice|move 1|switch 4
|
|switch|p2a: Chansey|Chansey|562\/703 par
|move|p1a: Exeggutor|Sleep Powder|p2a: Chansey
|-fail|p2a: Chansey
|
|turn|39
|choice|move 4|switch 5
|
|switch|p2a: Lapras|Lapras|463\/463
|move|p1a: Exeggutor|Explosion|p2a: Lapras
|-damage|p2a: Lapras|166\/463
|faint|p1a: Exeggutor
|choice|switch 2|
|
|switch|p1a: Chansey|Chansey|573\/703 par
|turn|40
|choice|switch 3|switch 5
|
|switch|p2a: Chansey|Chansey|562\/703 par
|switch|p1a: Rhydon|Rhydon|213\/413
|
|turn|41
|choice|move 1|move 1
|
|move|p1a: Rhydon|Body Slam|p2a: Chansey
|-damage|p2a: Chansey|352\/703 par
|move|p2a: Chansey|Soft-Boiled|p2a: Chansey
|-heal|p2a: Chansey|703\/703 par
|
|turn|42
|choice|move 3|switch 4
|
|switch|p2a: Exeggutor|Exeggutor|142\/393
|move|p1a: Rhydon|Earthquake|p2a: Exeggutor
|-resisted|p2a: Exeggutor
|-damage|p2a: Exeggutor|58\/393
|
|turn|43
|choice|move 1|move 2
|
|move|p2a: Exeggutor|Rest|p2a: Exeggutor
|-status|p2a: Exeggutor|slp
|-heal|p2a: Exeggutor|393\/393 slp|[silent]
|-status|p2a: Exeggutor|slp|[from] move: Rest
|move|p1a: Rhydon|Body Slam|p2a: Exeggutor
|-crit|p2a: Exeggutor
|-damage|p2a: Exeggutor|230\/393 slp
|
|turn|44
|choice|move 1|move 3
|
|cant|p2a: Exeggutor|slp
|move|p1a: Rhydon|Body Slam|p2a: Exeggutor
|-damage|p2a: Exeggutor|142\/393 slp
|
|turn|45
|choice|move 1|move 3
|
|-curestatus|p2a: Exeggutor|slp
|move|p1a: Rhydon|Body Slam|p2a: Exeggutor
|-damage|p2a: Exeggutor|55\/393
|
|turn|46
|c| CC) Misicloud|no hay suerte eh
|c|★xJoelituh|que va
|choice|switch 3|move 2
|
|switch|p1a: Chansey|Chansey|573\/703 par
|move|p2a: Exeggutor|Rest|p2a: Exeggutor
|-status|p2a: Exeggutor|slp
|-heal|p2a: Exeggutor|393\/393 slp|[silent]
|-status|p2a: Exeggutor|slp|[from] move: Rest
|
|turn|47
|choice|switch 3|switch 4
|
|switch|p2a: Chansey|Chansey|703\/703 par
|switch|p1a: Rhydon|Rhydon|213\/413
|
|turn|48
|choice|move 3|switch 4
|
|switch|p2a: Exeggutor|Exeggutor|393\/393 slp
|move|p1a: Rhydon|Earthquake|p2a: Exeggutor
|-resisted|p2a: Exeggutor
|-damage|p2a: Exeggutor|314\/393 slp
|
|turn|49
|choice|switch 3|move 3
|
|switch|p1a: Chansey|Chansey|573\/703 par
|cant|p2a: Exeggutor|slp
|
|turn|50
|choice|move 1|switch 4
|
|switch|p2a: Chansey|Chansey|703\/703 par
|cant|p1a: Chansey|par
|
|turn|51
|choice|move 1|move 4
|
|move|p2a: Chansey|Seismic Toss|p1a: Chansey
|-damage|p1a: Chansey|473\/703 par
|move|p1a: Chansey|Ice Beam|p2a: Chansey
|-crit|p2a: Chansey
|-damage|p2a: Chansey|548\/703 par
|
|turn|52
|choice|move 4|move 4
|
|cant|p1a: Chansey|par
|move|p2a: Chansey|Seismic Toss|p1a: Chansey
|-damage|p1a: Chansey|373\/703 par
|
|turn|53
|choice|move 4|switch 6
|
|switch|p2a: Rhydon|Rhydon|376\/413
|move|p1a: Chansey|Soft-Boiled|p1a: Chansey
|-heal|p1a: Chansey|703\/703 par
|
|turn|54
|choice|move 1|move 1
|
|move|p2a: Rhydon|Earthquake|p1a: Chansey
|-damage|p1a: Chansey|349\/703 par
|move|p1a: Chansey|Ice Beam|p2a: Rhydon
|-supereffective|p2a: Rhydon
|-damage|p2a: Rhydon|145\/413
|
|turn|55
|choice|switch 6|move 1
|
|switch|p1a: Slowbro|Slowbro|393\/393
|move|p2a: Rhydon|Earthquake|p1a: Slowbro
|-damage|p1a: Slowbro|261\/393
|
|turn|56
|choice|move 2|move 1
|
|move|p2a: Rhydon|Earthquake|p1a: Slowbro
|-damage|p1a: Slowbro|118\/393
|move|p1a: Slowbro|Withdraw|p1a: Slowbro
|-boost|p1a: Slowbro|def|1
|
|turn|57
|choice|move 4|switch 5
|
|switch|p2a: Lapras|Lapras|166\/463
|move|p1a: Slowbro|Rest|p1a: Slowbro
|-status|p1a: Slowbro|slp
|-heal|p1a: Slowbro|393\/393 slp|[silent]
|-status|p1a: Slowbro|slp|[from] move: Rest
|
|turn|58
|choice|switch 6|move 3
|
|switch|p1a: Chansey|Chansey|349\/703 par
|move|p2a: Lapras|Thunderbolt|p1a: Chansey
|-damage|p1a: Chansey|285\/703 par
|
|turn|59
|choice|switch 3|move 4
|
|switch|p1a: Rhydon|Rhydon|213\/413
|move|p2a: Lapras|Confuse Ray|p1a: Rhydon
|-start|p1a: Rhydon|confusion
|
|turn|60
|choice|switch 6|move 1
|
|switch|p1a: Slowbro|Slowbro|393\/393 slp
|move|p2a: Lapras|Blizzard|p1a: Slowbro
|-crit|p1a: Slowbro
|-resisted|p1a: Slowbro
|-damage|p1a: Slowbro|228\/393 slp
|
|turn|61
|c| CC) Misicloud|xD
|c|★xJoelituh|nah
|c| CC) Misicloud|Forfeitea ya
|c| CC) Misicloud|no puedes ganar
|choice|move 1|move 3
|
|move|p2a: Lapras|Thunderbolt|p1a: Slowbro
|-supereffective|p1a: Slowbro
|-damage|p1a: Slowbro|61\/393 slp
|cant|p1a: Slowbro|slp
|
|turn|62
|c|★xJoelituh|gg, next game badabing
|-message|xJoelituh forfeited.
|
|win|badaking
|player|p1
|player|p2
|l|CC) Misicloud
|l|xJoelituh