|j|trickster is a nig
|j|Heyayey
|player|p1|trickster is a nig|102
|player|p2|Heyayey|7
|gametype|singles
|gen|1
|tier|[Gen 1] Random Battle
|rated
|seed|
|rule|Sleep Clause Mod: Limit one foe put to sleep
|rule|Freeze Clause Mod: Limit one foe frozen
|rule|HP Percentage Mod: HP is shown in percentages
|
|start
|switch|p1a: Flareon|Flareon, L90|100\/100
|switch|p2a: Graveler|Graveler, L85|100\/100
|turn|1
|choice||
|
|switch|p1a: Pidgeotto|Pidgeotto, L90|100\/100
|move|p2a: Graveler|Rock Slide|p1a: Pidgeotto|[miss]
|-miss|p2a: Graveler
|
|turn|2
|choice||
|
|switch|p1a: Tentacool|Tentacool, L96|100\/100
|move|p2a: Graveler|Rock Slide|p1a: Tentacool
|-damage|p1a: Tentacool|59\/100
|
|turn|3
|choice||
|
|switch|p2a: Jolteon|Jolteon, L79|100\/100
|move|p1a: Tentacool|Blizzard|p2a: Jolteon
|-damage|p2a: Jolteon|59\/100
|
|turn|4
|choice||
|
|switch|p1a: Clefable|Clefable, L85|100\/100
|move|p2a: Jolteon|Thunderbolt|p1a: Clefable
|-damage|p1a: Clefable|72\/100
|
|turn|5
|choice||
|
|switch|p2a: Graveler|Graveler, L85|100\/100
|move|p1a: Clefable|Body Slam|p2a: Graveler
|-resisted|p2a: Graveler
|-damage|p2a: Graveler|89\/100
|
|turn|6
|choice||
|
|move|p1a: Clefable|Blizzard|p2a: Graveler
|-supereffective|p2a: Graveler
|-damage|p2a: Graveler|2\/100
|move|p2a: Graveler|Earthquake|p1a: Clefable
|-damage|p1a: Clefable|37\/100
|
|turn|7
|choice||
|
|move|p1a: Clefable|Body Slam|p2a: Graveler
|-crit|p2a: Graveler
|-resisted|p2a: Graveler
|-damage|p2a: Graveler|0 fnt
|faint|p2a: Graveler
|choice||
|
|switch|p2a: Mew|Mew, L74|100\/100
|turn|8
|choice||
|
|move|p2a: Mew|Hyper Beam|p1a: Clefable
|-damage|p1a: Clefable|11\/100
|move|p1a: Clefable|Sing|p2a: Mew
|-status|p2a: Mew|slp
|
|turn|9
|-mustrecharge|p2a: Mew
|-mustrecharge|p2a: Mew
|choice||
|
|cant|p2a: Mew|recharge
|move|p1a: Clefable|Body Slam|p2a: Mew
|-damage|p2a: Mew|74\/100 slp
|
|turn|10
|choice||
|
|-curestatus|p2a: Mew|slp
|move|p1a: Clefable|Body Slam|p2a: Mew
|-damage|p2a: Mew|45\/100
|-status|p2a: Mew|par
|
|turn|11
|choice||
|
|move|p1a: Clefable|Body Slam|p2a: Mew
|-damage|p2a: Mew|18\/100 par
|cant|p2a: Mew|par
|
|turn|12
|choice||
|
|move|p1a: Clefable|Body Slam|p2a: Mew
|-damage|p2a: Mew|0 fnt
|faint|p2a: Mew
|choice||
|
|switch|p2a: Primeape|Primeape, L90|100\/100
|turn|13
|choice||
|
|move|p2a: Primeape|Body Slam|p1a: Clefable
|-damage|p1a: Clefable|0 fnt
|faint|p1a: Clefable
|choice||
|
|switch|p1a: Mewtwo|Mewtwo, L70|100\/100
|turn|14
|choice||
|
|move|p2a: Primeape|Body Slam|p1a: Mewtwo
|-damage|p1a: Mewtwo|69\/100
|-status|p1a: Mewtwo|par
|move|p1a: Mewtwo|Psychic|p2a: Primeape
|-supereffective|p2a: Primeape
|-damage|p2a: Primeape|23\/100
|-unboost|p2a: Primeape|spd|1
|-unboost|p2a: Primeape|spa|1
|
|turn|15
|choice||
|
|move|p2a: Primeape|Body Slam|p1a: Mewtwo
|-crit|p1a: Mewtwo
|-damage|p1a: Mewtwo|12\/100 par
|cant|p1a: Mewtwo|par
|
|turn|16
|c|★trickster is a nig|oh fucking k
|choice||
|
|move|p2a: Primeape|Body Slam|p1a: Mewtwo
|-crit|p1a: Mewtwo
|-damage|p1a: Mewtwo|0 fnt
|faint|p1a: Mewtwo
|c|★Heyayey|As my Mew before ;)
|c|★trickster is a nig|not the same at all
|c|★trickster is a nig|mewtwo is way way way better
|choice||
|
|switch|p1a: Pidgeotto|Pidgeotto, L90|100\/100
|turn|17
|choice||
|
|move|p2a: Primeape|Rock Slide|p1a: Pidgeotto
|-supereffective|p1a: Pidgeotto
|-damage|p1a: Pidgeotto|44\/100
|move|p1a: Pidgeotto|Agility|p1a: Pidgeotto
|-boost|p1a: Pidgeotto|spe|2
|
|turn|18
|choice||
|
|move|p1a: Pidgeotto|Double-Edge|p2a: Primeape
|-damage|p2a: Primeape|0 fnt
|-damage|p1a: Pidgeotto|38\/100|[from] recoil|[of] p2a: Primeape
|faint|p2a: Primeape
|choice||
|
|switch|p2a: Farfetch'd|Farfetch'd, L99|100\/100
|turn|19
|choice||
|
|move|p1a: Pidgeotto|Double-Edge|p2a: Farfetch'd
|-damage|p2a: Farfetch'd|65\/100
|-damage|p1a: Pidgeotto|29\/100|[from] recoil|[of] p2a: Farfetch'd
|move|p2a: Farfetch'd|Slash|p1a: Pidgeotto
|-crit|p1a: Pidgeotto
|-damage|p1a: Pidgeotto|0 fnt
|faint|p1a: Pidgeotto
|choice||
|
|switch|p1a: Tentacool|Tentacool, L96|59\/100
|turn|20
|choice||
|
|move|p1a: Tentacool|Blizzard|p2a: Farfetch'd
|-supereffective|p2a: Farfetch'd
|-damage|p2a: Farfetch'd|0 fnt
|faint|p2a: Farfetch'd
|choice||
|
|switch|p2a: Jolteon|Jolteon, L79|59\/100
|turn|21
|choice||
|
|switch|p1a: Flareon|Flareon, L90|100\/100
|move|p2a: Jolteon|Thunderbolt|p1a: Flareon
|-crit|p1a: Flareon
|-damage|p1a: Flareon|46\/100
|
|turn|22
|choice||
|
|switch|p2a: Poliwhirl|Poliwhirl, L85|100\/100
|move|p1a: Flareon|Body Slam|p2a: Poliwhirl
|-damage|p2a: Poliwhirl|63\/100
|
|turn|23
|choice||
|
|move|p2a: Poliwhirl|Surf|p1a: Flareon
|-supereffective|p1a: Flareon
|-damage|p1a: Flareon|6\/100
|move|p1a: Flareon|Body Slam|p2a: Poliwhirl
|-crit|p2a: Poliwhirl
|-damage|p2a: Poliwhirl|0 fnt
|faint|p2a: Poliwhirl
|choice||
|
|switch|p2a: Jolteon|Jolteon, L79|59\/100
|turn|24
|choice||
|
|move|p1a: Flareon|Quick Attack|p2a: Jolteon
|-damage|p2a: Jolteon|39\/100
|move|p2a: Jolteon|Thunderbolt|p1a: Flareon
|-damage|p1a: Flareon|0 fnt
|faint|p1a: Flareon
|choice||
|
|switch|p1a: Tentacool|Tentacool, L96|59\/100
|turn|25
|choice||
|
|move|p2a: Jolteon|Thunderbolt|p1a: Tentacool
|-supereffective|p1a: Tentacool
|-damage|p1a: Tentacool|5\/100
|move|p1a: Tentacool|Double-Edge|p2a: Jolteon
|-damage|p2a: Jolteon|12\/100
|-damage|p1a: Tentacool|0 fnt|[from] recoil|[of] p2a: Jolteon
|faint|p1a: Tentacool
|choice||
|
|switch|p1a: Charmeleon|Charmeleon, L85|100\/100
|turn|26
|choice||
|
|move|p2a: Jolteon|Thunderbolt|p1a: Charmeleon
|-damage|p1a: Charmeleon|57\/100
|-status|p1a: Charmeleon|par
|cant|p1a: Charmeleon|par
|
|turn|27
|c|★trickster is a nig|....
|c|★Heyayey|LOL
|c|★Heyayey|XD
|c|★trickster is a nig|not a fucking chance it ends like this
|choice||
|
|move|p2a: Jolteon|Thunderbolt|p1a: Charmeleon
|-crit|p1a: Charmeleon
|-damage|p1a: Charmeleon|0 fnt
|faint|p1a: Charmeleon
|
|win|Heyayey
|player|p1
|player|p2
|c|★trickster is a nig|wesdgy8fhweu9qfjwe
|c|★trickster is a nig|qeghiuwfuieqhjfiuejg
|raw|trickster is a nig's rating: 1537 &rarr; <strong>1507<\/strong><br \/>(-30 for losing)
|raw|Heyayey's rating: 1338 &rarr; <strong>1369<\/strong><br \/>(+31 for winning)
|c|★Heyayey|Awesome
|c|★Heyayey|Sorry bud
|c|★Heyayey|gg
|c|★trickster is a nig|you are a gigantic fagggot
|l|Heyayey