|j|Snap5
|j|MALESANI
|player|p1|Snap5|1
|player|p2|MALESANI|238
|gametype|singles
|gen|1
|tier|[Gen 1] Random Battle
|rated
|seed|1579,33869,59592,55893
|rule|Sleep Clause Mod: Limit one foe put to sleep
|rule|Freeze Clause Mod: Limit one foe frozen
|rule|HP Percentage Mod: HP is shown in percentages
|
|start
|switch|p1a: Charizard|Charizard, L85|306\/306
|switch|p2a: Golduck|Golduck, L85|310\/310
|turn|1
|choice|switch 2|move 1
|
|switch|p1a: Seadra|Seadra, L90|282\/282
|move|p2a: Golduck|Amnesia|p2a: Golduck
|-boost|p2a: Golduck|spd|2
|-boost|p2a: Golduck|spa|2
|
|turn|2
|choice|move 2|move 1
|
|move|p1a: Seadra|Smokescreen|p2a: Golduck
|-unboost|p2a: Golduck|accuracy|1
|move|p2a: Golduck|Amnesia|p2a: Golduck
|-boost|p2a: Golduck|spd|2
|-boost|p2a: Golduck|spa|2
|
|turn|3
|choice|move 2|move 4
|
|move|p1a: Seadra|Smokescreen|p2a: Golduck
|-unboost|p2a: Golduck|accuracy|1
|move|p2a: Golduck|Surf|p1a: Seadra
|-crit|p1a: Seadra
|-resisted|p1a: Seadra
|-damage|p1a: Seadra|201\/282
|
|turn|4
|choice|move 2|move 4
|
|move|p1a: Seadra|Smokescreen|p2a: Golduck
|-unboost|p2a: Golduck|accuracy|1
|move|p2a: Golduck|Surf|p1a: Seadra|[miss]
|-miss|p2a: Golduck
|
|turn|5
|choice|move 2|move 4
|
|move|p1a: Seadra|Smokescreen|p2a: Golduck
|-unboost|p2a: Golduck|accuracy|1
|move|p2a: Golduck|Surf|p1a: Seadra
|-resisted|p1a: Seadra
|-damage|p1a: Seadra|86\/282
|
|turn|6
|choice|move 2|move 4
|
|move|p1a: Seadra|Smokescreen|p2a: Golduck
|-unboost|p2a: Golduck|accuracy|1
|move|p2a: Golduck|Surf|p1a: Seadra|[miss]
|-miss|p2a: Golduck
|
|turn|7
|choice|move 2|move 4
|
|move|p1a: Seadra|Smokescreen|p2a: Golduck
|-unboost|p2a: Golduck|accuracy|1
|move|p2a: Golduck|Surf|p1a: Seadra|[miss]
|-miss|p2a: Golduck
|
|turn|8
|choice|move 2|move 4
|
|move|p1a: Seadra|Smokescreen|p2a: Golduck
|-unboost|p2a: Golduck|accuracy|1
|move|p2a: Golduck|Surf|p1a: Seadra
|-resisted|p1a: Seadra
|-damage|p1a: Seadra|0 fnt
|faint|p1a: Seadra
|choice|switch 3|
|
|switch|p1a: Dragonite|Dragonite, L85|328\/328
|turn|9
|choice|move 1|move 2
|
|move|p2a: Golduck|Blizzard|p1a: Dragonite
|-crit|p1a: Dragonite
|-supereffective|p1a: Dragonite
|-damage|p1a: Dragonite|0 fnt
|faint|p1a: Dragonite
|c|★Snap5|...
|choice|switch 5|
|
|switch|p1a: Kangaskhan|Kangaskhan, L85|352\/352
|turn|10
|choice|move 2|switch 2
|
|switch|p2a: Nidoran-F|Nidoran-F, L96|300\/300
|move|p1a: Kangaskhan|Body Slam|p2a: Nidoran-F
|-damage|p2a: Nidoran-F|198\/300
|-status|p2a: Nidoran-F|par
|
|turn|11
|choice|move 4|move 3
|
|move|p1a: Kangaskhan|Earthquake|p2a: Nidoran-F
|-supereffective|p2a: Nidoran-F
|-damage|p2a: Nidoran-F|36\/300 par
|move|p2a: Nidoran-F|Body Slam|p1a: Kangaskhan
|-damage|p1a: Kangaskhan|296\/352
|
|turn|12
|choice|move 2|move 3
|
|move|p1a: Kangaskhan|Body Slam|p2a: Nidoran-F
|-crit|p2a: Nidoran-F
|-damage|p2a: Nidoran-F|0 fnt
|faint|p2a: Nidoran-F
|choice||switch 3
|
|switch|p2a: Ninetales|Ninetales, L85|298\/298
|turn|13
|choice|move 4|move 1
|
|move|p2a: Ninetales|Fire Blast|p1a: Kangaskhan
|-crit|p1a: Kangaskhan
|-damage|p1a: Kangaskhan|0 fnt
|faint|p1a: Kangaskhan
|choice|switch 2|
|
|switch|p1a: Charizard|Charizard, L85|306\/306
|turn|14
|choice|move 3|move 3
|
|move|p1a: Charizard|Swords Dance|p1a: Charizard
|-boost|p1a: Charizard|atk|2
|move|p2a: Ninetales|Confuse Ray|p1a: Charizard
|-start|p1a: Charizard|confusion
|
|turn|15
|choice|move 3|move 2
|
|-activate|p1a: Charizard|confusion
|-damage|p1a: Charizard|244\/306|[from] confusion
|move|p2a: Ninetales|Double-Edge|p1a: Charizard
|-damage|p1a: Charizard|179\/306
|-damage|p2a: Ninetales|282\/298|[from] recoil|[of] p1a: Charizard
|
|turn|16
|choice|move 3|move 2
|
|move|p2a: Ninetales|Double-Edge|p1a: Charizard
|-damage|p1a: Charizard|117\/306
|-damage|p2a: Ninetales|267\/298|[from] recoil|[of] p1a: Charizard
|-activate|p1a: Charizard|confusion
|-damage|p1a: Charizard|55\/306|[from] confusion
|
|turn|17
|choice|move 2|move 4
|
|move|p2a: Ninetales|Hyper Beam|p1a: Charizard
|-crit|p1a: Charizard
|-damage|p1a: Charizard|0 fnt
|faint|p1a: Charizard
|choice|switch 4|
|
|switch|p1a: Primeape|Primeape, L90|300\/300
|turn|18
|choice|move 3|move 1
|
|move|p1a: Primeape|Rock Slide|p2a: Ninetales
|-supereffective|p2a: Ninetales
|-damage|p2a: Ninetales|120\/298
|move|p2a: Ninetales|Fire Blast|p1a: Primeape|[miss]
|-miss|p2a: Ninetales
|
|turn|19
|choice|move 1|move 1
|
|move|p1a: Primeape|Hyper Beam|p2a: Ninetales|[miss]
|-miss|p1a: Primeape
|move|p2a: Ninetales|Fire Blast|p1a: Primeape
|-crit|p1a: Primeape
|-damage|p1a: Primeape|12\/300
|-status|p1a: Primeape|brn
|
|turn|20
|-message|Snap5 forfeited.
|
|win|MALESANI
|player|p1
|player|p2
|l|Snap5
|raw|Snap5's rating: 1476 &rarr; <strong>1456<\/strong><br \/>(-20 for losing)
|raw|MALESANI's rating: 1480 &rarr; <strong>1500<\/strong><br \/>(+20 for winning)