|join|XianJu
|join|Addi Jr
|player|p1|XianJu|130
|player|p2|Addi Jr|162
|gametype|singles
|gen|1
|tier|[Gen 1] Random Battle
|rated
|seed|10337,62107,43957,34948
|rule|Sleep Clause Mod: Limit one foe put to sleep
|rule|Freeze Clause Mod: Limit one foe frozen
|rule|HP Percentage Mod: HP is shown in percentages
|
|start
|switch|p1a: Magikarp|Magikarp, L99|240\/240
|switch|p2a: Venonat|Venonat, L96|310\/310
|turn|1
|choice|move 1|move 1
|
|move|p1a: Magikarp|Dragon Rage|p2a: Venonat
|-damage|p2a: Venonat|270\/310
|move|p2a: Venonat|Mega Drain|p1a: Magikarp
|-supereffective|p1a: Magikarp
|-damage|p1a: Magikarp|165\/240
|-heal|p2a: Venonat|307\/310|[from] drain|[of] p1a: Magikarp
|
|turn|2
|choice|switch 3|move 1
|
|switch|p1a: Jynx|Jynx, L79|265\/265
|move|p2a: Venonat|Mega Drain|p1a: Jynx
|-damage|p1a: Jynx|241\/265
|-heal|p2a: Venonat|310\/310|[from] drain|[of] p1a: Jynx
|
|turn|3
|choice|move 3|switch 4
|
|switch|p2a: Kangaskhan|Kangaskhan, L85|352\/352
|move|p1a: Jynx|Psychic|p2a: Kangaskhan
|-crit|p2a: Kangaskhan
|-damage|p2a: Kangaskhan|119\/352
|
|turn|4
|choice|switch 5|move 2
|
|switch|p1a: Gengar|Gengar, L79|257\/257
|move|p2a: Kangaskhan|Earthquake|p1a: Gengar
|-supereffective|p1a: Gengar
|-damage|p1a: Gengar|54\/257
|
|turn|5
|choice|move 2|move 2
|
|move|p1a: Gengar|Thunderbolt|p2a: Kangaskhan
|-damage|p2a: Kangaskhan|20\/352
|move|p2a: Kangaskhan|Earthquake|p1a: Gengar
|-supereffective|p1a: Gengar
|-damage|p1a: Gengar|0 fnt
|faint|p1a: Gengar
|choice|switch 3|
|
|switch|p1a: Magikarp|Magikarp, L99|165\/240
|turn|6
|choice|move 1|switch 2
|
|switch|p2a: Zapdos|Zapdos, L79|304\/304
|move|p1a: Magikarp|Dragon Rage|p2a: Zapdos
|-damage|p2a: Zapdos|264\/304
|
|turn|7
|choice|switch 2|move 4
|
|switch|p1a: Golem|Golem, L79|288\/288
|move|p2a: Zapdos|Thunderbolt|p1a: Golem
|-immune|p1a: Golem|[msg]
|
|turn|8
|choice|move 2|switch 3
|
|switch|p2a: Articuno|Articuno, L79|304\/304
|move|p1a: Golem|Rock Slide|p2a: Articuno
|-supereffective|p2a: Articuno
|-damage|p2a: Articuno|22\/304
|
|turn|9
|choice|switch 5|move 3
|
|switch|p1a: Jynx|Jynx, L79|241\/265
|move|p2a: Articuno|Ice Beam|p1a: Jynx
|-resisted|p1a: Jynx
|-damage|p1a: Jynx|189\/265
|
|turn|10
|choice|move 3|switch 6
|
|switch|p2a: Kadabra|Kadabra, L85|242\/242
|move|p1a: Jynx|Psychic|p2a: Kadabra
|-resisted|p2a: Kadabra
|-damage|p2a: Kadabra|207\/242
|
|turn|11
|choice|move 2|move 1
|
|move|p2a: Kadabra|Psychic|p1a: Jynx
|-resisted|p1a: Jynx
|-damage|p1a: Jynx|127\/265
|move|p1a: Jynx|Lovely Kiss|p2a: Kadabra
|-status|p2a: Kadabra|slp
|
|turn|12
|choice|move 1|switch 3
|
|switch|p2a: Zapdos|Zapdos, L79|264\/304
|move|p1a: Jynx|Mimic|p2a: Zapdos
|-start|p1a: Jynx|Mimic|Agility
|
|turn|13
|choice|move 4|move 2
|
|move|p2a: Zapdos|Drill Peck|p1a: Jynx
|-damage|p1a: Jynx|9\/265
|move|p1a: Jynx|Blizzard|p2a: Zapdos
|-crit|p2a: Zapdos
|-supereffective|p2a: Zapdos
|-damage|p2a: Zapdos|0 fnt
|faint|p2a: Zapdos
|choice||switch 5
|
|switch|p2a: Machoke|Machoke, L85|310\/310
|turn|14
|choice|move 3|move 3
|
|move|p1a: Jynx|Psychic|p2a: Machoke
|-crit|p2a: Machoke
|-supereffective|p2a: Machoke
|-damage|p2a: Machoke|0 fnt
|faint|p2a: Machoke
|choice||switch 4
|
|switch|p2a: Venonat|Venonat, L96|310\/310
|turn|15
|choice|move 3|move 1
|
|move|p1a: Jynx|Psychic|p2a: Venonat
|-supereffective|p2a: Venonat
|-damage|p2a: Venonat|71\/310
|-unboost|p2a: Venonat|spd|1
|-unboost|p2a: Venonat|spa|1
|move|p2a: Venonat|Mega Drain|p1a: Jynx
|-damage|p1a: Jynx|0 fnt
|-heal|p2a: Venonat|75\/310|[from] drain|[of] p1a: Jynx
|faint|p1a: Jynx
|choice|switch 4|
|
|switch|p1a: Tauros|Tauros, L79|280\/280
|turn|16
|choice|move 3|switch 2
|
|switch|p2a: Kangaskhan|Kangaskhan, L85|20\/352
|move|p1a: Tauros|Blizzard|p2a: Kangaskhan
|-damage|p2a: Kangaskhan|0 fnt
|faint|p2a: Kangaskhan
|choice||switch 3
|
|switch|p2a: Kadabra|Kadabra, L85|207\/242 slp
|turn|17
|choice|move 4|move 3
|
|cant|p2a: Kadabra|slp
|move|p1a: Tauros|Body Slam|p2a: Kadabra
|-crit|p2a: Kadabra
|-damage|p2a: Kadabra|0 fnt
|faint|p2a: Kadabra
|choice||switch 6
|
|switch|p2a: Articuno|Articuno, L79|22\/304
|turn|18
|choice|move 4|move 3
|
|move|p1a: Tauros|Body Slam|p2a: Articuno
|-damage|p2a: Articuno|0 fnt
|faint|p2a: Articuno
|-message|Addi Jr lost due to inactivity.
|
|win|XianJu
|raw|XianJu's rating: 1210 &rarr; <strong>1221<\/strong><br \/>(+11 for winning)
|raw|Addi Jr's rating: 1000 &rarr; <strong>1000<\/strong><br \/>(+0 for losing)