|j|Not Troller
|j|smilzo
|player|p1|Not Troller|256
|player|p2|smilzo|157
|gametype|singles
|gen|1
|tier|[Gen 1] OU
|seed|
|rule|Sleep Clause Mod: Limit one foe put to sleep
|rule|Freeze Clause Mod: Limit one foe frozen
|rule|Species Clause: Limit one of each Pokémon
|rule|OHKO Clause: OHKO moves are banned
|rule|Evasion Moves Clause: Evasion moves are banned
|rule|HP Percentage Mod: HP is shown in percentages
|
|start
|switch|p1a: Alakazam|Alakazam|100\/100
|switch|p2a: Jynx|Jynx|100\/100
|turn|1
|c|★smilzo|hf
|choice||
|
|move|p1a: Alakazam|Thunder Wave|p2a: Jynx
|-status|p2a: Jynx|par
|move|p2a: Jynx|Lovely Kiss|p1a: Alakazam
|-status|p1a: Alakazam|slp
|
|turn|2
|choice||
|
|cant|p1a: Alakazam|slp
|move|p2a: Jynx|Blizzard|p1a: Alakazam
|-damage|p1a: Alakazam|64\/100 slp
|
|turn|3
|choice||
|
|switch|p1a: Chansey|Chansey|100\/100
|move|p2a: Jynx|Blizzard|p1a: Chansey
|-crit|p1a: Chansey
|-damage|p1a: Chansey|65\/100
|
|turn|4
|choice||
|
|switch|p2a: Chansey|Chansey|100\/100
|move|p1a: Chansey|Soft-Boiled|p1a: Chansey
|-heal|p1a: Chansey|100\/100
|
|turn|5
|choice||
|
|move|p2a: Chansey|Thunder Wave|p1a: Chansey
|-status|p1a: Chansey|par
|move|p1a: Chansey|Thunder Wave|p2a: Chansey
|-status|p2a: Chansey|par
|
|turn|6
|choice||
|
|switch|p2a: Jynx|Jynx|100\/100 par
|switch|p1a: Snorlax|Snorlax, M|100\/100
|
|turn|7
|choice||
|
|switch|p2a: Exeggutor|Exeggutor, M|100\/100
|move|p1a: Snorlax|Body Slam|p2a: Exeggutor
|-damage|p2a: Exeggutor|70\/100
|
|turn|8
|choice||
|
|switch|p1a: Chansey|Chansey|100\/100 par
|move|p2a: Exeggutor|Psychic|p1a: Chansey
|-damage|p1a: Chansey|84\/100 par
|
|turn|9
|choice||
|
|switch|p2a: Snorlax|Snorlax, M|100\/100
|move|p1a: Chansey|Ice Beam|p2a: Snorlax
|-damage|p2a: Snorlax|83\/100
|
|turn|10
|choice||
|
|switch|p1a: Snorlax|Snorlax, M|100\/100
|move|p2a: Snorlax|Earthquake|p1a: Snorlax
|-damage|p1a: Snorlax|79\/100
|
|turn|11
|choice||
|
|move|p1a: Snorlax|Reflect|p1a: Snorlax
|-start|p1a: Snorlax|Reflect
|move|p2a: Snorlax|Body Slam|p1a: Snorlax
|-damage|p1a: Snorlax|66\/100
|
|turn|12
|choice||
|
|move|p2a: Snorlax|Body Slam|p1a: Snorlax
|-damage|p1a: Snorlax|52\/100
|move|p1a: Snorlax|Ice Beam|p2a: Snorlax
|-damage|p2a: Snorlax|68\/100
|
|turn|13
|choice||
|
|move|p1a: Snorlax|Rest|p1a: Snorlax
|-status|p1a: Snorlax|slp
|-heal|p1a: Snorlax|100\/100 slp|[silent]
|-status|p1a: Snorlax|slp|[from] move: Rest
|move|p2a: Snorlax|Body Slam|p1a: Snorlax
|-damage|p1a: Snorlax|86\/100 slp
|
|turn|14
|choice||
|
|switch|p2a: Exeggutor|Exeggutor, M|70\/100
|cant|p1a: Snorlax|slp
|
|turn|15
|choice||
|
|switch|p2a: Snorlax|Snorlax, M|68\/100
|-curestatus|p1a: Snorlax|slp
|
|turn|16
|choice||
|
|move|p2a: Snorlax|Body Slam|p1a: Snorlax
|-damage|p1a: Snorlax|73\/100
|move|p1a: Snorlax|Ice Beam|p2a: Snorlax
|-damage|p2a: Snorlax|54\/100
|
|turn|17
|choice||
|
|switch|p2a: Chansey|Chansey|100\/100 par
|move|p1a: Snorlax|Body Slam|p2a: Chansey
|-damage|p2a: Chansey|60\/100 par
|
|turn|18
|choice||
|
|move|p1a: Snorlax|Body Slam|p2a: Chansey
|-damage|p2a: Chansey|19\/100 par
|cant|p2a: Chansey|par
|
|turn|19
|c|★smilzo|coddio
|choice||
|
|switch|p2a: Snorlax|Snorlax, M|54\/100
|move|p1a: Snorlax|Body Slam|p2a: Snorlax
|-damage|p2a: Snorlax|26\/100
|
|turn|20
|choice||
|
|move|p1a: Snorlax|Body Slam|p2a: Snorlax
|-damage|p2a: Snorlax|0 fnt
|faint|p2a: Snorlax
|choice||
|
|switch|p2a: Exeggutor|Exeggutor, M|70\/100
|turn|21
|choice||
|
|move|p2a: Exeggutor|Psychic|p1a: Snorlax
|-damage|p1a: Snorlax|41\/100
|-unboost|p1a: Snorlax|spd|1
|-unboost|p1a: Snorlax|spa|1
|move|p1a: Snorlax|Body Slam|p2a: Exeggutor
|-damage|p2a: Exeggutor|38\/100
|
|turn|22
|choice||
|
|switch|p1a: Exeggutor|Exeggutor, M|100\/100
|move|p2a: Exeggutor|Psychic|p1a: Exeggutor
|-resisted|p1a: Exeggutor
|-damage|p1a: Exeggutor|88\/100
|-unboost|p1a: Exeggutor|spd|1
|-unboost|p1a: Exeggutor|spa|1
|
|turn|23
|choice||
|
|switch|p2a: Jynx|Jynx|100\/100 par
|move|p1a: Exeggutor|Psychic|p2a: Jynx
|-resisted|p2a: Jynx
|-damage|p2a: Jynx|88\/100 par
|
|turn|24
|choice||
|
|switch|p1a: Lapras|Lapras, M|100\/100
|move|p2a: Jynx|Blizzard|p1a: Lapras
|-crit|p1a: Lapras
|-resisted|p1a: Lapras
|-damage|p1a: Lapras|86\/100
|
|turn|25
|choice||
|
|switch|p1a: Snorlax|Snorlax, M|41\/100
|cant|p2a: Jynx|par
|
|turn|26
|choice||
|
|move|p1a: Snorlax|Body Slam|p2a: Jynx
|-damage|p2a: Jynx|34\/100 par
|cant|p2a: Jynx|par
|
|turn|27
|choice||
|
|switch|p2a: Exeggutor|Exeggutor, M|38\/100
|move|p1a: Snorlax|Body Slam|p2a: Exeggutor
|-crit|p2a: Exeggutor
|-damage|p2a: Exeggutor|0 fnt
|faint|p2a: Exeggutor
|choice||
|
|switch|p2a: Tauros|Tauros|100\/100
|turn|28
|j|marcoasd
|choice||
|
|switch|p1a: Alakazam|Alakazam|64\/100 slp
|move|p2a: Tauros|Body Slam|p1a: Alakazam
|-damage|p1a: Alakazam|13\/100 slp
|
|turn|29
|j|Alexander
|choice||
|
|switch|p1a: Snorlax|Snorlax, M|41\/100
|switch|p2a: Chansey|Chansey|19\/100 par
|
|turn|30
|j|Peasounay
|choice||
|
|switch|p2a: Starmie|Starmie|100\/100
|move|p1a: Snorlax|Body Slam|p2a: Starmie
|-damage|p2a: Starmie|66\/100
|
|turn|31
|choice||
|
|move|p2a: Starmie|Blizzard|p1a: Snorlax
|-damage|p1a: Snorlax|18\/100
|move|p1a: Snorlax|Body Slam|p2a: Starmie
|-damage|p2a: Starmie|27\/100
|
|turn|32
|choice||
|
|move|p2a: Starmie|Blizzard|p1a: Snorlax
|-crit|p1a: Snorlax
|-damage|p1a: Snorlax|0 fnt
|faint|p1a: Snorlax
|choice||
|
|switch|p1a: Lapras|Lapras, M|86\/100
|turn|33
|choice||
|
|move|p2a: Starmie|Recover|p2a: Starmie
|-heal|p2a: Starmie|77\/100
|move|p1a: Lapras|Thunderbolt|p2a: Starmie
|-supereffective|p2a: Starmie
|-damage|p2a: Starmie|31\/100
|
|turn|34
|choice||
|
|move|p2a: Starmie|Recover|p2a: Starmie
|-heal|p2a: Starmie|81\/100
|move|p1a: Lapras|Thunderbolt|p2a: Starmie
|-supereffective|p2a: Starmie
|-damage|p2a: Starmie|36\/100
|
|turn|35
|choice||
|
|move|p2a: Starmie|Recover|p2a: Starmie
|-heal|p2a: Starmie|86\/100
|move|p1a: Lapras|Thunderbolt|p2a: Starmie
|-supereffective|p2a: Starmie
|-damage|p2a: Starmie|42\/100
|
|turn|36
|choice||
|
|move|p2a: Starmie|Recover|p2a: Starmie
|-heal|p2a: Starmie|92\/100
|move|p1a: Lapras|Thunderbolt|p2a: Starmie
|-supereffective|p2a: Starmie
|-damage|p2a: Starmie|45\/100
|
|turn|37
|choice||
|
|move|p2a: Starmie|Recover|p2a: Starmie
|-heal|p2a: Starmie|95\/100
|move|p1a: Lapras|Thunderbolt|p2a: Starmie
|-supereffective|p2a: Starmie
|-damage|p2a: Starmie|53\/100
|
|turn|38
|choice||
|
|switch|p1a: Chansey|Chansey|84\/100 par
|move|p2a: Starmie|Thunder Wave|p1a: Chansey
|-fail|p1a: Chansey|par
|
|turn|39
|l|Peasounay
|choice||
|
|switch|p2a: Jynx|Jynx|34\/100 par
|move|p1a: Chansey|Thunderbolt|p2a: Jynx
|-damage|p2a: Jynx|10\/100 par
|
|turn|40
|choice||
|
|move|p2a: Jynx|Rest|p2a: Jynx
|-status|p2a: Jynx|slp
|-heal|p2a: Jynx|100\/100 slp|[silent]
|-status|p2a: Jynx|slp|[from] move: Rest
|move|p1a: Chansey|Thunderbolt|p2a: Jynx
|-damage|p2a: Jynx|76\/100 slp
|
|turn|41
|choice||
|
|cant|p2a: Jynx|slp
|move|p1a: Chansey|Thunderbolt|p2a: Jynx
|-damage|p2a: Jynx|51\/100 slp
|
|turn|42
|choice||
|
|switch|p1a: Tauros|Tauros|100\/100
|-curestatus|p2a: Jynx|slp
|
|turn|43
|choice||
|
|switch|p2a: Chansey|Chansey|19\/100 par
|move|p1a: Tauros|Body Slam|p2a: Chansey
|-damage|p2a: Chansey|0 fnt
|faint|p2a: Chansey
|choice||
|
|switch|p2a: Starmie|Starmie|53\/100
|turn|44
|j|itachi930
|choice||
|
|switch|p1a: Chansey|Chansey|84\/100 par
|move|p2a: Starmie|Recover|p2a: Starmie
|-heal|p2a: Starmie|100\/100
|
|turn|45
|choice||
|
|switch|p2a: Jynx|Jynx|51\/100
|cant|p1a: Chansey|par
|
|turn|46
|choice||
|
|move|p2a: Jynx|Psychic|p1a: Chansey
|-crit|p1a: Chansey
|-damage|p1a: Chansey|56\/100 par
|cant|p1a: Chansey|par
|
|turn|47
|c| itachi930|mettili eviolite a chansey <3
|choice||
|
|move|p2a: Jynx|Psychic|p1a: Chansey
|-damage|p1a: Chansey|43\/100 par
|cant|p1a: Chansey|par
|
|turn|48
|raw|<div class="broadcast-red"><b>Moderated chat was set to +!<\/b><br \/>Only users of rank + and higher can talk.<\/div>
|choice||
|
|move|p2a: Jynx|Psychic|p1a: Chansey
|-crit|p1a: Chansey
|-damage|p1a: Chansey|16\/100 par
|move|p1a: Chansey|Soft-Boiled|p1a: Chansey
|-heal|p1a: Chansey|66\/100 par
|
|turn|49
|choice||
|
|move|p2a: Jynx|Psychic|p1a: Chansey
|-damage|p1a: Chansey|50\/100 par
|-unboost|p1a: Chansey|spd|1
|-unboost|p1a: Chansey|spa|1
|cant|p1a: Chansey|par
|
|turn|50
|choice||
|
|move|p2a: Jynx|Psychic|p1a: Chansey
|-damage|p1a: Chansey|30\/100 par
|move|p1a: Chansey|Soft-Boiled|p1a: Chansey
|-heal|p1a: Chansey|79\/100 par
|
|turn|51
|choice||
|
|move|p2a: Jynx|Psychic|p1a: Chansey
|-damage|p1a: Chansey|58\/100 par
|move|p1a: Chansey|Soft-Boiled|p1a: Chansey
|-heal|p1a: Chansey|100\/100 par
|
|turn|52
|choice||
|
|switch|p1a: Alakazam|Alakazam|13\/100 slp
|move|p2a: Jynx|Psychic|p1a: Alakazam
|-resisted|p1a: Alakazam
|-damage|p1a: Alakazam|0 fnt
|faint|p1a: Alakazam
|choice||
|
|switch|p1a: Tauros|Tauros|100\/100
|turn|53
|choice||
|
|switch|p2a: Starmie|Starmie|100\/100
|move|p1a: Tauros|Body Slam|p2a: Starmie
|-damage|p2a: Starmie|66\/100
|
|turn|54
|choice||
|
|switch|p1a: Chansey|Chansey|100\/100 par
|move|p2a: Starmie|Thunder Wave|p1a: Chansey
|-fail|p1a: Chansey|par
|
|turn|55
|choice||
|
|switch|p2a: Jynx|Jynx|51\/100
|move|p1a: Chansey|Thunder Wave|p2a: Jynx
|-status|p2a: Jynx|par
|
|turn|56
|choice||
|
|move|p2a: Jynx|Psychic|p1a: Chansey
|-damage|p1a: Chansey|87\/100 par
|-unboost|p1a: Chansey|spd|1
|-unboost|p1a: Chansey|spa|1
|move|p1a: Chansey|Thunderbolt|p2a: Jynx
|-damage|p2a: Jynx|35\/100 par
|
|turn|57
|choice||
|
|move|p2a: Jynx|Blizzard|p1a: Chansey
|-damage|p1a: Chansey|60\/100 par
|move|p1a: Chansey|Thunderbolt|p2a: Jynx
|-crit|p2a: Jynx
|-damage|p2a: Jynx|0 fnt
|faint|p2a: Jynx
|choice||
|
|switch|p2a: Tauros|Tauros|100\/100
|turn|58
|l|itachi930
|choice||
|
|switch|p1a: Lapras|Lapras, M|86\/100
|move|p2a: Tauros|Hyper Beam|p1a: Lapras
|-damage|p1a: Lapras|39\/100
|
|turn|59
|-mustrecharge|p2a: Tauros
|-mustrecharge|p2a: Tauros
|choice||
|
|cant|p2a: Tauros|recharge
|move|p1a: Lapras|Blizzard|p2a: Tauros
|-damage|p2a: Tauros|50\/100
|
|turn|60
|choice||
|
|move|p2a: Tauros|Hyper Beam|p1a: Lapras
|-crit|p1a: Lapras
|-damage|p1a: Lapras|0 fnt
|faint|p1a: Lapras
|choice||
|
|switch|p1a: Exeggutor|Exeggutor, M|88\/100
|turn|61
|choice||
|
|move|p2a: Tauros|Hyper Beam|p1a: Exeggutor
|-damage|p1a: Exeggutor|37\/100
|move|p1a: Exeggutor|Psychic|p2a: Tauros
|-crit|p2a: Tauros
|-damage|p2a: Tauros|0 fnt
|faint|p2a: Tauros
|choice||
|
|switch|p2a: Starmie|Starmie|66\/100
|turn|62
|c|★smilzo|gg
|c|★Not Troller|gg
|c|★Not Troller|scusa per tutte le merdate
|c|★smilzo|eh
|choice||
|
|switch|p1a: Chansey|Chansey|60\/100 par
|move|p2a: Starmie|Blizzard|p1a: Chansey
|-damage|p1a: Chansey|47\/100 par
|
|turn|63
|c|★smilzo|its rby
|c|★smilzo|poi da te me l'aspettavo lol
|choice||
|
|move|p2a: Starmie|Thunderbolt|p1a: Chansey
|-damage|p1a: Chansey|38\/100 par
|move|p1a: Chansey|Soft-Boiled|p1a: Chansey
|-heal|p1a: Chansey|88\/100 par
|
|turn|64
|choice||
|
|move|p2a: Starmie|Thunderbolt|p1a: Chansey
|-damage|p1a: Chansey|77\/100 par
|move|p1a: Chansey|Thunder Wave|p2a: Starmie
|-status|p2a: Starmie|par
|
|turn|65
|choice||
|
|move|p2a: Starmie|Thunderbolt|p1a: Chansey
|-damage|p1a: Chansey|66\/100 par
|cant|p1a: Chansey|par
|
|turn|66
|choice||
|
|move|p2a: Starmie|Thunderbolt|p1a: Chansey
|-damage|p1a: Chansey|57\/100 par
|move|p1a: Chansey|Soft-Boiled|p1a: Chansey
|-heal|p1a: Chansey|100\/100 par
|
|turn|67
|choice||
|
|switch|p1a: Exeggutor|Exeggutor, M|37\/100
|move|p2a: Starmie|Thunderbolt|p1a: Exeggutor
|-resisted|p1a: Exeggutor
|-damage|p1a: Exeggutor|28\/100
|
|turn|68
|choice||
|
|move|p1a: Exeggutor|Explosion|p2a: Starmie
|-damage|p2a: Starmie|0 fnt
|faint|p2a: Starmie
|faint|p1a: Exeggutor
|
|win|Not Troller
|player|p1
|player|p2
|l|marcoasd
|c|★smilzo|gg
|c|★Not Troller|gg