|join|NakMuay
|join|yaldyyyy
|player|p1|NakMuay|1
|player|p2|yaldyyyy|102
|gametype|singles
|gen|1
|tier|[Gen 1] Random Battle
|rated
|seed|12391,64330,17180,49962
|rule|Sleep Clause Mod: Limit one foe put to sleep
|rule|Freeze Clause Mod: Limit one foe frozen
|rule|HP Percentage Mod: HP is shown in percentages
|
|start
|switch|p1a: Arcanine|Arcanine, L85|327\/327
|switch|p2a: Horsea|Horsea, L96|252\/252
|turn|1
|choice|switch 3|move 3
|
|switch|p1a: Lapras|Lapras, L79|367\/367
|move|p2a: Horsea|Hydro Pump|p1a: Lapras
|-resisted|p1a: Lapras
|-damage|p1a: Lapras|302\/367
|
|turn|2
|choice|move 3|switch 6
|
|switch|p2a: Machoke|Machoke, L85|310\/310
|move|p1a: Lapras|Confuse Ray|p2a: Machoke
|-start|p2a: Machoke|confusion
|
|turn|3
|choice|move 1|move 2
|
|move|p1a: Lapras|Ice Beam|p2a: Machoke
|-damage|p2a: Machoke|186\/310
|-activate|p2a: Machoke|confusion
|-damage|p2a: Machoke|148\/310|[from] confusion
|
|turn|4
|choice|move 1|move 2
|
|move|p1a: Lapras|Ice Beam|p2a: Machoke
|-damage|p2a: Machoke|24\/310
|-activate|p2a: Machoke|confusion
|move|p2a: Machoke|Submission|p1a: Lapras
|-supereffective|p1a: Lapras
|-damage|p1a: Lapras|107\/367
|-damage|p2a: Machoke|0 fnt|[from] recoil|[of] p1a: Lapras
|faint|p2a: Machoke
|choice||switch 5
|
|switch|p2a: Tauros|Tauros, L79|280\/280
|turn|5
|choice|move 2|move 2
|
|move|p2a: Tauros|Body Slam|p1a: Lapras
|-damage|p1a: Lapras|8\/367
|move|p1a: Lapras|Rest|p1a: Lapras
|-status|p1a: Lapras|slp
|-heal|p1a: Lapras|367\/367 slp|[silent]
|-status|p1a: Lapras|slp|[from] move: Rest
|
|turn|6
|choice|move 1|switch 3
|
|switch|p2a: Moltres|Moltres, L85|327\/327
|cant|p1a: Lapras|slp
|
|turn|7
|choice|move 1|move 1
|
|move|p2a: Moltres|Fire Blast|p1a: Lapras
|-damage|p1a: Lapras|210\/367 slp
|-curestatus|p1a: Lapras|slp
|
|turn|8
|choice|move 1|move 1
|
|move|p2a: Moltres|Fire Blast|p1a: Lapras
|-damage|p1a: Lapras|60\/367
|move|p1a: Lapras|Ice Beam|p2a: Moltres
|-supereffective|p2a: Moltres
|-damage|p2a: Moltres|196\/327
|
|turn|9
|choice|move 1|move 1
|
|move|p2a: Moltres|Fire Blast|p1a: Lapras
|-damage|p1a: Lapras|0 fnt
|faint|p1a: Lapras
|choice|switch 3|
|
|switch|p1a: Arcanine|Arcanine, L85|327\/327
|turn|10
|choice|move 2|switch 6
|
|switch|p2a: Horsea|Horsea, L96|252\/252
|move|p1a: Arcanine|Body Slam|p2a: Horsea
|-damage|p2a: Horsea|185\/252
|-status|p2a: Horsea|par
|
|turn|11
|choice|switch 4|move 3
|
|switch|p1a: Porygon|Porygon, L85|284\/284
|move|p2a: Horsea|Hydro Pump|p1a: Porygon
|-damage|p1a: Porygon|137\/284
|
|turn|12
|choice|move 3|move 3
|
|move|p1a: Porygon|Thunderbolt|p2a: Horsea
|-supereffective|p2a: Horsea
|-damage|p2a: Horsea|67\/252 par
|cant|p2a: Horsea|par
|
|turn|13
|choice|move 3|move 3
|
|move|p1a: Porygon|Thunderbolt|p2a: Horsea
|-crit|p2a: Horsea
|-supereffective|p2a: Horsea
|-damage|p2a: Horsea|0 fnt
|faint|p2a: Horsea
|choice||switch 2
|
|switch|p2a: Pinsir|Pinsir, L85|284\/284
|turn|14
|choice|move 2|move 3
|
|move|p2a: Pinsir|Submission|p1a: Porygon|[miss]
|-miss|p2a: Pinsir
|move|p1a: Porygon|Blizzard|p2a: Pinsir
|-damage|p2a: Pinsir|191\/284
|
|turn|15
|choice|switch 4|move 3
|
|switch|p1a: Arcanine|Arcanine, L85|327\/327
|move|p2a: Pinsir|Submission|p1a: Arcanine
|-damage|p1a: Arcanine|252\/327
|-damage|p2a: Pinsir|173\/284|[from] recoil|[of] p1a: Arcanine
|
|turn|16
|choice|move 4|move 4
|
|move|p1a: Arcanine|Fire Blast|p2a: Pinsir
|-supereffective|p2a: Pinsir
|-damage|p2a: Pinsir|0 fnt
|faint|p2a: Pinsir
|choice||switch 3
|
|switch|p2a: Tauros|Tauros, L79|280\/280
|turn|17
|choice|move 4|move 3
|
|move|p2a: Tauros|Earthquake|p1a: Arcanine
|-supereffective|p1a: Arcanine
|-damage|p1a: Arcanine|124\/327
|move|p1a: Arcanine|Fire Blast|p2a: Tauros|[miss]
|-miss|p1a: Arcanine
|
|turn|18
|choice|move 4|move 3
|
|move|p2a: Tauros|Earthquake|p1a: Arcanine
|-supereffective|p1a: Arcanine
|-damage|p1a: Arcanine|1\/327
|move|p1a: Arcanine|Fire Blast|p2a: Tauros
|-damage|p2a: Tauros|135\/280
|
|turn|19
|choice|move 4|move 3
|
|move|p2a: Tauros|Earthquake|p1a: Arcanine
|-crit|p1a: Arcanine
|-supereffective|p1a: Arcanine
|-damage|p1a: Arcanine|0 fnt
|faint|p1a: Arcanine
|choice|switch 2|
|
|switch|p1a: Primeape|Primeape, L90|300\/300
|turn|20
|choice|move 1|switch 4
|
|switch|p2a: Hypno|Hypno, L85|318\/318
|move|p1a: Primeape|Submission|p2a: Hypno|[miss]
|-miss|p1a: Primeape
|
|turn|21
|choice|switch 5|move 1
|
|switch|p1a: Chansey|Chansey, L79|557\/557
|move|p2a: Hypno|Psychic|p1a: Chansey
|-damage|p1a: Chansey|459\/557
|
|turn|22
|choice|move 4|move 3
|
|move|p2a: Hypno|Hypnosis|p1a: Chansey|[miss]
|-miss|p2a: Hypno
|move|p1a: Chansey|Thunder Wave|p2a: Hypno
|-status|p2a: Hypno|par
|
|turn|23
|choice|move 3|move 3
|
|move|p1a: Chansey|Ice Beam|p2a: Hypno
|-crit|p2a: Hypno
|-damage|p2a: Hypno|211\/318 par
|move|p2a: Hypno|Hypnosis|p1a: Chansey
|-status|p1a: Chansey|slp
|
|turn|24
|choice|move 3|switch 6
|
|switch|p2a: Moltres|Moltres, L85|196\/327
|cant|p1a: Chansey|slp
|
|turn|25
|choice|move 4|move 3
|
|move|p2a: Moltres|Reflect|p2a: Moltres
|-start|p2a: Moltres|Reflect
|-curestatus|p1a: Chansey|slp
|
|turn|26
|choice|move 4|move 1
|
|move|p2a: Moltres|Fire Blast|p1a: Chansey
|-damage|p1a: Chansey|314\/557
|-status|p1a: Chansey|brn
|move|p1a: Chansey|Thunder Wave|p2a: Moltres
|-status|p2a: Moltres|par
|-damage|p1a: Chansey|280\/557 brn|[from] brn|[of] p2a: Moltres
|
|turn|27
|choice|move 1|move 1
|
|move|p1a: Chansey|Soft-Boiled|p1a: Chansey
|-heal|p1a: Chansey|557\/557 brn
|-damage|p1a: Chansey|523\/557 brn|[from] brn
|move|p2a: Moltres|Fire Blast|p1a: Chansey
|-damage|p1a: Chansey|384\/557 brn
|
|turn|28
|choice|move 3|move 1
|
|move|p1a: Chansey|Ice Beam|p2a: Moltres
|-supereffective|p2a: Moltres
|-damage|p2a: Moltres|95\/327 par
|-damage|p1a: Chansey|350\/557 brn|[from] brn|[of] p2a: Moltres
|move|p2a: Moltres|Fire Blast|p1a: Chansey
|-crit|p1a: Chansey
|-damage|p1a: Chansey|50\/557 brn
|
|turn|29
|choice|move 1|move 1
|
|move|p1a: Chansey|Soft-Boiled|p1a: Chansey
|-heal|p1a: Chansey|328\/557 brn
|-damage|p1a: Chansey|294\/557 brn|[from] brn
|cant|p2a: Moltres|par
|
|turn|30
|choice|move 1|move 1
|
|move|p1a: Chansey|Soft-Boiled|p1a: Chansey
|-heal|p1a: Chansey|557\/557 brn
|-damage|p1a: Chansey|523\/557 brn|[from] brn
|move|p2a: Moltres|Fire Blast|p1a: Chansey
|-damage|p1a: Chansey|364\/557 brn
|
|turn|31
|choice|move 3|move 1
|
|move|p1a: Chansey|Ice Beam|p2a: Moltres
|-supereffective|p2a: Moltres
|-damage|p2a: Moltres|0 fnt
|faint|p2a: Moltres
|choice||switch 4
|
|switch|p2a: Tauros|Tauros, L79|135\/280
|turn|32
|choice|move 3|move 4
|
|move|p2a: Tauros|Hyper Beam|p1a: Chansey
|-damage|p1a: Chansey|0 fnt
|faint|p1a: Chansey
|choice|switch 5|
|
|switch|p1a: Primeape|Primeape, L90|300\/300
|turn|33
|choice|move 1|switch 6
|
|switch|p2a: Hypno|Hypno, L85|211\/318 par
|move|p1a: Primeape|Submission|p2a: Hypno
|-resisted|p2a: Hypno
|-damage|p2a: Hypno|149\/318 par
|-damage|p1a: Primeape|285\/300|[from] recoil|[of] p2a: Hypno
|
|turn|34
|choice|switch 4|move 1
|
|switch|p1a: Porygon|Porygon, L85|137\/284
|move|p2a: Hypno|Psychic|p1a: Porygon
|-damage|p1a: Porygon|18\/284
|
|turn|35
|choice|move 1|switch 6
|
|switch|p2a: Tauros|Tauros, L79|135\/280
|move|p1a: Porygon|Recover|p1a: Porygon
|-heal|p1a: Porygon|160\/284
|
|turn|36
|choice|move 4|move 4
|
|move|p2a: Tauros|Hyper Beam|p1a: Porygon
|-damage|p1a: Porygon|0 fnt
|faint|p1a: Porygon
|choice|switch 4|
|
|switch|p1a: Primeape|Primeape, L90|285\/300
|turn|37
|choice|move 2|switch 6
|
|switch|p2a: Hypno|Hypno, L85|149\/318 par
|move|p1a: Primeape|Body Slam|p2a: Hypno
|-crit|p2a: Hypno
|-damage|p2a: Hypno|0 fnt
|faint|p2a: Hypno
|choice||switch 6
|
|switch|p2a: Tauros|Tauros, L79|135\/280
|turn|38
|choice|move 1|move 4
|
|move|p1a: Primeape|Submission|p2a: Tauros
|-supereffective|p2a: Tauros
|-damage|p2a: Tauros|0 fnt
|-damage|p1a: Primeape|252\/300|[from] recoil|[of] p2a: Tauros
|faint|p2a: Tauros
|
|win|NakMuay