|join|XianJu
|join|noob456
|player|p1|XianJu|130
|player|p2|noob456|108
|gametype|singles
|gen|1
|tier|[Gen 1] OU
|rated
|seed|64339,54517,50282,39970
|rule|Sleep Clause Mod: Limit one foe put to sleep
|rule|Freeze Clause Mod: Limit one foe frozen
|rule|Species Clause: Limit one of each Pokémon
|rule|OHKO Clause: OHKO moves are banned
|rule|Evasion Moves Clause: Evasion moves are banned
|rule|HP Percentage Mod: HP is shown in percentages
|
|start
|switch|p1a: Alakazam|Alakazam|313\/313
|switch|p2a: Marowak|Marowak|323\/323
|turn|1
|choice|move 4|switch 5
|
|switch|p2a: Alakazam|Alakazam|313\/313
|move|p1a: Alakazam|Reflect|p1a: Alakazam
|-start|p1a: Alakazam|Reflect
|
|turn|2
|choice|move 3|move 3
|
|move|p2a: Alakazam|Thunder Wave|p1a: Alakazam
|-status|p1a: Alakazam|par
|move|p1a: Alakazam|Thunder Wave|p2a: Alakazam
|-status|p2a: Alakazam|par
|
|turn|3
|choice|move 1|move 4
|
|move|p2a: Alakazam|Reflect|p2a: Alakazam
|-start|p2a: Alakazam|Reflect
|move|p1a: Alakazam|Psychic|p2a: Alakazam
|-resisted|p2a: Alakazam
|-damage|p2a: Alakazam|259\/313 par
|-unboost|p2a: Alakazam|spd|1
|-unboost|p2a: Alakazam|spa|1
|
|turn|4
|choice|move 1|move 1
|
|cant|p1a: Alakazam|par
|cant|p2a: Alakazam|par
|
|turn|5
|choice|move 1|move 1
|
|move|p1a: Alakazam|Psychic|p2a: Alakazam
|-resisted|p2a: Alakazam
|-damage|p2a: Alakazam|175\/313 par
|-unboost|p2a: Alakazam|spd|1
|-unboost|p2a: Alakazam|spa|1
|move|p2a: Alakazam|Psychic|p1a: Alakazam
|-resisted|p1a: Alakazam
|-damage|p1a: Alakazam|289\/313 par
|
|turn|6
|choice|move 1|move 1
|
|move|p1a: Alakazam|Psychic|p2a: Alakazam
|-crit|p2a: Alakazam
|-resisted|p2a: Alakazam
|-damage|p2a: Alakazam|70\/313 par
|-unboost|p2a: Alakazam|spd|1
|-unboost|p2a: Alakazam|spa|1
|move|p2a: Alakazam|Psychic|p1a: Alakazam
|-resisted|p1a: Alakazam
|-damage|p1a: Alakazam|268\/313 par
|-unboost|p1a: Alakazam|spd|1
|-unboost|p1a: Alakazam|spa|1
|
|turn|7
|choice|move 1|move 2
|
|move|p1a: Alakazam|Psychic|p2a: Alakazam
|-resisted|p2a: Alakazam
|-damage|p2a: Alakazam|0 fnt
|faint|p2a: Alakazam
|choice||switch 4
|
|switch|p2a: Gengar|Gengar|323\/323
|turn|8
|choice|move 3|move 3
|
|move|p2a: Gengar|Thunderbolt|p1a: Alakazam
|-damage|p1a: Alakazam|151\/313 par
|move|p1a: Alakazam|Thunder Wave|p2a: Gengar
|-status|p2a: Gengar|par
|
|turn|9
|choice|move 2|move 3
|
|cant|p2a: Gengar|par
|move|p1a: Alakazam|Recover|p1a: Alakazam
|-heal|p1a: Alakazam|307\/313 par
|
|turn|10
|choice|move 1|move 3
|
|move|p2a: Gengar|Thunderbolt|p1a: Alakazam
|-damage|p1a: Alakazam|197\/313 par
|cant|p1a: Alakazam|par
|
|turn|11
|choice|move 1|move 3
|
|move|p2a: Gengar|Thunderbolt|p1a: Alakazam
|-damage|p1a: Alakazam|92\/313 par
|cant|p1a: Alakazam|par
|
|turn|12
|choice|switch 2|move 3
|
|switch|p1a: Rhydon|Rhydon|413\/413
|cant|p2a: Gengar|par
|
|turn|13
|choice|move 1|move 1
|
|move|p1a: Rhydon|Earthquake|p2a: Gengar
|-supereffective|p2a: Gengar
|-damage|p2a: Gengar|0 fnt
|faint|p2a: Gengar
|choice||switch 2
|
|switch|p2a: Hitmonlee|Hitmonlee|303\/303
|turn|14
|choice|switch 6|move 1
|
|switch|p1a: Gengar|Gengar|323\/323
|move|p2a: Hitmonlee|High Jump Kick|p1a: Gengar
|-immune|p1a: Gengar|[msg]
|-damage|p2a: Hitmonlee|302\/303
|
|turn|15
|choice|move 1|move 4
|
|move|p1a: Gengar|Hypnosis|p2a: Hitmonlee
|-status|p2a: Hitmonlee|slp
|cant|p2a: Hitmonlee|slp
|
|turn|16
|choice|switch 2|move 4
|
|switch|p1a: Alakazam|Alakazam|92\/313 par
|cant|p2a: Hitmonlee|slp
|
|turn|17
|choice|move 2|move 3
|
|cant|p2a: Hitmonlee|slp
|cant|p1a: Alakazam|par
|
|turn|18
|choice|move 2|move 3
|
|-curestatus|p2a: Hitmonlee|slp
|move|p1a: Alakazam|Recover|p1a: Alakazam
|-heal|p1a: Alakazam|248\/313 par
|
|turn|19
|choice|move 1|move 3
|
|move|p2a: Hitmonlee|Body Slam|p1a: Alakazam
|-damage|p1a: Alakazam|127\/313 par
|cant|p1a: Alakazam|par
|
|turn|20
|choice|switch 2|move 3
|
|switch|p1a: Gengar|Gengar|323\/323
|move|p2a: Hitmonlee|Body Slam|p1a: Gengar
|-immune|p1a: Gengar|[msg]
|
|turn|21
|choice|move 1|move 4
|
|move|p1a: Gengar|Hypnosis|p2a: Hitmonlee|[miss]
|-miss|p1a: Gengar
|move|p2a: Hitmonlee|Mimic|p1a: Gengar
|-start|p2a: Hitmonlee|Mimic|Explosion
|
|turn|22
|choice|move 1|move 2
|
|move|p1a: Gengar|Hypnosis|p2a: Hitmonlee|[miss]
|-miss|p1a: Gengar
|move|p2a: Hitmonlee|Counter|p1a: Gengar
|-fail|p2a: Hitmonlee
|
|turn|23
|choice|move 1|move 3
|
|move|p1a: Gengar|Hypnosis|p2a: Hitmonlee
|-status|p2a: Hitmonlee|slp
|cant|p2a: Hitmonlee|slp
|
|turn|24
|choice|switch 2|move 1
|
|switch|p1a: Alakazam|Alakazam|127\/313 par
|-curestatus|p2a: Hitmonlee|slp
|
|turn|25
|choice|switch 2|move 3
|
|switch|p1a: Gengar|Gengar|323\/323
|move|p2a: Hitmonlee|Body Slam|p1a: Gengar
|-immune|p1a: Gengar|[msg]
|
|turn|26
|choice|move 1|move 1
|
|move|p1a: Gengar|Hypnosis|p2a: Hitmonlee|[miss]
|-miss|p1a: Gengar
|move|p2a: Hitmonlee|High Jump Kick|p1a: Gengar
|-immune|p1a: Gengar|[msg]
|-damage|p2a: Hitmonlee|301\/303
|
|turn|27
|choice|move 1|move 3
|
|move|p1a: Gengar|Hypnosis|p2a: Hitmonlee|[miss]
|-miss|p1a: Gengar
|move|p2a: Hitmonlee|Body Slam|p1a: Gengar
|-immune|p1a: Gengar|[msg]
|
|turn|28
|choice|move 1|move 3
|
|move|p1a: Gengar|Hypnosis|p2a: Hitmonlee
|-status|p2a: Hitmonlee|slp
|cant|p2a: Hitmonlee|slp
|
|turn|29
|choice|switch 2|move 3
|
|switch|p1a: Alakazam|Alakazam|127\/313 par
|cant|p2a: Hitmonlee|slp
|
|turn|30
|choice|move 2|move 3
|
|cant|p2a: Hitmonlee|slp
|cant|p1a: Alakazam|par
|
|turn|31
|choice|move 2|move 4
|
|cant|p2a: Hitmonlee|slp
|move|p1a: Alakazam|Recover|p1a: Alakazam
|-heal|p1a: Alakazam|283\/313 par
|
|turn|32
|choice|move 1|move 4
|
|-curestatus|p2a: Hitmonlee|slp
|cant|p1a: Alakazam|par
|
|turn|33
|choice|move 1|move 4
|
|move|p2a: Hitmonlee|Explosion|p1a: Alakazam
|-damage|p1a: Alakazam|0 fnt
|faint|p1a: Alakazam
|faint|p2a: Hitmonlee
|choice|switch 2|switch 3
|
|switch|p1a: Gengar|Gengar|323\/323
|switch|p2a: Blastoise|Blastoise|361\/361
|turn|34
|choice|move 2|move 3
|
|move|p1a: Gengar|Thunderbolt|p2a: Blastoise
|-supereffective|p2a: Blastoise
|-damage|p2a: Blastoise|168\/361
|move|p2a: Blastoise|Earthquake|p1a: Gengar
|-supereffective|p1a: Gengar
|-damage|p1a: Gengar|132\/323
|
|turn|35
|choice|move 4|switch 5
|
|switch|p2a: Marowak|Marowak|323\/323
|move|p1a: Gengar|Mega Drain|p2a: Marowak
|-supereffective|p2a: Marowak
|-damage|p2a: Marowak|211\/323
|-heal|p1a: Gengar|188\/323|[from] drain|[of] p2a: Marowak
|
|turn|36
|choice|move 1|move 4
|
|move|p1a: Gengar|Hypnosis|p2a: Marowak
|-status|p2a: Marowak|slp
|cant|p2a: Marowak|slp
|
|turn|37
|choice|move 4|move 4
|
|move|p1a: Gengar|Mega Drain|p2a: Marowak
|-supereffective|p2a: Marowak
|-damage|p2a: Marowak|90\/323 slp
|-heal|p1a: Gengar|248\/323|[from] drain|[of] p2a: Marowak
|cant|p2a: Marowak|slp
|
|turn|38
|-message|noob456 forfeited.
|
|win|XianJu
|leave|noob456
|player|p2
||Ladder (probably) updated, but score could not be retrieved (Response not received).