|join|rimus
|join|Gorolo
|player|p1|rimus|15
|player|p2|Gorolo|164
|gametype|singles
|gen|1
|tier|[Gen 1] Random Battle
|rated
|rule|Sleep Clause Mod: Limit one foe put to sleep
|rule|Freeze Clause Mod: Limit one foe frozen
|rule|HP Percentage Mod: HP is shown in percentages
|
|start
|switch|p1a: Diglett|Diglett, L95|212\/212
|switch|p2a: Hypno|Hypno, L86|322\/322
|turn|1
|
|switch|p2a: Golbat|Golbat, L86|304\/304
|move|p1a: Diglett|Substitute|p1a: Diglett
|-start|p1a: Diglett|Substitute
|-damage|p1a: Diglett|159\/212
|
|turn|2
|
|move|p1a: Diglett|Slash|p2a: Golbat
|-crit|p2a: Golbat
|-damage|p2a: Golbat|206\/304
|move|p2a: Golbat|Double-Edge|p1a: Diglett
|-end|p1a: Diglett|Substitute
|-damage|p2a: Golbat|193\/304|[from] recoil|[of] p1a: Diglett
|
|turn|3
|
|move|p1a: Diglett|Slash|p2a: Golbat
|-crit|p2a: Golbat
|-damage|p2a: Golbat|92\/304
|move|p2a: Golbat|Screech|p1a: Diglett
|-unboost|p1a: Diglett|def|2
|
|turn|4
|
|switch|p2a: Growlithe|Growlithe, L95|297\/297
|move|p1a: Diglett|Slash|p2a: Growlithe
|-crit|p2a: Growlithe
|-damage|p2a: Growlithe|187\/297
|
|turn|5
|
|move|p1a: Diglett|Earthquake|p2a: Growlithe
|-supereffective|p2a: Growlithe
|-damage|p2a: Growlithe|0 fnt
|faint|p2a: Growlithe
|
|switch|p2a: Alakazam|Alakazam, L80|252\/252
|turn|6
|
|move|p1a: Diglett|Earthquake|p2a: Alakazam
|-crit|p2a: Alakazam
|-damage|p2a: Alakazam|0 fnt
|faint|p2a: Alakazam
|
|switch|p2a: Dewgong|Dewgong, L86|330\/330
|turn|7
|
|move|p1a: Diglett|Earthquake|p2a: Dewgong
|-crit|p2a: Dewgong
|-damage|p2a: Dewgong|126\/330
|move|p2a: Dewgong|Surf|p1a: Diglett
|-supereffective|p1a: Diglett
|-damage|p1a: Diglett|0 fnt
|faint|p1a: Diglett
|
|switch|p1a: Aerodactyl|Aerodactyl, L86|313\/313
|turn|8
|
|move|p1a: Aerodactyl|Sky Attack|p2a: Dewgong|[still]
|-prepare|p1a: Aerodactyl|Sky Attack|p2a: Dewgong
|move|p2a: Dewgong|Surf|p1a: Aerodactyl
|-supereffective|p1a: Aerodactyl
|-damage|p1a: Aerodactyl|43\/313
|
|turn|9
|
|move|p1a: Aerodactyl|Sky Attack|p2a: Dewgong
|-damage|p2a: Dewgong|0 fnt
|faint|p2a: Dewgong
|
|switch|p2a: Hypno|Hypno, L86|322\/322
|turn|10
|
|move|p1a: Aerodactyl|Hyper Beam|p2a: Hypno|[miss]
|-miss|p1a: Aerodactyl
|move|p2a: Hypno|Thunder Wave|p1a: Aerodactyl
|-status|p1a: Aerodactyl|par
|
|turn|11
|
|switch|p2a: Electrode|Electrode, L86|279\/279
|cant|p1a: Aerodactyl|par
|
|turn|12
|
|move|p2a: Electrode|Thunderbolt|p1a: Aerodactyl
|-supereffective|p1a: Aerodactyl
|-damage|p1a: Aerodactyl|0 fnt
|faint|p1a: Aerodactyl
|
|switch|p1a: Wigglytuff|Wigglytuff, L86|416\/416
|turn|13
|
|move|p2a: Electrode|Thunderbolt|p1a: Wigglytuff
|-crit|p1a: Wigglytuff
|-damage|p1a: Wigglytuff|191\/416
|move|p1a: Wigglytuff|Blizzard|p2a: Electrode
|-damage|p2a: Electrode|218\/279
|
|turn|14
|
|move|p2a: Electrode|Thunder|p1a: Wigglytuff
|-damage|p1a: Wigglytuff|33\/416
|move|p1a: Wigglytuff|Thunder Wave|p2a: Electrode
|-status|p2a: Electrode|par
|
|turn|15
|
|move|p1a: Wigglytuff|Body Slam|p2a: Electrode
|-damage|p2a: Electrode|126\/279 par
|move|p2a: Electrode|Thunderbolt|p1a: Wigglytuff
|-damage|p1a: Wigglytuff|0 fnt
|faint|p1a: Wigglytuff
|
|switch|p1a: Charmeleon|Charmeleon, L86|275\/275
|turn|16
|
|move|p1a: Charmeleon|Slash|p2a: Electrode
|-crit|p2a: Electrode
|-damage|p2a: Electrode|42\/279 par
|move|p2a: Electrode|Explosion|p1a: Charmeleon
|-damage|p1a: Charmeleon|58\/275
|faint|p2a: Electrode
|
|switch|p2a: Golbat|Golbat, L86|92\/304
|turn|17
|
|switch|p1a: Pidgeotto|Pidgeotto, L86|284\/284
|move|p2a: Golbat|Hyper Beam|p1a: Pidgeotto|[miss]
|-miss|p2a: Golbat
|
|turn|18
|
|move|p2a: Golbat|Confuse Ray|p1a: Pidgeotto
|-start|p1a: Pidgeotto|confusion
|-activate|p1a: Pidgeotto|confusion
|-damage|p1a: Pidgeotto|252\/284|[from] confusion
|
|turn|19
|
|move|p2a: Golbat|Screech|p1a: Pidgeotto
|-unboost|p1a: Pidgeotto|def|2
|-activate|p1a: Pidgeotto|confusion
|-damage|p1a: Pidgeotto|190\/284|[from] confusion
|
|turn|20
|
|move|p2a: Golbat|Hyper Beam|p1a: Pidgeotto
|-damage|p1a: Pidgeotto|0 fnt
|faint|p1a: Pidgeotto
|
|switch|p1a: Seel|Seel, L95|316\/316
|turn|21
|
|move|p2a: Golbat|Confuse Ray|p1a: Seel
|-start|p1a: Seel|confusion
|-activate|p1a: Seel|confusion
|-damage|p1a: Seel|286\/316|[from] confusion
|
|turn|22
|
|move|p2a: Golbat|Screech|p1a: Seel|[miss]
|-miss|p2a: Golbat
|-activate|p1a: Seel|confusion
|-damage|p1a: Seel|256\/316|[from] confusion
|
|turn|23
|
|move|p2a: Golbat|Screech|p1a: Seel|[miss]
|-miss|p2a: Golbat
|-end|p1a: Seel|confusion
|move|p1a: Seel|Blizzard|p2a: Golbat
|-supereffective|p2a: Golbat
|-damage|p2a: Golbat|0 fnt
|faint|p2a: Golbat
|
|switch|p2a: Hypno|Hypno, L86|322\/322
|turn|24
|
|move|p2a: Hypno|Thunder Wave|p1a: Seel
|-status|p1a: Seel|par
|move|p1a: Seel|Body Slam|p2a: Hypno
|-crit|p2a: Hypno
|-damage|p2a: Hypno|213\/322
|-status|p2a: Hypno|par
|
|turn|25
|
|cant|p1a: Seel|par
|move|p2a: Hypno|Counter|p1a: Seel
|-damage|p1a: Seel|38\/316 par
|
|turn|26
|
|move|p1a: Seel|Blizzard|p2a: Hypno
|-damage|p2a: Hypno|143\/322 par
|move|p2a: Hypno|Counter|p1a: Seel
|-fail|p2a: Hypno
|
|turn|27
|
|move|p2a: Hypno|Rest|p2a: Hypno
|-status|p2a: Hypno|slp
|-heal|p2a: Hypno|322\/322 slp|[silent]
|-status|p2a: Hypno|slp|[from] move: Rest
|move|p1a: Seel|Body Slam|p2a: Hypno
|-damage|p2a: Hypno|268\/322 slp
|
|turn|28
|
|cant|p1a: Seel|par
|cant|p2a: Hypno|slp
|
|turn|29
|
|move|p1a: Seel|Blizzard|p2a: Hypno
|-damage|p2a: Hypno|198\/322 slp
|cant|p2a: Hypno|slp
|-curestatus|p2a: Hypno|slp
|
|turn|30
|
|move|p1a: Seel|Mimic|p2a: Hypno
|-start|p1a: Seel|Mimic|Counter
|move|p2a: Hypno|Counter|p1a: Seel
|-fail|p2a: Hypno
|
|turn|31
|
|move|p1a: Seel|Blizzard|p2a: Hypno|[miss]
|-miss|p1a: Seel
|move|p2a: Hypno|Counter|p1a: Seel
|-fail|p2a: Hypno
|
|turn|32
|
|cant|p1a: Seel|par
|move|p2a: Hypno|Counter|p1a: Seel
|-fail|p2a: Hypno
|
|turn|33
|
|move|p1a: Seel|Body Slam|p2a: Hypno
|-damage|p2a: Hypno|143\/322
|-status|p2a: Hypno|par
|move|p2a: Hypno|Counter|p1a: Seel
|-damage|p1a: Seel|0 fnt
|faint|p1a: Seel
|
|switch|p1a: Charmeleon|Charmeleon, L86|58\/275
|turn|34
|
|move|p1a: Charmeleon|Slash|p2a: Hypno
|-crit|p2a: Hypno
|-damage|p2a: Hypno|50\/322 par
|move|p2a: Hypno|Hypnosis|p1a: Charmeleon
|-status|p1a: Charmeleon|slp
|
|turn|35
|
|cant|p1a: Charmeleon|slp
|cant|p2a: Hypno|par
|
|turn|36
|
|cant|p1a: Charmeleon|slp
|move|p2a: Hypno|Rest|p2a: Hypno
|-status|p2a: Hypno|slp
|-heal|p2a: Hypno|322\/322 slp|[silent]
|-status|p2a: Hypno|slp|[from] move: Rest
|
|turn|37
|
|cant|p1a: Charmeleon|slp
|cant|p2a: Hypno|slp
|
|turn|38
|
|cant|p1a: Charmeleon|slp
|-curestatus|p1a: Charmeleon|slp
|cant|p2a: Hypno|slp
|-curestatus|p2a: Hypno|slp
|
|turn|39
|
|move|p1a: Charmeleon|Fire Blast|p2a: Hypno
|-damage|p2a: Hypno|231\/322
|-status|p2a: Hypno|brn
|move|p2a: Hypno|Thunder Wave|p1a: Charmeleon
|-status|p1a: Charmeleon|par
|-damage|p2a: Hypno|211\/322 brn|[from] brn|[of] p1a: Charmeleon
|
|turn|40
|
|move|p1a: Charmeleon|Slash|p2a: Hypno
|-crit|p2a: Hypno
|-damage|p2a: Hypno|120\/322 brn
|move|p2a: Hypno|Rest|p2a: Hypno
|-status|p2a: Hypno|slp
|-heal|p2a: Hypno|322\/322 slp|[silent]
|-status|p2a: Hypno|slp|[from] move: Rest
|
|turn|41
|
|cant|p1a: Charmeleon|par
|cant|p2a: Hypno|slp
|
|turn|42
|
|move|p1a: Charmeleon|Slash|p2a: Hypno
|-crit|p2a: Hypno
|-damage|p2a: Hypno|233\/322 slp
|cant|p2a: Hypno|slp
|-curestatus|p2a: Hypno|slp
|
|turn|43
|
|move|p1a: Charmeleon|Slash|p2a: Hypno
|-crit|p2a: Hypno
|-damage|p2a: Hypno|144\/322
|move|p2a: Hypno|Counter|p1a: Charmeleon
|-damage|p1a: Charmeleon|0 fnt
|faint|p1a: Charmeleon
|
|win|Gorolo
|raw|Ladder updating...
|raw|rimus's rating: 1168 &rarr; <strong>1140<\/strong><br \/>(-28 for losing)
|raw|Gorolo's rating: 1119 &rarr; <strong>1148<\/strong><br \/>(+29 for winning)
|c|★Gorolo|gg
|c|★rimus|woow