|join|Hell Umbreon
|join|andreWandres
|player|p1|Hell Umbreon|25
|player|p2|andreWandres|10
|gametype|singles
|gen|1
|tier|[Gen 1] Random Battle
|rule|Sleep Clause Mod: Limit one foe put to sleep
|rule|Freeze Clause Mod: Limit one foe frozen
|rule|HP Percentage Mod: HP is shown in percentages
|
|start
|switch|p1a: Machoke|Machoke, L85|310\/310
|switch|p2a: Venomoth|Venomoth, L85|293\/293
|turn|1
|join|dadwad
|join|foxy box
|join|raulcanxd
|join|lolfuego
|c| raulcanxd|ero por tener faltas de ortografÍa (que tiene cualquiera)no me dejas combatir? por cierto la I la he puesto aposta para remarcarlo
|
|move|p2a: Venomoth|Sleep Powder|p1a: Machoke|[miss]
|-miss|p2a: Venomoth
|move|p1a: Machoke|Body Slam|p2a: Venomoth
|-damage|p2a: Venomoth|217\/293
|
|turn|2
|c| raulcanxd|pero*
|c| raulcanxd|no se me copio todo
|c|★andreWandres|y empezamos
|c|★andreWandres|o te callas
|c|★andreWandres|o pongo el modchat
|leave|lolfuego
|c|★andreWandres|tu eliges
|join|LeaderS
|c| foxy box|solo pon \/ignore raulcanxd
|
|move|p2a: Venomoth|Sleep Powder|p1a: Machoke
|-status|p1a: Machoke|slp
|-curestatus|p1a: Machoke|slp
|
|turn|3
|join|Zuil
|c|★andreWandres|2 veces..
|c| LeaderS|:v
|c|★andreWandres|la primera falla
|c|★andreWandres|y la siguiente en el mismo turno
|
|move|p2a: Venomoth|Sleep Powder|p1a: Machoke
|-status|p1a: Machoke|slp
|cant|p1a: Machoke|slp
|
|turn|4
|
|move|p2a: Venomoth|Psychic|p1a: Machoke
|-supereffective|p1a: Machoke
|-damage|p1a: Machoke|142\/310 slp
|-unboost|p1a: Machoke|spd|1
|-unboost|p1a: Machoke|spa|1
|cant|p1a: Machoke|slp
|
|turn|5
|c| foxy box|ya lo ignore
|c| raulcanxd|ya
|
|move|p2a: Venomoth|Mega Drain|p1a: Machoke
|-damage|p1a: Machoke|84\/310 slp
|-heal|p2a: Venomoth|246\/293|[from] drain|[of] p1a: Machoke
|-curestatus|p1a: Machoke|slp
|
|turn|6
|c| raulcanxd|lo se
|c| foxy box|ahora ustedes
|
|move|p2a: Venomoth|Psychic|p1a: Machoke
|-crit|p1a: Machoke
|-supereffective|p1a: Machoke
|-damage|p1a: Machoke|0 fnt
|faint|p1a: Machoke
|
|switch|p1a: Ninetales|Ninetales, L85|298\/298
|turn|7
|c|★andreWandres|ya esta ignordo
|c| raulcanxd|ignordo
|c| foxy box|ok
|
|switch|p2a: Bellsprout|Bellsprout, L96|291\/291
|move|p1a: Ninetales|Fire Blast|p2a: Bellsprout
|-supereffective|p2a: Bellsprout
|-damage|p2a: Bellsprout|16\/291
|-status|p2a: Bellsprout|brn
|
|turn|8
|leave|Zuil
|
|move|p1a: Ninetales|Body Slam|p2a: Bellsprout
|-damage|p2a: Bellsprout|0 fnt
|faint|p2a: Bellsprout
|
|switch|p2a: Magneton|Magneton, L90|273\/273
|turn|9
|c|★andreWandres|me enfadado con la novia
|c|★andreWandres|:V
|
|move|p1a: Ninetales|Fire Blast|p2a: Magneton
|-damage|p2a: Magneton|178\/273
|-status|p2a: Magneton|brn
|move|p2a: Magneton|Thunder Wave|p1a: Ninetales
|-status|p1a: Ninetales|par
|-damage|p2a: Magneton|161\/273 brn|[from] brn|[of] p1a: Ninetales
|
|turn|10
|
|move|p2a: Magneton|Thunderbolt|p1a: Ninetales
|-damage|p1a: Ninetales|182\/298 par
|-damage|p2a: Magneton|144\/273 brn|[from] brn|[of] p1a: Ninetales
|move|p1a: Ninetales|Double-Edge|p2a: Magneton
|-damage|p2a: Magneton|89\/273 brn
|-damage|p1a: Ninetales|169\/298 par|[from] recoil|[of] p2a: Magneton
|
|turn|11
|
|move|p2a: Magneton|Thunderbolt|p1a: Ninetales
|-damage|p1a: Ninetales|40\/298 par
|-damage|p2a: Magneton|72\/273 brn|[from] brn|[of] p1a: Ninetales
|move|p1a: Ninetales|Body Slam|p2a: Magneton
|-damage|p2a: Magneton|21\/273 brn
|
|turn|12
|c|★andreWandres|ni paraliza
|
|move|p2a: Magneton|Thunderbolt|p1a: Ninetales
|-damage|p1a: Ninetales|0 fnt
|faint|p1a: Ninetales
|c|★andreWandres|ni ostias xD
|
|switch|p1a: Dodrio|Dodrio, L85|276\/276
|turn|13
|
|move|p1a: Dodrio|Body Slam|p2a: Magneton
|-damage|p2a: Magneton|0 fnt
|faint|p2a: Magneton
|
|switch|p2a: Kangaskhan|Kangaskhan, L85|352\/352
|turn|14
|
|move|p1a: Dodrio|Drill Peck|p2a: Kangaskhan
|-damage|p2a: Kangaskhan|250\/352
|move|p2a: Kangaskhan|Body Slam|p1a: Dodrio
|-damage|p1a: Dodrio|171\/276
|
|turn|15
|
|move|p1a: Dodrio|Drill Peck|p2a: Kangaskhan
|-damage|p2a: Kangaskhan|148\/352
|move|p2a: Kangaskhan|Hyper Beam|p1a: Dodrio
|-damage|p1a: Dodrio|0 fnt
|faint|p1a: Dodrio
|c| LeaderS|si eres de la primera gen y no aprendes body slam no fuiste de la primera gen
|
|switch|p1a: Seaking|Seaking, L90|327\/327
|turn|16
|c|★andreWandres|o terremoto
|
|move|p2a: Kangaskhan|Hyper Beam|p1a: Seaking
|-damage|p1a: Seaking|158\/327
|move|p1a: Seaking|Surf|p2a: Kangaskhan
|-crit|p2a: Kangaskhan
|-damage|p2a: Kangaskhan|0 fnt
|faint|p2a: Kangaskhan
|
|switch|p2a: Venomoth|Venomoth, L85|246\/293
|turn|17
|
|move|p2a: Venomoth|Sleep Powder|p1a: Seaking
|-status|p1a: Seaking|slp
|cant|p1a: Seaking|slp
|
|turn|18
|
|switch|p1a: Paras|Paras, L96|262\/262
|move|p2a: Venomoth|Stun Spore|p1a: Paras|[miss]
|-miss|p2a: Venomoth
|
|turn|19
|leave|LeaderS
|
|move|p2a: Venomoth|Stun Spore|p1a: Paras
|-status|p1a: Paras|par
|cant|p1a: Paras|par
|
|turn|20
|
|move|p2a: Venomoth|Psychic|p1a: Paras
|-damage|p1a: Paras|192\/262 par
|cant|p1a: Paras|par
|
|turn|21
|
|move|p2a: Venomoth|Psychic|p1a: Paras
|-damage|p1a: Paras|116\/262 par
|-unboost|p1a: Paras|spd|1
|-unboost|p1a: Paras|spa|1
|move|p1a: Paras|Spore|p2a: Venomoth
|-status|p2a: Venomoth|slp
|
|turn|22
|leave|dadwad
|
|switch|p2a: Ninetales|Ninetales, L85|298\/298
|switch|p1a: Nidorino|Nidorino, L90|293\/293
|
|turn|23
|c| raulcanxd|acepta andres
|
|move|p2a: Ninetales|Fire Blast|p1a: Nidorino
|-crit|p1a: Nidorino
|-damage|p1a: Nidorino|0 fnt
|faint|p1a: Nidorino
|
|switch|p1a: Seaking|Seaking, L90|158\/327 slp
|turn|24
|
|move|p2a: Ninetales|Body Slam|p1a: Seaking
|-damage|p1a: Seaking|100\/327 slp
|cant|p1a: Seaking|slp
|
|turn|25
|
|move|p2a: Ninetales|Body Slam|p1a: Seaking
|-damage|p1a: Seaking|43\/327 slp
|cant|p1a: Seaking|slp
|
|turn|26
|join|VictorElPutoAmo
|
|move|p2a: Ninetales|Body Slam|p1a: Seaking
|-crit|p1a: Seaking
|-damage|p1a: Seaking|0 fnt
|faint|p1a: Seaking
|
|switch|p1a: Paras|Paras, L96|116\/262 par
|turn|27
|
|move|p2a: Ninetales|Fire Blast|p1a: Paras
|-crit|p1a: Paras
|-supereffective|p1a: Paras
|-damage|p1a: Paras|0 fnt
|faint|p1a: Paras
|
|win|andreWandres
|leave|Hell Umbreon
|player|p1
|leave|andreWandres
|leave|VictorElPutoAmo
|player|p2