|join|asdfsdflkj
|join|smilzo
|player|p1|asdfsdflkj|2
|player|p2|smilzo|157
|gametype|singles
|gen|1
|tier|[Gen 1] Random Battle
|rated
|rule|Sleep Clause Mod: Limit one foe put to sleep
|rule|Freeze Clause Mod: Limit one foe frozen
|rule|HP Percentage Mod: HP is shown in percentages
|
|start
|switch|p1a: Nidorino|Nidorino, L90|293\/293
|switch|p2a: Gastly|Gastly, L96|252\/252
|turn|1
|
|move|p2a: Gastly|Hypnosis|p1a: Nidorino
|-status|p1a: Nidorino|slp
|cant|p1a: Nidorino|slp
|
|turn|2
|
|switch|p1a: Alakazam|Alakazam, L79|249\/249
|move|p2a: Gastly|Thunderbolt|p1a: Alakazam
|-crit|p1a: Alakazam
|-damage|p1a: Alakazam|118\/249
|-status|p1a: Alakazam|par
|
|turn|3
|
|switch|p2a: Lickitung|Lickitung, L85|327\/327
|cant|p1a: Alakazam|par
|
|turn|4
|
|switch|p1a: Pidgey|Pidgey, L96|272\/272
|move|p2a: Lickitung|Body Slam|p1a: Pidgey
|-damage|p1a: Pidgey|182\/272
|
|turn|5
|
|move|p1a: Pidgey|Mirror Move|p1a: Pidgey
|move|p1a: Pidgey|Body Slam|p2a: Lickitung|[from]Mirror Move
|-damage|p2a: Lickitung|242\/327
|move|p2a: Lickitung|Swords Dance|p2a: Lickitung
|-boost|p2a: Lickitung|atk|2
|
|turn|6
|
|move|p1a: Pidgey|Double-Edge|p2a: Lickitung
|-crit|p2a: Lickitung
|-damage|p2a: Lickitung|64\/327
|-damage|p1a: Pidgey|138\/272|[from] recoil|[of] p2a: Lickitung
|move|p2a: Lickitung|Body Slam|p1a: Pidgey
|-damage|p1a: Pidgey|0 fnt
|faint|p1a: Pidgey
|
|switch|p1a: Seadra|Seadra, L85|267\/267
|turn|7
|
|move|p1a: Seadra|Surf|p2a: Lickitung
|-damage|p2a: Lickitung|0 fnt
|faint|p2a: Lickitung
|
|switch|p2a: Gastly|Gastly, L96|252\/252
|turn|8
|
|switch|p1a: Weepinbell|Weepinbell, L85|284\/284
|move|p2a: Gastly|Confuse Ray|p1a: Weepinbell
|-start|p1a: Weepinbell|confusion
|
|turn|9
|
|switch|p2a: Zapdos|Zapdos, L79|304\/304
|-activate|p1a: Weepinbell|confusion
|move|p1a: Weepinbell|Stun Spore|p2a: Zapdos
|-status|p2a: Zapdos|par
|
|turn|10
|
|switch|p1a: Seadra|Seadra, L85|267\/267
|cant|p2a: Zapdos|par
|
|turn|11
|
|switch|p2a: Parasect|Parasect, L85|276\/276
|move|p1a: Seadra|Blizzard|p2a: Parasect
|-supereffective|p2a: Parasect
|-damage|p2a: Parasect|100\/276
|
|turn|12
|
|move|p1a: Seadra|Blizzard|p2a: Parasect
|-supereffective|p2a: Parasect
|-damage|p2a: Parasect|0 fnt
|faint|p2a: Parasect
|
|switch|p2a: Machamp|Machamp, L85|327\/327
|turn|13
|
|move|p1a: Seadra|Surf|p2a: Machamp
|-damage|p2a: Machamp|212\/327
|move|p2a: Machamp|Body Slam|p1a: Seadra
|-damage|p1a: Seadra|194\/267
|
|turn|14
|
|move|p1a: Seadra|Surf|p2a: Machamp
|-damage|p2a: Machamp|87\/327
|move|p2a: Machamp|Body Slam|p1a: Seadra
|-damage|p1a: Seadra|118\/267
|-status|p1a: Seadra|par
|
|turn|15
|
|move|p2a: Machamp|Submission|p1a: Seadra
|-damage|p1a: Seadra|15\/267 par
|-damage|p2a: Machamp|62\/327|[from] recoil|[of] p1a: Seadra
|move|p1a: Seadra|Surf|p2a: Machamp
|-damage|p2a: Machamp|0 fnt
|faint|p2a: Machamp
|
|switch|p2a: Zapdos|Zapdos, L79|304\/304 par
|turn|16
|
|cant|p2a: Zapdos|par
|move|p1a: Seadra|Blizzard|p2a: Zapdos
|-supereffective|p2a: Zapdos
|-damage|p2a: Zapdos|159\/304 par
|
|turn|17
|
|move|p2a: Zapdos|Drill Peck|p1a: Seadra
|-crit|p1a: Seadra
|-damage|p1a: Seadra|0 fnt
|faint|p1a: Seadra
|
|switch|p1a: Dodrio|Dodrio, L85|276\/276
|turn|18
|
|move|p1a: Dodrio|Hyper Beam|p2a: Zapdos
|-damage|p2a: Zapdos|0 fnt
|faint|p2a: Zapdos
|
|switch|p2a: Gastly|Gastly, L96|252\/252
|turn|19
|
|switch|p2a: Pidgeot|Pidgeot, L85|315\/315
|move|p1a: Dodrio|Drill Peck|p2a: Pidgeot
|-damage|p2a: Pidgeot|211\/315
|
|turn|20
|
|move|p1a: Dodrio|Drill Peck|p2a: Pidgeot
|-damage|p2a: Pidgeot|108\/315
|move|p2a: Pidgeot|Double-Edge|p1a: Dodrio
|-damage|p1a: Dodrio|164\/276
|-damage|p2a: Pidgeot|80\/315|[from] recoil|[of] p1a: Dodrio
|
|turn|21
|
|switch|p2a: Gastly|Gastly, L96|252\/252
|move|p1a: Dodrio|Drill Peck|p2a: Gastly
|-damage|p2a: Gastly|105\/252
|
|turn|22
|
|move|p1a: Dodrio|Drill Peck|p2a: Gastly
|-damage|p2a: Gastly|0 fnt
|faint|p2a: Gastly
|-message|smilzo forfeited.
|
|win|asdfsdflkj
|raw|Ladder updating...
|leave|smilzo
|player|p2
|raw|asdfsdflkj's rating: 1079 &rarr; <strong>1115<\/strong><br \/>(+36 for winning)
|raw|smilzo's rating: 1183 &rarr; <strong>1151<\/strong><br \/>(-32 for losing)