|j|samusco
|j|business is cool
|player|p1|samusco|258
|player|p2|business is cool|76
|gametype|singles
|gen|1
|tier|[Gen 1] OU
|rated
|seed|17209,3210,21761,37656
|rule|Sleep Clause Mod: Limit one foe put to sleep
|rule|Freeze Clause Mod: Limit one foe frozen
|rule|Species Clause: Limit one of each Pokémon
|rule|OHKO Clause: OHKO moves are banned
|rule|Evasion Moves Clause: Evasion moves are banned
|rule|HP Percentage Mod: HP is shown in percentages
|
|start
|switch|p1a: Electrode|Electrode|323\/323
|switch|p2a: Jynx|Jynx|333\/333
|turn|1
|choice|move 3|switch 3
|
|switch|p2a: Chansey|Chansey|703\/703
|move|p1a: Electrode|Light Screen|p1a: Electrode
|-start|p1a: Electrode|Light Screen
|
|turn|2
|c|★business is cool|glhf
|choice|move 1|switch 6
|
|switch|p2a: Exeggutor|Exeggutor|393\/393
|move|p1a: Electrode|Thunder Wave|p2a: Exeggutor
|-status|p2a: Exeggutor|par
|
|turn|3
|choice|switch 5|move 3
|
|switch|p1a: Tentacruel|Tentacruel|363\/363
|move|p2a: Exeggutor|Sleep Powder|p1a: Tentacruel
|-status|p1a: Tentacruel|slp
|
|turn|4
|choice|move 3|switch 6
|
|switch|p2a: Chansey|Chansey|703\/703
|cant|p1a: Tentacruel|slp
|
|turn|5
|choice|move 3|move 4
|
|cant|p1a: Tentacruel|slp
|move|p2a: Chansey|Thunderbolt|p1a: Tentacruel
|-supereffective|p1a: Tentacruel
|-damage|p1a: Tentacruel|226\/363 slp
|
|turn|6
|choice|move 1|move 4
|
|cant|p1a: Tentacruel|slp
|move|p2a: Chansey|Thunderbolt|p1a: Tentacruel
|-supereffective|p1a: Tentacruel
|-damage|p1a: Tentacruel|93\/363 slp
|
|turn|7
|choice|move 1|move 1
|
|cant|p1a: Tentacruel|slp
|move|p2a: Chansey|Ice Beam|p1a: Tentacruel
|-resisted|p1a: Tentacruel
|-damage|p1a: Tentacruel|59\/363 slp
|
|turn|8
|choice|move 1|move 4
|
|cant|p1a: Tentacruel|slp
|move|p2a: Chansey|Thunderbolt|p1a: Tentacruel
|-supereffective|p1a: Tentacruel
|-damage|p1a: Tentacruel|0 fnt
|faint|p1a: Tentacruel
|choice|switch 3|
|
|switch|p1a: Exeggutor|Exeggutor|393\/393
|turn|9
|choice|move 2|switch 3
|
|switch|p2a: Jynx|Jynx|333\/333
|move|p1a: Exeggutor|Leech Seed|p2a: Jynx
|-start|p2a: Jynx|move: Leech Seed
|
|turn|10
|choice|move 3|move 1
|
|move|p2a: Jynx|Blizzard|p1a: Exeggutor
|-supereffective|p1a: Exeggutor
|-damage|p1a: Exeggutor|166\/393
|-status|p1a: Exeggutor|frz
|-damage|p2a: Jynx|313\/333|[from] Leech Seed|[of] p1a: Exeggutor
|-heal|p1a: Exeggutor|186\/393 frz|[silent]
|cant|p1a: Exeggutor|frz
|
|turn|11
|choice|move 3|switch 4
|
|switch|p2a: Blastoise|Blastoise|361\/361
|cant|p1a: Exeggutor|frz
|
|turn|12
|choice|move 2|move 1
|
|move|p2a: Blastoise|Blizzard|p1a: Exeggutor
|-supereffective|p1a: Exeggutor
|-damage|p1a: Exeggutor|33\/393 frz
|cant|p1a: Exeggutor|frz
|
|turn|13
|choice|move 2|move 2
|
|move|p2a: Blastoise|Withdraw|p2a: Blastoise
|-boost|p2a: Blastoise|def|1
|cant|p1a: Exeggutor|frz
|
|turn|14
|choice|move 2|move 3
|
|move|p2a: Blastoise|Surf|p1a: Exeggutor
|-resisted|p1a: Exeggutor
|-damage|p1a: Exeggutor|0 fnt
|faint|p1a: Exeggutor
|choice|switch 5|
|
|switch|p1a: Electrode|Electrode|323\/323
|turn|15
|choice|move 3|switch 3
|
|switch|p2a: Chansey|Chansey|703\/703
|move|p1a: Electrode|Light Screen|p1a: Electrode
|-start|p1a: Electrode|Light Screen
|
|turn|16
|choice|move 1|move 2
|
|move|p1a: Electrode|Thunder Wave|p2a: Chansey
|-status|p2a: Chansey|par
|move|p2a: Chansey|Thunder Wave|p1a: Electrode
|-status|p1a: Electrode|par
|
|turn|17
|choice|move 2|move 1
|
|move|p1a: Electrode|Thunderbolt|p2a: Chansey
|-damage|p2a: Chansey|604\/703 par
|move|p2a: Chansey|Ice Beam|p1a: Electrode
|-damage|p1a: Electrode|276\/323 par
|
|turn|18
|choice|move 2|move 1
|
|move|p1a: Electrode|Thunderbolt|p2a: Chansey
|-damage|p2a: Chansey|515\/703 par
|cant|p2a: Chansey|par
|
|turn|19
|choice|move 2|move 3
|
|move|p1a: Electrode|Thunderbolt|p2a: Chansey
|-crit|p2a: Chansey
|-damage|p2a: Chansey|346\/703 par
|move|p2a: Chansey|Soft-Boiled|p2a: Chansey
|-heal|p2a: Chansey|697\/703 par
|
|turn|20
|choice|move 2|move 1
|
|cant|p1a: Electrode|par
|move|p2a: Chansey|Ice Beam|p1a: Electrode
|-damage|p1a: Electrode|232\/323 par
|
|turn|21
|choice|move 2|move 1
|
|move|p1a: Electrode|Thunderbolt|p2a: Chansey
|-damage|p2a: Chansey|609\/703 par
|cant|p2a: Chansey|par
|
|turn|22
|choice|move 2|move 1
|
|move|p1a: Electrode|Thunderbolt|p2a: Chansey
|-damage|p2a: Chansey|519\/703 par
|cant|p2a: Chansey|par
|
|turn|23
|choice|move 2|move 3
|
|move|p1a: Electrode|Thunderbolt|p2a: Chansey
|-damage|p2a: Chansey|423\/703 par
|move|p2a: Chansey|Soft-Boiled|p2a: Chansey
|-heal|p2a: Chansey|703\/703 par
|
|turn|24
|choice|move 2|move 1
|
|cant|p1a: Electrode|par
|move|p2a: Chansey|Ice Beam|p1a: Electrode
|-damage|p1a: Electrode|185\/323 par
|
|turn|25
|choice|move 2|move 1
|
|move|p1a: Electrode|Thunderbolt|p2a: Chansey
|-damage|p2a: Chansey|607\/703 par
|move|p2a: Chansey|Ice Beam|p1a: Electrode
|-damage|p1a: Electrode|143\/323 par
|
|turn|26
|choice|move 2|move 1
|
|move|p1a: Electrode|Thunderbolt|p2a: Chansey
|-damage|p2a: Chansey|513\/703 par
|cant|p2a: Chansey|par
|
|turn|27
|choice|move 4|move 3
|
|move|p1a: Electrode|Explosion|p2a: Chansey
|-damage|p2a: Chansey|28\/703 par
|faint|p1a: Electrode
|choice|switch 4|
|
|switch|p1a: Alakazam|Alakazam|313\/313
|turn|28
|choice|move 1|move 1
|
|move|p1a: Alakazam|Psychic|p2a: Chansey
|-damage|p2a: Chansey|0 fnt
|faint|p2a: Chansey
|choice||switch 6
|
|switch|p2a: Exeggutor|Exeggutor|393\/393 par
|turn|29
|choice|move 1|move 3
|
|move|p1a: Alakazam|Psychic|p2a: Exeggutor
|-crit|p2a: Exeggutor
|-resisted|p2a: Exeggutor
|-damage|p2a: Exeggutor|290\/393 par
|move|p2a: Exeggutor|Sleep Powder|p1a: Alakazam
|-status|p1a: Alakazam|slp
|
|turn|30
|choice|move 1|move 4
|
|-curestatus|p1a: Alakazam|slp
|move|p2a: Exeggutor|Double-Edge|p1a: Alakazam
|-damage|p1a: Alakazam|187\/313
|-damage|p2a: Exeggutor|259\/393 par|[from] recoil|[of] p1a: Alakazam
|
|turn|31
|choice|move 3|move 3
|
|move|p1a: Alakazam|Recover|p1a: Alakazam
|-heal|p1a: Alakazam|313\/313
|move|p2a: Exeggutor|Sleep Powder|p1a: Alakazam
|-status|p1a: Alakazam|slp
|
|turn|32
|choice|move 4|move 4
|
|cant|p1a: Alakazam|slp
|move|p2a: Exeggutor|Double-Edge|p1a: Alakazam
|-damage|p1a: Alakazam|196\/313 slp
|-damage|p2a: Exeggutor|230\/393 par|[from] recoil|[of] p1a: Alakazam
|
|turn|33
|choice|move 4|move 4
|
|cant|p1a: Alakazam|slp
|move|p2a: Exeggutor|Double-Edge|p1a: Alakazam
|-damage|p1a: Alakazam|72\/313 slp
|-damage|p2a: Exeggutor|199\/393 par|[from] recoil|[of] p1a: Alakazam
|
|turn|34
|choice|move 4|move 4
|
|cant|p1a: Alakazam|slp
|cant|p2a: Exeggutor|par
|
|turn|35
|choice|move 4|move 4
|
|-curestatus|p1a: Alakazam|slp
|cant|p2a: Exeggutor|par
|
|turn|36
|choice|move 3|move 3
|
|move|p1a: Alakazam|Recover|p1a: Alakazam
|-heal|p1a: Alakazam|228\/313
|move|p2a: Exeggutor|Sleep Powder|p1a: Alakazam
|-status|p1a: Alakazam|slp
|
|turn|37
|choice|move 4|move 4
|
|cant|p1a: Alakazam|slp
|move|p2a: Exeggutor|Double-Edge|p1a: Alakazam
|-damage|p1a: Alakazam|102\/313 slp
|-damage|p2a: Exeggutor|168\/393 par|[from] recoil|[of] p1a: Alakazam
|
|turn|38
|choice|move 3|move 4
|
|cant|p1a: Alakazam|slp
|move|p2a: Exeggutor|Double-Edge|p1a: Alakazam
|-damage|p1a: Alakazam|0 fnt
|-damage|p2a: Exeggutor|143\/393 par|[from] recoil|[of] p1a: Alakazam
|faint|p1a: Alakazam
|choice|switch 6|
|
|switch|p1a: Golem|Golem|363\/363
|turn|39
|choice|move 2|move 3
|
|move|p1a: Golem|Earthquake|p2a: Exeggutor
|-resisted|p2a: Exeggutor
|-damage|p2a: Exeggutor|74\/393 par
|cant|p2a: Exeggutor|par
|
|turn|40
|choice|move 1|move 3
|
|move|p1a: Golem|Rock Slide|p2a: Exeggutor
|-crit|p2a: Exeggutor
|-damage|p2a: Exeggutor|0 fnt
|faint|p2a: Exeggutor
|choice||switch 3
|
|switch|p2a: Blastoise|Blastoise|361\/361
|turn|41
|choice|switch 2|move 1
|
|switch|p1a: Gengar|Gengar|323\/323
|move|p2a: Blastoise|Blizzard|p1a: Gengar
|-damage|p1a: Gengar|255\/323
|
|turn|42
|choice|move 4|move 3
|
|move|p1a: Gengar|Thunderbolt|p2a: Blastoise
|-supereffective|p2a: Blastoise
|-damage|p2a: Blastoise|165\/361
|-status|p2a: Blastoise|par
|cant|p2a: Blastoise|par
|
|turn|43
|choice|move 4|move 3
|
|move|p1a: Gengar|Thunderbolt|p2a: Blastoise
|-supereffective|p2a: Blastoise
|-damage|p2a: Blastoise|0 fnt
|faint|p2a: Blastoise
|choice||switch 4
|
|switch|p2a: Jynx|Jynx|313\/333
|turn|44
|choice|move 4|move 3
|
|move|p1a: Gengar|Thunderbolt|p2a: Jynx
|-damage|p2a: Jynx|223\/333
|move|p2a: Jynx|Psychic|p1a: Gengar
|-crit|p1a: Gengar
|-supereffective|p1a: Gengar
|-damage|p1a: Gengar|0 fnt
|faint|p1a: Gengar
|choice|switch 2|
|
|switch|p1a: Golem|Golem|363\/363
|turn|45
|choice|move 4|move 3
|
|move|p2a: Jynx|Psychic|p1a: Golem
|-crit|p1a: Golem
|-damage|p1a: Golem|101\/363
|move|p1a: Golem|Hyper Beam|p2a: Jynx
|-damage|p2a: Jynx|14\/333
|
|turn|46
|-mustrecharge|p1a: Golem
|-mustrecharge|p1a: Golem
|choice|move 1|move 1
|
|move|p2a: Jynx|Blizzard|p1a: Golem
|-supereffective|p1a: Golem
|-damage|p1a: Golem|0 fnt
|faint|p1a: Golem
|
|win|business is cool
|player|p1
|player|p2
|raw|samusco's rating: 1074 &rarr; <strong>1051<\/strong><br \/>(-23 for losing)
|raw|business is cool's rating: 1040 &rarr; <strong>1077<\/strong><br \/>(+37 for winning)
|c|★business is cool|gg
|l|samusco