|join|andrewandres
|join|patatta
|player|p1|andrewandres|1
|player|p2|patatta|156
|gametype|singles
|gen|1
|tier|[Gen 1] Random Battle
|rule|Sleep Clause Mod: Limit one foe put to sleep
|rule|Freeze Clause Mod: Limit one foe frozen
|rule|HP Percentage Mod: HP is shown in percentages
|
|start
|switch|p1a: Pidgey|Pidgey, L96|272\/272
|switch|p2a: Magikarp|Magikarp, L99|240\/240
|turn|1
|join|samux66
|
|move|p2a: Magikarp|Dragon Rage|p1a: Pidgey
|-damage|p1a: Pidgey|232\/272
|move|p1a: Pidgey|Agility|p1a: Pidgey
|-boost|p1a: Pidgey|spe|2
|
|turn|2
|leave|samux66
|
|move|p1a: Pidgey|Double-Edge|p2a: Magikarp
|-damage|p2a: Magikarp|138\/240
|-damage|p1a: Pidgey|207\/272|[from] recoil|[of] p2a: Magikarp
|move|p2a: Magikarp|Dragon Rage|p1a: Pidgey
|-damage|p1a: Pidgey|167\/272
|
|turn|3
|
|move|p1a: Pidgey|Double-Edge|p2a: Magikarp
|-damage|p2a: Magikarp|36\/240
|-damage|p1a: Pidgey|142\/272|[from] recoil|[of] p2a: Magikarp
|move|p2a: Magikarp|Dragon Rage|p1a: Pidgey
|-damage|p1a: Pidgey|102\/272
|
|turn|4
|
|move|p1a: Pidgey|Rest|p1a: Pidgey
|-status|p1a: Pidgey|slp
|-heal|p1a: Pidgey|272\/272 slp|[silent]
|-status|p1a: Pidgey|slp|[from] move: Rest
|move|p2a: Magikarp|Dragon Rage|p1a: Pidgey
|-damage|p1a: Pidgey|232\/272 slp
|
|turn|5
|join|SS.AnneeTitanic2
|join|samux66
|
|cant|p1a: Pidgey|slp
|move|p2a: Magikarp|Dragon Rage|p1a: Pidgey
|-damage|p1a: Pidgey|192\/272 slp
|
|turn|6
|c| samux66|lel
|join|Elmemo123.
|
|-curestatus|p1a: Pidgey|slp
|move|p2a: Magikarp|Dragon Rage|p1a: Pidgey
|-damage|p1a: Pidgey|152\/272
|
|turn|7
|
|move|p1a: Pidgey|Double-Edge|p2a: Magikarp
|-damage|p2a: Magikarp|0 fnt
|-damage|p1a: Pidgey|143\/272|[from] recoil|[of] p2a: Magikarp
|faint|p2a: Magikarp
|join|XxbyviolatorxX
|
|switch|p2a: Jolteon|Jolteon, L79|265\/265
|turn|8
|leave|SS.AnneeTitanic2
|leave|XxbyviolatorxX
|
|move|p1a: Pidgey|Double-Edge|p2a: Jolteon
|-damage|p2a: Jolteon|152\/265
|-damage|p1a: Pidgey|115\/272|[from] recoil|[of] p2a: Jolteon
|move|p2a: Jolteon|Thunderbolt|p1a: Pidgey
|-supereffective|p1a: Pidgey
|-damage|p1a: Pidgey|0 fnt
|faint|p1a: Pidgey
|c|★andrewandres|y no casca el critico..
|c|★andrewandres|caxis
|join|NintendoGamer123
|
|switch|p1a: Rapidash|Rapidash, L90|300\/300
|turn|9
|leave|Elmemo123.
|join|kazue
|join|dany981205
|leave|kazue
|
|move|p2a: Jolteon|Body Slam|p1a: Rapidash
|-crit|p1a: Rapidash
|-damage|p1a: Rapidash|212\/300
|move|p1a: Rapidash|Agility|p1a: Rapidash
|-boost|p1a: Rapidash|spe|2
|
|turn|10
|
|move|p1a: Rapidash|Fire Blast|p2a: Jolteon
|-damage|p2a: Jolteon|44\/265
|move|p2a: Jolteon|Body Slam|p1a: Rapidash
|-crit|p1a: Rapidash
|-damage|p1a: Rapidash|123\/300
|
|turn|11
|
|move|p1a: Rapidash|Fire Blast|p2a: Jolteon
|-damage|p2a: Jolteon|0 fnt
|faint|p2a: Jolteon
|
|switch|p2a: Arbok|Arbok, L90|291\/291
|turn|12
|c|★andrewandres|por favor
|c|★andrewandres|quema
|
|move|p1a: Rapidash|Fire Blast|p2a: Arbok|[miss]
|-miss|p1a: Rapidash
|move|p2a: Arbok|Earthquake|p1a: Rapidash
|-supereffective|p1a: Rapidash
|-damage|p1a: Rapidash|0 fnt
|faint|p1a: Rapidash
|c|★andrewandres|lo sabia XD
|
|switch|p1a: Kadabra|Kadabra, L85|242\/242
|turn|13
|
|move|p1a: Kadabra|Psychic|p2a: Arbok
|-supereffective|p2a: Arbok
|-damage|p2a: Arbok|41\/291
|move|p2a: Arbok|Glare|p1a: Kadabra
|-status|p1a: Kadabra|par
|
|turn|14
|join|xCerox
|join|Tormentrex
|leave|samux66
|leave|Tormentrex
|
|move|p2a: Arbok|Hyper Beam|p1a: Kadabra|[miss]
|-miss|p2a: Arbok
|move|p1a: Kadabra|Seismic Toss|p2a: Arbok
|-damage|p2a: Arbok|0 fnt
|faint|p2a: Arbok
|leave|NintendoGamer123
|
|switch|p2a: Mewtwo|Mewtwo, L70|293\/293
|turn|15
|
|move|p2a: Mewtwo|Hyper Beam|p1a: Kadabra
|-crit|p1a: Kadabra
|-damage|p1a: Kadabra|0 fnt
|faint|p1a: Kadabra
|
|switch|p1a: Gyarados|Gyarados, L85|335\/335
|turn|16
|c|★andrewandres|otro hyper rayo y me mata..
|
|move|p2a: Mewtwo|Hyper Beam|p1a: Gyarados
|-damage|p1a: Gyarados|254\/335
|move|p1a: Gyarados|Body Slam|p2a: Mewtwo
|-crit|p2a: Mewtwo
|-damage|p2a: Mewtwo|126\/293
|-status|p2a: Mewtwo|par
|
|turn|17
|-mustrecharge|p2a: Mewtwo
|-mustrecharge|p2a: Mewtwo
|c|★andrewandres|oh si
|
|move|p1a: Gyarados|Body Slam|p2a: Mewtwo
|-damage|p2a: Mewtwo|38\/293 par
|cant|p2a: Mewtwo|recharge
|
|turn|18
|
|move|p1a: Gyarados|Body Slam|p2a: Mewtwo
|-damage|p2a: Mewtwo|0 fnt
|faint|p2a: Mewtwo
|
|switch|p2a: Scyther|Scyther, L90|309\/309
|turn|19
|
|move|p2a: Scyther|Swords Dance|p2a: Scyther
|-boost|p2a: Scyther|atk|2
|move|p1a: Gyarados|Thunderbolt|p2a: Scyther
|-supereffective|p2a: Scyther
|-damage|p2a: Scyther|146\/309
|
|turn|20
|c|★andrewandres|gg
|
|switch|p1a: Gengar|Gengar, L79|257\/257
|move|p2a: Scyther|Hyper Beam|p1a: Gengar
|-immune|p1a: Gengar|[msg]
|
|turn|21
|
|switch|p2a: Parasect|Parasect, L90|291\/291
|move|p1a: Gengar|Psychic|p2a: Parasect
|-damage|p2a: Parasect|223\/291
|-unboost|p2a: Parasect|spd|1
|-unboost|p2a: Parasect|spa|1
|
|turn|22
|
|switch|p1a: Gyarados|Gyarados, L85|254\/335
|move|p2a: Parasect|Stun Spore|p1a: Gyarados|[miss]
|-miss|p2a: Parasect
|
|turn|23
|
|move|p1a: Gyarados|Blizzard|p2a: Parasect
|-supereffective|p2a: Parasect
|-damage|p2a: Parasect|0 fnt
|faint|p2a: Parasect
|
|switch|p2a: Scyther|Scyther, L90|146\/309
|turn|24
|leave|dany981205
|
|move|p2a: Scyther|Hyper Beam|p1a: Gyarados
|-damage|p1a: Gyarados|120\/335
|move|p1a: Gyarados|Thunderbolt|p2a: Scyther
|-crit|p2a: Scyther
|-supereffective|p2a: Scyther
|-damage|p2a: Scyther|0 fnt
|faint|p2a: Scyther
|
|win|andrewandres