|j|Eddye
|j|udongirl
|player|p1|Eddye|170
|player|p2|udongirl|97
|gametype|singles
|gen|1
|tier|[Gen 1] Random Battle
|rated
|seed|53820,62393,35156,15653
|rule|Sleep Clause Mod: Limit one foe put to sleep
|rule|Freeze Clause Mod: Limit one foe frozen
|rule|HP Percentage Mod: HP is shown in percentages
|
|start
|switch|p1a: Vaporeon|Vaporeon, L85|395\/395
|switch|p2a: Koffing|Koffing, L96|272\/272
|turn|1
|choice|move 1|move 1
|
|move|p1a: Vaporeon|Surf|p2a: Koffing
|-damage|p2a: Koffing|139\/272
|move|p2a: Koffing|Explosion|p1a: Vaporeon
|-damage|p1a: Vaporeon|85\/395
|faint|p2a: Koffing
|choice||switch 4
|
|switch|p2a: Mewtwo|Mewtwo, L70|293\/293
|turn|2
|choice|move 2|move 2
|
|move|p2a: Mewtwo|Hyper Beam|p1a: Vaporeon
|-damage|p1a: Vaporeon|0 fnt
|faint|p1a: Vaporeon
|choice|switch 5|
|
|switch|p1a: Jolteon|Jolteon, L79|265\/265
|turn|3
|choice|move 4|move 1
|
|move|p1a: Jolteon|Sand Attack|p2a: Mewtwo
|-unboost|p2a: Mewtwo|accuracy|1
|move|p2a: Mewtwo|Psychic|p1a: Jolteon|[miss]
|-miss|p2a: Mewtwo
|
|turn|4
|choice|move 1|move 1
|
|move|p1a: Jolteon|Thunderbolt|p2a: Mewtwo
|-crit|p2a: Mewtwo
|-damage|p2a: Mewtwo|151\/293
|move|p2a: Mewtwo|Psychic|p1a: Jolteon
|-crit|p1a: Jolteon
|-damage|p1a: Jolteon|103\/265
|
|turn|5
|choice|move 1|move 1
|
|move|p1a: Jolteon|Thunderbolt|p2a: Mewtwo
|-crit|p2a: Mewtwo
|-damage|p2a: Mewtwo|8\/293
|move|p2a: Mewtwo|Psychic|p1a: Jolteon
|-crit|p1a: Jolteon
|-damage|p1a: Jolteon|0 fnt
|faint|p1a: Jolteon
|choice|switch 4|
|
|switch|p1a: Pidgeot|Pidgeot, L90|333\/333
|turn|6
|choice|move 1|switch 6
|
|switch|p2a: Magneton|Magneton, L90|273\/273
|move|p1a: Pidgeot|Double-Edge|p2a: Magneton
|-damage|p2a: Magneton|178\/273
|-damage|p1a: Pidgeot|310\/333|[from] recoil|[of] p2a: Magneton
|
|turn|7
|choice|switch 6|move 1
|
|switch|p1a: Sandslash|Sandslash, L85|301\/301
|move|p2a: Magneton|Thunderbolt|p1a: Sandslash
|-immune|p1a: Sandslash|[msg]
|
|turn|8
|choice|move 1|switch 5
|
|switch|p2a: Pinsir|Pinsir, L85|284\/284
|move|p1a: Sandslash|Earthquake|p2a: Pinsir
|-resisted|p2a: Pinsir
|-damage|p2a: Pinsir|234\/284
|
|turn|9
|choice|move 3|move 4
|
|move|p2a: Pinsir|Body Slam|p1a: Sandslash
|-damage|p1a: Sandslash|237\/301
|move|p1a: Sandslash|Rock Slide|p2a: Pinsir
|-supereffective|p2a: Pinsir
|-damage|p2a: Pinsir|126\/284
|
|turn|10
|choice|move 3|move 4
|
|move|p2a: Pinsir|Body Slam|p1a: Sandslash
|-damage|p1a: Sandslash|179\/301
|move|p1a: Sandslash|Rock Slide|p2a: Pinsir
|-supereffective|p2a: Pinsir
|-damage|p2a: Pinsir|30\/284
|
|turn|11
|choice|move 3|move 3
|
|move|p2a: Pinsir|Hyper Beam|p1a: Sandslash
|-damage|p1a: Sandslash|66\/301
|move|p1a: Sandslash|Rock Slide|p2a: Pinsir
|-supereffective|p2a: Pinsir
|-damage|p2a: Pinsir|0 fnt
|faint|p2a: Pinsir
|choice||switch 6
|
|switch|p2a: Mewtwo|Mewtwo, L70|8\/293
|turn|12
|choice|move 2|move 1
|
|move|p2a: Mewtwo|Psychic|p1a: Sandslash
|-damage|p1a: Sandslash|0 fnt
|faint|p1a: Sandslash
|choice|switch 3|
|
|switch|p1a: Nidorino|Nidorino, L90|293\/293
|turn|13
|choice|move 1|move 1
|
|move|p2a: Mewtwo|Psychic|p1a: Nidorino
|-supereffective|p1a: Nidorino
|-damage|p1a: Nidorino|52\/293
|-unboost|p1a: Nidorino|spd|1
|-unboost|p1a: Nidorino|spa|1
|move|p1a: Nidorino|Thunderbolt|p2a: Mewtwo
|-damage|p2a: Mewtwo|0 fnt
|faint|p2a: Mewtwo
|choice||switch 5
|
|switch|p2a: Magneton|Magneton, L90|178\/273
|turn|14
|choice|move 3|move 1
|
|move|p2a: Magneton|Thunderbolt|p1a: Nidorino
|-damage|p1a: Nidorino|0 fnt
|faint|p1a: Nidorino
|choice|switch 2|
|
|switch|p1a: Mankey|Mankey, L96|272\/272
|turn|15
|choice|move 3|switch 3
|
|switch|p2a: Pidgeot|Pidgeot, L90|333\/333
|move|p1a: Mankey|Mega Kick|p2a: Pidgeot
|-damage|p2a: Pidgeot|235\/333
|
|turn|16
|choice|move 4|move 3
|
|move|p2a: Pidgeot|Reflect|p2a: Pidgeot
|-start|p2a: Pidgeot|Reflect
|move|p1a: Mankey|Rock Slide|p2a: Pidgeot|[miss]
|-miss|p1a: Mankey
|
|turn|17
|choice|move 4|move 1
|
|move|p2a: Pidgeot|Double-Edge|p1a: Mankey
|-damage|p1a: Mankey|108\/272
|-damage|p2a: Pidgeot|194\/333|[from] recoil|[of] p1a: Mankey
|move|p1a: Mankey|Rock Slide|p2a: Pidgeot
|-crit|p2a: Pidgeot
|-supereffective|p2a: Pidgeot
|-damage|p2a: Pidgeot|0 fnt
|faint|p2a: Pidgeot
|choice||switch 2
|
|switch|p2a: Bulbasaur|Bulbasaur, L96|281\/281
|turn|18
|choice|move 2|move 1
|
|move|p1a: Mankey|Submission|p2a: Bulbasaur
|-resisted|p2a: Bulbasaur
|-damage|p2a: Bulbasaur|222\/281
|-damage|p1a: Mankey|94\/272|[from] recoil|[of] p2a: Bulbasaur
|move|p2a: Bulbasaur|Razor Leaf|p1a: Mankey
|-damage|p1a: Mankey|8\/272
|
|turn|19
|choice|move 1|move 2
|
|move|p1a: Mankey|Body Slam|p2a: Bulbasaur
|-damage|p2a: Bulbasaur|140\/281
|-status|p2a: Bulbasaur|par
|move|p2a: Bulbasaur|Leech Seed|p1a: Mankey
|-start|p1a: Mankey|move: Leech Seed
|
|turn|20
|choice|move 3|move 3
|
|move|p1a: Mankey|Mega Kick|p2a: Bulbasaur
|-damage|p2a: Bulbasaur|28\/281 par
|-damage|p1a: Mankey|0 fnt|[from] Leech Seed|[of] p2a: Bulbasaur
|-heal|p2a: Bulbasaur|36\/281 par|[silent]
|faint|p1a: Mankey
|choice|switch 6|
|
|switch|p1a: Pidgeot|Pidgeot, L90|310\/333
|turn|21
|choice|move 1|move 3
|
|move|p1a: Pidgeot|Double-Edge|p2a: Bulbasaur
|-damage|p2a: Bulbasaur|0 fnt
|-damage|p1a: Pidgeot|301\/333|[from] recoil|[of] p2a: Bulbasaur
|faint|p2a: Bulbasaur
|choice||switch 3
|
|switch|p2a: Magneton|Magneton, L90|178\/273
|turn|22
|choice|move 1|move 1
|
|move|p1a: Pidgeot|Double-Edge|p2a: Magneton
|-damage|p2a: Magneton|83\/273
|-damage|p1a: Pidgeot|278\/333|[from] recoil|[of] p2a: Magneton
|move|p2a: Magneton|Thunderbolt|p1a: Pidgeot
|-supereffective|p1a: Pidgeot
|-damage|p1a: Pidgeot|0 fnt
|faint|p1a: Pidgeot
|
|win|udongirl
|raw|Eddye's rating: 1072 &rarr; <strong>1047<\/strong><br \/>(-25 for losing)
|raw|udongirl's rating: 1000 &rarr; <strong>1048<\/strong><br \/>(+48 for winning)