|join|MALESANI
|join|riwu
|player|p1|MALESANI|238
|player|p2|riwu|102
|gametype|singles
|gen|1
|tier|[Gen 1] Random Battle
|rated
|seed|10185,14316,39514,65038
|rule|Sleep Clause Mod: Limit one foe put to sleep
|rule|Freeze Clause Mod: Limit one foe frozen
|rule|HP Percentage Mod: HP is shown in percentages
|
|start
|switch|p1a: Machamp|Machamp, L90|345\/345
|switch|p2a: Mew|Mew, L74|300\/300
|turn|1
|choice|move 3|move 2
|
|move|p2a: Mew|Fissure|p1a: Machamp|[miss]
|-miss|p2a: Mew
|move|p1a: Machamp|Body Slam|p2a: Mew
|-damage|p2a: Mew|207\/300
|-status|p2a: Mew|par
|
|turn|2
|choice|move 1|switch 3
|
|switch|p2a: Gastly|Gastly, L96|252\/252
|move|p1a: Machamp|Earthquake|p2a: Gastly
|-supereffective|p2a: Gastly
|-damage|p2a: Gastly|0 fnt
|faint|p2a: Gastly
|choice||switch 6
|
|switch|p2a: Marowak|Marowak, L90|291\/291
|turn|3
|choice|move 2|move 1
|
|move|p1a: Machamp|Submission|p2a: Marowak
|-damage|p2a: Marowak|193\/291
|-damage|p1a: Machamp|321\/345|[from] recoil|[of] p2a: Marowak
|move|p2a: Marowak|Earthquake|p1a: Machamp
|-damage|p1a: Machamp|210\/345
|
|turn|4
|choice|move 3|move 1
|
|move|p1a: Machamp|Body Slam|p2a: Marowak
|-damage|p2a: Marowak|126\/291
|move|p2a: Marowak|Earthquake|p1a: Machamp
|-damage|p1a: Machamp|105\/345
|
|turn|5
|choice|move 3|move 1
|
|move|p1a: Machamp|Body Slam|p2a: Marowak
|-damage|p2a: Marowak|63\/291
|move|p2a: Marowak|Earthquake|p1a: Machamp
|-crit|p1a: Machamp
|-damage|p1a: Machamp|0 fnt
|faint|p1a: Machamp
|choice|switch 5|
|
|switch|p1a: Wartortle|Wartortle, L85|274\/274
|turn|6
|choice|move 2|move 1
|
|move|p1a: Wartortle|Surf|p2a: Marowak
|-supereffective|p2a: Marowak
|-damage|p2a: Marowak|0 fnt
|faint|p2a: Marowak
|choice||switch 5
|
|switch|p2a: Nidorino|Nidorino, L90|293\/293
|turn|7
|choice|switch 3|move 1
|
|switch|p1a: Cubone|Cubone, L96|291\/291
|move|p2a: Nidorino|Body Slam|p1a: Cubone
|-damage|p1a: Cubone|241\/291
|-status|p1a: Cubone|par
|
|turn|8
|choice|move 3|move 2
|
|move|p2a: Nidorino|Blizzard|p1a: Cubone
|-supereffective|p1a: Cubone
|-damage|p1a: Cubone|63\/291 par
|cant|p1a: Cubone|par
|
|turn|9
|choice|move 3|move 2
|
|move|p2a: Nidorino|Blizzard|p1a: Cubone
|-supereffective|p1a: Cubone
|-damage|p1a: Cubone|0 fnt
|faint|p1a: Cubone
|choice|switch 6|
|
|switch|p1a: Rapidash|Rapidash, L90|300\/300
|turn|10
|choice|move 1|switch 4
|
|switch|p2a: Arcanine|Arcanine, L85|327\/327
|move|p1a: Rapidash|Fire Blast|p2a: Arcanine
|-resisted|p2a: Arcanine
|-damage|p2a: Arcanine|262\/327
|
|turn|11
|choice|switch 3|move 2
|
|switch|p1a: Wartortle|Wartortle, L85|274\/274
|move|p2a: Arcanine|Body Slam|p1a: Wartortle
|-damage|p1a: Wartortle|204\/274
|
|turn|12
|choice|move 2|switch 4
|
|switch|p2a: Nidorino|Nidorino, L90|293\/293
|move|p1a: Wartortle|Surf|p2a: Nidorino
|-damage|p2a: Nidorino|188\/293
|
|turn|13
|choice|move 4|move 1
|
|move|p2a: Nidorino|Body Slam|p1a: Wartortle
|-damage|p1a: Wartortle|141\/274
|-status|p1a: Wartortle|par
|move|p1a: Wartortle|Hydro Pump|p2a: Nidorino
|-crit|p2a: Nidorino
|-damage|p2a: Nidorino|0 fnt
|faint|p2a: Nidorino
|choice||switch 2
|
|switch|p2a: Farfetch'd|Farfetch'd, L99|304\/304
|turn|14
|choice|move 3|move 1
|
|move|p2a: Farfetch'd|Slash|p1a: Wartortle
|-crit|p1a: Wartortle
|-damage|p1a: Wartortle|0 fnt
|faint|p1a: Wartortle
|choice|switch 4|
|
|switch|p1a: Pidgeotto|Pidgeotto, L90|297\/297
|turn|15
|choice|move 3|switch 3
|
|switch|p2a: Mew|Mew, L74|207\/300 par
|move|p1a: Pidgeotto|Sky Attack|p2a: Mew|[still]
|-prepare|p1a: Pidgeotto|Sky Attack|p2a: Mew
|
|turn|16
|choice|move 1|move 3
|
|move|p1a: Pidgeotto|Sky Attack|p2a: Mew
|-crit|p2a: Mew
|-damage|p2a: Mew|0 fnt
|faint|p2a: Mew
|choice||switch 4
|
|switch|p2a: Arcanine|Arcanine, L85|262\/327
|turn|17
|choice|switch 3|move 3
|
|switch|p1a: Rapidash|Rapidash, L90|300\/300
|move|p2a: Arcanine|Fire Blast|p1a: Rapidash
|-crit|p1a: Rapidash
|-resisted|p1a: Rapidash
|-damage|p1a: Rapidash|189\/300
|
|turn|18
|choice|move 4|move 2
|
|move|p1a: Rapidash|Body Slam|p2a: Arcanine
|-damage|p2a: Arcanine|190\/327
|-status|p2a: Arcanine|par
|move|p2a: Arcanine|Body Slam|p1a: Rapidash
|-crit|p1a: Rapidash
|-damage|p1a: Rapidash|49\/300
|-status|p1a: Rapidash|par
|
|turn|19
|choice|move 4|move 2
|
|move|p1a: Rapidash|Body Slam|p2a: Arcanine
|-damage|p2a: Arcanine|112\/327 par
|move|p2a: Arcanine|Body Slam|p1a: Rapidash
|-damage|p1a: Rapidash|0 fnt
|faint|p1a: Rapidash
|choice|switch 3|
|
|switch|p1a: Pidgeotto|Pidgeotto, L90|297\/297
|turn|20
|choice|move 1|move 3
|
|move|p1a: Pidgeotto|Double-Edge|p2a: Arcanine
|-damage|p2a: Arcanine|10\/327 par
|-damage|p1a: Pidgeotto|272\/297|[from] recoil|[of] p2a: Arcanine
|move|p2a: Arcanine|Fire Blast|p1a: Pidgeotto
|-damage|p1a: Pidgeotto|121\/297
|
|turn|21
|choice|move 1|move 4
|
|move|p1a: Pidgeotto|Double-Edge|p2a: Arcanine
|-damage|p2a: Arcanine|0 fnt
|-damage|p1a: Pidgeotto|119\/297|[from] recoil|[of] p2a: Arcanine
|faint|p2a: Arcanine
|choice||switch 3
|
|switch|p2a: Farfetch'd|Farfetch'd, L99|304\/304
|turn|22
|choice|move 4|move 1
|
|move|p1a: Pidgeotto|Reflect|p1a: Pidgeotto
|-start|p1a: Pidgeotto|Reflect
|move|p2a: Farfetch'd|Slash|p1a: Pidgeotto
|-crit|p1a: Pidgeotto
|-damage|p1a: Pidgeotto|0 fnt
|faint|p1a: Pidgeotto
|choice|switch 2|
|
|switch|p1a: Nidoran-M|Nidoran-M, L96|283\/283
|turn|23
|choice|move 1|move 3
|
|move|p2a: Farfetch'd|Body Slam|p1a: Nidoran-M
|-damage|p1a: Nidoran-M|161\/283
|-status|p1a: Nidoran-M|par
|move|p1a: Nidoran-M|Body Slam|p2a: Farfetch'd
|-damage|p2a: Farfetch'd|239\/304
|
|turn|24
|choice|move 1|move 1
|
|move|p2a: Farfetch'd|Slash|p1a: Nidoran-M
|-crit|p1a: Nidoran-M
|-damage|p1a: Nidoran-M|0 fnt
|faint|p1a: Nidoran-M
|
|win|riwu
|raw|MALESANI's rating: 1363 &rarr; <strong>1331<\/strong><br \/>(-32 for losing)
|raw|riwu's rating: 1125 &rarr; <strong>1165<\/strong><br \/>(+40 for winning)
|leave|MALESANI
|player|p1