|j|MALESANI
|j|habedi
|player|p1|MALESANI|238
|player|p2|habedi|266
|gametype|singles
|gen|1
|tier|[Gen 1] Random Battle
|rated
|seed|1041,39994,65034,3910
|rule|Sleep Clause Mod: Limit one foe put to sleep
|rule|Freeze Clause Mod: Limit one foe frozen
|rule|HP Percentage Mod: HP is shown in percentages
|
|start
|switch|p1a: Dodrio|Dodrio, L85|276\/276
|switch|p2a: Marowak|Marowak, L90|291\/291
|turn|1
|choice|switch 3|move 3
|
|switch|p1a: Squirtle|Squirtle, L96|279\/279
|move|p2a: Marowak|Blizzard|p1a: Squirtle
|-resisted|p1a: Squirtle
|-damage|p1a: Squirtle|243\/279
|
|turn|2
|choice|move 4|switch 5
|
|switch|p2a: Slowbro|Slowbro, L79|312\/312
|move|p1a: Squirtle|Blizzard|p2a: Slowbro
|-resisted|p2a: Slowbro
|-damage|p2a: Slowbro|268\/312
|
|turn|3
|choice|switch 5|move 2
|
|switch|p1a: Victreebel|Victreebel, L85|310\/310
|move|p2a: Slowbro|Thunder Wave|p1a: Victreebel
|-status|p1a: Victreebel|par
|
|turn|4
|choice|move 1|switch 2
|
|switch|p2a: Articuno|Articuno, L79|304\/304
|move|p1a: Victreebel|Razor Leaf|p2a: Articuno
|-crit|p2a: Articuno
|-resisted|p2a: Articuno
|-damage|p2a: Articuno|250\/304
|
|turn|5
|choice|switch 5|move 4
|
|switch|p1a: Squirtle|Squirtle, L96|243\/279
|move|p2a: Articuno|Ice Beam|p1a: Squirtle
|-resisted|p1a: Squirtle
|-damage|p1a: Squirtle|178\/279
|-status|p1a: Squirtle|frz
|
|turn|6
|choice|switch 2|move 4
|
|switch|p1a: Alakazam|Alakazam, L79|249\/249
|move|p2a: Articuno|Ice Beam|p1a: Alakazam
|-damage|p1a: Alakazam|171\/249
|
|turn|7
|choice|move 3|switch 4
|
|switch|p2a: Kangaskhan|Kangaskhan, L85|352\/352
|move|p1a: Alakazam|Thunder Wave|p2a: Kangaskhan
|-status|p2a: Kangaskhan|par
|
|turn|8
|choice|switch 3|move 2
|
|switch|p1a: Dodrio|Dodrio, L85|276\/276
|move|p2a: Kangaskhan|Hyper Beam|p1a: Dodrio
|-damage|p1a: Dodrio|96\/276
|
|turn|9
|-mustrecharge|p2a: Kangaskhan
|-mustrecharge|p2a: Kangaskhan
|choice|move 4|move 1
|
|move|p1a: Dodrio|Body Slam|p2a: Kangaskhan
|-crit|p2a: Kangaskhan
|-damage|p2a: Kangaskhan|162\/352 par
|cant|p2a: Kangaskhan|recharge
|
|turn|10
|choice|move 2|switch 5
|
|switch|p2a: Marowak|Marowak, L90|291\/291
|move|p1a: Dodrio|Hyper Beam|p2a: Marowak
|-damage|p2a: Marowak|153\/291
|
|turn|11
|-mustrecharge|p1a: Dodrio
|-mustrecharge|p1a: Dodrio
|choice|move 1|move 3
|
|cant|p1a: Dodrio|recharge
|move|p2a: Marowak|Blizzard|p1a: Dodrio
|-supereffective|p1a: Dodrio
|-damage|p1a: Dodrio|0 fnt
|faint|p1a: Dodrio
|choice|switch 3|
|
|switch|p1a: Alakazam|Alakazam, L79|171\/249
|turn|12
|choice|move 1|move 1
|
|move|p1a: Alakazam|Psychic|p2a: Marowak
|-crit|p2a: Marowak
|-damage|p2a: Marowak|0 fnt
|faint|p2a: Marowak
|choice||switch 5
|
|switch|p2a: Kangaskhan|Kangaskhan, L85|162\/352 par
|turn|13
|choice|move 1|move 2
|
|move|p1a: Alakazam|Psychic|p2a: Kangaskhan
|-crit|p2a: Kangaskhan
|-damage|p2a: Kangaskhan|0 fnt
|faint|p2a: Kangaskhan
|choice||switch 2
|
|switch|p2a: Slowbro|Slowbro, L79|268\/312
|turn|14
|choice|switch 5|move 2
|
|switch|p1a: Victreebel|Victreebel, L85|310\/310 par
|move|p2a: Slowbro|Thunder Wave|p1a: Victreebel
|-fail|p1a: Victreebel|par
|
|turn|15
|choice|move 2|switch 4
|
|switch|p2a: Articuno|Articuno, L79|250\/304
|move|p1a: Victreebel|Body Slam|p2a: Articuno
|-crit|p2a: Articuno
|-damage|p2a: Articuno|133\/304
|
|turn|16
|choice|switch 5|move 4
|
|switch|p1a: Alakazam|Alakazam, L79|171\/249
|move|p2a: Articuno|Ice Beam|p1a: Alakazam
|-crit|p1a: Alakazam
|-damage|p1a: Alakazam|5\/249
|
|turn|17
|choice|move 4|switch 4
|
|switch|p2a: Slowbro|Slowbro, L79|268\/312
|move|p1a: Alakazam|Recover|p1a: Alakazam
|-heal|p1a: Alakazam|129\/249
|
|turn|18
|choice|switch 5|move 3
|
|switch|p1a: Victreebel|Victreebel, L85|310\/310 par
|move|p2a: Slowbro|Surf|p1a: Victreebel
|-resisted|p1a: Victreebel
|-damage|p1a: Victreebel|276\/310 par
|
|turn|19
|choice|move 2|switch 4
|
|switch|p2a: Articuno|Articuno, L79|133\/304
|cant|p1a: Victreebel|par
|
|turn|20
|choice|switch 5|move 4
|
|switch|p1a: Alakazam|Alakazam, L79|129\/249
|move|p2a: Articuno|Ice Beam|p1a: Alakazam
|-crit|p1a: Alakazam
|-damage|p1a: Alakazam|0 fnt
|faint|p1a: Alakazam
|choice|switch 4|
|
|switch|p1a: Hitmonlee|Hitmonlee, L90|273\/273
|turn|21
|choice|move 1|move 4
|
|move|p1a: Hitmonlee|Body Slam|p2a: Articuno
|-damage|p2a: Articuno|49\/304
|-status|p2a: Articuno|par
|move|p2a: Articuno|Ice Beam|p1a: Hitmonlee
|-damage|p1a: Hitmonlee|124\/273
|-message|Freeze Clause activated.
|
|turn|22
|choice|move 4|move 4
|
|move|p1a: Hitmonlee|Seismic Toss|p2a: Articuno
|-damage|p2a: Articuno|0 fnt
|faint|p2a: Articuno
|choice||switch 3
|
|switch|p2a: Dugtrio|Dugtrio, L85|233\/233
|turn|23
|choice|switch 2|move 1
|
|switch|p1a: Squirtle|Squirtle, L96|178\/279 frz
|move|p2a: Dugtrio|Earthquake|p1a: Squirtle
|-crit|p1a: Squirtle
|-damage|p1a: Squirtle|0 fnt
|faint|p1a: Squirtle
|choice|switch 5|
|
|switch|p1a: Victreebel|Victreebel, L85|276\/310 par
|turn|24
|choice|move 1|move 1
|
|move|p2a: Dugtrio|Earthquake|p1a: Victreebel
|-damage|p1a: Victreebel|159\/310 par
|cant|p1a: Victreebel|par
|
|turn|25
|choice|move 1|switch 6
|
|switch|p2a: Magneton|Magneton, L90|273\/273
|move|p1a: Victreebel|Razor Leaf|p2a: Magneton
|-crit|p2a: Magneton
|-damage|p2a: Magneton|183\/273
|
|turn|26
|choice|switch 2|move 2
|
|switch|p1a: Hitmonlee|Hitmonlee, L90|124\/273
|move|p2a: Magneton|Hyper Beam|p1a: Hitmonlee
|-damage|p1a: Hitmonlee|13\/273
|
|turn|27
|-mustrecharge|p2a: Magneton
|-mustrecharge|p2a: Magneton
|choice|move 2|move 1
|
|cant|p2a: Magneton|recharge
|move|p1a: Hitmonlee|Counter|p2a: Magneton
|-damage|p2a: Magneton|0 fnt
|faint|p2a: Magneton
|choice||switch 6
|
|switch|p2a: Dugtrio|Dugtrio, L85|233\/233
|turn|28
|choice|move 1|move 1
|
|move|p2a: Dugtrio|Earthquake|p1a: Hitmonlee|[miss]
|-miss|p2a: Dugtrio
|move|p1a: Hitmonlee|Body Slam|p2a: Dugtrio
|-damage|p2a: Dugtrio|129\/233
|
|turn|29
|choice|move 1|move 1
|
|move|p2a: Dugtrio|Earthquake|p1a: Hitmonlee
|-damage|p1a: Hitmonlee|0 fnt
|faint|p1a: Hitmonlee
|choice|switch 2|
|
|switch|p1a: Victreebel|Victreebel, L85|159\/310 par
|turn|30
|choice|move 1|move 1
|
|move|p2a: Dugtrio|Earthquake|p1a: Victreebel
|-damage|p1a: Victreebel|41\/310 par
|move|p1a: Victreebel|Razor Leaf|p2a: Dugtrio
|-crit|p2a: Dugtrio
|-supereffective|p2a: Dugtrio
|-damage|p2a: Dugtrio|0 fnt
|faint|p2a: Dugtrio
|choice||switch 4
|
|switch|p2a: Slowbro|Slowbro, L79|268\/312
|turn|31
|choice|move 1|move 3
|
|move|p2a: Slowbro|Surf|p1a: Victreebel
|-resisted|p1a: Victreebel
|-damage|p1a: Victreebel|3\/310 par
|move|p1a: Victreebel|Razor Leaf|p2a: Slowbro
|-crit|p2a: Slowbro
|-supereffective|p2a: Slowbro
|-damage|p2a: Slowbro|5\/312
|
|turn|32
|choice|move 2|move 3
|
|move|p2a: Slowbro|Surf|p1a: Victreebel
|-resisted|p1a: Victreebel
|-damage|p1a: Victreebel|0 fnt
|faint|p1a: Victreebel
|choice|switch 6|
|
|switch|p1a: Flareon|Flareon, L90|300\/300
|turn|33
|choice|move 2|move 4
|
|move|p1a: Flareon|Body Slam|p2a: Slowbro
|-damage|p2a: Slowbro|0 fnt
|faint|p2a: Slowbro
|
|win|MALESANI
|player|p1
|player|p2
|c|★habedi|gg
|raw|MALESANI's rating: 1321 &rarr; <strong>1341<\/strong><br \/>(+20 for winning)
|raw|habedi's rating: 1325 &rarr; <strong>1305<\/strong><br \/>(-20 for losing)
|c|★MALESANI|gg