|j|Mandelbrot
|j|OniLink96
|player|p1|Mandelbrot|101
|player|p2|OniLink96|25
|gametype|singles
|gen|1
|tier|[Gen 1] OU
|rated
|seed|40342,48797,208,28113
|rule|Sleep Clause Mod: Limit one foe put to sleep
|rule|Freeze Clause Mod: Limit one foe frozen
|rule|Species Clause: Limit one of each Pokémon
|rule|OHKO Clause: OHKO moves are banned
|rule|Evasion Moves Clause: Evasion moves are banned
|rule|HP Percentage Mod: HP is shown in percentages
|
|start
|switch|p1a: Exeggutor|Exeggutor|393\/393
|switch|p2a: Gengar|Gengar|323\/323
|turn|1
|choice|switch 2|move 1
|
|switch|p1a: Alakazam|Alakazam|313\/313
|move|p2a: Gengar|Hypnosis|p1a: Alakazam
|-status|p1a: Alakazam|slp
|
|turn|2
|choice|move 1|move 3
|
|cant|p1a: Alakazam|slp
|move|p2a: Gengar|Thunderbolt|p1a: Alakazam
|-damage|p1a: Alakazam|243\/313 slp
|
|turn|3
|choice|move 1|move 3
|
|cant|p1a: Alakazam|slp
|move|p2a: Gengar|Thunderbolt|p1a: Alakazam
|-crit|p1a: Alakazam
|-damage|p1a: Alakazam|108\/313 slp
|
|turn|4
|choice|switch 2|move 3
|
|switch|p1a: Exeggutor|Exeggutor|393\/393
|move|p2a: Gengar|Thunderbolt|p1a: Exeggutor
|-crit|p1a: Exeggutor
|-resisted|p1a: Exeggutor
|-damage|p1a: Exeggutor|315\/393
|-status|p1a: Exeggutor|par
|
|turn|5
|choice|move 1|switch 2
|
|switch|p2a: Chansey|Chansey|703\/703
|move|p1a: Exeggutor|Sleep Powder|p2a: Chansey
|-status|p2a: Chansey|slp
|
|turn|6
|choice|move 2|switch 4
|
|switch|p2a: Lapras|Lapras|463\/463
|move|p1a: Exeggutor|Psychic|p2a: Lapras
|-damage|p2a: Lapras|328\/463
|
|turn|7
|choice|switch 4|move 1
|
|switch|p1a: Lapras|Lapras|463\/463
|move|p2a: Lapras|Blizzard|p1a: Lapras|[miss]
|-miss|p2a: Lapras
|
|turn|8
|choice|move 4|switch 3
|
|switch|p2a: Jolteon|Jolteon|333\/333
|move|p1a: Lapras|Confuse Ray|p2a: Jolteon
|-start|p2a: Jolteon|confusion
|
|turn|9
|choice|switch 5|move 2
|
|switch|p1a: Golem|Golem|363\/363
|-activate|p2a: Jolteon|confusion
|-damage|p2a: Jolteon|296\/333|[from] confusion
|
|turn|10
|choice|move 1|switch 6
|
|switch|p2a: Slowbro|Slowbro|393\/393
|move|p1a: Golem|Earthquake|p2a: Slowbro
|-damage|p2a: Slowbro|290\/393
|
|turn|11
|choice|switch 5|move 2
|
|switch|p1a: Lapras|Lapras|463\/463
|move|p2a: Slowbro|Surf|p1a: Lapras
|-resisted|p1a: Lapras
|-damage|p1a: Lapras|414\/463
|
|turn|12
|choice|move 4|move 3
|
|move|p1a: Lapras|Confuse Ray|p2a: Slowbro
|-start|p2a: Slowbro|confusion
|-activate|p2a: Slowbro|confusion
|move|p2a: Slowbro|Thunder Wave|p1a: Lapras
|-status|p1a: Lapras|par
|
|turn|13
|choice|move 2|switch 6
|
|switch|p2a: Jolteon|Jolteon|296\/333
|move|p1a: Lapras|Thunderbolt|p2a: Jolteon
|-resisted|p2a: Jolteon
|-damage|p2a: Jolteon|262\/333
|
|turn|14
|choice|switch 4|move 1
|
|switch|p1a: Exeggutor|Exeggutor|315\/393 par
|move|p2a: Jolteon|Thunderbolt|p1a: Exeggutor
|-resisted|p1a: Exeggutor
|-damage|p1a: Exeggutor|264\/393 par
|
|turn|15
|choice|move 3|switch 3
|
|switch|p2a: Lapras|Lapras|328\/463
|move|p1a: Exeggutor|Explosion|p2a: Lapras
|-damage|p2a: Lapras|24\/463
|faint|p1a: Exeggutor
|choice|switch 3|
|
|switch|p1a: Tauros|Tauros|353\/353
|turn|16
|choice|move 3|switch 6
|
|switch|p2a: Slowbro|Slowbro|290\/393
|move|p1a: Tauros|Earthquake|p2a: Slowbro
|-damage|p2a: Slowbro|222\/393
|
|turn|17
|choice|move 1|move 3
|
|move|p1a: Tauros|Body Slam|p2a: Slowbro
|-damage|p2a: Slowbro|122\/393
|-status|p2a: Slowbro|par
|move|p2a: Slowbro|Thunder Wave|p1a: Tauros
|-status|p1a: Tauros|par
|
|turn|18
|choice|move 2|move 4
|
|cant|p1a: Tauros|par
|move|p2a: Slowbro|Rest|p2a: Slowbro
|-status|p2a: Slowbro|slp
|-heal|p2a: Slowbro|393\/393 slp|[silent]
|-status|p2a: Slowbro|slp|[from] move: Rest
|
|turn|19
|choice|switch 4|move 1
|
|switch|p1a: Lapras|Lapras|414\/463 par
|cant|p2a: Slowbro|slp
|
|turn|20
|choice|move 4|switch 3
|
|switch|p2a: Jolteon|Jolteon|262\/333
|move|p1a: Lapras|Confuse Ray|p2a: Jolteon
|-start|p2a: Jolteon|confusion
|
|turn|21
|choice|switch 5|switch 2
|
|switch|p2a: Gengar|Gengar|323\/323
|switch|p1a: Golem|Golem|363\/363
|
|turn|22
|choice|move 1|switch 3
|
|switch|p2a: Slowbro|Slowbro|393\/393 slp
|move|p1a: Golem|Earthquake|p2a: Slowbro
|-damage|p2a: Slowbro|292\/393 slp
|
|turn|23
|choice|move 1|move 2
|
|move|p1a: Golem|Earthquake|p2a: Slowbro
|-damage|p2a: Slowbro|194\/393 slp
|-curestatus|p2a: Slowbro|slp
|
|turn|24
|choice|switch 5|move 2
|
|switch|p1a: Lapras|Lapras|414\/463 par
|move|p2a: Slowbro|Surf|p1a: Lapras
|-crit|p1a: Lapras
|-resisted|p1a: Lapras
|-damage|p1a: Lapras|322\/463 par
|
|turn|25
|choice|move 4|move 4
|
|move|p2a: Slowbro|Rest|p2a: Slowbro
|-status|p2a: Slowbro|slp
|-heal|p2a: Slowbro|393\/393 slp|[silent]
|-status|p2a: Slowbro|slp|[from] move: Rest
|cant|p1a: Lapras|par
|
|turn|26
|choice|move 4|switch 2
|
|switch|p2a: Jolteon|Jolteon|262\/333
|move|p1a: Lapras|Confuse Ray|p2a: Jolteon
|-start|p2a: Jolteon|confusion
|
|turn|27
|choice|move 2|move 1
|
|-activate|p2a: Jolteon|confusion
|-damage|p2a: Jolteon|225\/333|[from] confusion
|move|p1a: Lapras|Thunderbolt|p2a: Jolteon
|-resisted|p2a: Jolteon
|-damage|p2a: Jolteon|194\/333
|
|turn|28
|choice|switch 5|move 1
|
|switch|p1a: Golem|Golem|363\/363
|-end|p2a: Jolteon|confusion
|move|p2a: Jolteon|Thunderbolt|p1a: Golem
|-immune|p1a: Golem|[msg]
|
|turn|29
|choice|move 1|switch 5
|
|switch|p2a: Dragonite|Dragonite|385\/385
|move|p1a: Golem|Earthquake|p2a: Dragonite
|-immune|p2a: Dragonite|[msg]
|
|turn|30
|choice|switch 4|move 4
|
|switch|p1a: Tauros|Tauros|353\/353 par
|move|p2a: Dragonite|Surf|p1a: Tauros
|-damage|p1a: Tauros|256\/353 par
|
|turn|31
|choice|move 4|move 4
|
|move|p2a: Dragonite|Surf|p1a: Tauros
|-damage|p1a: Tauros|170\/353 par
|move|p1a: Tauros|Blizzard|p2a: Dragonite|[miss]
|-miss|p1a: Tauros
|
|turn|32
|choice|move 4|move 4
|
|move|p2a: Dragonite|Surf|p1a: Tauros
|-damage|p1a: Tauros|76\/353 par
|cant|p1a: Tauros|par
|
|turn|33
|choice|move 4|move 4
|
|move|p2a: Dragonite|Surf|p1a: Tauros
|-crit|p1a: Tauros
|-damage|p1a: Tauros|0 fnt
|faint|p1a: Tauros
|choice|switch 5|
|
|switch|p1a: Lapras|Lapras|322\/463 par
|turn|34
|choice|move 1|switch 2
|
|switch|p2a: Slowbro|Slowbro|393\/393 slp
|cant|p1a: Lapras|par
|
|turn|35
|c|★Mandelbrot|You're so lucky...
|choice|move 4|switch 3
|
|switch|p2a: Gengar|Gengar|323\/323
|move|p1a: Lapras|Confuse Ray|p2a: Gengar
|-start|p2a: Gengar|confusion
|
|turn|36
|choice|switch 4|switch 5
|
|switch|p2a: Jolteon|Jolteon|194\/333
|switch|p1a: Golem|Golem|363\/363
|
|turn|37
|choice|move 2|switch 3
|
|switch|p2a: Slowbro|Slowbro|393\/393 slp
|move|p1a: Golem|Rock Slide|p2a: Slowbro
|-damage|p2a: Slowbro|326\/393 slp
|
|turn|38
|choice|move 1|move 2
|
|move|p1a: Golem|Earthquake|p2a: Slowbro
|-damage|p2a: Slowbro|224\/393 slp
|cant|p2a: Slowbro|slp
|
|turn|39
|choice|move 1|move 2
|
|move|p1a: Golem|Earthquake|p2a: Slowbro
|-damage|p2a: Slowbro|129\/393 slp
|-curestatus|p2a: Slowbro|slp
|
|turn|40
|choice|move 1|move 4
|
|move|p1a: Golem|Earthquake|p2a: Slowbro
|-damage|p2a: Slowbro|29\/393
|move|p2a: Slowbro|Rest|p2a: Slowbro
|-status|p2a: Slowbro|slp
|-heal|p2a: Slowbro|393\/393 slp|[silent]
|-status|p2a: Slowbro|slp|[from] move: Rest
|
|turn|41
|choice|move 2|switch 2
|
|switch|p2a: Dragonite|Dragonite|385\/385
|move|p1a: Golem|Rock Slide|p2a: Dragonite
|-supereffective|p2a: Dragonite
|-damage|p2a: Dragonite|233\/385
|
|turn|42
|choice|switch 4|move 4
|
|switch|p1a: Lapras|Lapras|322\/463 par
|move|p2a: Dragonite|Surf|p1a: Lapras
|-resisted|p1a: Lapras
|-damage|p1a: Lapras|285\/463 par
|
|turn|43
|choice|move 1|move 4
|
|move|p2a: Dragonite|Surf|p1a: Lapras
|-resisted|p1a: Lapras
|-damage|p1a: Lapras|245\/463 par
|cant|p1a: Lapras|par
|
|turn|44
|choice|move 1|move 4
|
|move|p2a: Dragonite|Surf|p1a: Lapras
|-resisted|p1a: Lapras
|-damage|p1a: Lapras|208\/463 par
|move|p1a: Lapras|Ice Beam|p2a: Dragonite
|-crit|p2a: Dragonite
|-supereffective|p2a: Dragonite
|-damage|p2a: Dragonite|0 fnt
|faint|p2a: Dragonite
|choice||switch 3
|
|switch|p2a: Jolteon|Jolteon|194\/333
|turn|45
|c|★Mandelbrot|Fifth times the charm I guess.
|choice|switch 4|move 1
|
|switch|p1a: Golem|Golem|363\/363
|move|p2a: Jolteon|Thunderbolt|p1a: Golem
|-immune|p1a: Golem|[msg]
|
|turn|46
|choice|move 1|switch 2
|
|switch|p2a: Slowbro|Slowbro|393\/393 slp
|move|p1a: Golem|Earthquake|p2a: Slowbro
|-damage|p2a: Slowbro|289\/393 slp
|
|turn|47
|choice|move 1|move 1
|
|move|p1a: Golem|Earthquake|p2a: Slowbro
|-damage|p2a: Slowbro|194\/393 slp
|cant|p2a: Slowbro|slp
|
|turn|48
|choice|move 1|move 4
|
|move|p1a: Golem|Earthquake|p2a: Slowbro
|-damage|p2a: Slowbro|94\/393 slp
|-curestatus|p2a: Slowbro|slp
|
|turn|49
|choice|move 1|switch 4
|
|switch|p2a: Chansey|Chansey|703\/703 slp
|move|p1a: Golem|Earthquake|p2a: Chansey
|-damage|p2a: Chansey|414\/703 slp
|
|turn|50
|choice|move 1|move 2
|
|cant|p2a: Chansey|slp
|move|p1a: Golem|Earthquake|p2a: Chansey
|-damage|p2a: Chansey|128\/703 slp
|
|turn|51
|choice|move 1|switch 2
|
|switch|p2a: Jolteon|Jolteon|194\/333
|move|p1a: Golem|Earthquake|p2a: Jolteon
|-supereffective|p2a: Jolteon
|-damage|p2a: Jolteon|0 fnt
|faint|p2a: Jolteon
|choice||switch 6
|
|switch|p2a: Lapras|Lapras|24\/463
|turn|52
|choice|switch 4|move 1
|
|switch|p1a: Lapras|Lapras|208\/463 par
|move|p2a: Lapras|Blizzard|p1a: Lapras
|-resisted|p1a: Lapras
|-damage|p1a: Lapras|174\/463 par
|
|turn|53
|choice|move 2|switch 5
|
|switch|p2a: Gengar|Gengar|323\/323
|move|p1a: Lapras|Thunderbolt|p2a: Gengar
|-damage|p2a: Gengar|259\/323
|
|turn|54
|choice|switch 4|move 3
|
|switch|p1a: Golem|Golem|363\/363
|move|p2a: Gengar|Thunderbolt|p1a: Golem
|-immune|p1a: Golem|[msg]
|
|turn|55
|choice|move 4|move 4
|
|move|p2a: Gengar|Mega Drain|p1a: Golem
|-crit|p1a: Golem
|-supereffective|p1a: Golem
|-damage|p1a: Golem|0 fnt
|-heal|p2a: Gengar|323\/323|[from] drain|[of] p1a: Golem
|faint|p1a: Golem
|c|★OniLink96|Holy shit.
|c|★Mandelbrot|You had mega drain this whole time!?
|c|★Mandelbrot|Why the hell didn't you use it before?
|choice|switch 4|
|
|switch|p1a: Lapras|Lapras|174\/463 par
|turn|56
|c|★Mandelbrot|I guess it worked out.
|c|★OniLink96|If it wasn't a critical you had a good opportunity to hurt me good with Earthquake.
|choice|move 4|move 3
|
|move|p2a: Gengar|Thunderbolt|p1a: Lapras
|-supereffective|p1a: Lapras
|-damage|p1a: Lapras|4\/463 par
|move|p1a: Lapras|Confuse Ray|p2a: Gengar
|-start|p2a: Gengar|confusion
|
|turn|57
|c|★Mandelbrot|I think it would have OHKO'd regardless
|choice|move 1|move 4
|
|-activate|p2a: Gengar|confusion
|-damage|p2a: Gengar|286\/323|[from] confusion
|cant|p1a: Lapras|par
|
|turn|58
|c|★OniLink96|Not so sure about that.
|choice|move 1|move 4
|
|-activate|p2a: Gengar|confusion
|-damage|p2a: Gengar|249\/323|[from] confusion
|move|p1a: Lapras|Ice Beam|p2a: Gengar
|-damage|p2a: Gengar|151\/323
|
|turn|59
|choice|switch 2|move 4
|
|switch|p1a: Alakazam|Alakazam|108\/313 slp
|-activate|p2a: Gengar|confusion
|move|p2a: Gengar|Mega Drain|p1a: Alakazam
|-crit|p1a: Alakazam
|-damage|p1a: Alakazam|48\/313 slp
|-heal|p2a: Gengar|181\/323|[from] drain|[of] p1a: Alakazam
|
|turn|60
|c|★OniLink96|You might win anyway.  <_<
|choice|move 1|move 3
|
|cant|p1a: Alakazam|slp
|-activate|p2a: Gengar|confusion
|-damage|p2a: Gengar|144\/323|[from] confusion
|
|turn|61
|choice|move 1|move 3
|
|-curestatus|p1a: Alakazam|slp
|-end|p2a: Gengar|confusion
|move|p2a: Gengar|Thunderbolt|p1a: Alakazam
|-crit|p1a: Alakazam
|-damage|p1a: Alakazam|0 fnt
|faint|p1a: Alakazam
|c|★Mandelbrot|... crap
|choice|switch 2|
|
|switch|p1a: Lapras|Lapras|4\/463 par
|turn|62
|choice|move 2|move 4
|
|move|p2a: Gengar|Mega Drain|p1a: Lapras
|-supereffective|p1a: Lapras
|-damage|p1a: Lapras|0 fnt
|-heal|p2a: Gengar|146\/323|[from] drain|[of] p1a: Lapras
|faint|p1a: Lapras
|choice|switch 6|
|
|switch|p1a: Persian|Persian|333\/333
|turn|63
|choice|move 2|move 1
|
|move|p1a: Persian|Bubble Beam|p2a: Gengar
|-damage|p2a: Gengar|111\/323
|move|p2a: Gengar|Hypnosis|p1a: Persian|[miss]
|-miss|p2a: Gengar
|
|turn|64
|c|★Mandelbrot|Too bad I was fully paralyzed 4 times in a row against dragonite.
|choice|move 2|move 1
|
|move|p1a: Persian|Bubble Beam|p2a: Gengar
|-crit|p2a: Gengar
|-damage|p2a: Gengar|43\/323
|move|p2a: Gengar|Hypnosis|p1a: Persian|[miss]
|-miss|p2a: Gengar
|
|turn|65
|choice|move 2|move 2
|
|move|p1a: Persian|Bubble Beam|p2a: Gengar
|-damage|p2a: Gengar|9\/323
|move|p2a: Gengar|Explosion|p1a: Persian
|-damage|p1a: Persian|63\/333
|faint|p2a: Gengar
|choice||switch 4
|
|switch|p2a: Slowbro|Slowbro|94\/393
|turn|66
|choice|move 1|move 2
|
|move|p1a: Persian|Slash|p2a: Slowbro
|-crit|p2a: Slowbro
|-damage|p2a: Slowbro|0 fnt
|faint|p2a: Slowbro
|choice||switch 2
|
|switch|p2a: Chansey|Chansey|128\/703 slp
|turn|67
|choice|move 1|move 2
|
|move|p1a: Persian|Slash|p2a: Chansey
|-crit|p2a: Chansey
|-damage|p2a: Chansey|0 fnt
|faint|p2a: Chansey
|choice||switch 5
|
|switch|p2a: Lapras|Lapras|24\/463
|turn|68
|c|★OniLink96|sigh
|c|★Mandelbrot|crazy game
|choice|move 1|move 2
|
|move|p1a: Persian|Slash|p2a: Lapras
|-crit|p2a: Lapras
|-damage|p2a: Lapras|0 fnt
|faint|p2a: Lapras
|
|win|Mandelbrot
|player|p1
|player|p2
|c|★OniLink96|GG, man.
|c|★Mandelbrot|gg
||Ladder (probably) updated, but score could not be retrieved (Response not received).
|l|OniLink96