|join|MrJeebus
|join|Broncoselway07
|player|p1|MrJeebus|252
|player|p2|Broncoselway07|169
|gametype|singles
|gen|1
|tier|[Gen 1] Random Battle
|rated
|seed|65483,38053,17221,61067
|rule|Sleep Clause Mod: Limit one foe put to sleep
|rule|Freeze Clause Mod: Limit one foe frozen
|rule|HP Percentage Mod: HP is shown in percentages
|
|start
|switch|p1a: Voltorb|Voltorb, L96|272\/272
|switch|p2a: Ninetales|Ninetales, L85|298\/298
|turn|1
|choice|move 3|move 4
|
|move|p1a: Voltorb|Thunder Wave|p2a: Ninetales
|-status|p2a: Ninetales|par
|move|p2a: Ninetales|Confuse Ray|p1a: Voltorb
|-start|p1a: Voltorb|confusion
|
|turn|2
|choice|switch 2|move 1
|
|switch|p1a: Psyduck|Psyduck, L96|291\/291
|move|p2a: Ninetales|Fire Blast|p1a: Psyduck
|-resisted|p1a: Psyduck
|-damage|p1a: Psyduck|211\/291
|
|turn|3
|choice|move 1|switch 2
|
|switch|p2a: Starmie|Starmie, L79|257\/257
|move|p1a: Psyduck|Amnesia|p1a: Psyduck
|-boost|p1a: Psyduck|spd|2
|-boost|p1a: Psyduck|spa|2
|
|turn|4
|choice|switch 2|move 4
|
|switch|p1a: Voltorb|Voltorb, L96|272\/272
|move|p2a: Starmie|Thunder Wave|p1a: Voltorb
|-status|p1a: Voltorb|par
|
|turn|5
|choice|move 3|switch 2
|
|switch|p2a: Ninetales|Ninetales, L85|298\/298 par
|move|p1a: Voltorb|Thunder Wave|p2a: Ninetales
|-fail|p2a: Ninetales|par
|
|turn|6
|choice|move 2|move 1
|
|move|p1a: Voltorb|Thunderbolt|p2a: Ninetales
|-crit|p2a: Ninetales
|-damage|p2a: Ninetales|140\/298 par
|cant|p2a: Ninetales|par
|
|turn|7
|choice|move 2|move 1
|
|move|p1a: Voltorb|Thunderbolt|p2a: Ninetales
|-crit|p2a: Ninetales
|-damage|p2a: Ninetales|0 fnt
|faint|p2a: Ninetales
|c|★MrJeebus|oops
|choice||switch 4
|
|switch|p2a: Electrode|Electrode, L90|291\/291
|turn|8
|c|★MrJeebus|daddy
|c|★Broncoselway07|son
|choice|move 4|move 3
|
|move|p2a: Electrode|Flash|p1a: Voltorb|[miss]
|-miss|p2a: Electrode
|cant|p1a: Voltorb|par
|
|turn|9
|c|★MrJeebus|youre gonna flash your son???
|c|★Broncoselway07|why you level 96 and still like that?
|c|★MrJeebus|im never gonna gro up!!!
|choice|move 1|move 4
|
|move|p2a: Electrode|Thunderbolt|p1a: Voltorb
|-resisted|p1a: Voltorb
|-damage|p1a: Voltorb|218\/272 par
|move|p1a: Voltorb|Explosion|p2a: Electrode
|-damage|p2a: Electrode|108\/291
|faint|p1a: Voltorb
|c|★Broncoselway07|SOOOOONNNN
|c|★MrJeebus|lol
|c|★Broncoselway07|i cant live with myself
|choice|switch 3|
|
|switch|p1a: Venusaur|Venusaur, L85|310\/310
|turn|10
|c|★MrJeebus|thats not good
|choice|move 2|move 1
|
|move|p2a: Electrode|Explosion|p1a: Venusaur
|-damage|p1a: Venusaur|106\/310
|faint|p2a: Electrode
|c|★MrJeebus|storybook ending
|choice||switch 3
|
|switch|p2a: Parasect|Parasect, L90|291\/291
|turn|11
|choice|move 1|move 2
|
|move|p1a: Venusaur|Body Slam|p2a: Parasect
|-damage|p2a: Parasect|235\/291
|move|p2a: Parasect|Swords Dance|p2a: Parasect
|-boost|p2a: Parasect|atk|2
|
|turn|12
|c|★Broncoselway07|i dont even care what happens the rest of this battle
|choice|move 1|move 1
|
|move|p1a: Venusaur|Body Slam|p2a: Parasect
|-damage|p2a: Parasect|181\/291
|move|p2a: Parasect|Body Slam|p1a: Venusaur
|-damage|p1a: Venusaur|0 fnt
|faint|p1a: Venusaur
|c|★Broncoselway07|that was perfect
|c|★MrJeebus|ehehe
|choice|switch 2|
|
|switch|p1a: Psyduck|Psyduck, L96|211\/291
|turn|13
|choice|move 2|move 4
|
|move|p1a: Psyduck|Blizzard|p2a: Parasect|[miss]
|-miss|p1a: Psyduck
|move|p2a: Parasect|Spore|p1a: Psyduck
|-status|p1a: Psyduck|slp
|
|turn|14
|c|★MrJeebus|lord of jizz
|choice|switch 6|move 2
|
|switch|p1a: Wigglytuff|Wigglytuff, L90|435\/435
|move|p2a: Parasect|Swords Dance|p2a: Parasect
|-boost|p2a: Parasect|atk|2
|
|turn|15
|choice|move 1|move 1
|
|move|p1a: Wigglytuff|Blizzard|p2a: Parasect
|-crit|p2a: Parasect
|-supereffective|p2a: Parasect
|-damage|p2a: Parasect|0 fnt
|faint|p2a: Parasect
|choice||switch 2
|
|switch|p2a: Starmie|Starmie, L79|257\/257
|turn|16
|choice|move 3|move 4
|
|move|p2a: Starmie|Thunder Wave|p1a: Wigglytuff
|-status|p1a: Wigglytuff|par
|move|p1a: Wigglytuff|Sing|p2a: Starmie|[miss]
|-miss|p1a: Wigglytuff
|
|turn|17
|choice|move 3|move 3
|
|move|p2a: Starmie|Thunderbolt|p1a: Wigglytuff
|-crit|p1a: Wigglytuff
|-damage|p1a: Wigglytuff|277\/435 par
|move|p1a: Wigglytuff|Sing|p2a: Starmie
|-status|p2a: Starmie|slp
|
|turn|18
|choice|switch 4|switch 6
|
|switch|p2a: Machamp|Machamp, L90|345\/345
|switch|p1a: Magneton|Magneton, L90|273\/273
|
|turn|19
|choice|move 1|move 2
|
|move|p1a: Magneton|Thunderbolt|p2a: Machamp
|-damage|p2a: Machamp|196\/345
|move|p2a: Machamp|Earthquake|p1a: Magneton
|-supereffective|p1a: Magneton
|-damage|p1a: Magneton|80\/273
|
|turn|20
|choice|move 1|move 2
|
|move|p1a: Magneton|Thunderbolt|p2a: Machamp
|-damage|p2a: Machamp|48\/345
|move|p2a: Machamp|Earthquake|p1a: Magneton
|-supereffective|p1a: Magneton
|-damage|p1a: Magneton|0 fnt
|faint|p1a: Magneton
|choice|switch 5|
|
|switch|p1a: Haunter|Haunter, L85|250\/250
|turn|21
|choice|move 4|switch 6
|
|switch|p2a: Starmie|Starmie, L79|257\/257 slp
|move|p1a: Haunter|Psychic|p2a: Starmie
|-resisted|p2a: Starmie
|-damage|p2a: Starmie|221\/257 slp
|-unboost|p2a: Starmie|spd|1
|-unboost|p2a: Starmie|spa|1
|
|turn|22
|choice|move 3|move 4
|
|-curestatus|p2a: Starmie|slp
|move|p1a: Haunter|Thunderbolt|p2a: Starmie
|-supereffective|p2a: Starmie
|-damage|p2a: Starmie|0 fnt
|faint|p2a: Starmie
|c|★Broncoselway07|welp gg
|choice||switch 6
|
|switch|p2a: Machamp|Machamp, L90|48\/345
|turn|23
|c|★MrJeebus|psychic mustve been like 50 percent special drop in gen 1
|c|★MrJeebus|i see it alllll the time
|c|★Broncoselway07|my last one cant touch you
|choice|move 4|move 2
|
|move|p1a: Haunter|Psychic|p2a: Machamp
|-crit|p2a: Machamp
|-supereffective|p2a: Machamp
|-damage|p2a: Machamp|0 fnt
|faint|p2a: Machamp
|c|★MrJeebus|oh well gg
|choice||switch 5
|
|switch|p2a: Farfetch'd|Farfetch'd, L99|304\/304
|turn|24
|c|★MrJeebus|...
|choice|move 3|move 4
|
|move|p1a: Haunter|Thunderbolt|p2a: Farfetch'd
|-supereffective|p2a: Farfetch'd
|-damage|p2a: Farfetch'd|141\/304
|move|p2a: Farfetch'd|Sand Attack|p1a: Haunter
|-unboost|p1a: Haunter|accuracy|1
|
|turn|25
|c|★Broncoselway07|my only move thats not normal type
|choice|move 3|move 3
|
|move|p1a: Haunter|Thunderbolt|p2a: Farfetch'd
|-supereffective|p2a: Farfetch'd
|-damage|p2a: Farfetch'd|0 fnt
|faint|p2a: Farfetch'd
|
|win|MrJeebus
|raw|MrJeebus's rating: 1219 &rarr; <strong>1233<\/strong><br \/>(+14 for winning)
|raw|Broncoselway07's rating: 1056 &rarr; <strong>1045<\/strong><br \/>(-11 for losing)
|c|★MrJeebus|see ya
|c|★Broncoselway07|gg
|leave|MrJeebus
|player|p1