|join|MaexPayne
|join|jb champ
|player|p1|MaexPayne|12
|player|p2|jb champ|150
|gametype|singles
|gen|1
|tier|[Gen 1] OU (beta)
|rated
|rule|Sleep Clause Mod: Limit one foe put to sleep
|rule|Species Clause: Limit one of each Pokemon
|rule|OHKO Clause: OHKO moves are banned
|rule|Moody Clause: Moody is banned
|rule|Evasion Moves Clause: Evasion moves are banned
|rule|Endless Battle Clause: Forcing endless battles is banned.
|rule|HP Percentage Mod: HP is reported as percentages
|
|start
|switch|p1a: Alakazam|Alakazam|313\/313
|switch|p2a: Gengar|Gengar|323\/323
|turn|1
|chat|jb champ|its you again :)
|chat|jb champ|are you actually playing any other meta or just gen 1?
|
|switch|p2a: Slowbro|Slowbro|393\/393
|move|p1a: Alakazam|Psychic|p2a: Slowbro
|-resisted|p2a: Slowbro
|-damage|p2a: Slowbro|317\/393
|
|turn|2
|
|move|p1a: Alakazam|Thunder Wave|p2a: Slowbro
|-status|p2a: Slowbro|par
|move|p2a: Slowbro|Thunder Wave|p1a: Alakazam
|-status|p1a: Alakazam|par
|
|turn|3
|
|switch|p1a: Starmie|Starmie|323\/323
|move|p2a: Slowbro|Amnesia|p2a: Slowbro
|-boost|p2a: Slowbro|spd|2
|-boost|p2a: Slowbro|spa|2
|
|turn|4
|
|move|p1a: Starmie|Thunderbolt|p2a: Slowbro
|-supereffective|p2a: Slowbro
|-damage|p2a: Slowbro|224\/393 par
|cant|p2a: Slowbro|par
|
|turn|5
|
|move|p1a: Starmie|Thunderbolt|p2a: Slowbro
|-supereffective|p2a: Slowbro
|-damage|p2a: Slowbro|141\/393 par
|move|p2a: Slowbro|Thunder Wave|p1a: Starmie
|-status|p1a: Starmie|par
|
|turn|6
|
|switch|p2a: Gengar|Gengar|323\/323
|move|p1a: Starmie|Thunderbolt|p2a: Gengar
|-damage|p2a: Gengar|256\/323
|
|turn|7
|
|move|p2a: Gengar|Thunderbolt|p1a: Starmie
|-crit|p1a: Starmie
|-supereffective|p1a: Starmie
|-damage|p1a: Starmie|0 fnt
|faint|p1a: Starmie
|
|
|switch|p1a: Alakazam|Alakazam|313\/313 par
|turn|8
|
|switch|p2a: Slowbro|Slowbro|141\/393 par
|cant|p1a: Alakazam|par
|
|turn|9
|
|move|p1a: Alakazam|Psychic|p2a: Slowbro
|-crit|p2a: Slowbro
|-resisted|p2a: Slowbro
|-damage|p2a: Slowbro|3\/393 par
|cant|p2a: Slowbro|par
|
|turn|10
|
|move|p1a: Alakazam|Psychic|p2a: Slowbro
|-resisted|p2a: Slowbro
|-damage|p2a: Slowbro|0 fnt
|faint|p2a: Slowbro
|
|
|switch|p2a: Gengar|Gengar|256\/323
|turn|11
|
|move|p2a: Gengar|Explosion|p1a: Alakazam
|-damage|p1a: Alakazam|0 fnt
|faint|p1a: Alakazam
|faint|p2a: Gengar
|
|switch|p2a: Kangaskhan|Kangaskhan|413\/413
|switch|p1a: Exeggutor|Exeggutor|393\/393
|turn|12
|
|move|p2a: Kangaskhan|Hyper Beam|p1a: Exeggutor
|-damage|p1a: Exeggutor|207\/393
|move|p1a: Exeggutor|Sleep Powder|p2a: Kangaskhan
|-status|p2a: Kangaskhan|slp
|
|turn|13
|
|cant|p2a: Kangaskhan|slp
|move|p1a: Exeggutor|Psychic|p2a: Kangaskhan
|-damage|p2a: Kangaskhan|204\/413 slp
|-unboost|p2a: Kangaskhan|spd|1
|-unboost|p2a: Kangaskhan|spa|1
|
|turn|14
|
|switch|p2a: Alakazam|Alakazam|313\/313
|move|p1a: Exeggutor|Psychic|p2a: Alakazam
|-resisted|p2a: Alakazam
|-damage|p2a: Alakazam|266\/313
|
|turn|15
|
|move|p2a: Alakazam|Seismic Toss|p1a: Exeggutor
|-damage|p1a: Exeggutor|107\/393
|move|p1a: Exeggutor|Explosion|p2a: Alakazam
|-damage|p2a: Alakazam|0 fnt
|faint|p2a: Alakazam
|faint|p1a: Exeggutor
|
|switch|p2a: Kangaskhan|Kangaskhan|204\/413 slp
|switch|p1a: Snorlax|Snorlax|523\/523
|turn|16
|
|cant|p2a: Kangaskhan|slp
|move|p1a: Snorlax|Earthquake|p2a: Kangaskhan
|-damage|p2a: Kangaskhan|114\/413 slp
|
|turn|17
|
|cant|p2a: Kangaskhan|slp
|move|p1a: Snorlax|Body Slam|p2a: Kangaskhan
|-damage|p2a: Kangaskhan|0 fnt
|faint|p2a: Kangaskhan
|
|
|switch|p2a: Golem|Golem|363\/363
|turn|18
|
|move|p2a: Golem|Earthquake|p1a: Snorlax
|-crit|p1a: Snorlax
|-damage|p1a: Snorlax|220\/523
|move|p1a: Snorlax|Earthquake|p2a: Golem
|-supereffective|p2a: Golem
|-damage|p2a: Golem|231\/363
|
|turn|19
|
|move|p2a: Golem|Earthquake|p1a: Snorlax
|-damage|p1a: Snorlax|50\/523
|move|p1a: Snorlax|Earthquake|p2a: Golem
|-supereffective|p2a: Golem
|-damage|p2a: Golem|102\/363
|
|turn|20
|
|move|p2a: Golem|Earthquake|p1a: Snorlax
|-damage|p1a: Snorlax|0 fnt
|faint|p1a: Snorlax
|
|
|switch|p1a: Tauros|Tauros|353\/353
|turn|21
|
|move|p1a: Tauros|Blizzard|p2a: Golem
|-supereffective|p2a: Golem
|-damage|p2a: Golem|0 fnt
|faint|p2a: Golem
|
|
|switch|p2a: Tauros|Tauros|353\/353
|turn|22
|
|switch|p1a: Golem|Golem|363\/363
|move|p2a: Tauros|Body Slam|p1a: Golem
|-resisted|p1a: Golem
|-damage|p1a: Golem|319\/363
|
|turn|23
|
|move|p2a: Tauros|Blizzard|p1a: Golem
|-crit|p1a: Golem
|-supereffective|p1a: Golem
|-damage|p1a: Golem|0 fnt
|faint|p1a: Golem
|
|
|switch|p1a: Tauros|Tauros|353\/353
|turn|24
|
|move|p1a: Tauros|Body Slam|p2a: Tauros
|-damage|p2a: Tauros|241\/353
|move|p2a: Tauros|Body Slam|p1a: Tauros
|-damage|p1a: Tauros|245\/353
|
|turn|25
|
|move|p2a: Tauros|Body Slam|p1a: Tauros
|-damage|p1a: Tauros|139\/353
|move|p1a: Tauros|Body Slam|p2a: Tauros
|-damage|p2a: Tauros|144\/353
|
|turn|26
|
|move|p2a: Tauros|Hyper Beam|p1a: Tauros
|-damage|p1a: Tauros|0 fnt
|faint|p1a: Tauros
|
|win|jb champ
|raw|Ladder updating...
|raw|MaexPayne's rating: 1329 &rarr; <strong>1308<\/strong><br \/>(-21 for losing)
|raw|jb champ's rating: 1310 &rarr; <strong>1331<\/strong><br \/>(+21 for winning)
|chat|MaexPayne|gg but lucky
|chat|jb champ|gg
|leave|MaexPayne
|player|p1