|j|Agarest
|j|PeteGoggles
|player|p1|Agarest|161
|player|p2|PeteGoggles|1
|gametype|singles
|gen|1
|tier|[Gen 1] Random Battle
|rated
|seed|
|rule|Sleep Clause Mod: Limit one foe put to sleep
|rule|Freeze Clause Mod: Limit one foe frozen
|rule|HP Percentage Mod: HP is shown in percentages
|
|start
|switch|p1a: Tauros|Tauros, L79|100\/100
|switch|p2a: Doduo|Doduo, L96|100\/100
|turn|1
|choice||
|
|move|p1a: Tauros|Body Slam|p2a: Doduo
|-crit|p2a: Doduo
|-damage|p2a: Doduo|19\/100
|move|p2a: Doduo|Body Slam|p1a: Tauros
|-damage|p1a: Tauros|65\/100
|
|turn|2
|choice||
|
|switch|p2a: Ninetales|Ninetales, L85|100\/100
|move|p1a: Tauros|Body Slam|p2a: Ninetales
|-damage|p2a: Ninetales|73\/100
|-status|p2a: Ninetales|par
|
|turn|3
|choice||
|
|switch|p1a: Charmander|Charmander, L96|100\/100
|move|p2a: Ninetales|Fire Blast|p1a: Charmander
|-resisted|p1a: Charmander
|-damage|p1a: Charmander|73\/100
|
|turn|4
|choice||
|
|move|p1a: Charmander|Slash|p2a: Ninetales
|-crit|p2a: Ninetales
|-damage|p2a: Ninetales|40\/100 par
|move|p2a: Ninetales|Body Slam|p1a: Charmander
|-damage|p1a: Charmander|46\/100
|
|turn|5
|choice||
|
|move|p1a: Charmander|Slash|p2a: Ninetales
|-crit|p2a: Ninetales
|-damage|p2a: Ninetales|7\/100 par
|move|p2a: Ninetales|Body Slam|p1a: Charmander
|-damage|p1a: Charmander|22\/100
|
|turn|6
|choice||
|
|move|p1a: Charmander|Body Slam|p2a: Ninetales
|-damage|p2a: Ninetales|0 fnt
|faint|p2a: Ninetales
|choice||
|
|switch|p2a: Doduo|Doduo, L96|19\/100
|turn|7
|choice||
|
|move|p2a: Doduo|Body Slam|p1a: Charmander
|-damage|p1a: Charmander|0 fnt
|faint|p1a: Charmander
|choice||
|
|switch|p1a: Tauros|Tauros, L79|65\/100
|turn|8
|choice||
|
|move|p1a: Tauros|Body Slam|p2a: Doduo
|-crit|p2a: Doduo
|-damage|p2a: Doduo|0 fnt
|faint|p2a: Doduo
|choice||
|
|switch|p2a: Tentacruel|Tentacruel, L85|100\/100
|turn|9
|choice||
|
|switch|p1a: Lapras|Lapras, L79|100\/100
|move|p2a: Tentacruel|Surf|p1a: Lapras
|-resisted|p1a: Lapras
|-damage|p1a: Lapras|84\/100
|
|turn|10
|choice||
|
|switch|p2a: Raichu|Raichu, L85|100\/100
|move|p1a: Lapras|Confuse Ray|p2a: Raichu
|-start|p2a: Raichu|confusion
|
|turn|11
|choice||
|
|switch|p2a: Jynx|Jynx, L79|100\/100
|switch|p1a: Parasect|Parasect, L90|100\/100
|
|turn|12
|choice||
|
|move|p2a: Jynx|Lovely Kiss|p1a: Parasect
|-status|p1a: Parasect|slp
|cant|p1a: Parasect|slp
|
|turn|13
|choice||
|
|switch|p1a: Lapras|Lapras, L79|84\/100
|move|p2a: Jynx|Psychic|p1a: Lapras
|-damage|p1a: Lapras|60\/100
|-unboost|p1a: Lapras|spd|1
|-unboost|p1a: Lapras|spa|1
|
|turn|14
|choice||
|
|move|p2a: Jynx|Psychic|p1a: Lapras
|-crit|p1a: Lapras
|-damage|p1a: Lapras|12\/100
|-unboost|p1a: Lapras|spd|1
|-unboost|p1a: Lapras|spa|1
|move|p1a: Lapras|Confuse Ray|p2a: Jynx
|-start|p2a: Jynx|confusion
|
|turn|15
|choice||
|
|switch|p2a: Raichu|Raichu, L85|100\/100
|switch|p1a: Jolteon|Jolteon, L79|100\/100
|
|turn|16
|choice||
|
|switch|p1a: Parasect|Parasect, L90|100\/100 slp
|switch|p2a: Dragonair|Dragonair, L85|100\/100
|
|turn|17
|choice||
|
|move|p2a: Dragonair|Blizzard|p1a: Parasect
|-supereffective|p1a: Parasect
|-damage|p1a: Parasect|48\/100 slp
|cant|p1a: Parasect|slp
|
|turn|18
|choice||
|
|switch|p1a: Poliwrath|Poliwrath, L85|100\/100
|move|p2a: Dragonair|Agility|p2a: Dragonair
|-boost|p2a: Dragonair|spe|2
|
|turn|19
|choice||
|
|move|p2a: Dragonair|Thunder|p1a: Poliwrath
|-supereffective|p1a: Poliwrath
|-damage|p1a: Poliwrath|51\/100
|-status|p1a: Poliwrath|par
|move|p1a: Poliwrath|Hypnosis|p2a: Dragonair
|-status|p2a: Dragonair|slp
|
|turn|20
|choice||
|
|switch|p2a: Jynx|Jynx, L79|100\/100
|cant|p1a: Poliwrath|par
|
|turn|21
|choice||
|
|move|p2a: Jynx|Psychic|p1a: Poliwrath
|-crit|p1a: Poliwrath
|-supereffective|p1a: Poliwrath
|-damage|p1a: Poliwrath|0 fnt
|faint|p1a: Poliwrath
|choice||
|
|switch|p1a: Tauros|Tauros, L79|65\/100
|turn|22
|choice||
|
|switch|p2a: Dragonair|Dragonair, L85|100\/100 slp
|move|p1a: Tauros|Body Slam|p2a: Dragonair
|-damage|p2a: Dragonair|67\/100 slp
|
|turn|23
|choice||
|
|move|p1a: Tauros|Body Slam|p2a: Dragonair
|-crit|p2a: Dragonair
|-damage|p2a: Dragonair|4\/100 slp
|cant|p2a: Dragonair|slp
|
|turn|24
|choice||
|
|move|p1a: Tauros|Body Slam|p2a: Dragonair
|-crit|p2a: Dragonair
|-damage|p2a: Dragonair|0 fnt
|faint|p2a: Dragonair
|choice||
|
|switch|p2a: Tentacruel|Tentacruel, L85|100\/100
|turn|25
|choice||
|
|move|p2a: Tentacruel|Surf|p1a: Tauros
|-damage|p1a: Tauros|12\/100
|move|p1a: Tauros|Earthquake|p2a: Tentacruel
|-supereffective|p2a: Tentacruel
|-damage|p2a: Tentacruel|53\/100
|
|turn|26
|choice||
|
|switch|p1a: Parasect|Parasect, L90|48\/100 slp
|move|p2a: Tentacruel|Surf|p1a: Parasect
|-resisted|p1a: Parasect
|-damage|p1a: Parasect|27\/100 slp
|
|turn|27
|choice||
|
|switch|p1a: Jolteon|Jolteon, L79|100\/100
|move|p2a: Tentacruel|Swords Dance|p2a: Tentacruel
|-boost|p2a: Tentacruel|atk|2
|
|turn|28
|choice||
|
|move|p1a: Jolteon|Thunderbolt|p2a: Tentacruel
|-supereffective|p2a: Tentacruel
|-damage|p2a: Tentacruel|7\/100
|move|p2a: Tentacruel|Hyper Beam|p1a: Jolteon
|-damage|p1a: Jolteon|13\/100
|
|turn|29
|-mustrecharge|p2a: Tentacruel
|-mustrecharge|p2a: Tentacruel
|choice||
|
|move|p1a: Jolteon|Thunderbolt|p2a: Tentacruel
|-supereffective|p2a: Tentacruel
|-damage|p2a: Tentacruel|0 fnt
|faint|p2a: Tentacruel
|choice||
|
|switch|p2a: Raichu|Raichu, L85|100\/100
|turn|30
|choice||
|
|move|p1a: Jolteon|Thunder Wave|p2a: Raichu
|-status|p2a: Raichu|par
|move|p2a: Raichu|Surf|p1a: Jolteon
|-damage|p1a: Jolteon|0 fnt
|faint|p1a: Jolteon
|choice||
|
|switch|p1a: Lapras|Lapras, L79|12\/100
|turn|31
|choice||
|
|move|p1a: Lapras|Confuse Ray|p2a: Raichu
|-start|p2a: Raichu|confusion
|-activate|p2a: Raichu|confusion
|cant|p2a: Raichu|par
|
|turn|32
|choice||
|
|move|p1a: Lapras|Ice Beam|p2a: Raichu
|-damage|p2a: Raichu|69\/100 par
|-end|p2a: Raichu|confusion
|cant|p2a: Raichu|par
|
|turn|33
|choice||
|
|move|p1a: Lapras|Ice Beam|p2a: Raichu
|-damage|p2a: Raichu|36\/100 par
|cant|p2a: Raichu|par
|
|turn|34
|choice||
|
|move|p1a: Lapras|Ice Beam|p2a: Raichu
|-crit|p2a: Raichu
|-damage|p2a: Raichu|0 fnt
|faint|p2a: Raichu
|choice||
|
|switch|p2a: Jynx|Jynx, L79|100\/100
|turn|35
|choice||
|
|move|p2a: Jynx|Mimic|p1a: Lapras
|-start|p2a: Jynx|Mimic|Thunderbolt
|move|p1a: Lapras|Rest|p1a: Lapras
|-status|p1a: Lapras|slp
|-heal|p1a: Lapras|100\/100 slp|[silent]
|-status|p1a: Lapras|slp|[from] move: Rest
|
|turn|36
|choice||
|
|move|p2a: Jynx|Thunderbolt|p1a: Lapras
|-supereffective|p1a: Lapras
|-damage|p1a: Lapras|69\/100 slp
|cant|p1a: Lapras|slp
|
|turn|37
|choice||
|
|move|p2a: Jynx|Psychic|p1a: Lapras
|-damage|p1a: Lapras|45\/100 slp
|-curestatus|p1a: Lapras|slp
|
|turn|38
|choice||
|
|move|p2a: Jynx|Psychic|p1a: Lapras
|-damage|p1a: Lapras|24\/100
|move|p1a: Lapras|Confuse Ray|p2a: Jynx
|-start|p2a: Jynx|confusion
|
|turn|39
|choice||
|
|-activate|p2a: Jynx|confusion
|-damage|p2a: Jynx|88\/100|[from] confusion
|move|p1a: Lapras|Thunderbolt|p2a: Jynx
|-damage|p2a: Jynx|65\/100
|
|turn|40
|choice||
|
|-activate|p2a: Jynx|confusion
|-damage|p2a: Jynx|53\/100|[from] confusion
|move|p1a: Lapras|Thunderbolt|p2a: Jynx
|-damage|p2a: Jynx|32\/100
|
|turn|41
|choice||
|
|-activate|p2a: Jynx|confusion
|-damage|p2a: Jynx|20\/100|[from] confusion
|move|p1a: Lapras|Thunderbolt|p2a: Jynx
|-crit|p2a: Jynx
|-damage|p2a: Jynx|0 fnt
|faint|p2a: Jynx
|
|win|Agarest
|player|p1
|player|p2
|raw|Agarest's rating: 1360 &rarr; <strong>1370<\/strong><br \/>(+10 for winning)
|raw|PeteGoggles's rating: 1176 &rarr; <strong>1163<\/strong><br \/>(-13 for losing)
|l|PeteGoggles