|j|ankitkhetrapal
|j|Jukil22
|player|p1|ankitkhetrapal|52
|player|p2|Jukil22|92
|gametype|singles
|gen|1
|tier|[Gen 1] Random Battle
|rated
|seed|40415,3624,12447,25143
|rule|Sleep Clause Mod: Limit one foe put to sleep
|rule|Freeze Clause Mod: Limit one foe frozen
|rule|HP Percentage Mod: HP is shown in percentages
|
|start
|switch|p1a: Weepinbell|Weepinbell, L85|284\/284
|switch|p2a: Venonat|Venonat, L96|310\/310
|turn|1
|choice|move 3|move 1
|
|move|p2a: Venonat|Sleep Powder|p1a: Weepinbell
|-status|p1a: Weepinbell|slp
|cant|p1a: Weepinbell|slp
|
|turn|2
|choice|switch 6|move 2
|
|switch|p1a: Magmar|Magmar, L90|300\/300
|move|p2a: Venonat|Psychic|p1a: Magmar
|-damage|p1a: Magmar|253\/300
|-unboost|p1a: Magmar|spd|1
|-unboost|p1a: Magmar|spa|1
|
|turn|3
|choice|move 3|move 4
|
|move|p1a: Magmar|Fire Blast|p2a: Venonat
|-supereffective|p2a: Venonat
|-damage|p2a: Venonat|82\/310
|move|p2a: Venonat|Stun Spore|p1a: Magmar
|-status|p1a: Magmar|par
|
|turn|4
|choice|move 2|switch 5
|
|switch|p2a: Starmie|Starmie, L79|257\/257
|cant|p1a: Magmar|par
|
|turn|5
|choice|switch 6|move 3
|
|switch|p1a: Weepinbell|Weepinbell, L85|284\/284 slp
|move|p2a: Starmie|Surf|p1a: Weepinbell
|-crit|p1a: Weepinbell
|-resisted|p1a: Weepinbell
|-damage|p1a: Weepinbell|202\/284 slp
|
|turn|6
|choice|switch 4|move 4
|
|switch|p1a: Vaporeon|Vaporeon, L85|395\/395
|move|p2a: Starmie|Blizzard|p1a: Vaporeon
|-resisted|p1a: Vaporeon
|-damage|p1a: Vaporeon|364\/395
|
|turn|7
|choice|move 4|move 2
|
|move|p2a: Starmie|Thunder Wave|p1a: Vaporeon
|-status|p1a: Vaporeon|par
|move|p1a: Vaporeon|Body Slam|p2a: Starmie
|-damage|p2a: Starmie|200\/257
|
|turn|8
|choice|move 4|switch 2
|
|switch|p2a: Jolteon|Jolteon, L79|265\/265
|move|p1a: Vaporeon|Body Slam|p2a: Jolteon
|-damage|p2a: Jolteon|200\/265
|
|turn|9
|choice|switch 2|move 1
|
|switch|p1a: Cubone|Cubone, L96|291\/291
|move|p2a: Jolteon|Thunderbolt|p1a: Cubone
|-immune|p1a: Cubone|[msg]
|
|turn|10
|choice|move 2|switch 6
|
|switch|p2a: Butterfree|Butterfree, L90|291\/291
|move|p1a: Cubone|Body Slam|p2a: Butterfree
|-damage|p2a: Butterfree|219\/291
|
|turn|11
|choice|switch 6|move 2
|
|switch|p1a: Magmar|Magmar, L90|253\/300 par
|move|p2a: Butterfree|Psychic|p1a: Magmar
|-damage|p1a: Magmar|189\/300 par
|
|turn|12
|choice|move 3|switch 5
|
|switch|p2a: Venonat|Venonat, L96|82\/310
|move|p1a: Magmar|Fire Blast|p2a: Venonat
|-supereffective|p2a: Venonat
|-damage|p2a: Venonat|0 fnt
|faint|p2a: Venonat
|choice||switch 4
|
|switch|p2a: Rapidash|Rapidash, L90|300\/300
|turn|13
|choice|switch 2|move 2
|
|switch|p1a: Vaporeon|Vaporeon, L85|364\/395 par
|move|p2a: Rapidash|Substitute|p2a: Rapidash
|-start|p2a: Rapidash|Substitute
|-damage|p2a: Rapidash|225\/300
|
|turn|14
|choice|move 3|move 3
|
|move|p2a: Rapidash|Body Slam|p1a: Vaporeon
|-crit|p1a: Vaporeon
|-damage|p1a: Vaporeon|180\/395 par
|cant|p1a: Vaporeon|par
|
|turn|15
|choice|move 2|move 3
|
|move|p2a: Rapidash|Body Slam|p1a: Vaporeon
|-damage|p1a: Vaporeon|92\/395 par
|move|p1a: Vaporeon|Rest|p1a: Vaporeon
|-status|p1a: Vaporeon|slp
|-heal|p1a: Vaporeon|395\/395 slp|[silent]
|-status|p1a: Vaporeon|slp|[from] move: Rest
|
|turn|16
|choice|move 4|move 3
|
|move|p2a: Rapidash|Body Slam|p1a: Vaporeon
|-damage|p1a: Vaporeon|308\/395 slp
|cant|p1a: Vaporeon|slp
|
|turn|17
|choice|move 3|move 3
|
|move|p2a: Rapidash|Body Slam|p1a: Vaporeon
|-crit|p1a: Vaporeon
|-damage|p1a: Vaporeon|124\/395 slp
|-curestatus|p1a: Vaporeon|slp
|
|turn|18
|choice|move 2|move 3
|
|move|p2a: Rapidash|Body Slam|p1a: Vaporeon
|-damage|p1a: Vaporeon|42\/395
|-status|p1a: Vaporeon|par
|move|p1a: Vaporeon|Rest|p1a: Vaporeon
|-status|p1a: Vaporeon|slp
|-heal|p1a: Vaporeon|395\/395 slp|[silent]
|-status|p1a: Vaporeon|slp|[from] move: Rest
|
|turn|19
|choice|move 3|move 3
|
|move|p2a: Rapidash|Body Slam|p1a: Vaporeon
|-damage|p1a: Vaporeon|306\/395 slp
|cant|p1a: Vaporeon|slp
|
|turn|20
|choice|move 3|move 3
|
|move|p2a: Rapidash|Body Slam|p1a: Vaporeon
|-damage|p1a: Vaporeon|211\/395 slp
|-curestatus|p1a: Vaporeon|slp
|
|turn|21
|choice|move 3|move 3
|
|move|p2a: Rapidash|Body Slam|p1a: Vaporeon
|-damage|p1a: Vaporeon|119\/395
|move|p1a: Vaporeon|Hydro Pump|p2a: Rapidash
|-supereffective|p2a: Rapidash
|-end|p2a: Rapidash|Substitute
|
|turn|22
|choice|move 3|move 3
|
|move|p2a: Rapidash|Body Slam|p1a: Vaporeon
|-damage|p1a: Vaporeon|27\/395
|move|p1a: Vaporeon|Hydro Pump|p2a: Rapidash|[miss]
|-miss|p1a: Vaporeon
|
|turn|23
|choice|switch 4|move 3
|
|switch|p1a: Weepinbell|Weepinbell, L85|202\/284 slp
|move|p2a: Rapidash|Body Slam|p1a: Weepinbell
|-damage|p1a: Weepinbell|110\/284 slp
|
|turn|24
|choice|switch 5|move 1
|
|switch|p1a: Golduck|Golduck, L85|310\/310
|move|p2a: Rapidash|Fire Blast|p1a: Golduck
|-resisted|p1a: Golduck
|-damage|p1a: Golduck|244\/310
|-status|p1a: Golduck|brn
|
|turn|25
|choice|move 1|move 2
|
|move|p2a: Rapidash|Substitute|p2a: Rapidash
|-start|p2a: Rapidash|Substitute
|-damage|p2a: Rapidash|150\/300
|move|p1a: Golduck|Amnesia|p1a: Golduck
|-boost|p1a: Golduck|spd|2
|-boost|p1a: Golduck|spa|2
|-damage|p1a: Golduck|225\/310 brn|[from] brn
|
|turn|26
|choice|move 2|move 3
|
|move|p2a: Rapidash|Body Slam|p1a: Golduck
|-damage|p1a: Golduck|144\/310 brn
|move|p1a: Golduck|Surf|p2a: Rapidash
|-crit|p2a: Rapidash
|-supereffective|p2a: Rapidash
|-end|p2a: Rapidash|Substitute
|-damage|p1a: Golduck|125\/310 brn|[from] brn|[of] p2a: Rapidash
|
|turn|27
|choice|move 2|move 2
|
|move|p2a: Rapidash|Substitute|p2a: Rapidash
|-start|p2a: Rapidash|Substitute
|-damage|p2a: Rapidash|75\/300
|move|p1a: Golduck|Surf|p2a: Rapidash
|-crit|p2a: Rapidash
|-supereffective|p2a: Rapidash
|-end|p2a: Rapidash|Substitute
|-damage|p1a: Golduck|106\/310 brn|[from] brn|[of] p2a: Rapidash
|
|turn|28
|choice|move 2|move 3
|
|move|p2a: Rapidash|Body Slam|p1a: Golduck
|-crit|p1a: Golduck
|-damage|p1a: Golduck|0 fnt
|faint|p1a: Golduck
|choice|switch 2|
|
|switch|p1a: Magmar|Magmar, L90|189\/300 par
|turn|29
|c|★Jukil22|Sorry for the hax
|choice|move 1|move 3
|
|move|p2a: Rapidash|Body Slam|p1a: Magmar
|-damage|p1a: Magmar|103\/300 par
|cant|p1a: Magmar|par
|
|turn|30
|choice|move 1|move 3
|
|move|p2a: Rapidash|Body Slam|p1a: Magmar
|-damage|p1a: Magmar|16\/300 par
|move|p1a: Magmar|Hyper Beam|p2a: Rapidash|[miss]
|-miss|p1a: Magmar
|
|turn|31
|choice|move 1|move 3
|
|move|p2a: Rapidash|Body Slam|p1a: Magmar
|-damage|p1a: Magmar|0 fnt
|faint|p1a: Magmar
|choice|switch 6|
|
|switch|p1a: Cubone|Cubone, L96|291\/291
|turn|32
|c|★Jukil22|This is too much hax
|choice|move 3|move 1
|
|move|p2a: Rapidash|Fire Blast|p1a: Cubone
|-damage|p1a: Cubone|132\/291
|move|p1a: Cubone|Seismic Toss|p2a: Rapidash
|-damage|p2a: Rapidash|0 fnt
|faint|p2a: Rapidash
|choice||switch 2
|
|switch|p2a: Starmie|Starmie, L79|200\/257
|turn|33
|choice|switch 3|move 3
|
|switch|p1a: Persian|Persian, L79|265\/265
|move|p2a: Starmie|Surf|p1a: Persian
|-damage|p1a: Persian|150\/265
|
|turn|34
|choice|move 4|switch 3
|
|switch|p2a: Rhydon|Rhydon, L79|328\/328
|move|p1a: Persian|Thunderbolt|p2a: Rhydon
|-immune|p2a: Rhydon|[msg]
|
|turn|35
|choice|move 3|move 2
|
|move|p1a: Persian|Bubble Beam|p2a: Rhydon
|-supereffective|p2a: Rhydon
|-damage|p2a: Rhydon|141\/328
|move|p2a: Rhydon|Substitute|p2a: Rhydon
|-start|p2a: Rhydon|Substitute
|-damage|p2a: Rhydon|59\/328
|
|turn|36
|choice|move 3|move 3
|
|move|p1a: Persian|Bubble Beam|p2a: Rhydon
|-supereffective|p2a: Rhydon
|-end|p2a: Rhydon|Substitute
|move|p2a: Rhydon|Earthquake|p1a: Persian
|-damage|p1a: Persian|2\/265
|
|turn|37
|choice|move 1|move 4
|
|move|p1a: Persian|Slash|p2a: Rhydon
|-crit|p2a: Rhydon
|-resisted|p2a: Rhydon
|-damage|p2a: Rhydon|13\/328
|move|p2a: Rhydon|Body Slam|p1a: Persian
|-damage|p1a: Persian|0 fnt
|faint|p1a: Persian
|choice|switch 4|
|
|switch|p1a: Vaporeon|Vaporeon, L85|27\/395
|turn|38
|choice|move 2|move 4
|
|move|p1a: Vaporeon|Rest|p1a: Vaporeon
|-status|p1a: Vaporeon|slp
|-heal|p1a: Vaporeon|395\/395 slp|[silent]
|-status|p1a: Vaporeon|slp|[from] move: Rest
|move|p2a: Rhydon|Body Slam|p1a: Vaporeon
|-damage|p1a: Vaporeon|311\/395 slp
|
|turn|39
|choice|move 3|move 3
|
|cant|p1a: Vaporeon|slp
|move|p2a: Rhydon|Earthquake|p1a: Vaporeon
|-damage|p1a: Vaporeon|181\/395 slp
|
|turn|40
|choice|move 3|move 3
|
|-curestatus|p1a: Vaporeon|slp
|move|p2a: Rhydon|Earthquake|p1a: Vaporeon
|-damage|p1a: Vaporeon|48\/395
|
|turn|41
|choice|move 2|move 3
|
|move|p1a: Vaporeon|Rest|p1a: Vaporeon
|-status|p1a: Vaporeon|slp
|-heal|p1a: Vaporeon|395\/395 slp|[silent]
|-status|p1a: Vaporeon|slp|[from] move: Rest
|move|p2a: Rhydon|Earthquake|p1a: Vaporeon
|-damage|p1a: Vaporeon|250\/395 slp
|
|turn|42
|choice|move 2|move 3
|
|cant|p1a: Vaporeon|slp
|move|p2a: Rhydon|Earthquake|p1a: Vaporeon
|-damage|p1a: Vaporeon|98\/395 slp
|
|turn|43
|choice|move 2|move 3
|
|-curestatus|p1a: Vaporeon|slp
|move|p2a: Rhydon|Earthquake|p1a: Vaporeon
|-damage|p1a: Vaporeon|0 fnt
|faint|p1a: Vaporeon
|-message|ankitkhetrapal forfeited.
|
|win|Jukil22
|l|ankitkhetrapal
|player|p1
|raw|ankitkhetrapal's rating: 1293 &rarr; <strong>1258<\/strong><br \/>(-35 for losing)
|raw|Jukil22's rating: 1144 &rarr; <strong>1179<\/strong><br \/>(+35 for winning)