|j|TheVisualNovel
|j|James89
|player|p1|TheVisualNovel|279
|player|p2|James89|1
|gametype|singles
|gen|1
|tier|[Gen 1] Random Battle
|rated
|seed|28139,32475,33367,61000
|rule|Sleep Clause Mod: Limit one foe put to sleep
|rule|Freeze Clause Mod: Limit one foe frozen
|rule|HP Percentage Mod: HP is shown in percentages
|
|start
|switch|p1a: Hitmonlee|Hitmonlee, L90|273\/273
|switch|p2a: Oddish|Oddish, L96|281\/281
|turn|1
|choice|move 3|move 3
|
|move|p1a: Hitmonlee|Body Slam|p2a: Oddish
|-damage|p2a: Oddish|183\/281
|-status|p2a: Oddish|par
|move|p2a: Oddish|Toxic|p1a: Hitmonlee
|-status|p1a: Hitmonlee|tox
|
|turn|2
|choice|switch 3|move 2
|
|switch|p1a: Poliwag|Poliwag, L96|272\/272
|move|p2a: Oddish|Swords Dance|p2a: Oddish
|-boost|p2a: Oddish|atk|2
|
|turn|3
|choice|move 1|move 1
|
|move|p1a: Poliwag|Amnesia|p1a: Poliwag
|-boost|p1a: Poliwag|spd|2
|-boost|p1a: Poliwag|spa|2
|cant|p2a: Oddish|par
|
|turn|4
|choice|move 3|move 1
|
|move|p1a: Poliwag|Blizzard|p2a: Oddish
|-supereffective|p2a: Oddish
|-damage|p2a: Oddish|0 fnt
|faint|p2a: Oddish
|choice||switch 5
|
|switch|p2a: Electabuzz|Electabuzz, L85|284\/284
|turn|5
|choice|move 3|move 1
|
|move|p1a: Poliwag|Blizzard|p2a: Electabuzz
|-damage|p2a: Electabuzz|142\/284
|move|p2a: Electabuzz|Thunderbolt|p1a: Poliwag
|-crit|p1a: Poliwag
|-supereffective|p1a: Poliwag
|-damage|p1a: Poliwag|0 fnt
|faint|p1a: Poliwag
|choice|switch 5|
|
|switch|p1a: Marowak|Marowak, L90|291\/291
|turn|6
|choice|move 4|move 2
|
|move|p2a: Electabuzz|Psychic|p1a: Marowak
|-damage|p1a: Marowak|209\/291
|move|p1a: Marowak|Earthquake|p2a: Electabuzz
|-supereffective|p2a: Electabuzz
|-damage|p2a: Electabuzz|0 fnt
|faint|p2a: Electabuzz
|choice||switch 6
|
|switch|p2a: Persian|Persian, L79|265\/265
|turn|7
|choice|move 4|move 3
|
|move|p2a: Persian|Bubble Beam|p1a: Marowak
|-supereffective|p1a: Marowak
|-damage|p1a: Marowak|125\/291
|-unboost|p1a: Marowak|spe|1
|move|p1a: Marowak|Earthquake|p2a: Persian
|-damage|p2a: Persian|130\/265
|
|turn|8
|choice|move 4|move 2
|
|move|p2a: Persian|Hyper Beam|p1a: Marowak
|-damage|p1a: Marowak|39\/291
|move|p1a: Marowak|Earthquake|p2a: Persian
|-crit|p2a: Persian
|-damage|p2a: Persian|0 fnt
|faint|p2a: Persian
|choice||switch 3
|
|switch|p2a: Butterfree|Butterfree, L90|291\/291
|turn|9
|choice|move 1|move 1
|
|move|p2a: Butterfree|Psychic|p1a: Marowak
|-damage|p1a: Marowak|0 fnt
|faint|p1a: Marowak
|choice|switch 2|
|
|switch|p1a: Lapras|Lapras, L79|367\/367
|turn|10
|choice|move 2|move 4
|
|move|p2a: Butterfree|Sleep Powder|p1a: Lapras
|-status|p1a: Lapras|slp
|cant|p1a: Lapras|slp
|
|turn|11
|choice|move 2|move 1
|
|move|p2a: Butterfree|Psychic|p1a: Lapras
|-damage|p1a: Lapras|299\/367 slp
|-curestatus|p1a: Lapras|slp
|
|turn|12
|choice|move 2|move 4
|
|move|p2a: Butterfree|Sleep Powder|p1a: Lapras
|-status|p1a: Lapras|slp
|cant|p1a: Lapras|slp
|
|turn|13
|choice|move 2|move 1
|
|move|p2a: Butterfree|Psychic|p1a: Lapras
|-damage|p1a: Lapras|229\/367 slp
|-unboost|p1a: Lapras|spd|1
|-unboost|p1a: Lapras|spa|1
|cant|p1a: Lapras|slp
|
|turn|14
|choice|switch 4|move 1
|
|switch|p1a: Clefable|Clefable, L85|335\/335
|move|p2a: Butterfree|Psychic|p1a: Clefable
|-crit|p1a: Clefable
|-damage|p1a: Clefable|212\/335
|
|turn|15
|choice|move 4|move 1
|
|move|p2a: Butterfree|Psychic|p1a: Clefable
|-damage|p1a: Clefable|147\/335
|move|p1a: Clefable|Ice Beam|p2a: Butterfree
|-supereffective|p2a: Butterfree
|-damage|p2a: Butterfree|163\/291
|
|turn|16
|choice|move 4|move 1
|
|move|p2a: Butterfree|Psychic|p1a: Clefable
|-damage|p1a: Clefable|79\/335
|move|p1a: Clefable|Ice Beam|p2a: Butterfree
|-supereffective|p2a: Butterfree
|-damage|p2a: Butterfree|30\/291
|
|turn|17
|choice|move 4|move 1
|
|move|p2a: Butterfree|Psychic|p1a: Clefable
|-damage|p1a: Clefable|9\/335
|move|p1a: Clefable|Ice Beam|p2a: Butterfree
|-supereffective|p2a: Butterfree
|-damage|p2a: Butterfree|0 fnt
|faint|p2a: Butterfree
|choice||switch 4
|
|switch|p2a: Ninetales|Ninetales, L85|298\/298
|turn|18
|choice|move 2|move 2
|
|move|p2a: Ninetales|Body Slam|p1a: Clefable
|-crit|p1a: Clefable
|-damage|p1a: Clefable|0 fnt
|faint|p1a: Clefable
|choice|switch 6|
|
|switch|p1a: Nidoqueen|Nidoqueen, L85|327\/327
|turn|19
|choice|move 1|move 3
|
|move|p2a: Ninetales|Confuse Ray|p1a: Nidoqueen
|-start|p1a: Nidoqueen|confusion
|-activate|p1a: Nidoqueen|confusion
|-damage|p1a: Nidoqueen|298\/327|[from] confusion
|
|turn|20
|choice|move 1|move 2
|
|move|p2a: Ninetales|Body Slam|p1a: Nidoqueen
|-damage|p1a: Nidoqueen|242\/327
|-activate|p1a: Nidoqueen|confusion
|-damage|p1a: Nidoqueen|213\/327|[from] confusion
|
|turn|21
|choice|move 1|move 1
|
|move|p2a: Ninetales|Fire Blast|p1a: Nidoqueen
|-damage|p1a: Nidoqueen|69\/327
|-activate|p1a: Nidoqueen|confusion
|move|p1a: Nidoqueen|Earthquake|p2a: Ninetales
|-supereffective|p2a: Ninetales
|-damage|p2a: Ninetales|96\/298
|
|turn|22
|choice|switch 4|move 1
|
|switch|p1a: Lapras|Lapras, L79|229\/367 slp
|move|p2a: Ninetales|Fire Blast|p1a: Lapras
|-damage|p1a: Lapras|95\/367 slp
|
|turn|23
|choice|move 2|move 1
|
|move|p2a: Ninetales|Fire Blast|p1a: Lapras|[miss]
|-miss|p2a: Ninetales
|cant|p1a: Lapras|slp
|
|turn|24
|choice|move 2|move 1
|
|move|p2a: Ninetales|Fire Blast|p1a: Lapras
|-damage|p1a: Lapras|0 fnt
|faint|p1a: Lapras
|choice|switch 3|
|
|switch|p1a: Hitmonlee|Hitmonlee, L90|273\/273 tox
|-status|p1a: Hitmonlee|psn
|turn|25
|choice|move 1|move 1
|
|move|p2a: Ninetales|Fire Blast|p1a: Hitmonlee
|-damage|p1a: Hitmonlee|58\/273 psn
|move|p1a: Hitmonlee|High Jump Kick|p2a: Ninetales
|-damage|p2a: Ninetales|0 fnt
|faint|p2a: Ninetales
|choice||switch 2
|
|switch|p2a: Kabuto|Kabuto, L96|252\/252
|turn|26
|choice|move 1|move 1
|
|move|p1a: Hitmonlee|High Jump Kick|p2a: Kabuto
|-supereffective|p2a: Kabuto
|-damage|p2a: Kabuto|33\/252
|-damage|p1a: Hitmonlee|41\/273 psn|[from] psn|[of] p2a: Kabuto
|move|p2a: Kabuto|Surf|p1a: Hitmonlee
|-crit|p1a: Hitmonlee
|-damage|p1a: Hitmonlee|0 fnt
|faint|p1a: Hitmonlee
|choice|switch 4|
|
|switch|p1a: Nidoqueen|Nidoqueen, L85|69\/327
|turn|27
|choice|move 1|move 1
|
|move|p1a: Nidoqueen|Earthquake|p2a: Kabuto
|-supereffective|p2a: Kabuto
|-damage|p2a: Kabuto|0 fnt
|faint|p2a: Kabuto
|
|win|TheVisualNovel
|c|★TheVisualNovel|gg
|raw|TheVisualNovel's rating: 1362 &rarr; <strong>1370<\/strong><br \/>(+8 for winning)
|raw|James89's rating: 1123 &rarr; <strong>1113<\/strong><br \/>(-10 for losing)
|l|James89
|player|p2