|join|sciberbia
|join|macisawesome1
|player|p1|sciberbia|1
|player|p2|macisawesome1|102
|gametype|singles
|gen|1
|tier|[Gen 1] Random Battle
|rated
|rule|Sleep Clause Mod: Limit one foe put to sleep
|rule|Freeze Clause Mod: Limit one foe frozen
|rule|HP Percentage Mod: HP is shown in percentages
|
|start
|switch|p1a: Scyther|Scyther, L90|309\/309
|switch|p2a: Dugtrio|Dugtrio, L85|233\/233
|turn|1
|
|move|p2a: Dugtrio|Slash|p1a: Scyther
|-crit|p1a: Scyther
|-damage|p1a: Scyther|230\/309
|move|p1a: Scyther|Swords Dance|p1a: Scyther
|-boost|p1a: Scyther|atk|2
|
|turn|2
|
|move|p2a: Dugtrio|Slash|p1a: Scyther
|-crit|p1a: Scyther
|-damage|p1a: Scyther|146\/309
|move|p1a: Scyther|Swords Dance|p1a: Scyther
|-boost|p1a: Scyther|atk|2
|
|turn|3
|
|move|p2a: Dugtrio|Slash|p1a: Scyther
|-crit|p1a: Scyther
|-damage|p1a: Scyther|63\/309
|move|p1a: Scyther|Hyper Beam|p2a: Dugtrio
|-crit|p2a: Dugtrio
|-damage|p2a: Dugtrio|0 fnt
|faint|p2a: Dugtrio
|
|switch|p2a: Starmie|Starmie, L79|257\/257
|turn|4
|
|move|p1a: Scyther|Hyper Beam|p2a: Starmie
|-damage|p2a: Starmie|0 fnt
|faint|p2a: Starmie
|
|switch|p2a: Pinsir|Pinsir, L85|284\/284
|turn|5
|
|move|p1a: Scyther|Hyper Beam|p2a: Pinsir
|-damage|p2a: Pinsir|0 fnt
|faint|p2a: Pinsir
|
|switch|p2a: Tauros|Tauros, L79|280\/280
|turn|6
|
|move|p1a: Scyther|Hyper Beam|p2a: Tauros
|-damage|p2a: Tauros|0 fnt
|faint|p2a: Tauros
|
|switch|p2a: Chansey|Chansey, L79|557\/557
|turn|7
|
|move|p1a: Scyther|Hyper Beam|p2a: Chansey
|-damage|p2a: Chansey|0 fnt
|faint|p2a: Chansey
|
|switch|p2a: Grimer|Grimer, L96|348\/348
|turn|8
|
|move|p1a: Scyther|Hyper Beam|p2a: Grimer
|-crit|p2a: Grimer
|-damage|p2a: Grimer|25\/348
|move|p2a: Grimer|Sludge|p1a: Scyther
|-supereffective|p1a: Scyther
|-damage|p1a: Scyther|0 fnt
|faint|p1a: Scyther
|
|switch|p1a: Golbat|Golbat, L90|318\/318
|turn|9
|
|move|p1a: Golbat|Hyper Beam|p2a: Grimer
|-damage|p2a: Grimer|0 fnt
|faint|p2a: Grimer
|
|win|sciberbia
|raw|sciberbia's rating: 1151 &rarr; <strong>1165<\/strong><br \/>(+14 for winning)
|raw|macisawesome1's rating: 1000 &rarr; <strong>1000<\/strong><br \/>(+0 for losing)