|j|098765four
|j|singlea3
|player|p1|098765four|163
|player|p2|singlea3|167
|gametype|singles
|gen|1
|tier|[Gen 1] OU
|rated
|seed|45856,47227,6177,38639
|rule|Sleep Clause Mod: Limit one foe put to sleep
|rule|Freeze Clause Mod: Limit one foe frozen
|rule|Species Clause: Limit one of each Pokémon
|rule|OHKO Clause: OHKO moves are banned
|rule|Evasion Moves Clause: Evasion moves are banned
|rule|HP Percentage Mod: HP is shown in percentages
|
|start
|switch|p1a: Alakazam|Alakazam|313\/313
|switch|p2a: Hirsutism|Alakazam|313\/313
|turn|1
|choice|switch 2|move 1
|
|switch|p1a: Rhydon|Rhydon|413\/413
|move|p2a: Hirsutism|Thunder Wave|p1a: Rhydon
|-immune|p1a: Rhydon|[msg]
|
|turn|2
|choice|move 1|move 2
|
|move|p2a: Hirsutism|Reflect|p2a: Hirsutism
|-start|p2a: Hirsutism|Reflect
|move|p1a: Rhydon|Earthquake|p2a: Hirsutism
|-damage|p2a: Hirsutism|201\/313
|
|turn|3
|choice|switch 5|move 3
|
|switch|p1a: Tauros|Tauros|353\/353
|move|p2a: Hirsutism|Psychic|p1a: Tauros
|-damage|p1a: Tauros|201\/353
|
|turn|4
|choice|move 1|move 4
|
|move|p2a: Hirsutism|Recover|p2a: Hirsutism
|-heal|p2a: Hirsutism|313\/313
|move|p1a: Tauros|Body Slam|p2a: Hirsutism
|-crit|p2a: Hirsutism
|-damage|p2a: Hirsutism|14\/313
|
|turn|5
|choice|move 1|switch 3
|
|switch|p2a: Panzer|Rhydon|413\/413
|move|p1a: Tauros|Body Slam|p2a: Panzer
|-resisted|p2a: Panzer
|-damage|p2a: Panzer|370\/413
|-status|p2a: Panzer|par
|
|turn|6
|choice|move 3|move 1
|
|move|p1a: Tauros|Earthquake|p2a: Panzer
|-supereffective|p2a: Panzer
|-damage|p2a: Panzer|221\/413 par
|move|p2a: Panzer|Earthquake|p1a: Tauros
|-damage|p1a: Tauros|54\/353
|
|turn|7
|choice|switch 6|move 1
|
|switch|p1a: Chansey|Chansey|703\/703
|move|p2a: Panzer|Earthquake|p1a: Chansey
|-damage|p1a: Chansey|296\/703
|
|turn|8
|choice|move 1|move 3
|
|move|p1a: Chansey|Ice Beam|p2a: Panzer
|-supereffective|p2a: Panzer
|-damage|p2a: Panzer|0 fnt
|faint|p2a: Panzer
|choice||switch 5
|
|switch|p2a: Jolteon|Jolteon|333\/333
|turn|9
|choice|switch 5|move 4
|
|switch|p1a: Rhydon|Rhydon|413\/413
|move|p2a: Jolteon|Double Kick|p1a: Rhydon
|-crit|p1a: Rhydon
|-supereffective|p1a: Rhydon
|-damage|p1a: Rhydon|347\/413
|-damage|p1a: Rhydon|281\/413
|-hitcount|p1a: Rhydon|2
|
|turn|10
|choice|move 1|switch 6
|
|switch|p2a: Frank|Charizard|359\/359
|move|p1a: Rhydon|Earthquake|p2a: Frank
|-immune|p2a: Frank|[msg]
|
|turn|11
|choice|move 2|move 3
|
|move|p2a: Frank|Body Slam|p1a: Rhydon
|-resisted|p1a: Rhydon
|-damage|p1a: Rhydon|254\/413
|move|p1a: Rhydon|Rock Slide|p2a: Frank
|-crit|p2a: Frank
|-supereffective|p2a: Frank
|-damage|p2a: Frank|0 fnt
|faint|p2a: Frank
|choice||switch 4
|
|switch|p2a: Benny|Tauros|353\/353
|turn|12
|choice|move 1|move 3
|
|move|p2a: Benny|Blizzard|p1a: Rhydon
|-supereffective|p1a: Rhydon
|-damage|p1a: Rhydon|22\/413
|move|p1a: Rhydon|Earthquake|p2a: Benny
|-damage|p2a: Benny|213\/353
|
|turn|13
|choice|switch 2|move 1
|
|switch|p1a: Alakazam|Alakazam|313\/313
|move|p2a: Benny|Body Slam|p1a: Alakazam
|-damage|p1a: Alakazam|159\/313
|
|turn|14
|choice|move 1|move 2
|
|move|p1a: Alakazam|Psychic|p2a: Benny
|-damage|p2a: Benny|58\/353
|-unboost|p2a: Benny|spd|1
|-unboost|p2a: Benny|spa|1
|move|p2a: Benny|Hyper Beam|p1a: Alakazam|[miss]
|-miss|p2a: Benny
|
|turn|15
|choice|move 1|move 1
|
|move|p1a: Alakazam|Psychic|p2a: Benny
|-crit|p2a: Benny
|-damage|p2a: Benny|0 fnt
|faint|p2a: Benny
|choice||switch 3
|
|switch|p2a: Hirsutism|Alakazam|14\/313
|turn|16
|choice|move 1|move 4
|
|move|p1a: Alakazam|Psychic|p2a: Hirsutism
|-resisted|p2a: Hirsutism
|-damage|p2a: Hirsutism|0 fnt
|faint|p2a: Hirsutism
|choice||switch 2
|
|switch|p2a: Pina Colada|Exeggutor|393\/393
|turn|17
|choice|switch 3|move 3
|
|switch|p1a: Zapdos|Zapdos|383\/383
|move|p2a: Pina Colada|Leech Seed|p1a: Zapdos
|-start|p1a: Zapdos|move: Leech Seed
|
|turn|18
|choice|move 2|move 1
|
|move|p1a: Zapdos|Drill Peck|p2a: Pina Colada
|-supereffective|p2a: Pina Colada
|-damage|p2a: Pina Colada|188\/393
|-damage|p1a: Zapdos|360\/383|[from] Leech Seed|[of] p2a: Pina Colada
|-heal|p2a: Pina Colada|211\/393|[silent]
|move|p2a: Pina Colada|Sleep Powder|p1a: Zapdos
|-status|p1a: Zapdos|slp
|
|turn|19
|choice|switch 4|move 4
|
|switch|p1a: Gengar|Gengar|323\/323
|move|p2a: Pina Colada|Psychic|p1a: Gengar
|-supereffective|p1a: Gengar
|-damage|p1a: Gengar|119\/323
|
|turn|20
|choice|move 2|move 4
|
|move|p1a: Gengar|Explosion|p2a: Pina Colada
|-damage|p2a: Pina Colada|0 fnt
|faint|p2a: Pina Colada
|faint|p1a: Gengar
|choice|switch 4|switch 6
|
|switch|p2a: Jolteon|Jolteon|333\/333
|switch|p1a: Zapdos|Zapdos|360\/383 slp
|turn|21
|choice|move 3|move 2
|
|move|p2a: Jolteon|Thunderbolt|p1a: Zapdos
|-damage|p1a: Zapdos|259\/383 slp
|cant|p1a: Zapdos|slp
|
|turn|22
|choice|switch 2|move 2
|
|switch|p1a: Rhydon|Rhydon|22\/413
|move|p2a: Jolteon|Thunderbolt|p1a: Rhydon
|-immune|p1a: Rhydon|[msg]
|
|turn|23
|choice|switch 3|move 4
|
|switch|p1a: Alakazam|Alakazam|159\/313
|move|p2a: Jolteon|Double Kick|p1a: Alakazam
|-resisted|p1a: Alakazam
|-damage|p1a: Alakazam|146\/313
|-damage|p1a: Alakazam|133\/313
|-hitcount|p1a: Alakazam|2
|
|turn|24
|choice|move 3|move 1
|
|move|p2a: Jolteon|Pin Missile|p1a: Alakazam
|-supereffective|p1a: Alakazam
|-damage|p1a: Alakazam|106\/313
|-damage|p1a: Alakazam|79\/313
|-damage|p1a: Alakazam|52\/313
|-damage|p1a: Alakazam|25\/313
|-damage|p1a: Alakazam|0 fnt
|-hitcount|p1a: Alakazam|5
|faint|p1a: Alakazam
|choice|switch 5|
|
|switch|p1a: Chansey|Chansey|296\/703
|turn|25
|choice|move 2|move 4
|
|move|p2a: Jolteon|Double Kick|p1a: Chansey
|-supereffective|p1a: Chansey
|-damage|p1a: Chansey|186\/703
|-damage|p1a: Chansey|76\/703
|-hitcount|p1a: Chansey|2
|move|p1a: Chansey|Soft-Boiled|p1a: Chansey
|-heal|p1a: Chansey|427\/703
|
|turn|26
|choice|move 2|move 4
|
|move|p2a: Jolteon|Double Kick|p1a: Chansey
|-supereffective|p1a: Chansey
|-damage|p1a: Chansey|318\/703
|-damage|p1a: Chansey|209\/703
|-hitcount|p1a: Chansey|2
|move|p1a: Chansey|Soft-Boiled|p1a: Chansey
|-heal|p1a: Chansey|560\/703
|
|turn|27
|choice|move 3|move 4
|
|move|p2a: Jolteon|Double Kick|p1a: Chansey
|-supereffective|p1a: Chansey
|-damage|p1a: Chansey|457\/703
|-damage|p1a: Chansey|354\/703
|-hitcount|p1a: Chansey|2
|move|p1a: Chansey|Counter|p2a: Jolteon
|-damage|p2a: Jolteon|127\/333
|
|turn|28
|choice|move 3|move 4
|
|move|p2a: Jolteon|Double Kick|p1a: Chansey
|-crit|p1a: Chansey
|-supereffective|p1a: Chansey
|-damage|p1a: Chansey|165\/703
|-damage|p1a: Chansey|0 fnt
|-hitcount|p1a: Chansey|2
|faint|p1a: Chansey
|choice|switch 6|
|
|switch|p1a: Tauros|Tauros|54\/353
|turn|29
|choice|move 1|move 4
|
|move|p2a: Jolteon|Double Kick|p1a: Tauros
|-supereffective|p1a: Tauros
|-damage|p1a: Tauros|14\/353
|-damage|p1a: Tauros|0 fnt
|-hitcount|p1a: Tauros|2
|faint|p1a: Tauros
|choice|switch 2|
|
|switch|p1a: Zapdos|Zapdos|259\/383 slp
|turn|30
|choice|move 2|move 2
|
|move|p2a: Jolteon|Thunderbolt|p1a: Zapdos
|-damage|p1a: Zapdos|159\/383 slp
|cant|p1a: Zapdos|slp
|
|turn|31
|choice|move 2|move 2
|
|move|p2a: Jolteon|Thunderbolt|p1a: Zapdos
|-damage|p1a: Zapdos|61\/383 slp
|cant|p1a: Zapdos|slp
|
|turn|32
|-message|098765four forfeited.
|
|win|singlea3
|player|p1
|player|p2
|l|098765four
|raw|098765four's rating: 1070 &rarr; <strong>1056<\/strong><br \/>(-14 for losing)
|raw|singlea3's rating: 1174 &rarr; <strong>1192<\/strong><br \/>(+18 for winning)