|j|CrapAtRBY
|j|Peasounay
|player|p1|CrapAtRBY|265
|player|p2|Peasounay|80
|gametype|singles
|gen|1
|tier|[Gen 1] OU
|seed|59614,2001,49631,18936
|rule|Sleep Clause Mod: Limit one foe put to sleep
|rule|Freeze Clause Mod: Limit one foe frozen
|rule|Species Clause: Limit one of each Pokémon
|rule|OHKO Clause: OHKO moves are banned
|rule|Evasion Moves Clause: Evasion moves are banned
|rule|HP Percentage Mod: HP is shown in percentages
|
|start
|switch|p1a: Mr. Mime|Mr. Mime|283\/283
|switch|p2a: Clefable|Clefable|393\/393
|turn|1
|choice|move 3|move 4
|
|move|p1a: Mr. Mime|Thunder Wave|p2a: Clefable
|-status|p2a: Clefable|par
|move|p2a: Clefable|Body Slam|p1a: Mr. Mime
|-damage|p1a: Mr. Mime|174\/283
|
|turn|2
|choice|move 2|move 2
|
|move|p1a: Mr. Mime|Seismic Toss|p2a: Clefable
|-damage|p2a: Clefable|293\/393 par
|move|p2a: Clefable|Hyper Beam|p1a: Mr. Mime
|-damage|p1a: Mr. Mime|0 fnt
|faint|p1a: Mr. Mime
|choice|switch 6|
|
|switch|p1a: Dugtrio|Dugtrio|273\/273
|turn|3
|choice|move 4|switch 2
|
|switch|p2a: Exeggcute|Exeggcute|323\/323
|move|p1a: Dugtrio|Substitute|p1a: Dugtrio
|-start|p1a: Dugtrio|Substitute
|-damage|p1a: Dugtrio|205\/273
|
|turn|4
|choice|switch 4|move 1
|
|switch|p1a: Vaporeon|Vaporeon|463\/463
|move|p2a: Exeggcute|Sleep Powder|p1a: Vaporeon
|-status|p1a: Vaporeon|slp
|
|turn|5
|choice|switch 3|switch 3
|
|switch|p1a: Fearow|Fearow|333\/333
|switch|p2a: Mr. Mime|Mr. Mime|283\/283
|
|turn|6
|choice|switch 4|switch 4
|
|switch|p1a: Dugtrio|Dugtrio|205\/273
|switch|p2a: Sandslash|Sandslash|353\/353
|
|turn|7
|choice|move 1|move 2
|
|move|p1a: Dugtrio|Earthquake|p2a: Sandslash
|-damage|p2a: Sandslash|258\/353
|move|p2a: Sandslash|Earthquake|p1a: Dugtrio
|-damage|p1a: Dugtrio|39\/273
|
|turn|8
|choice|switch 5|move 2
|
|switch|p1a: Venusaur|Venusaur|363\/363
|move|p2a: Sandslash|Earthquake|p1a: Venusaur
|-damage|p1a: Venusaur|227\/363
|
|turn|9
|choice|move 3|switch 2
|
|switch|p2a: Clefable|Clefable|293\/393 par
|move|p1a: Venusaur|Body Slam|p2a: Clefable
|-damage|p2a: Clefable|223\/393 par
|
|turn|10
|choice|switch 3|move 4
|
|switch|p1a: Vaporeon|Vaporeon|463\/463 slp
|move|p2a: Clefable|Body Slam|p1a: Vaporeon
|-damage|p1a: Vaporeon|362\/463 slp
|
|turn|11
|choice|switch 2|switch 6
|
|switch|p1a: Clefable|Clefable|393\/393
|switch|p2a: Electabuzz|Electabuzz|333\/333
|
|turn|12
|choice|move 2|switch 6
|
|switch|p2a: Clefable|Clefable|223\/393 par
|move|p1a: Clefable|Thunder Wave|p2a: Clefable
|-fail|p2a: Clefable|par
|
|turn|13
|choice|move 1|move 4
|
|move|p1a: Clefable|Body Slam|p2a: Clefable
|-damage|p2a: Clefable|126\/393 par
|move|p2a: Clefable|Body Slam|p1a: Clefable
|-damage|p1a: Clefable|303\/393
|
|turn|14
|choice|move 1|move 2
|
|move|p1a: Clefable|Body Slam|p2a: Clefable
|-damage|p2a: Clefable|30\/393 par
|cant|p2a: Clefable|par
|
|turn|15
|choice|move 1|move 2
|
|move|p1a: Clefable|Body Slam|p2a: Clefable
|-damage|p2a: Clefable|0 fnt
|faint|p2a: Clefable
|choice||switch 5
|
|switch|p2a: Golduck|Golduck|363\/363
|turn|16
|choice|move 2|move 1
|
|move|p2a: Golduck|Amnesia|p2a: Golduck
|-boost|p2a: Golduck|spd|2
|-boost|p2a: Golduck|spa|2
|move|p1a: Clefable|Thunder Wave|p2a: Golduck
|-status|p2a: Golduck|par
|
|turn|17
|choice|switch 3|move 3
|
|switch|p1a: Venusaur|Venusaur|227\/363
|cant|p2a: Golduck|par
|
|turn|18
|choice|move 2|move 3
|
|move|p1a: Venusaur|Razor Leaf|p2a: Golduck
|-crit|p2a: Golduck
|-supereffective|p2a: Golduck
|-damage|p2a: Golduck|87\/363 par
|move|p2a: Golduck|Ice Beam|p1a: Venusaur
|-supereffective|p1a: Venusaur
|-damage|p1a: Venusaur|0 fnt
|faint|p1a: Venusaur
|choice|switch 5|
|
|switch|p1a: Dugtrio|Dugtrio|39\/273
|turn|19
|choice|move 1|move 2
|
|move|p1a: Dugtrio|Earthquake|p2a: Golduck
|-damage|p2a: Golduck|0 fnt
|faint|p2a: Golduck
|choice||switch 2
|
|switch|p2a: Sandslash|Sandslash|258\/353
|turn|20
|choice|move 1|move 2
|
|move|p1a: Dugtrio|Earthquake|p2a: Sandslash
|-damage|p2a: Sandslash|160\/353
|move|p2a: Sandslash|Earthquake|p1a: Dugtrio
|-damage|p1a: Dugtrio|0 fnt
|faint|p1a: Dugtrio
|choice|switch 3|
|
|switch|p1a: Clefable|Clefable|303\/393
|turn|21
|choice|move 3|move 2
|
|move|p2a: Sandslash|Earthquake|p1a: Clefable
|-damage|p1a: Clefable|164\/393
|move|p1a: Clefable|Blizzard|p2a: Sandslash
|-supereffective|p2a: Sandslash
|-damage|p2a: Sandslash|0 fnt
|faint|p2a: Sandslash
|choice||switch 4
|
|switch|p2a: Mr. Mime|Mr. Mime|283\/283
|turn|22
|choice|move 2|move 3
|
|move|p2a: Mr. Mime|Psychic|p1a: Clefable
|-damage|p1a: Clefable|49\/393
|-unboost|p1a: Clefable|spd|1
|-unboost|p1a: Clefable|spa|1
|move|p1a: Clefable|Thunder Wave|p2a: Mr. Mime
|-status|p2a: Mr. Mime|par
|
|turn|23
|choice|move 1|move 2
|
|move|p1a: Clefable|Body Slam|p2a: Mr. Mime
|-damage|p2a: Mr. Mime|184\/283 par
|move|p2a: Mr. Mime|Thunderbolt|p1a: Clefable
|-crit|p1a: Clefable
|-damage|p1a: Clefable|0 fnt
|faint|p1a: Clefable
|choice|switch 4|
|
|switch|p1a: Fearow|Fearow|333\/333
|turn|24
|choice|move 3|move 2
|
|move|p1a: Fearow|Double-Edge|p2a: Mr. Mime
|-damage|p2a: Mr. Mime|33\/283 par
|-damage|p1a: Fearow|296\/333|[from] recoil|[of] p2a: Mr. Mime
|move|p2a: Mr. Mime|Thunderbolt|p1a: Fearow
|-supereffective|p1a: Fearow
|-damage|p1a: Fearow|92\/333
|
|turn|25
|choice|move 1|move 2
|
|move|p1a: Fearow|Drill Peck|p2a: Mr. Mime
|-damage|p2a: Mr. Mime|0 fnt
|faint|p2a: Mr. Mime
|choice||switch 6
|
|switch|p2a: Electabuzz|Electabuzz|333\/333
|turn|26
|choice|move 2|move 2
|
|move|p2a: Electabuzz|Thunderbolt|p1a: Fearow
|-supereffective|p1a: Fearow
|-damage|p1a: Fearow|0 fnt
|faint|p1a: Fearow
|choice|switch 2|
|
|switch|p1a: Vaporeon|Vaporeon|362\/463 slp
|turn|27
|choice|move 3|move 2
|
|move|p2a: Electabuzz|Thunderbolt|p1a: Vaporeon
|-supereffective|p1a: Vaporeon
|-damage|p1a: Vaporeon|160\/463 slp
|cant|p1a: Vaporeon|slp
|
|turn|28
|c|★Peasounay|ggs
|choice|move 3|move 2
|
|move|p2a: Electabuzz|Thunderbolt|p1a: Vaporeon
|-supereffective|p1a: Vaporeon
|-damage|p1a: Vaporeon|0 fnt
|faint|p1a: Vaporeon
|
|win|Peasounay
|player|p1
|player|p2
|c|★CrapAtRBY|ggs