|j|lucman98
|j|09po
|player|p1|lucman98|265
|player|p2|09po|169
|gametype|singles
|gen|1
|tier|[Gen 1] Random Battle
|rated
|seed|
|rule|Sleep Clause Mod: Limit one foe put to sleep
|rule|Freeze Clause Mod: Limit one foe frozen
|rule|HP Percentage Mod: HP is shown in percentages
|
|start
|switch|p1a: Krabby|Krabby, L96|100\/100
|switch|p2a: Horsea|Horsea, L96|100\/100
|turn|1
|choice||
|
|move|p2a: Horsea|Blizzard|p1a: Krabby
|-resisted|p1a: Krabby
|-damage|p1a: Krabby|72\/100
|move|p1a: Krabby|Body Slam|p2a: Horsea
|-damage|p2a: Horsea|66\/100
|-status|p2a: Horsea|par
|
|turn|2
|choice||
|
|move|p1a: Krabby|Swords Dance|p1a: Krabby
|-boost|p1a: Krabby|atk|2
|move|p2a: Horsea|Surf|p1a: Krabby
|-resisted|p1a: Krabby
|-damage|p1a: Krabby|39\/100
|
|turn|3
|choice||
|
|move|p1a: Krabby|Swords Dance|p1a: Krabby
|-boost|p1a: Krabby|atk|2
|move|p2a: Horsea|Mimic|p1a: Krabby
|-start|p2a: Horsea|Mimic|Swords Dance
|
|turn|4
|choice||
|
|move|p1a: Krabby|Body Slam|p2a: Horsea
|-damage|p2a: Horsea|0 fnt
|faint|p2a: Horsea
|choice||
|
|switch|p2a: Moltres|Moltres, L85|100\/100
|turn|5
|choice||
|
|move|p2a: Moltres|Fire Blast|p1a: Krabby|[miss]
|-miss|p2a: Moltres
|move|p1a: Krabby|Crabhammer|p2a: Moltres
|-crit|p2a: Moltres
|-supereffective|p2a: Moltres
|-damage|p2a: Moltres|43\/100
|
|turn|6
|choice||
|
|move|p2a: Moltres|Reflect|p2a: Moltres
|-start|p2a: Moltres|Reflect
|move|p1a: Krabby|Crabhammer|p2a: Moltres
|-crit|p2a: Moltres
|-supereffective|p2a: Moltres
|-damage|p2a: Moltres|0 fnt
|faint|p2a: Moltres
|choice||
|
|switch|p2a: Exeggutor|Exeggutor, L79|100\/100
|turn|7
|choice||
|
|move|p1a: Krabby|Blizzard|p2a: Exeggutor
|-supereffective|p2a: Exeggutor
|-damage|p2a: Exeggutor|69\/100
|move|p2a: Exeggutor|Sleep Powder|p1a: Krabby|[miss]
|-miss|p2a: Exeggutor
|
|turn|8
|choice||
|
|move|p1a: Krabby|Body Slam|p2a: Exeggutor
|-damage|p2a: Exeggutor|0 fnt
|faint|p2a: Exeggutor
|c|★09po|:l
|choice||
|
|switch|p2a: Wigglytuff|Wigglytuff, L90|100\/100
|turn|9
|c|★09po|:|
|choice||
|
|move|p1a: Krabby|Body Slam|p2a: Wigglytuff
|-damage|p2a: Wigglytuff|21\/100
|move|p2a: Wigglytuff|Sing|p1a: Krabby|[miss]
|-miss|p2a: Wigglytuff
|
|turn|10
|choice||
|
|move|p1a: Krabby|Body Slam|p2a: Wigglytuff
|-damage|p2a: Wigglytuff|0 fnt
|faint|p2a: Wigglytuff
|choice||
|
|switch|p2a: Snorlax|Snorlax, L79|100\/100
|turn|11
|choice||
|
|move|p1a: Krabby|Body Slam|p2a: Snorlax
|-damage|p2a: Snorlax|20\/100
|move|p2a: Snorlax|Amnesia|p2a: Snorlax
|-boost|p2a: Snorlax|spd|2
|-boost|p2a: Snorlax|spa|2
|
|turn|12
|choice||
|
|move|p1a: Krabby|Body Slam|p2a: Snorlax
|-damage|p2a: Snorlax|0 fnt
|faint|p2a: Snorlax
|choice||
|
|switch|p2a: Rapidash|Rapidash, L90|100\/100
|turn|13
|choice||
|
|move|p2a: Rapidash|Fire Blast|p1a: Krabby
|-resisted|p1a: Krabby
|-damage|p1a: Krabby|0 fnt
|faint|p1a: Krabby
|choice||
|
|switch|p1a: Graveler|Graveler, L85|100\/100
|turn|14
|c|★09po|FINALLY!!!!!!!!!!!!!!!!!!!!
|choice||
|
|move|p2a: Rapidash|Body Slam|p1a: Graveler
|-resisted|p1a: Graveler
|-damage|p1a: Graveler|90\/100
|-status|p1a: Graveler|par
|move|p1a: Graveler|Earthquake|p2a: Rapidash
|-supereffective|p2a: Rapidash
|-damage|p2a: Rapidash|21\/100
|
|turn|15
|choice||
|
|move|p2a: Rapidash|Hyper Beam|p1a: Graveler
|-resisted|p1a: Graveler
|-damage|p1a: Graveler|72\/100 par
|move|p1a: Graveler|Earthquake|p2a: Rapidash
|-supereffective|p2a: Rapidash
|-damage|p2a: Rapidash|0 fnt
|faint|p2a: Rapidash
|
|win|lucman98
|player|p1
|player|p2
|raw|lucman98's rating: 1082 &rarr; <strong>1106<\/strong><br \/>(+24 for winning)
|raw|09po's rating: 1044 &rarr; <strong>1029<\/strong><br \/>(-15 for losing)
|l|09po