|j|metapod567
|j|op567
|player|p1|metapod567|124
|player|p2|op567|120
|gametype|singles
|gen|1
|tier|[Gen 1] OU
|seed|14604,54545,17151,48688
|rule|Sleep Clause Mod: Limit one foe put to sleep
|rule|Freeze Clause Mod: Limit one foe frozen
|rule|Species Clause: Limit one of each Pokémon
|rule|OHKO Clause: OHKO moves are banned
|rule|Evasion Moves Clause: Evasion moves are banned
|rule|HP Percentage Mod: HP is shown in percentages
|
|start
|switch|p1a: Explode me|Electrode|323\/323
|switch|p2a: Make a substitute|Cloyster|303\/303
|turn|1
|choice|move 1|move 1
|
|move|p1a: Explode me|Substitute|p1a: Explode me
|-start|p1a: Explode me|Substitute
|-damage|p1a: Explode me|243\/323
|move|p2a: Make a substitute|Explosion|p1a: Explode me
|-end|p1a: Explode me|Substitute
|
|turn|2
|choice|move 1|move 1
|
|move|p1a: Explode me|Substitute|p1a: Explode me
|-start|p1a: Explode me|Substitute
|-damage|p1a: Explode me|163\/323
|move|p2a: Make a substitute|Explosion|p1a: Explode me
|-end|p1a: Explode me|Substitute
|
|turn|3
|choice|move 1|move 1
|
|move|p1a: Explode me|Substitute|p1a: Explode me
|-start|p1a: Explode me|Substitute
|-damage|p1a: Explode me|83\/323
|move|p2a: Make a substitute|Explosion|p1a: Explode me
|-end|p1a: Explode me|Substitute
|
|turn|4
|choice|move 1|move 1
|
|move|p1a: Explode me|Substitute|p1a: Explode me
|-start|p1a: Explode me|Substitute
|-damage|p1a: Explode me|3\/323
|move|p2a: Make a substitute|Explosion|p1a: Explode me
|-end|p1a: Explode me|Substitute
|
|turn|5
|choice|move 1|move 1
|
|move|p1a: Explode me|Substitute|p1a: Explode me
|-fail|p1a: Explode me|move: Substitute|[weak]
|move|p2a: Make a substitute|Explosion|p1a: Explode me
|-damage|p1a: Explode me|0 fnt
|faint|p1a: Explode me
|faint|p2a: Make a substitute
|
|win|op567
|player|p1
|player|p2
|l|metapod567