|join|lasoelperras
|join|andrewandres
|player|p1|lasoelperras|163
|player|p2|andrewandres|266
|gametype|singles
|gen|1
|tier|[Gen 1] Random Battle
|rule|Sleep Clause Mod: Limit one foe put to sleep
|rule|Freeze Clause Mod: Limit one foe frozen
|rule|HP Percentage Mod: HP is shown in percentages
|
|start
|switch|p1a: Spearow|Spearow, L96|272\/272
|switch|p2a: Shellder|Shellder, L96|252\/252
|turn|1
|
|move|p1a: Spearow|Agility|p1a: Spearow
|-boost|p1a: Spearow|spe|2
|move|p2a: Shellder|Blizzard|p1a: Spearow
|-supereffective|p1a: Spearow
|-damage|p1a: Spearow|46\/272
|
|turn|2
|join|Rivai Ackerman
|leave|Rivai Ackerman
|
|move|p1a: Spearow|Double-Edge|p2a: Shellder
|-damage|p2a: Shellder|162\/252
|-damage|p1a: Spearow|24\/272|[from] recoil|[of] p2a: Shellder
|move|p2a: Shellder|Ice Beam|p1a: Spearow
|-supereffective|p1a: Spearow
|-damage|p1a: Spearow|0 fnt
|faint|p1a: Spearow
|join|Zondam
|
|switch|p1a: Bellsprout|Bellsprout, L96|291\/291
|turn|3
|leave|Zondam
|join|Kenni kun
|leave|Kenni kun
|
|move|p1a: Bellsprout|Razor Leaf|p2a: Shellder
|-supereffective|p2a: Shellder
|-damage|p2a: Shellder|6\/252
|move|p2a: Shellder|Blizzard|p1a: Bellsprout
|-supereffective|p1a: Bellsprout
|-damage|p1a: Bellsprout|145\/291
|
|turn|4
|
|move|p2a: Shellder|Blizzard|p1a: Bellsprout
|-supereffective|p1a: Bellsprout
|-damage|p1a: Bellsprout|0 fnt
|faint|p1a: Bellsprout
|
|switch|p1a: Rapidash|Rapidash, L90|300\/300
|turn|5
|
|move|p1a: Rapidash|Fire Blast|p2a: Shellder
|-resisted|p2a: Shellder
|-damage|p2a: Shellder|0 fnt
|faint|p2a: Shellder
|
|switch|p2a: Arcanine|Arcanine, L85|327\/327
|turn|6
|
|switch|p1a: Weezing|Weezing, L90|300\/300
|move|p2a: Arcanine|Body Slam|p1a: Weezing
|-damage|p1a: Weezing|249\/300
|
|turn|7
|
|move|p2a: Arcanine|Fire Blast|p1a: Weezing
|-damage|p1a: Weezing|133\/300
|move|p1a: Weezing|Thunder|p2a: Arcanine
|-damage|p2a: Arcanine|231\/327
|
|turn|8
|
|move|p2a: Arcanine|Fire Blast|p1a: Weezing
|-damage|p1a: Weezing|26\/300
|-status|p1a: Weezing|brn
|move|p1a: Weezing|Sludge|p2a: Arcanine
|-damage|p2a: Arcanine|191\/327
|-damage|p1a: Weezing|8\/300 brn|[from] brn|[of] p2a: Arcanine
|
|turn|9
|
|move|p2a: Arcanine|Body Slam|p1a: Weezing
|-damage|p1a: Weezing|0 fnt
|faint|p1a: Weezing
|
|switch|p1a: Alakazam|Alakazam, L79|249\/249
|turn|10
|
|move|p1a: Alakazam|Psychic|p2a: Arcanine
|-damage|p2a: Arcanine|90\/327
|move|p2a: Arcanine|Body Slam|p1a: Alakazam
|-damage|p1a: Alakazam|150\/249
|
|turn|11
|
|move|p1a: Alakazam|Psychic|p2a: Arcanine
|-crit|p2a: Arcanine
|-damage|p2a: Arcanine|0 fnt
|faint|p2a: Arcanine
|
|switch|p2a: Jolteon|Jolteon, L79|265\/265
|turn|12
|
|move|p2a: Jolteon|Thunder Wave|p1a: Alakazam
|-status|p1a: Alakazam|par
|move|p1a: Alakazam|Reflect|p1a: Alakazam
|-start|p1a: Alakazam|Reflect
|
|turn|13
|
|move|p2a: Jolteon|Thunderbolt|p1a: Alakazam
|-damage|p1a: Alakazam|67\/249 par
|move|p1a: Alakazam|Psychic|p2a: Jolteon
|-crit|p2a: Jolteon
|-damage|p2a: Jolteon|73\/265
|-unboost|p2a: Jolteon|spd|1
|-unboost|p2a: Jolteon|spa|1
|
|turn|14
|
|switch|p2a: Bulbasaur|Bulbasaur, L96|281\/281
|move|p1a: Alakazam|Psychic|p2a: Bulbasaur
|-crit|p2a: Bulbasaur
|-supereffective|p2a: Bulbasaur
|-damage|p2a: Bulbasaur|0 fnt
|faint|p2a: Bulbasaur
|
|switch|p2a: Primeape|Primeape, L90|300\/300
|turn|15
|
|move|p2a: Primeape|Hyper Beam|p1a: Alakazam
|-crit|p1a: Alakazam
|-damage|p1a: Alakazam|0 fnt
|faint|p1a: Alakazam
|
|switch|p1a: Rapidash|Rapidash, L90|300\/300
|turn|16
|
|move|p1a: Rapidash|Growl|p2a: Primeape
|-unboost|p2a: Primeape|atk|1
|move|p2a: Primeape|Rock Slide|p1a: Rapidash
|-crit|p1a: Rapidash
|-supereffective|p1a: Rapidash
|-damage|p1a: Rapidash|33\/300
|
|turn|17
|
|move|p1a: Rapidash|Fire Blast|p2a: Primeape
|-crit|p2a: Primeape
|-damage|p2a: Primeape|0 fnt
|faint|p2a: Primeape
|
|switch|p2a: Jolteon|Jolteon, L79|73\/265
|turn|18
|
|move|p2a: Jolteon|Thunderbolt|p1a: Rapidash
|-damage|p1a: Rapidash|0 fnt
|faint|p1a: Rapidash
|
|switch|p1a: Ninetales|Ninetales, L85|298\/298
|turn|19
|
|move|p2a: Jolteon|Thunder Wave|p1a: Ninetales
|-status|p1a: Ninetales|par
|cant|p1a: Ninetales|par
|
|turn|20
|
|move|p2a: Jolteon|Thunderbolt|p1a: Ninetales
|-damage|p1a: Ninetales|217\/298 par
|move|p1a: Ninetales|Fire Blast|p2a: Jolteon
|-damage|p2a: Jolteon|0 fnt
|faint|p2a: Jolteon
|
|switch|p2a: Fearow|Fearow, L90|300\/300
|turn|21
|
|move|p2a: Fearow|Double-Edge|p1a: Ninetales
|-damage|p1a: Ninetales|82\/298 par
|-damage|p2a: Fearow|267\/300|[from] recoil|[of] p1a: Ninetales
|cant|p1a: Ninetales|par
|
|turn|22
|c|★andrewandres|PAKETE
|
|move|p2a: Fearow|Double-Edge|p1a: Ninetales
|-crit|p1a: Ninetales
|-damage|p1a: Ninetales|0 fnt
|-damage|p2a: Fearow|247\/300|[from] recoil|[of] p1a: Ninetales
|faint|p1a: Ninetales
|
|win|andrewandres