|join|marcoasd
|join|biswajit
|player|p1|marcoasd|266
|player|p2|biswajit|163
|gametype|singles
|gen|1
|tier|[Gen 1] OU (beta)
|rated
|rule|Sleep Clause Mod: Limit one foe put to sleep
|rule|Species Clause: Limit one of each Pokémon
|rule|OHKO Clause: OHKO moves are banned
|rule|Evasion Moves Clause: Evasion moves are banned
|rule|HP Percentage Mod: HP is shown in percentages
|
|start
|switch|p1a: Starmie|Starmie|323\/323
|switch|p2a: Hypno|Hypno|373\/373
|turn|1
|
|move|p1a: Starmie|Blizzard|p2a: Hypno
|-crit|p2a: Hypno
|-damage|p2a: Hypno|199\/373
|move|p2a: Hypno|Hypnosis|p1a: Starmie
|-status|p1a: Starmie|slp
|
|turn|2
|
|switch|p1a: Chansey|Chansey|703\/703
|switch|p2a: Tauros|Tauros|353\/353
|
|turn|3
|
|switch|p2a: Hypno|Hypno|199\/373
|move|p1a: Chansey|Thunder Wave|p2a: Hypno
|-status|p2a: Hypno|par
|
|turn|4
|
|move|p1a: Chansey|Ice Beam|p2a: Hypno
|-crit|p2a: Hypno
|-damage|p2a: Hypno|69\/373 par
|move|p2a: Hypno|Thunder Wave|p1a: Chansey
|-status|p1a: Chansey|par
|
|turn|5
|
|cant|p2a: Hypno|par
|move|p1a: Chansey|Ice Beam|p2a: Hypno
|-damage|p2a: Hypno|3\/373 par
|
|turn|6
|
|move|p2a: Hypno|Hyper Beam|p1a: Chansey
|-damage|p1a: Chansey|446\/703 par
|move|p1a: Chansey|Thunderbolt|p2a: Hypno
|-damage|p2a: Hypno|0 fnt
|faint|p2a: Hypno
|
|switch|p2a: Tauros|Tauros|353\/353
|turn|7
|
|switch|p1a: Lapras|Lapras|463\/463
|move|p2a: Tauros|Body Slam|p1a: Lapras
|-damage|p1a: Lapras|351\/463
|
|turn|8
|
|switch|p2a: Starmie|Starmie|323\/323
|move|p1a: Lapras|Blizzard|p2a: Starmie
|-resisted|p2a: Starmie
|-damage|p2a: Starmie|255\/323
|
|turn|9
|
|switch|p1a: Chansey|Chansey|446\/703 par
|move|p2a: Starmie|Thunderbolt|p1a: Chansey
|-crit|p1a: Chansey
|-damage|p1a: Chansey|295\/703 par
|
|turn|10
|
|switch|p2a: Snorlax|Snorlax|523\/523
|move|p1a: Chansey|Soft-Boiled|p1a: Chansey
|-heal|p1a: Chansey|646\/703 par
|
|turn|11
|
|switch|p1a: Exeggutor|Exeggutor|393\/393
|move|p2a: Snorlax|Body Slam|p1a: Exeggutor
|-damage|p1a: Exeggutor|271\/393
|-status|p1a: Exeggutor|par
|
|turn|12
|
|move|p2a: Snorlax|Self-Destruct|p1a: Exeggutor
|-damage|p1a: Exeggutor|0 fnt
|faint|p1a: Exeggutor
|faint|p2a: Snorlax
|
|switch|p2a: Alakazam|Alakazam|313\/313
|switch|p1a: Chansey|Chansey|646\/703 par
|turn|13
|c|★biswajit|hey move fast
|c|★biswajit|dnt timer stall
|
|move|p2a: Alakazam|Psychic|p1a: Chansey
|-damage|p1a: Chansey|518\/703 par
|cant|p1a: Chansey|par
|
|turn|14
|c|★biswajit|cmon bro move fast
|
|move|p2a: Alakazam|Psychic|p1a: Chansey
|-damage|p1a: Chansey|398\/703 par
|-unboost|p1a: Chansey|spd|1
|-unboost|p1a: Chansey|spa|1
|cant|p1a: Chansey|par
|
|turn|15
|
|switch|p1a: Starmie|Starmie|323\/323 slp
|move|p2a: Alakazam|Psychic|p1a: Starmie
|-resisted|p1a: Starmie
|-damage|p1a: Starmie|257\/323 slp
|
|turn|16
|
|switch|p2a: Exeggutor|Exeggutor|393\/393
|cant|p1a: Starmie|slp
|
|turn|17
|
|switch|p1a: Chansey|Chansey|398\/703 par
|move|p2a: Exeggutor|Mega Drain|p1a: Chansey
|-damage|p1a: Chansey|343\/703 par
|
|turn|18
|
|switch|p1a: Starmie|Starmie|257\/323 slp
|move|p2a: Exeggutor|Psychic|p1a: Starmie
|-resisted|p1a: Starmie
|-damage|p1a: Starmie|201\/323 slp
|-unboost|p1a: Starmie|spd|1
|-unboost|p1a: Starmie|spa|1
|
|turn|19
|
|switch|p1a: Chansey|Chansey|343\/703 par
|move|p2a: Exeggutor|Mega Drain|p1a: Chansey
|-damage|p1a: Chansey|291\/703 par
|
|turn|20
|
|move|p2a: Exeggutor|Psychic|p1a: Chansey
|-damage|p1a: Chansey|169\/703 par
|move|p1a: Chansey|Soft-Boiled|p1a: Chansey
|-heal|p1a: Chansey|520\/703 par
|
|turn|21
|
|switch|p1a: Starmie|Starmie|201\/323 slp
|move|p2a: Exeggutor|Psychic|p1a: Starmie
|-resisted|p1a: Starmie
|-damage|p1a: Starmie|144\/323 slp
|
|turn|22
|
|switch|p1a: Tauros|Tauros|353\/353
|move|p2a: Exeggutor|Mega Drain|p1a: Tauros
|-damage|p1a: Tauros|284\/353
|
|turn|23
|
|move|p1a: Tauros|Body Slam|p2a: Exeggutor
|-damage|p2a: Exeggutor|285\/393
|move|p2a: Exeggutor|Psychic|p1a: Tauros
|-damage|p1a: Tauros|125\/353
|
|turn|24
|
|move|p1a: Tauros|Hyper Beam|p2a: Exeggutor
|-damage|p2a: Exeggutor|77\/393
|move|p2a: Exeggutor|Psychic|p1a: Tauros
|-damage|p1a: Tauros|0 fnt
|faint|p1a: Tauros
|
|switch|p1a: Lapras|Lapras|351\/463
|turn|25
|
|switch|p2a: Alakazam|Alakazam|313\/313
|move|p1a: Lapras|Blizzard|p2a: Alakazam
|-damage|p2a: Alakazam|203\/313
|
|turn|26
|
|switch|p1a: Chansey|Chansey|520\/703 par
|move|p2a: Alakazam|Psychic|p1a: Chansey
|-damage|p1a: Chansey|388\/703 par
|
|turn|27
|
|move|p2a: Alakazam|Psychic|p1a: Chansey
|-damage|p1a: Chansey|259\/703 par
|move|p1a: Chansey|Soft-Boiled|p1a: Chansey
|-heal|p1a: Chansey|610\/703 par
|
|turn|28
|
|move|p2a: Alakazam|Psychic|p1a: Chansey
|-damage|p1a: Chansey|474\/703 par
|-unboost|p1a: Chansey|spd|1
|-unboost|p1a: Chansey|spa|1
|move|p1a: Chansey|Ice Beam|p2a: Alakazam
|-damage|p2a: Alakazam|164\/313
|
|turn|29
|c|★biswajit|FAAAAAAAAAAAAAAAAAAAAAAAAAAST
|
|move|p2a: Alakazam|Psychic|p1a: Chansey
|-damage|p1a: Chansey|292\/703 par
|move|p1a: Chansey|Soft-Boiled|p1a: Chansey
|-heal|p1a: Chansey|643\/703 par
|
|turn|30
|
|move|p2a: Alakazam|Psychic|p1a: Chansey
|-damage|p1a: Chansey|463\/703 par
|-unboost|p1a: Chansey|spd|1
|-unboost|p1a: Chansey|spa|1
|move|p1a: Chansey|Thunder Wave|p2a: Alakazam
|-status|p2a: Alakazam|par
|
|turn|31
|
|switch|p1a: Starmie|Starmie|144\/323 slp
|cant|p2a: Alakazam|par
|
|turn|32
|
|switch|p2a: Tauros|Tauros|353\/353
|cant|p1a: Starmie|slp
|
|turn|33
|
|cant|p1a: Starmie|slp
|-curestatus|p1a: Starmie|slp
|move|p2a: Tauros|Body Slam|p1a: Starmie
|-crit|p1a: Starmie
|-damage|p1a: Starmie|0 fnt
|faint|p1a: Starmie
|
|switch|p1a: Snorlax|Snorlax|523\/523
|turn|34
|
|switch|p2a: Alakazam|Alakazam|164\/313 par
|move|p1a: Snorlax|Body Slam|p2a: Alakazam
|-damage|p2a: Alakazam|9\/313 par
|
|turn|35
|
|move|p1a: Snorlax|Body Slam|p2a: Alakazam
|-damage|p2a: Alakazam|0 fnt
|faint|p2a: Alakazam
|
|switch|p2a: Exeggutor|Exeggutor|77\/393
|turn|36
|
|switch|p1a: Chansey|Chansey|463\/703 par
|move|p2a: Exeggutor|Sleep Powder|p1a: Chansey
|-fail|p1a: Chansey
|
|turn|37
|
|switch|p1a: Lapras|Lapras|351\/463
|move|p2a: Exeggutor|Explosion|p1a: Lapras
|-damage|p1a: Lapras|79\/463
|faint|p2a: Exeggutor
|
|switch|p2a: Tauros|Tauros|353\/353
|turn|38
|
|move|p2a: Tauros|Body Slam|p1a: Lapras
|-damage|p1a: Lapras|0 fnt
|faint|p1a: Lapras
|
|switch|p1a: Snorlax|Snorlax|523\/523
|turn|39
|
|switch|p2a: Starmie|Starmie|255\/323
|move|p1a: Snorlax|Body Slam|p2a: Starmie
|-damage|p2a: Starmie|132\/323
|
|turn|40
|
|switch|p1a: Chansey|Chansey|463\/703 par
|move|p2a: Starmie|Recover|p2a: Starmie
|-heal|p2a: Starmie|293\/323
|
|turn|41
|
|move|p2a: Starmie|Blizzard|p1a: Chansey
|-crit|p1a: Chansey
|-damage|p1a: Chansey|273\/703 par
|move|p1a: Chansey|Thunder Wave|p2a: Starmie
|-status|p2a: Starmie|par
|
|turn|42
|
|move|p2a: Starmie|Blizzard|p1a: Chansey
|-damage|p1a: Chansey|183\/703 par
|cant|p1a: Chansey|par
|
|turn|43
|
|switch|p2a: Tauros|Tauros|353\/353
|move|p1a: Chansey|Soft-Boiled|p1a: Chansey
|-heal|p1a: Chansey|534\/703 par
|
|turn|44
|
|move|p2a: Tauros|Body Slam|p1a: Chansey
|-crit|p1a: Chansey
|-damage|p1a: Chansey|0 fnt
|faint|p1a: Chansey
|c|★marcoasd|porco dio
|
|switch|p1a: Snorlax|Snorlax|523\/523
|turn|45
|
|move|p2a: Tauros|Body Slam|p1a: Snorlax
|-damage|p1a: Snorlax|383\/523
|-status|p1a: Snorlax|par
|move|p1a: Snorlax|Body Slam|p2a: Tauros
|-damage|p2a: Tauros|241\/353
|-status|p2a: Tauros|par
|
|turn|46
|
|move|p2a: Tauros|Body Slam|p1a: Snorlax
|-crit|p1a: Snorlax
|-damage|p1a: Snorlax|113\/523 par
|move|p1a: Snorlax|Body Slam|p2a: Tauros
|-damage|p2a: Tauros|130\/353 par
|
|turn|47
|
|move|p2a: Tauros|Body Slam|p1a: Snorlax
|-crit|p1a: Snorlax
|-damage|p1a: Snorlax|0 fnt
|faint|p1a: Snorlax
|
|win|biswajit
|raw|Ladder updating...
|raw|marcoasd's rating: 1488 &rarr; <strong>1457<\/strong><br \/>(-31 for losing)
|raw|biswajit's rating: 1270 &rarr; <strong>1309<\/strong><br \/>(+39 for winning)
|c|★marcoasd|gg
|c|★biswajit|GG
|leave|marcoasd
|player|p1