|join|Zorage
|join|Murdochsy
|player|p1|Zorage|166
|player|p2|Murdochsy|102
|gametype|singles
|gen|1
|tier|[Gen 1] Random Battle
|rated
|rule|Sleep Clause Mod: Limit one foe put to sleep
|rule|Freeze Clause Mod: Limit one foe frozen
|rule|HP Percentage Mod: HP is shown in percentages
|
|start
|switch|p1a: Raticate|Raticate, L85|267\/267
|switch|p2a: Zapdos|Zapdos, L79|304\/304
|turn|1
|
|move|p1a: Raticate|Super Fang|p2a: Zapdos|[miss]
|-miss|p1a: Raticate
|move|p2a: Zapdos|Thunder Wave|p1a: Raticate
|-status|p1a: Raticate|par
|
|turn|2
|
|move|p2a: Zapdos|Thunderbolt|p1a: Raticate
|-damage|p1a: Raticate|114\/267 par
|cant|p1a: Raticate|par
|
|turn|3
|
|move|p2a: Zapdos|Thunderbolt|p1a: Raticate
|-damage|p1a: Raticate|0 fnt
|faint|p1a: Raticate
|
|switch|p1a: Raichu|Raichu, L85|276\/276
|turn|4
|
|switch|p2a: Hitmonlee|Hitmonlee, L90|273\/273
|move|p1a: Raichu|Thunder Wave|p2a: Hitmonlee
|-status|p2a: Hitmonlee|par
|
|turn|5
|
|switch|p1a: Venomoth|Venomoth, L85|293\/293
|move|p2a: Hitmonlee|Body Slam|p1a: Venomoth
|-damage|p1a: Venomoth|192\/293
|
|turn|6
|
|switch|p2a: Vulpix|Vulpix, L96|268\/268
|move|p1a: Venomoth|Psychic|p2a: Vulpix
|-damage|p2a: Vulpix|207\/268
|-unboost|p2a: Vulpix|spd|1
|-unboost|p2a: Vulpix|spa|1
|
|turn|7
|
|switch|p1a: Raichu|Raichu, L85|276\/276
|move|p2a: Vulpix|Fire Blast|p1a: Raichu
|-damage|p1a: Raichu|192\/276
|
|turn|8
|
|move|p1a: Raichu|Surf|p2a: Vulpix
|-supereffective|p2a: Vulpix
|-damage|p2a: Vulpix|3\/268
|move|p2a: Vulpix|Confuse Ray|p1a: Raichu
|-start|p1a: Raichu|confusion
|
|turn|9
|
|switch|p2a: Hitmonlee|Hitmonlee, L90|273\/273 par
|-activate|p1a: Raichu|confusion
|-damage|p1a: Raichu|152\/276|[from] confusion
|
|turn|10
|
|switch|p1a: Venomoth|Venomoth, L85|192\/293
|move|p2a: Hitmonlee|Body Slam|p1a: Venomoth
|-damage|p1a: Venomoth|96\/293
|
|turn|11
|
|move|p1a: Venomoth|Psychic|p2a: Hitmonlee
|-supereffective|p2a: Hitmonlee
|-damage|p2a: Hitmonlee|97\/273 par
|move|p2a: Hitmonlee|Body Slam|p1a: Venomoth
|-damage|p1a: Venomoth|0 fnt
|faint|p1a: Venomoth
|
|switch|p1a: Raichu|Raichu, L85|152\/276
|turn|12
|
|move|p1a: Raichu|Thunderbolt|p2a: Hitmonlee
|-damage|p2a: Hitmonlee|0 fnt
|faint|p2a: Hitmonlee
|
|switch|p2a: Jolteon|Jolteon, L79|265\/265
|turn|13
|
|move|p2a: Jolteon|Body Slam|p1a: Raichu
|-crit|p1a: Raichu
|-damage|p1a: Raichu|45\/276
|move|p1a: Raichu|Thunder Wave|p2a: Jolteon
|-status|p2a: Jolteon|par
|
|turn|14
|
|move|p1a: Raichu|Surf|p2a: Jolteon
|-damage|p2a: Jolteon|199\/265 par
|move|p2a: Jolteon|Body Slam|p1a: Raichu
|-damage|p1a: Raichu|0 fnt
|faint|p1a: Raichu
|
|switch|p1a: Machamp|Machamp, L90|345\/345
|turn|15
|
|switch|p2a: Zapdos|Zapdos, L79|304\/304
|move|p1a: Machamp|Rock Slide|p2a: Zapdos
|-supereffective|p2a: Zapdos
|-damage|p2a: Zapdos|129\/304
|
|turn|16
|
|move|p2a: Zapdos|Drill Peck|p1a: Machamp
|-supereffective|p1a: Machamp
|-damage|p1a: Machamp|205\/345
|move|p1a: Machamp|Rock Slide|p2a: Zapdos
|-crit|p2a: Zapdos
|-supereffective|p2a: Zapdos
|-damage|p2a: Zapdos|0 fnt
|faint|p2a: Zapdos
|
|switch|p2a: Poliwhirl|Poliwhirl, L85|284\/284
|turn|17
|
|move|p2a: Poliwhirl|Psychic|p1a: Machamp
|-supereffective|p1a: Machamp
|-damage|p1a: Machamp|96\/345
|-unboost|p1a: Machamp|spd|1
|-unboost|p1a: Machamp|spa|1
|move|p1a: Machamp|Submission|p2a: Poliwhirl
|-damage|p2a: Poliwhirl|150\/284
|-damage|p1a: Machamp|63\/345|[from] recoil|[of] p2a: Poliwhirl
|
|turn|18
|
|move|p2a: Poliwhirl|Psychic|p1a: Machamp
|-supereffective|p1a: Machamp
|-damage|p1a: Machamp|0 fnt
|faint|p1a: Machamp
|
|switch|p1a: Charmeleon|Charmeleon, L85|272\/272
|turn|19
|
|move|p2a: Poliwhirl|Surf|p1a: Charmeleon
|-supereffective|p1a: Charmeleon
|-damage|p1a: Charmeleon|100\/272
|move|p1a: Charmeleon|Fire Blast|p2a: Poliwhirl
|-resisted|p2a: Poliwhirl
|-damage|p2a: Poliwhirl|80\/284
|
|turn|20
|
|switch|p1a: Slowbro|Slowbro, L79|312\/312
|move|p2a: Poliwhirl|Surf|p1a: Slowbro
|-resisted|p1a: Slowbro
|-damage|p1a: Slowbro|271\/312
|
|turn|21
|
|switch|p2a: Jolteon|Jolteon, L79|199\/265 par
|switch|p1a: Charmeleon|Charmeleon, L85|100\/272
|
|turn|22
|
|switch|p2a: Tentacool|Tentacool, L96|272\/272
|move|p1a: Charmeleon|Fire Blast|p2a: Tentacool
|-resisted|p2a: Tentacool
|-damage|p2a: Tentacool|230\/272
|
|turn|23
|
|move|p2a: Tentacool|Double-Edge|p1a: Charmeleon
|-crit|p1a: Charmeleon
|-damage|p1a: Charmeleon|0 fnt
|-damage|p2a: Tentacool|205\/272|[from] recoil|[of] p1a: Charmeleon
|faint|p1a: Charmeleon
|
|switch|p1a: Slowbro|Slowbro, L79|271\/312
|turn|24
|
|move|p2a: Tentacool|Swords Dance|p2a: Tentacool
|-boost|p2a: Tentacool|atk|2
|move|p1a: Slowbro|Amnesia|p1a: Slowbro
|-boost|p1a: Slowbro|spd|2
|-boost|p1a: Slowbro|spa|2
|
|turn|25
|
|move|p2a: Tentacool|Double-Edge|p1a: Slowbro
|-damage|p1a: Slowbro|178\/312
|-damage|p2a: Tentacool|182\/272|[from] recoil|[of] p1a: Slowbro
|move|p1a: Slowbro|Thunder Wave|p2a: Tentacool
|-status|p2a: Tentacool|par
|
|turn|26
|
|move|p1a: Slowbro|Amnesia|p1a: Slowbro
|-boost|p1a: Slowbro|spd|2
|-boost|p1a: Slowbro|spa|2
|cant|p2a: Tentacool|par
|
|turn|27
|
|move|p1a: Slowbro|Amnesia|p1a: Slowbro
|-boost|p1a: Slowbro|spd|2
|-boost|p1a: Slowbro|spa|2
|move|p2a: Tentacool|Double-Edge|p1a: Slowbro
|-damage|p1a: Slowbro|80\/312
|-damage|p2a: Tentacool|158\/272 par|[from] recoil|[of] p1a: Slowbro
|
|turn|28
|
|move|p1a: Slowbro|Rest|p1a: Slowbro
|-status|p1a: Slowbro|slp
|-heal|p1a: Slowbro|312\/312 slp|[silent]
|-status|p1a: Slowbro|slp|[from] move: Rest
|move|p2a: Tentacool|Double-Edge|p1a: Slowbro
|-damage|p1a: Slowbro|220\/312 slp
|-damage|p2a: Tentacool|135\/272 par|[from] recoil|[of] p1a: Slowbro
|
|turn|29
|
|cant|p1a: Slowbro|slp
|move|p2a: Tentacool|Swords Dance|p2a: Tentacool
|-boost|p2a: Tentacool|atk|2
|
|turn|30
|
|-curestatus|p1a: Slowbro|slp
|cant|p2a: Tentacool|par
|
|turn|31
|
|move|p1a: Slowbro|Surf|p2a: Tentacool
|-resisted|p2a: Tentacool
|-damage|p2a: Tentacool|6\/272 par
|move|p2a: Tentacool|Double-Edge|p1a: Slowbro
|-damage|p1a: Slowbro|74\/312
|-damage|p2a: Tentacool|0 fnt|[from] recoil|[of] p1a: Slowbro
|faint|p2a: Tentacool
|
|switch|p2a: Vulpix|Vulpix, L96|3\/268
|turn|32
|
|move|p2a: Vulpix|Body Slam|p1a: Slowbro
|-damage|p1a: Slowbro|28\/312
|move|p1a: Slowbro|Rest|p1a: Slowbro
|-status|p1a: Slowbro|slp
|-heal|p1a: Slowbro|312\/312 slp|[silent]
|-status|p1a: Slowbro|slp|[from] move: Rest
|
|turn|33
|
|move|p2a: Vulpix|Confuse Ray|p1a: Slowbro|[miss]
|-miss|p2a: Vulpix
|cant|p1a: Slowbro|slp
|
|turn|34
|
|move|p2a: Vulpix|Confuse Ray|p1a: Slowbro
|-start|p1a: Slowbro|confusion
|-curestatus|p1a: Slowbro|slp
|
|turn|35
|
|move|p2a: Vulpix|Body Slam|p1a: Slowbro
|-damage|p1a: Slowbro|268\/312
|-activate|p1a: Slowbro|confusion
|-damage|p1a: Slowbro|246\/312|[from] confusion
|
|turn|36
|
|move|p2a: Vulpix|Body Slam|p1a: Slowbro
|-crit|p1a: Slowbro
|-damage|p1a: Slowbro|159\/312
|-activate|p1a: Slowbro|confusion
|-damage|p1a: Slowbro|137\/312|[from] confusion
|
|turn|37
|
|move|p2a: Vulpix|Body Slam|p1a: Slowbro
|-damage|p1a: Slowbro|91\/312
|-activate|p1a: Slowbro|confusion
|-damage|p1a: Slowbro|69\/312|[from] confusion
|
|turn|38
|
|move|p2a: Vulpix|Body Slam|p1a: Slowbro
|-damage|p1a: Slowbro|24\/312
|-activate|p1a: Slowbro|confusion
|move|p1a: Slowbro|Rest|p1a: Slowbro
|-status|p1a: Slowbro|slp
|-heal|p1a: Slowbro|312\/312 slp|[silent]
|-status|p1a: Slowbro|slp|[from] move: Rest
|
|turn|39
|
|move|p2a: Vulpix|Body Slam|p1a: Slowbro
|-damage|p1a: Slowbro|271\/312 slp
|cant|p1a: Slowbro|slp
|
|turn|40
|
|move|p2a: Vulpix|Body Slam|p1a: Slowbro
|-damage|p1a: Slowbro|227\/312 slp
|-curestatus|p1a: Slowbro|slp
|
|turn|41
|
|move|p2a: Vulpix|Toxic|p1a: Slowbro
|-status|p1a: Slowbro|tox
|-end|p1a: Slowbro|confusion
|move|p1a: Slowbro|Surf|p2a: Vulpix
|-supereffective|p2a: Vulpix
|-damage|p2a: Vulpix|0 fnt
|faint|p2a: Vulpix
|
|switch|p2a: Poliwhirl|Poliwhirl, L85|80\/284
|turn|42
|c|★Zorage|Thanks for the TOX
|
|move|p2a: Poliwhirl|Amnesia|p2a: Poliwhirl
|-boost|p2a: Poliwhirl|spd|2
|-boost|p2a: Poliwhirl|spa|2
|move|p1a: Slowbro|Surf|p2a: Poliwhirl
|-resisted|p2a: Poliwhirl
|-damage|p2a: Poliwhirl|0 fnt
|faint|p2a: Poliwhirl
|
|switch|p2a: Jolteon|Jolteon, L79|199\/265 par
|turn|43
|
|move|p1a: Slowbro|Surf|p2a: Jolteon
|-damage|p2a: Jolteon|0 fnt
|faint|p2a: Jolteon
|
|win|Zorage
|raw|Zorage's rating: 1253 &rarr; <strong>1283<\/strong><br \/>(+30 for winning)
|raw|Murdochsy's rating: 1324 &rarr; <strong>1300<\/strong><br \/>(-24 for losing)
|leave|Murdochsy
|player|p2