|join|andrewandres
|join|iropicci
|player|p1|andrewandres|169
|player|p2|iropicci|31
|gametype|singles
|gen|1
|tier|[Gen 1] Random Battle
|rated
|rule|Sleep Clause Mod: Limit one foe put to sleep
|rule|Freeze Clause Mod: Limit one foe frozen
|rule|HP Percentage Mod: HP is shown in percentages
|
|start
|switch|p1a: Seaking|Seaking, L90|327\/327
|switch|p2a: Flareon|Flareon, L90|300\/300
|turn|1
|
|switch|p2a: Persian|Persian, L79|265\/265
|move|p1a: Seaking|Surf|p2a: Persian
|-crit|p2a: Persian
|-damage|p2a: Persian|19\/265
|
|turn|2
|
|switch|p1a: Onix|Onix, L90|246\/246
|move|p2a: Persian|Thunderbolt|p1a: Onix
|-immune|p1a: Onix|[msg]
|
|turn|3
|
|switch|p2a: Nidoran-M|Nidoran-M, L96|283\/283
|move|p1a: Onix|Earthquake|p2a: Nidoran-M
|-supereffective|p2a: Nidoran-M
|-damage|p2a: Nidoran-M|57\/283
|
|turn|4
|
|move|p1a: Onix|Earthquake|p2a: Nidoran-M
|-supereffective|p2a: Nidoran-M
|-damage|p2a: Nidoran-M|0 fnt
|faint|p2a: Nidoran-M
|
|switch|p2a: Vaporeon|Vaporeon, L85|395\/395
|turn|5
|
|switch|p1a: Seaking|Seaking, L90|327\/327
|move|p2a: Vaporeon|Surf|p1a: Seaking
|-resisted|p1a: Seaking
|-damage|p1a: Seaking|271\/327
|
|turn|6
|
|move|p1a: Seaking|Blizzard|p2a: Vaporeon
|-crit|p2a: Vaporeon
|-resisted|p2a: Vaporeon
|-damage|p2a: Vaporeon|328\/395
|move|p2a: Vaporeon|Body Slam|p1a: Seaking
|-damage|p1a: Seaking|221\/327
|-status|p1a: Seaking|par
|
|turn|7
|
|switch|p2a: Magnemite|Magnemite, L96|243\/243
|cant|p1a: Seaking|par
|
|turn|8
|
|switch|p1a: Onix|Onix, L90|246\/246
|move|p2a: Magnemite|Thunder Wave|p1a: Onix
|-immune|p1a: Onix|[msg]
|
|turn|9
|
|switch|p2a: Vaporeon|Vaporeon, L85|328\/395
|move|p1a: Onix|Earthquake|p2a: Vaporeon
|-damage|p2a: Vaporeon|225\/395
|
|turn|10
|
|move|p1a: Onix|Explosion|p2a: Vaporeon
|-damage|p2a: Vaporeon|1\/395
|faint|p1a: Onix
|
|switch|p1a: Dugtrio|Dugtrio, L85|233\/233
|turn|11
|
|move|p1a: Dugtrio|Earthquake|p2a: Vaporeon
|-damage|p2a: Vaporeon|0 fnt
|faint|p2a: Vaporeon
|c|★iropicci|I don't get it. after explosion I wasn't able to make my move. Turn 10
|
|switch|p2a: Persian|Persian, L79|19\/265
|turn|12
|
|move|p1a: Dugtrio|Earthquake|p2a: Persian
|-damage|p2a: Persian|0 fnt
|faint|p2a: Persian
|
|switch|p2a: Magnemite|Magnemite, L96|243\/243
|turn|13
|
|move|p1a: Dugtrio|Earthquake|p2a: Magnemite
|-supereffective|p2a: Magnemite
|-damage|p2a: Magnemite|61\/243
|move|p2a: Magnemite|Double-Edge|p1a: Dugtrio
|-damage|p1a: Dugtrio|158\/233
|-damage|p2a: Magnemite|43\/243|[from] recoil|[of] p1a: Dugtrio
|
|turn|14
|
|move|p1a: Dugtrio|Earthquake|p2a: Magnemite
|-crit|p2a: Magnemite
|-supereffective|p2a: Magnemite
|-damage|p2a: Magnemite|0 fnt
|faint|p2a: Magnemite
|
|switch|p2a: Muk|Muk, L90|372\/372
|turn|15
|
|switch|p1a: Seaking|Seaking, L90|221\/327 par
|move|p2a: Muk|Sludge|p1a: Seaking
|-damage|p1a: Seaking|124\/327 par
|
|turn|16
|
|move|p2a: Muk|Body Slam|p1a: Seaking
|-damage|p1a: Seaking|36\/327 par
|move|p1a: Seaking|Surf|p2a: Muk
|-damage|p2a: Muk|250\/372
|
|turn|17
|
|move|p2a: Muk|Sludge|p1a: Seaking
|-damage|p1a: Seaking|0 fnt
|faint|p1a: Seaking
|
|switch|p1a: Mr. Mime|Mr. Mime, L85|242\/242
|turn|18
|
|move|p1a: Mr. Mime|Psychic|p2a: Muk
|-crit|p2a: Muk
|-supereffective|p2a: Muk
|-damage|p2a: Muk|0 fnt
|faint|p2a: Muk
|
|switch|p2a: Flareon|Flareon, L90|300\/300
|turn|19
|
|move|p1a: Mr. Mime|Psychic|p2a: Flareon
|-damage|p2a: Flareon|214\/300
|move|p2a: Flareon|Fire Blast|p1a: Mr. Mime
|-damage|p1a: Mr. Mime|92\/242
|
|turn|20
|
|move|p1a: Mr. Mime|Thunder Wave|p2a: Flareon
|-status|p2a: Flareon|par
|cant|p2a: Flareon|par
|
|turn|21
|
|move|p1a: Mr. Mime|Psychic|p2a: Flareon
|-damage|p2a: Flareon|132\/300 par
|-unboost|p2a: Flareon|spd|1
|-unboost|p2a: Flareon|spa|1
|cant|p2a: Flareon|par
|
|turn|22
|
|move|p1a: Mr. Mime|Psychic|p2a: Flareon
|-damage|p2a: Flareon|16\/300 par
|move|p2a: Flareon|Hyper Beam|p1a: Mr. Mime
|-damage|p1a: Mr. Mime|0 fnt
|faint|p1a: Mr. Mime
|
|switch|p1a: Dugtrio|Dugtrio, L85|158\/233
|turn|23
|
|move|p1a: Dugtrio|Earthquake|p2a: Flareon
|-supereffective|p2a: Flareon
|-damage|p2a: Flareon|0 fnt
|faint|p2a: Flareon
|
|win|andrewandres
|raw|andrewandres's rating: 1330 &rarr; <strong>1337<\/strong><br \/>(+7 for winning)
|raw|iropicci's rating: 1080 &rarr; <strong>1072<\/strong><br \/>(-8 for losing)