|join|Mandelbrot
|join|The Underwhelmer
|player|p1|Mandelbrot|101
|player|p2|The Underwhelmer|257
|gametype|singles
|gen|1
|tier|[Gen 1] Random Battle
|rated
|rule|Sleep Clause Mod: Limit one foe put to sleep
|rule|Freeze Clause Mod: Limit one foe frozen
|rule|HP Percentage Mod: HP is shown in percentages
|
|start
|switch|p1a: Dugtrio|Dugtrio, L85|233\/233
|switch|p2a: Magikarp|Magikarp, L99|240\/240
|turn|1
|
|move|p1a: Dugtrio|Earthquake|p2a: Magikarp
|-crit|p2a: Magikarp
|-damage|p2a: Magikarp|38\/240
|move|p2a: Magikarp|Dragon Rage|p1a: Dugtrio
|-damage|p1a: Dugtrio|193\/233
|
|turn|2
|
|move|p1a: Dugtrio|Slash|p2a: Magikarp
|-crit|p2a: Magikarp
|-damage|p2a: Magikarp|0 fnt
|faint|p2a: Magikarp
|
|switch|p2a: Lapras|Lapras, L79|367\/367
|turn|3
|
|switch|p1a: Nidorina|Nidorina, L90|309\/309
|move|p2a: Lapras|Ice Beam|p1a: Nidorina
|-damage|p1a: Nidorina|203\/309
|
|turn|4
|
|move|p1a: Nidorina|Thunderbolt|p2a: Lapras
|-supereffective|p2a: Lapras
|-damage|p2a: Lapras|250\/367
|move|p2a: Lapras|Ice Beam|p1a: Nidorina
|-damage|p1a: Nidorina|98\/309
|
|turn|5
|
|move|p1a: Nidorina|Thunder|p2a: Lapras|[miss]
|-miss|p1a: Nidorina
|move|p2a: Lapras|Ice Beam|p1a: Nidorina
|-damage|p1a: Nidorina|0 fnt
|faint|p1a: Nidorina
|
|switch|p1a: Hypno|Hypno, L85|318\/318
|turn|6
|
|move|p1a: Hypno|Psychic|p2a: Lapras
|-damage|p2a: Lapras|142\/367
|move|p2a: Lapras|Ice Beam|p1a: Hypno
|-crit|p1a: Hypno
|-damage|p1a: Hypno|176\/318
|-status|p1a: Hypno|frz
|
|turn|7
|
|cant|p1a: Hypno|frz
|move|p2a: Lapras|Ice Beam|p1a: Hypno
|-damage|p1a: Hypno|99\/318 frz
|
|turn|8
|
|cant|p1a: Hypno|frz
|move|p2a: Lapras|Rest|p2a: Lapras
|-status|p2a: Lapras|slp
|-heal|p2a: Lapras|367\/367 slp|[silent]
|-status|p2a: Lapras|slp|[from] move: Rest
|
|turn|9
|
|switch|p1a: Rapidash|Rapidash, L90|300\/300
|cant|p2a: Lapras|slp
|
|turn|10
|
|move|p1a: Rapidash|Substitute|p1a: Rapidash
|-start|p1a: Rapidash|Substitute
|-damage|p1a: Rapidash|225\/300
|-curestatus|p2a: Lapras|slp
|
|turn|11
|
|move|p1a: Rapidash|Fire Blast|p2a: Lapras
|-damage|p2a: Lapras|234\/367
|move|p2a: Lapras|Thunderbolt|p1a: Rapidash
|-activate|p1a: Rapidash|Substitute|[damage]
|
|turn|12
|
|move|p1a: Rapidash|Fire Blast|p2a: Lapras
|-damage|p2a: Lapras|110\/367
|move|p2a: Lapras|Thunderbolt|p1a: Rapidash
|-end|p1a: Rapidash|Substitute
|
|turn|13
|
|move|p1a: Rapidash|Fire Blast|p2a: Lapras
|-damage|p2a: Lapras|0 fnt
|faint|p2a: Lapras
|
|switch|p2a: Persian|Persian, L79|265\/265
|turn|14
|
|switch|p1a: Hypno|Hypno, L85|99\/318 frz
|move|p2a: Persian|Slash|p1a: Hypno
|-crit|p1a: Hypno
|-damage|p1a: Hypno|0 fnt
|faint|p1a: Hypno
|
|switch|p1a: Dugtrio|Dugtrio, L85|193\/233
|turn|15
|
|move|p1a: Dugtrio|Earthquake|p2a: Persian
|-damage|p2a: Persian|145\/265
|move|p2a: Persian|Screech|p1a: Dugtrio
|-unboost|p1a: Dugtrio|def|2
|
|turn|16
|
|move|p1a: Dugtrio|Earthquake|p2a: Persian
|-damage|p2a: Persian|23\/265
|move|p2a: Persian|Hyper Beam|p1a: Dugtrio
|-damage|p1a: Dugtrio|0 fnt
|faint|p1a: Dugtrio
|c|★Mandelbrot|nice
|
|switch|p1a: Articuno|Articuno, L79|304\/304
|turn|17
|
|move|p2a: Persian|Slash|p1a: Articuno
|-crit|p1a: Articuno
|-damage|p1a: Articuno|197\/304
|move|p1a: Articuno|Ice Beam|p2a: Persian
|-damage|p2a: Persian|0 fnt
|faint|p2a: Persian
|
|switch|p2a: Hitmonlee|Hitmonlee, L90|273\/273
|turn|18
|
|move|p2a: Hitmonlee|Body Slam|p1a: Articuno
|-crit|p1a: Articuno
|-damage|p1a: Articuno|41\/304
|-status|p1a: Articuno|par
|move|p1a: Articuno|Reflect|p1a: Articuno
|-start|p1a: Articuno|Reflect
|
|turn|19
|
|move|p2a: Hitmonlee|Body Slam|p1a: Articuno
|-crit|p1a: Articuno
|-damage|p1a: Articuno|0 fnt
|faint|p1a: Articuno
|
|switch|p1a: Rapidash|Rapidash, L90|225\/300
|turn|20
|
|move|p1a: Rapidash|Reflect|p1a: Rapidash
|-start|p1a: Rapidash|Reflect
|move|p2a: Hitmonlee|Body Slam|p1a: Rapidash
|-damage|p1a: Rapidash|181\/300
|
|turn|21
|
|move|p1a: Rapidash|Substitute|p1a: Rapidash
|-start|p1a: Rapidash|Substitute
|-damage|p1a: Rapidash|106\/300
|move|p2a: Hitmonlee|Body Slam|p1a: Rapidash
|-activate|p1a: Rapidash|Substitute|[damage]
|
|turn|22
|
|move|p1a: Rapidash|Fire Blast|p2a: Hitmonlee
|-damage|p2a: Hitmonlee|82\/273
|-status|p2a: Hitmonlee|brn
|move|p2a: Hitmonlee|Body Slam|p1a: Rapidash
|-activate|p1a: Rapidash|Substitute|[damage]
|-damage|p2a: Hitmonlee|65\/273 brn|[from] brn|[of] p1a: Rapidash
|
|turn|23
|
|move|p1a: Rapidash|Fire Blast|p2a: Hitmonlee|[miss]
|-miss|p1a: Rapidash
|move|p2a: Hitmonlee|Body Slam|p1a: Rapidash
|-end|p1a: Rapidash|Substitute
|-damage|p2a: Hitmonlee|48\/273 brn|[from] brn|[of] p1a: Rapidash
|
|turn|24
|
|move|p1a: Rapidash|Substitute|p1a: Rapidash
|-start|p1a: Rapidash|Substitute
|-damage|p1a: Rapidash|31\/300
|move|p2a: Hitmonlee|Body Slam|p1a: Rapidash
|-crit|p1a: Rapidash
|-end|p1a: Rapidash|Substitute
|-damage|p2a: Hitmonlee|31\/273 brn|[from] brn|[of] p1a: Rapidash
|
|turn|25
|
|move|p1a: Rapidash|Fire Blast|p2a: Hitmonlee
|-crit|p2a: Hitmonlee
|-damage|p2a: Hitmonlee|0 fnt
|faint|p2a: Hitmonlee
|
|switch|p2a: Mew|Mew, L74|300\/300
|turn|26
|
|move|p1a: Rapidash|Fire Blast|p2a: Mew
|-damage|p2a: Mew|163\/300
|-status|p2a: Mew|brn
|move|p2a: Mew|Psychic|p1a: Rapidash
|-crit|p1a: Rapidash
|-damage|p1a: Rapidash|0 fnt
|faint|p1a: Rapidash
|
|switch|p1a: Seaking|Seaking, L90|327\/327
|turn|27
|
|move|p2a: Mew|Psychic|p1a: Seaking
|-damage|p1a: Seaking|255\/327
|-damage|p2a: Mew|145\/300 brn|[from] brn|[of] p1a: Seaking
|move|p1a: Seaking|Surf|p2a: Mew
|-damage|p2a: Mew|39\/300 brn
|
|turn|28
|
|move|p2a: Mew|Psychic|p1a: Seaking
|-damage|p1a: Seaking|175\/327
|-damage|p2a: Mew|21\/300 brn|[from] brn|[of] p1a: Seaking
|move|p1a: Seaking|Surf|p2a: Mew
|-damage|p2a: Mew|0 fnt
|faint|p2a: Mew
|
|switch|p2a: Ditto|Ditto, L99|296\/296
|turn|29
|
|move|p1a: Seaking|Blizzard|p2a: Ditto
|-damage|p2a: Ditto|197\/296
|move|p2a: Ditto|Transform|p1a: Seaking
|-transform|p2a: Ditto|p1a: Seaking
|
|turn|30
|
|move|p1a: Seaking|Double-Edge|p2a: Ditto
|-damage|p2a: Ditto|109\/296
|-damage|p1a: Seaking|153\/327|[from] recoil|[of] p2a: Ditto
|move|p2a: Ditto|Double-Edge|p1a: Seaking
|-damage|p1a: Seaking|79\/327
|-damage|p2a: Ditto|91\/296|[from] recoil|[of] p1a: Seaking
|
|turn|31
|
|move|p1a: Seaking|Hyper Beam|p2a: Ditto|[miss]
|-miss|p1a: Seaking
|move|p2a: Ditto|Hyper Beam|p1a: Seaking
|-damage|p1a: Seaking|0 fnt
|faint|p1a: Seaking
|
|win|The Underwhelmer
|raw|Mandelbrot's rating: 1273 &rarr; <strong>1255<\/strong><br \/>(-18 for losing)
|raw|The Underwhelmer's rating: 1370 &rarr; <strong>1385<\/strong><br \/>(+15 for winning)
|leave|The Underwhelmer
|player|p2
|c|★Mandelbrot|No!
|c|★Mandelbrot|gg