|j|TonyRBY
|j|Pr0n Snow
|player|p1|TonyRBY|38
|player|p2|Pr0n Snow|96
|gametype|singles
|gen|1
|tier|[Gen 1] OU
|rated
|seed|7264,38074,52154,36566
|rule|Sleep Clause Mod: Limit one foe put to sleep
|rule|Freeze Clause Mod: Limit one foe frozen
|rule|Species Clause: Limit one of each Pokémon
|rule|OHKO Clause: OHKO moves are banned
|rule|Evasion Moves Clause: Evasion moves are banned
|rule|HP Percentage Mod: HP is shown in percentages
|
|start
|switch|p1a: Gengar|Gengar|323\/323
|switch|p2a: Gengar|Gengar|323\/323
|turn|1
|choice|move 1|move 1
|
|move|p2a: Gengar|Hypnosis|p1a: Gengar
|-status|p1a: Gengar|slp
|-curestatus|p1a: Gengar|slp
|
|turn|2
|choice|move 1|move 1
|
|move|p2a: Gengar|Hypnosis|p1a: Gengar|[miss]
|-miss|p2a: Gengar
|move|p1a: Gengar|Confuse Ray|p2a: Gengar
|-start|p2a: Gengar|confusion
|
|turn|3
|choice|switch 4|move 1
|
|switch|p1a: Jynx|Jynx|333\/333
|-activate|p2a: Gengar|confusion
|move|p2a: Gengar|Hypnosis|p1a: Jynx
|-status|p1a: Jynx|slp
|
|turn|4
|choice|move 3|switch 5
|
|switch|p2a: Tauros|Tauros|353\/353
|cant|p1a: Jynx|slp
|
|turn|5
|choice|switch 4|move 4
|
|switch|p1a: Gengar|Gengar|323\/323
|move|p2a: Tauros|Earthquake|p1a: Gengar
|-supereffective|p1a: Gengar
|-damage|p1a: Gengar|110\/323
|
|turn|6
|choice|move 2|move 4
|
|move|p1a: Gengar|Explosion|p2a: Tauros
|-damage|p2a: Tauros|136\/353
|faint|p1a: Gengar
|choice|switch 5|
|
|switch|p1a: Persian|Persian|333\/333
|turn|7
|choice|switch 6|switch 3
|
|switch|p1a: Jolteon|Jolteon|333\/333
|switch|p2a: Chansey|Chansey|703\/703
|
|turn|8
|choice|switch 2|move 2
|
|switch|p1a: Rhydon|Rhydon|413\/413
|move|p2a: Chansey|Thunderbolt|p1a: Rhydon
|-immune|p1a: Rhydon|[msg]
|
|turn|9
|choice|switch 4|move 4
|
|switch|p1a: Jynx|Jynx|333\/333 slp
|move|p2a: Chansey|Counter|p1a: Jynx
|-fail|p2a: Chansey
|
|turn|10
|choice|move 3|switch 3
|
|switch|p2a: Tauros|Tauros|136\/353
|cant|p1a: Jynx|slp
|
|turn|11
|choice|switch 3|move 2
|
|switch|p1a: Primeape|Primeape|333\/333
|move|p2a: Tauros|Body Slam|p1a: Primeape
|-damage|p1a: Primeape|191\/333
|
|turn|12
|choice|move 3|move 3
|
|move|p2a: Tauros|Hyper Beam|p1a: Primeape
|-damage|p1a: Primeape|0 fnt
|faint|p1a: Primeape
|choice|switch 6|
|
|switch|p1a: Persian|Persian|333\/333
|turn|13
|choice|move 1|switch 3
|
|switch|p2a: Chansey|Chansey|703\/703
|move|p1a: Persian|Slash|p2a: Chansey
|-crit|p2a: Chansey
|-damage|p2a: Chansey|330\/703
|
|turn|14
|choice|move 1|switch 5
|
|switch|p2a: Gengar|Gengar|323\/323
|move|p1a: Persian|Slash|p2a: Gengar
|-immune|p2a: Gengar|[msg]
|
|turn|15
|choice|switch 3|move 2
|
|switch|p1a: Jynx|Jynx|333\/333 slp
|move|p2a: Gengar|Thunderbolt|p1a: Jynx
|-damage|p1a: Jynx|237\/333 slp
|
|turn|16
|choice|move 3|move 2
|
|move|p2a: Gengar|Thunderbolt|p1a: Jynx
|-damage|p1a: Jynx|148\/333 slp
|-curestatus|p1a: Jynx|slp
|
|turn|17
|choice|move 3|move 1
|
|move|p2a: Gengar|Hypnosis|p1a: Jynx
|-status|p1a: Jynx|slp
|cant|p1a: Jynx|slp
|
|turn|18
|choice|move 3|move 2
|
|move|p2a: Gengar|Thunderbolt|p1a: Jynx
|-damage|p1a: Jynx|52\/333 slp
|cant|p1a: Jynx|slp
|
|turn|19
|choice|move 3|move 2
|
|move|p2a: Gengar|Thunderbolt|p1a: Jynx
|-damage|p1a: Jynx|0 fnt
|faint|p1a: Jynx
|choice|switch 2|
|
|switch|p1a: Jolteon|Jolteon|333\/333
|turn|20
|choice|move 2|switch 6
|
|switch|p2a: Golem|Golem|363\/363
|move|p1a: Jolteon|Thunder Wave|p2a: Golem
|-immune|p2a: Golem|[msg]
|
|turn|21
|choice|move 3|move 1
|
|move|p1a: Jolteon|Double Kick|p2a: Golem
|-crit|p2a: Golem
|-supereffective|p2a: Golem
|-damage|p2a: Golem|299\/363
|-damage|p2a: Golem|235\/363
|-hitcount|p2a: Golem|2
|move|p2a: Golem|Earthquake|p1a: Jolteon
|-supereffective|p1a: Jolteon
|-damage|p1a: Jolteon|0 fnt
|faint|p1a: Jolteon
|choice|switch 3|
|
|switch|p1a: Persian|Persian|333\/333
|turn|22
|choice|move 4|switch 6
|
|switch|p2a: Gengar|Gengar|323\/323
|move|p1a: Persian|Bubble Beam|p2a: Gengar
|-damage|p2a: Gengar|290\/323
|
|turn|23
|choice|switch 4|move 4
|
|switch|p1a: Rhydon|Rhydon|413\/413
|move|p2a: Gengar|Mega Drain|p1a: Rhydon
|-supereffective|p1a: Rhydon
|-damage|p1a: Rhydon|183\/413
|-heal|p2a: Gengar|323\/323|[from] drain|[of] p1a: Rhydon
|
|turn|24
|choice|move 1|move 4
|
|move|p2a: Gengar|Mega Drain|p1a: Rhydon
|-supereffective|p1a: Rhydon
|-damage|p1a: Rhydon|0 fnt
|faint|p1a: Rhydon
|choice|switch 4|
|
|switch|p1a: Persian|Persian|333\/333
|turn|25
|choice|move 3|move 2
|
|move|p1a: Persian|Thunderbolt|p2a: Gengar
|-crit|p2a: Gengar
|-damage|p2a: Gengar|228\/323
|move|p2a: Gengar|Thunderbolt|p1a: Persian
|-damage|p1a: Persian|218\/333
|
|turn|26
|choice|move 3|move 2
|
|move|p1a: Persian|Thunderbolt|p2a: Gengar
|-damage|p2a: Gengar|176\/323
|move|p2a: Gengar|Thunderbolt|p1a: Persian
|-crit|p1a: Persian
|-damage|p1a: Persian|5\/333
|
|turn|27
|choice|move 3|move 4
|
|move|p1a: Persian|Thunderbolt|p2a: Gengar
|-damage|p2a: Gengar|126\/323
|move|p2a: Gengar|Mega Drain|p1a: Persian
|-damage|p1a: Persian|0 fnt
|-heal|p2a: Gengar|128\/323|[from] drain|[of] p1a: Persian
|faint|p1a: Persian
|
|win|Pr0n Snow
|player|p1
|player|p2
|raw|TonyRBY's rating: 1127 &rarr; <strong>1102<\/strong><br \/>(-25 for losing)
|raw|Pr0n Snow's rating: 1122 &rarr; <strong>1147<\/strong><br \/>(+25 for winning)
|c|★Pr0n Snow|gg