|j|Parnasect
|j|Dervodel2
|player|p1|Parnasect|115
|player|p2|Dervodel2|238
|gametype|singles
|gen|1
|tier|[Gen 1] Random Battle
|rated
|seed|
|rule|Sleep Clause Mod: Limit one foe put to sleep
|rule|Freeze Clause Mod: Limit one foe frozen
|rule|HP Percentage Mod: HP is shown in percentages
|
|start
|switch|p1a: Vileplume|Vileplume, L90|100\/100
|switch|p2a: Staryu|Staryu, L90|100\/100
|turn|1
|choice||
|
|switch|p1a: Voltorb|Voltorb, L96|100\/100
|move|p2a: Staryu|Thunder Wave|p1a: Voltorb
|-status|p1a: Voltorb|par
|
|turn|2
|choice||
|
|switch|p2a: Magneton|Magneton, L90|100\/100
|cant|p1a: Voltorb|par
|
|turn|3
|choice||
|
|move|p2a: Magneton|Double-Edge|p1a: Voltorb
|-damage|p1a: Voltorb|75\/100 par
|-damage|p2a: Magneton|94\/100|[from] recoil|[of] p1a: Voltorb
|move|p1a: Voltorb|Thunder Wave|p2a: Magneton
|-status|p2a: Magneton|par
|
|turn|4
|choice||
|
|switch|p1a: Onix|Onix, L90|100\/100
|move|p2a: Magneton|Double-Edge|p1a: Onix
|-resisted|p1a: Onix
|-damage|p1a: Onix|93\/100
|-damage|p2a: Magneton|93\/100 par|[from] recoil|[of] p1a: Onix
|
|turn|5
|choice||
|
|switch|p2a: Clefable|Clefable, L85|100\/100
|move|p1a: Onix|Earthquake|p2a: Clefable
|-damage|p2a: Clefable|73\/100
|
|turn|6
|choice||
|
|switch|p1a: Gengar|Gengar, L79|100\/100
|move|p2a: Clefable|Sing|p1a: Gengar
|-status|p1a: Gengar|slp
|
|turn|7
|choice||
|
|switch|p1a: Kangaskhan|Kangaskhan, L85|100\/100
|switch|p2a: Ninetales|Ninetales, L85|100\/100
|
|turn|8
|choice||
|
|switch|p2a: Clefable|Clefable, L85|73\/100
|move|p1a: Kangaskhan|Surf|p2a: Clefable
|-damage|p2a: Clefable|59\/100
|
|turn|9
|choice||
|
|move|p1a: Kangaskhan|Earthquake|p2a: Clefable
|-damage|p2a: Clefable|36\/100
|move|p2a: Clefable|Thunder Wave|p1a: Kangaskhan
|-status|p1a: Kangaskhan|par
|
|turn|10
|choice||
|
|move|p2a: Clefable|Thunderbolt|p1a: Kangaskhan
|-damage|p1a: Kangaskhan|73\/100 par
|cant|p1a: Kangaskhan|par
|
|turn|11
|choice||
|
|move|p2a: Clefable|Thunderbolt|p1a: Kangaskhan
|-crit|p1a: Kangaskhan
|-damage|p1a: Kangaskhan|23\/100 par
|move|p1a: Kangaskhan|Earthquake|p2a: Clefable
|-damage|p2a: Clefable|13\/100
|
|turn|12
|choice||
|
|move|p2a: Clefable|Thunderbolt|p1a: Kangaskhan
|-damage|p1a: Kangaskhan|0 fnt
|faint|p1a: Kangaskhan
|choice||
|
|switch|p1a: Onix|Onix, L90|93\/100
|turn|13
|choice||
|
|move|p1a: Onix|Earthquake|p2a: Clefable
|-damage|p2a: Clefable|0 fnt
|faint|p2a: Clefable
|choice||
|
|switch|p2a: Staryu|Staryu, L90|100\/100
|turn|14
|choice||
|
|switch|p1a: Voltorb|Voltorb, L96|75\/100 par
|move|p2a: Staryu|Blizzard|p1a: Voltorb
|-crit|p1a: Voltorb
|-damage|p1a: Voltorb|14\/100 par
|
|turn|15
|choice||
|
|move|p2a: Staryu|Blizzard|p1a: Voltorb
|-damage|p1a: Voltorb|0 fnt
|faint|p1a: Voltorb
|choice||
|
|switch|p1a: Vileplume|Vileplume, L90|100\/100
|turn|16
|choice||
|
|move|p2a: Staryu|Blizzard|p1a: Vileplume|[miss]
|-miss|p2a: Staryu
|move|p1a: Vileplume|Sleep Powder|p2a: Staryu
|-status|p2a: Staryu|slp
|
|turn|17
|choice||
|
|switch|p2a: Ninetales|Ninetales, L85|100\/100
|move|p1a: Vileplume|Body Slam|p2a: Ninetales
|-damage|p2a: Ninetales|79\/100
|-status|p2a: Ninetales|par
|
|turn|18
|choice||
|
|switch|p1a: Onix|Onix, L90|93\/100
|move|p2a: Ninetales|Reflect|p2a: Ninetales
|-start|p2a: Ninetales|Reflect
|
|turn|19
|choice||
|
|move|p1a: Onix|Earthquake|p2a: Ninetales
|-supereffective|p2a: Ninetales
|-damage|p2a: Ninetales|49\/100 par
|move|p2a: Ninetales|Confuse Ray|p1a: Onix
|-start|p1a: Onix|confusion
|
|turn|20
|choice||
|
|-activate|p1a: Onix|confusion
|-damage|p1a: Onix|87\/100|[from] confusion
|move|p2a: Ninetales|Fire Blast|p1a: Onix
|-resisted|p1a: Onix
|-damage|p1a: Onix|44\/100
|
|turn|21
|choice||
|
|-activate|p1a: Onix|confusion
|move|p1a: Onix|Earthquake|p2a: Ninetales
|-crit|p2a: Ninetales
|-supereffective|p2a: Ninetales
|-damage|p2a: Ninetales|0 fnt
|faint|p2a: Ninetales
|choice||
|
|switch|p2a: Drowzee|Drowzee, L96|100\/100
|turn|22
|choice||
|
|-end|p1a: Onix|confusion
|move|p1a: Onix|Explosion|p2a: Drowzee
|-damage|p2a: Drowzee|26\/100
|faint|p1a: Onix
|choice||
|
|switch|p1a: Gyarados|Gyarados, L85|100\/100
|turn|23
|choice||
|
|move|p1a: Gyarados|Hyper Beam|p2a: Drowzee
|-damage|p2a: Drowzee|0 fnt
|faint|p2a: Drowzee
|choice||
|
|switch|p2a: Magneton|Magneton, L90|93\/100 par
|turn|24
|choice||
|
|switch|p1a: Vileplume|Vileplume, L90|100\/100
|move|p2a: Magneton|Thunder Wave|p1a: Vileplume
|-status|p1a: Vileplume|par
|
|turn|25
|choice||
|
|switch|p2a: Primeape|Primeape, L90|100\/100
|move|p1a: Vileplume|Body Slam|p2a: Primeape
|-damage|p2a: Primeape|78\/100
|
|turn|26
|choice||
|
|switch|p1a: Gengar|Gengar, L79|100\/100 slp
|move|p2a: Primeape|Body Slam|p1a: Gengar
|-immune|p1a: Gengar|[msg]
|
|turn|27
|choice||
|
|move|p2a: Primeape|Rock Slide|p1a: Gengar
|-crit|p1a: Gengar
|-damage|p1a: Gengar|37\/100 slp
|cant|p1a: Gengar|slp
|
|turn|28
|choice||
|
|move|p2a: Primeape|Rock Slide|p1a: Gengar
|-damage|p1a: Gengar|1\/100 slp
|cant|p1a: Gengar|slp
|
|turn|29
|choice||
|
|move|p2a: Primeape|Rock Slide|p1a: Gengar|[miss]
|-miss|p2a: Primeape
|cant|p1a: Gengar|slp
|
|turn|30
|choice||
|
|move|p2a: Primeape|Rock Slide|p1a: Gengar
|-crit|p1a: Gengar
|-damage|p1a: Gengar|0 fnt
|faint|p1a: Gengar
|choice||
|
|switch|p1a: Gyarados|Gyarados, L85|100\/100
|turn|31
|choice||
|
|move|p2a: Primeape|Body Slam|p1a: Gyarados
|-damage|p1a: Gyarados|76\/100
|move|p1a: Gyarados|Hyper Beam|p2a: Primeape|[miss]
|-miss|p1a: Gyarados
|
|turn|32
|choice||
|
|move|p2a: Primeape|Body Slam|p1a: Gyarados
|-damage|p1a: Gyarados|53\/100
|-status|p1a: Gyarados|par
|move|p1a: Gyarados|Hyper Beam|p2a: Primeape
|-damage|p2a: Primeape|23\/100
|
|turn|33
|-mustrecharge|p1a: Gyarados
|-mustrecharge|p1a: Gyarados
|choice||
|
|move|p2a: Primeape|Body Slam|p1a: Gyarados
|-damage|p1a: Gyarados|32\/100 par
|cant|p1a: Gyarados|recharge
|
|turn|34
|choice||
|
|move|p2a: Primeape|Hyper Beam|p1a: Gyarados
|-damage|p1a: Gyarados|0 fnt
|faint|p1a: Gyarados
|choice||
|
|switch|p1a: Vileplume|Vileplume, L90|100\/100 par
|turn|35
|choice||
|
|move|p2a: Primeape|Body Slam|p1a: Vileplume
|-damage|p1a: Vileplume|79\/100 par
|cant|p1a: Vileplume|par
|
|turn|36
|choice||
|
|move|p2a: Primeape|Body Slam|p1a: Vileplume
|-damage|p1a: Vileplume|56\/100 par
|move|p1a: Vileplume|Body Slam|p2a: Primeape
|-damage|p2a: Primeape|1\/100
|
|turn|37
|choice||
|
|move|p2a: Primeape|Hyper Beam|p1a: Vileplume
|-damage|p1a: Vileplume|17\/100 par
|move|p1a: Vileplume|Body Slam|p2a: Primeape
|-damage|p2a: Primeape|0 fnt
|faint|p2a: Primeape
|choice||
|
|switch|p2a: Magneton|Magneton, L90|93\/100 par
|turn|38
|choice||
|
|cant|p2a: Magneton|par
|move|p1a: Vileplume|Body Slam|p2a: Magneton
|-damage|p2a: Magneton|74\/100 par
|
|turn|39
|choice||
|
|move|p2a: Magneton|Hyper Beam|p1a: Vileplume
|-damage|p1a: Vileplume|0 fnt
|faint|p1a: Vileplume
|
|win|Dervodel2
|player|p1
|player|p2
|raw|Parnasect's rating: 1257 &rarr; <strong>1243<\/strong><br \/>(-14 for losing)
|raw|Dervodel2's rating: 1419 &rarr; <strong>1430<\/strong><br \/>(+11 for winning)
|l|Parnasect