|join|marcoasd
|join|teh Moron
|player|p1|marcoasd|2
|player|p2|teh Moron|275
|gametype|singles
|gen|1
|tier|[Gen 1] OU (beta)
|rated
|rule|Sleep Clause Mod: Limit one foe put to sleep
|rule|Species Clause: Limit one of each Pokemon
|rule|OHKO Clause: OHKO moves are banned
|rule|Moody Clause: Moody is banned
|rule|Evasion Moves Clause: Evasion moves are banned
|rule|Endless Battle Clause: Forcing endless battles is banned.
|rule|HP Percentage Mod: HP is reported as percentages
|
|start
|switch|p1a: Starmie|Starmie|323\/323
|switch|p2a: Alakazam|Alakazam|313\/313
|turn|1
|callback|decision
|
|switch|p2a: Chansey|Chansey|703\/703
|move|p1a: Starmie|Thunder Wave|p2a: Chansey
|-status|p2a: Chansey|par
|
|turn|2
|callback|decision
|
|switch|p1a: Rhydon|Rhydon|413\/413
|move|p2a: Chansey|Ice Beam|p1a: Rhydon
|-supereffective|p1a: Rhydon
|-damage|p1a: Rhydon|179\/413
|
|turn|3
|callback|decision
|
|move|p1a: Rhydon|Earthquake|p2a: Chansey
|-damage|p2a: Chansey|325\/703 par
|move|p2a: Chansey|Ice Beam|p1a: Rhydon
|-crit|p1a: Rhydon
|-supereffective|p1a: Rhydon
|-damage|p1a: Rhydon|0 fnt
|faint|p1a: Rhydon
|
|callback|decision
|
|switch|p1a: Snorlax|Snorlax|523\/523
|turn|4
|callback|decision
|
|switch|p2a: Cloyster|Cloyster|303\/303
|move|p1a: Snorlax|Earthquake|p2a: Cloyster
|-damage|p2a: Cloyster|248\/303
|
|turn|5
|callback|decision
|
|switch|p1a: Starmie|Starmie|323\/323
|move|p2a: Cloyster|Blizzard|p1a: Starmie|[miss]
|-miss|p2a: Cloyster
|
|turn|6
|callback|decision
|
|switch|p2a: Chansey|Chansey|325\/703 par
|move|p1a: Starmie|Psychic|p2a: Chansey
|-damage|p2a: Chansey|227\/703 par
|
|turn|7
|callback|decision
|
|switch|p1a: Snorlax|Snorlax|523\/523
|move|p2a: Chansey|Soft-Boiled|p2a: Chansey
|-heal|p2a: Chansey|578\/703 par
|
|turn|8
|callback|decision
|
|switch|p2a: Cloyster|Cloyster|248\/303
|move|p1a: Snorlax|Body Slam|p2a: Cloyster
|-damage|p2a: Cloyster|179\/303
|
|turn|9
|callback|decision
|
|move|p2a: Cloyster|Explosion|p1a: Snorlax
|-damage|p1a: Snorlax|161\/523
|faint|p2a: Cloyster
|callback|decision
|
|switch|p2a: Dragonite|Dragonite|385\/385
|turn|10
|callback|decision
|
|move|p2a: Dragonite|Wrap|p1a: Snorlax
|-crit|p1a: Snorlax
|-damage|p1a: Snorlax|122\/523
|-activate|p1a: Snorlax|move: Wrap|[of] p2a: Dragonite
|cant|p1a: Snorlax|partiallytrapped
|
|turn|11
|callback|decision
|
|switch|p1a: Starmie|Starmie|323\/323
|move|p2a: Dragonite|Wrap|p1a: Starmie
|-crit|p1a: Starmie
|-damage|p1a: Starmie|289\/323
|-activate|p1a: Starmie|move: Wrap|[of] p2a: Dragonite
|
|turn|12
|callback|decision
|
|switch|p2a: Chansey|Chansey|578\/703 par
|cant|p1a: Starmie|partiallytrapped
|
|-end|p1a: Starmie|Wrap|[partiallytrapped]
|turn|13
|callback|decision
|
|switch|p1a: Alakazam|Alakazam|313\/313
|cant|p2a: Chansey|par
|
|turn|14
|callback|decision
|
|move|p1a: Alakazam|Psychic|p2a: Chansey
|-damage|p2a: Chansey|449\/703 par
|move|p2a: Chansey|Ice Beam|p1a: Alakazam
|-damage|p1a: Alakazam|251\/313
|
|turn|15
|callback|decision
|
|move|p1a: Alakazam|Psychic|p2a: Chansey
|-damage|p2a: Chansey|316\/703 par
|move|p2a: Chansey|Soft-Boiled|p2a: Chansey
|-heal|p2a: Chansey|667\/703 par
|
|turn|16
|callback|decision
|
|move|p1a: Alakazam|Psychic|p2a: Chansey
|-damage|p2a: Chansey|536\/703 par
|move|p2a: Chansey|Ice Beam|p1a: Alakazam
|-damage|p1a: Alakazam|187\/313
|
|turn|17
|callback|decision
|
|move|p1a: Alakazam|Psychic|p2a: Chansey
|-damage|p2a: Chansey|418\/703 par
|-unboost|p2a: Chansey|spd|1
|-unboost|p2a: Chansey|spa|1
|move|p2a: Chansey|Ice Beam|p1a: Alakazam
|-crit|p1a: Alakazam
|-damage|p1a: Alakazam|72\/313
|
|turn|18
|callback|decision
|
|move|p1a: Alakazam|Recover|p1a: Alakazam
|-heal|p1a: Alakazam|228\/313
|move|p2a: Chansey|Soft-Boiled|p2a: Chansey
|-heal|p2a: Chansey|703\/703 par
|
|turn|19
|callback|decision
|
|switch|p1a: Snorlax|Snorlax|122\/523
|switch|p2a: Alakazam|Alakazam|313\/313
|
|turn|20
|callback|decision
|
|switch|p1a: Exeggutor|Exeggutor|393\/393
|move|p2a: Alakazam|Psychic|p1a: Exeggutor
|-resisted|p1a: Exeggutor
|-damage|p1a: Exeggutor|341\/393
|
|turn|21
|callback|decision
|
|switch|p2a: Snorlax|Snorlax|523\/523
|switch|p1a: Tauros|Tauros|353\/353
|
|turn|22
|callback|decision
|
|switch|p1a: Starmie|Starmie|289\/323
|move|p2a: Snorlax|Body Slam|p1a: Starmie
|-damage|p1a: Starmie|175\/323
|
|turn|23
|callback|decision
|
|move|p1a: Starmie|Thunder Wave|p2a: Snorlax
|-status|p2a: Snorlax|par
|cant|p2a: Snorlax|par
|
|turn|24
|callback|decision
|
|move|p1a: Starmie|Psychic|p2a: Snorlax
|-crit|p2a: Snorlax
|-damage|p2a: Snorlax|238\/523 par
|-unboost|p2a: Snorlax|spd|1
|-unboost|p2a: Snorlax|spa|1
|move|p2a: Snorlax|Body Slam|p1a: Starmie
|-damage|p1a: Starmie|61\/323
|
|turn|25
|callback|decision
|
|move|p1a: Starmie|Surf|p2a: Snorlax
|-damage|p2a: Snorlax|28\/523 par
|cant|p2a: Snorlax|par
|
|turn|26
|callback|decision
|
|move|p1a: Starmie|Psychic|p2a: Snorlax
|-damage|p2a: Snorlax|0 fnt
|faint|p2a: Snorlax
|
|callback|decision
|
|switch|p2a: Alakazam|Alakazam|313\/313
|turn|27
|callback|decision
|
|switch|p1a: Alakazam|Alakazam|228\/313
|move|p2a: Alakazam|Thunder Wave|p1a: Alakazam
|-status|p1a: Alakazam|par
|
|turn|28
|callback|decision
|
|switch|p2a: Chansey|Chansey|703\/703 par
|move|p1a: Alakazam|Reflect|p1a: Alakazam
|
|turn|29
|callback|decision
|
|move|p1a: Alakazam|Psychic|p2a: Chansey
|-crit|p2a: Chansey
|-damage|p2a: Chansey|447\/703 par
|move|p2a: Chansey|Thunderbolt|p1a: Alakazam
|-damage|p1a: Alakazam|170\/313 par
|
|turn|30
|callback|decision
|
|switch|p2a: Dragonite|Dragonite|385\/385
|cant|p1a: Alakazam|par
|
|turn|31
|callback|decision
|
|move|p2a: Dragonite|Wrap|p1a: Alakazam
|-damage|p1a: Alakazam|158\/313 par
|-activate|p1a: Alakazam|move: Wrap|[of] p2a: Dragonite
|cant|p1a: Alakazam|partiallytrapped
|
|turn|32
|callback|decision
|
|move|p2a: Dragonite|Wrap|p1a: Alakazam
|-damage|p1a: Alakazam|146\/313 par
|cant|p1a: Alakazam|partiallytrapped
|
|-end|p1a: Alakazam|Wrap|[partiallytrapped]
|turn|33
|callback|decision
|
|move|p2a: Dragonite|Wrap|p1a: Alakazam
|-damage|p1a: Alakazam|134\/313 par
|-activate|p1a: Alakazam|move: Wrap|[of] p2a: Dragonite
|cant|p1a: Alakazam|partiallytrapped
|
|turn|34
|callback|decision
|
|move|p2a: Dragonite|Wrap|p1a: Alakazam
|-damage|p1a: Alakazam|122\/313 par
|cant|p1a: Alakazam|par
|
|turn|35
|callback|decision
|join|perfectxPrayer
|
|switch|p2a: Tauros|Tauros|353\/353
|cant|p1a: Alakazam|partiallytrapped
|
|-end|p1a: Alakazam|Wrap|[partiallytrapped]
|turn|36
|callback|decision
|leave|perfectxPrayer
|
|move|p2a: Tauros|Hyper Beam|p1a: Alakazam
|-damage|p1a: Alakazam|0 fnt
|faint|p1a: Alakazam
|
|callback|decision
|
|switch|p1a: Exeggutor|Exeggutor|341\/393
|turn|37
|callback|decision
|
|switch|p2a: Chansey|Chansey|447\/703 par
|move|p1a: Exeggutor|Explosion|p2a: Chansey
|-damage|p2a: Chansey|0 fnt
|faint|p2a: Chansey
|faint|p1a: Exeggutor
|callback|decision
|
|switch|p2a: Alakazam|Alakazam|313\/313
|switch|p1a: Tauros|Tauros|353\/353
|turn|38
|callback|decision
|
|move|p1a: Tauros|Body Slam|p2a: Alakazam
|-damage|p2a: Alakazam|152\/313
|move|p2a: Alakazam|Counter|p1a: Tauros
|-damage|p1a: Tauros|31\/353
|
|turn|39
|callback|decision
|
|move|p2a: Alakazam|Psychic|p1a: Tauros
|-damage|p1a: Tauros|0 fnt
|faint|p1a: Tauros
|
|callback|decision
|
|switch|p1a: Starmie|Starmie|61\/323
|turn|40
|callback|decision
|
|move|p2a: Alakazam|Psychic|p1a: Starmie
|-resisted|p1a: Starmie
|-damage|p1a: Starmie|0 fnt
|faint|p1a: Starmie
|
|callback|decision
|
|switch|p1a: Snorlax|Snorlax|122\/523
|turn|41
|callback|decision
|chat|marcoasd|gg
|
|move|p2a: Alakazam|Psychic|p1a: Snorlax
|-damage|p1a: Snorlax|0 fnt
|faint|p1a: Snorlax
|
|win|teh Moron
|raw|Ladder updating...
|chat|teh Moron|gg