|join|Geoffrei
|join|MrPetro
|player|p1|Geoffrei|278
|player|p2|MrPetro|163
|gametype|singles
|gen|1
|tier|[Gen 1] Random Battle
|rated
|rule|Sleep Clause Mod: Limit one foe put to sleep
|rule|Freeze Clause Mod: Limit one foe frozen
|rule|HP Percentage Mod: HP is shown in percentages
|
|start
|switch|p1a: Nidorino|Nidorino, L92|299\/299
|switch|p2a: Pikachu|Pikachu, L95|259\/259
|turn|1
|
|move|p2a: Pikachu|Thunder Wave|p1a: Nidorino
|-status|p1a: Nidorino|par
|move|p1a: Nidorino|Double-Edge|p2a: Pikachu
|-damage|p2a: Pikachu|158\/259
|-damage|p1a: Nidorino|274\/299 par|[from] recoil|[of] p2a: Pikachu
|
|turn|2
|
|move|p2a: Pikachu|Body Slam|p1a: Nidorino
|-damage|p1a: Nidorino|210\/299 par
|move|p1a: Nidorino|Double-Edge|p2a: Pikachu
|-damage|p2a: Pikachu|54\/259
|-damage|p1a: Nidorino|184\/299 par|[from] recoil|[of] p2a: Pikachu
|
|turn|3
|
|move|p2a: Pikachu|Body Slam|p1a: Nidorino
|-damage|p1a: Nidorino|117\/299 par
|move|p1a: Nidorino|Double-Edge|p2a: Pikachu
|-damage|p2a: Pikachu|0 fnt
|-damage|p1a: Nidorino|104\/299 par|[from] recoil|[of] p2a: Pikachu
|faint|p2a: Pikachu
|
|switch|p2a: Beedrill|Beedrill, L86|287\/287
|turn|4
|
|move|p2a: Beedrill|Agility|p2a: Beedrill
|-boost|p2a: Beedrill|spe|2
|move|p1a: Nidorino|Double-Edge|p2a: Beedrill
|-damage|p2a: Beedrill|186\/287
|-damage|p1a: Nidorino|79\/299 par|[from] recoil|[of] p2a: Beedrill
|
|turn|5
|
|move|p2a: Beedrill|Swords Dance|p2a: Beedrill
|-boost|p2a: Beedrill|atk|2
|cant|p1a: Nidorino|par
|
|turn|6
|
|move|p2a: Beedrill|Swords Dance|p2a: Beedrill
|-boost|p2a: Beedrill|atk|2
|move|p1a: Nidorino|Double-Edge|p2a: Beedrill
|-damage|p2a: Beedrill|84\/287
|-damage|p1a: Nidorino|54\/299 par|[from] recoil|[of] p2a: Beedrill
|
|turn|7
|
|move|p2a: Beedrill|Twineedle|p1a: Nidorino
|-supereffective|p1a: Nidorino
|-damage|p1a: Nidorino|0 fnt
|-hitcount|p1a: Nidorino|1
|faint|p1a: Nidorino
|
|switch|p1a: Charmeleon|Charmeleon, L86|275\/275
|turn|8
|
|move|p2a: Beedrill|Hyper Beam|p1a: Charmeleon
|-damage|p1a: Charmeleon|0 fnt
|faint|p1a: Charmeleon
|
|switch|p1a: Blastoise|Blastoise, L86|311\/311
|turn|9
|
|move|p2a: Beedrill|Twineedle|p1a: Blastoise
|-damage|p1a: Blastoise|244\/311
|-damage|p1a: Blastoise|177\/311
|-hitcount|p1a: Blastoise|2
|move|p1a: Blastoise|Body Slam|p2a: Beedrill
|-damage|p2a: Beedrill|5\/287
|
|turn|10
|
|move|p2a: Beedrill|Hyper Beam|p1a: Blastoise
|-damage|p1a: Blastoise|0 fnt
|faint|p1a: Blastoise
|
|switch|p1a: Raichu|Raichu, L86|279\/279
|turn|11
|
|move|p2a: Beedrill|Hyper Beam|p1a: Raichu
|-damage|p1a: Raichu|0 fnt
|faint|p1a: Raichu
|
|switch|p1a: Golbat|Golbat, L86|304\/304
|turn|12
|
|move|p2a: Beedrill|Hyper Beam|p1a: Golbat
|-damage|p1a: Golbat|0 fnt
|faint|p1a: Golbat
|-message|Geoffrei forfeited.
|
|win|MrPetro
|raw|Ladder updating...
|leave|Geoffrei
|player|p1
|raw|Geoffrei's rating: 1338 &rarr; <strong>1309<\/strong><br \/>(-29 for losing)
|raw|MrPetro's rating: 1172 &rarr; <strong>1208<\/strong><br \/>(+36 for winning)