|join|kid gf lol
|join|Firestar493
|player|p1|kid gf lol|167
|player|p2|Firestar493|164
|gametype|singles
|gen|1
|tier|[Gen 1] OU (beta)
|rated
|rule|Sleep Clause Mod: Limit one foe put to sleep
|rule|Species Clause: Limit one of each Pokemon
|rule|OHKO Clause: OHKO moves are banned
|rule|Moody Clause: Moody is banned
|rule|Evasion Moves Clause: Evasion moves are banned
|rule|Endless Battle Clause: Forcing endless battles is banned.
|rule|HP Percentage Mod: HP is reported as percentages
|
|start
|switch|p1a: Mr Mime|Jynx|333\/333
|switch|p2a: Alakazam|Alakazam|313\/313
|turn|1
|
|move|p2a: Alakazam|Thunder Wave|p1a: Mr Mime
|-status|p1a: Mr Mime|par
|move|p1a: Mr Mime|Lovely Kiss|p2a: Alakazam
|-status|p2a: Alakazam|slp
|
|turn|2
|
|switch|p2a: Chansey|Chansey|703\/703
|move|p1a: Mr Mime|Reflect|p1a: Mr Mime
|
|turn|3
|
|move|p2a: Chansey|Thunderbolt|p1a: Mr Mime
|-crit|p1a: Mr Mime
|-damage|p1a: Mr Mime|177\/333 par
|move|p1a: Mr Mime|Blizzard|p2a: Chansey
|-crit|p2a: Chansey
|-damage|p2a: Chansey|430\/703
|
|turn|4
|
|move|p2a: Chansey|Thunderbolt|p1a: Mr Mime
|-damage|p1a: Mr Mime|98\/333 par
|move|p1a: Mr Mime|Blizzard|p2a: Chansey
|-damage|p2a: Chansey|307\/703
|
|turn|5
|
|move|p2a: Chansey|Soft-Boiled|p2a: Chansey
|-heal|p2a: Chansey|658\/703
|move|p1a: Mr Mime|Blizzard|p2a: Chansey
|-damage|p2a: Chansey|536\/703
|
|turn|6
|
|move|p2a: Chansey|Thunderbolt|p1a: Mr Mime
|-damage|p1a: Mr Mime|25\/333 par
|move|p1a: Mr Mime|Blizzard|p2a: Chansey
|-damage|p2a: Chansey|411\/703
|
|turn|7
|
|switch|p1a: Breakfast Pouch|Chansey|703\/703
|move|p2a: Chansey|Ice Beam|p1a: Breakfast Pouch
|-damage|p1a: Breakfast Pouch|630\/703
|
|turn|8
|
|move|p2a: Chansey|Ice Beam|p1a: Breakfast Pouch
|-damage|p1a: Breakfast Pouch|562\/703
|move|p1a: Breakfast Pouch|Ice Beam|p2a: Chansey
|-damage|p2a: Chansey|335\/703
|
|turn|9
|
|switch|p1a: GhostInaShell|Cloyster|303\/303
|move|p2a: Chansey|Soft-Boiled|p2a: Chansey
|-heal|p2a: Chansey|686\/703
|
|turn|10
|
|switch|p1a: Breakfast Pouch|Chansey|562\/703
|move|p2a: Chansey|Thunder Wave|p1a: Breakfast Pouch
|-status|p1a: Breakfast Pouch|par
|
|turn|11
|join|pdc1
|
|switch|p2a: Snorlax|Snorlax|523\/523
|move|p1a: Breakfast Pouch|Ice Beam|p2a: Snorlax
|-damage|p2a: Snorlax|428\/523
|
|turn|12
|
|switch|p1a: GhostInaShell|Cloyster|303\/303
|move|p2a: Snorlax|Earthquake|p1a: GhostInaShell
|-damage|p1a: GhostInaShell|246\/303
|
|turn|13
|
|switch|p2a: Chansey|Chansey|686\/703
|move|p1a: GhostInaShell|Clamp|p2a: Chansey
|-damage|p2a: Chansey|648\/703
|-activate|p2a: Chansey|move: Clamp|[of] p1a: GhostInaShell
|
|turn|14
|
|move|p1a: GhostInaShell|Clamp|p2a: Chansey
|-damage|p2a: Chansey|610\/703
|cant|p2a: Chansey|partiallytrapped
|
|-end|p2a: Chansey|Clamp|[partiallytrapped]
|turn|15
|
|move|p1a: GhostInaShell|Clamp|p2a: Chansey
|-crit|p2a: Chansey
|-damage|p2a: Chansey|539\/703
|-activate|p2a: Chansey|move: Clamp|[of] p1a: GhostInaShell
|cant|p2a: Chansey|partiallytrapped
|
|turn|16
|
|move|p1a: GhostInaShell|Clamp|p2a: Chansey
|-damage|p2a: Chansey|468\/703
|cant|p2a: Chansey|partiallytrapped
|
|turn|17
|
|move|p1a: GhostInaShell|Clamp|p2a: Chansey
|-damage|p2a: Chansey|397\/703
|cant|p2a: Chansey|partiallytrapped
|
|-end|p2a: Chansey|Clamp|[partiallytrapped]
|turn|18
|
|move|p1a: GhostInaShell|Clamp|p2a: Chansey
|-damage|p2a: Chansey|360\/703
|-activate|p2a: Chansey|move: Clamp|[of] p1a: GhostInaShell
|cant|p2a: Chansey|partiallytrapped
|
|turn|19
|
|move|p1a: GhostInaShell|Clamp|p2a: Chansey
|-damage|p2a: Chansey|323\/703
|cant|p2a: Chansey|partiallytrapped
|
|turn|20
|
|move|p1a: GhostInaShell|Clamp|p2a: Chansey
|-damage|p2a: Chansey|286\/703
|cant|p2a: Chansey|partiallytrapped
|
|-end|p2a: Chansey|Clamp|[partiallytrapped]
|turn|21
|
|move|p1a: GhostInaShell|Clamp|p2a: Chansey|[miss]
|-miss|p1a: GhostInaShell
|move|p2a: Chansey|Soft-Boiled|p2a: Chansey
|-heal|p2a: Chansey|637\/703
|
|turn|22
|chat|Firestar493|misclicked ;_;
|
|switch|p1a: Breakfast Pouch|Chansey|562\/703 par
|move|p2a: Chansey|Thunder Wave|p1a: Breakfast Pouch
|-fail|p1a: Breakfast Pouch|par
|
|turn|23
|
|switch|p2a: Snorlax|Snorlax|428\/523
|move|p1a: Breakfast Pouch|Ice Beam|p2a: Snorlax
|-damage|p2a: Snorlax|328\/523
|-status|p2a: Snorlax|frz
|
|turn|24
|
|switch|p2a: Alakazam|Alakazam|313\/313 slp
|cant|p1a: Breakfast Pouch|par
|
|turn|25
|
|switch|p1a: TNT|Golem|363\/363
|cant|p2a: Alakazam|slp
|
|turn|26
|
|switch|p2a: Exeggutor|Exeggutor|393\/393
|move|p1a: TNT|Earthquake|p2a: Exeggutor
|-resisted|p2a: Exeggutor
|-damage|p2a: Exeggutor|321\/393
|
|turn|27
|chat|kid gf lol|was bound to happen, you were taking freeze moves up the ass
|chat|Firestar493|Yeah I know
|chat|Firestar493|I'm no stranger to probability :p
|chat|Firestar493|Got that bait though
|
|switch|p1a: Breakfast Pouch|Chansey|562\/703 par
|move|p2a: Exeggutor|Psychic|p1a: Breakfast Pouch
|-damage|p1a: Breakfast Pouch|434\/703 par
|
|turn|28
|
|move|p2a: Exeggutor|Psychic|p1a: Breakfast Pouch
|-damage|p1a: Breakfast Pouch|317\/703 par
|move|p1a: Breakfast Pouch|Soft-Boiled|p1a: Breakfast Pouch
|-heal|p1a: Breakfast Pouch|668\/703 par
|
|turn|29
|
|move|p2a: Exeggutor|Psychic|p1a: Breakfast Pouch
|-damage|p1a: Breakfast Pouch|550\/703 par
|-unboost|p1a: Breakfast Pouch|spd|1
|-unboost|p1a: Breakfast Pouch|spa|1
|move|p1a: Breakfast Pouch|Ice Beam|p2a: Exeggutor
|-supereffective|p2a: Exeggutor
|-damage|p2a: Exeggutor|231\/393
|
|turn|30
|chat|kid gf lol|most i've frozen in 1 game is 4 lol
|chat|Firestar493|lol
|chat|kid gf lol|but one of his guys was ice
|
|move|p2a: Exeggutor|Psychic|p1a: Breakfast Pouch
|-damage|p1a: Breakfast Pouch|375\/703 par
|-unboost|p1a: Breakfast Pouch|spd|1
|-unboost|p1a: Breakfast Pouch|spa|1
|move|p1a: Breakfast Pouch|Ice Beam|p2a: Exeggutor
|-supereffective|p2a: Exeggutor
|-damage|p2a: Exeggutor|163\/393
|
|turn|31
|chat|Firestar493|Lapras or Cloy?
|chat|Firestar493|Or Jynx?
|chat|kid gf lol|idk i think it was jynx
|
|switch|p1a: Zam Lead|Alakazam|313\/313
|move|p2a: Exeggutor|Psychic|p1a: Zam Lead
|-resisted|p1a: Zam Lead
|-damage|p1a: Zam Lead|265\/313
|
|turn|32
|chat|kid gf lol|and the other one died before it got froze i think
|chat|Firestar493|better rename your zam lol
|
|switch|p1a: Breakfast Pouch|Chansey|375\/703 par
|move|p2a: Exeggutor|Sleep Powder|p1a: Breakfast Pouch
|-fail|p1a: Breakfast Pouch
|
|turn|33
|
|move|p2a: Exeggutor|Psychic|p1a: Breakfast Pouch
|-damage|p1a: Breakfast Pouch|252\/703 par
|-unboost|p1a: Breakfast Pouch|spd|1
|-unboost|p1a: Breakfast Pouch|spa|1
|move|p1a: Breakfast Pouch|Soft-Boiled|p1a: Breakfast Pouch
|-heal|p1a: Breakfast Pouch|603\/703 par
|
|turn|34
|
|move|p2a: Exeggutor|Psychic|p1a: Breakfast Pouch
|-crit|p1a: Breakfast Pouch
|-damage|p1a: Breakfast Pouch|369\/703 par
|move|p1a: Breakfast Pouch|Ice Beam|p2a: Exeggutor
|-crit|p2a: Exeggutor
|-supereffective|p2a: Exeggutor
|-damage|p2a: Exeggutor|0 fnt
|faint|p2a: Exeggutor
|
|join|StealthyTomato
|leave|StealthyTomato
|
|switch|p2a: Golem|Golem|363\/363
|turn|35
|chat|Firestar493|I forgot to name my 'mons. ._.
|
|switch|p1a: Result of Incest|Exeggutor|393\/393
|move|p2a: Golem|Earthquake|p1a: Result of Incest
|-resisted|p1a: Result of Incest
|-damage|p1a: Result of Incest|318\/393
|
|turn|36
|
|switch|p2a: Chansey|Chansey|637\/703
|move|p1a: Result of Incest|Sleep Powder|p2a: Chansey
|-message|Sleep Clause Mod activated.
|
|turn|37
|chat|kid gf lol|oh
|chat|Firestar493|heh
|
|switch|p1a: Breakfast Pouch|Chansey|369\/703 par
|move|p2a: Chansey|Ice Beam|p1a: Breakfast Pouch
|-damage|p1a: Breakfast Pouch|295\/703 par
|
|turn|38
|chat|kid gf lol|yeah forgot about that
|
|switch|p2a: Golem|Golem|363\/363
|cant|p1a: Breakfast Pouch|par
|
|turn|39
|
|switch|p1a: Result of Incest|Exeggutor|318\/393
|move|p2a: Golem|Rock Slide|p1a: Result of Incest
|-damage|p1a: Result of Incest|222\/393
|
|turn|40
|
|switch|p2a: Chansey|Chansey|637\/703
|move|p1a: Result of Incest|Psychic|p2a: Chansey
|-damage|p2a: Chansey|514\/703
|
|turn|41
|
|switch|p2a: Golem|Golem|363\/363
|move|p1a: Result of Incest|Explosion|p2a: Golem
|-crit|p2a: Golem
|-resisted|p2a: Golem
|-damage|p2a: Golem|135\/363
|faint|p1a: Result of Incest
|chat|kid gf lol|lol
|
|switch|p1a: GhostInaShell|Cloyster|246\/303
|turn|42
|chat|Firestar493|lol the crit
|chat|kid gf lol|still did a ton
|
|switch|p2a: Chansey|Chansey|514\/703
|move|p1a: GhostInaShell|Blizzard|p2a: Chansey
|-damage|p2a: Chansey|384\/703
|
|turn|43
|
|switch|p1a: Breakfast Pouch|Chansey|295\/703 par
|move|p2a: Chansey|Thunder Wave|p1a: Breakfast Pouch
|-fail|p1a: Breakfast Pouch|par
|
|turn|44
|
|switch|p2a: Alakazam|Alakazam|313\/313 slp
|move|p1a: Breakfast Pouch|Ice Beam|p2a: Alakazam
|-damage|p2a: Alakazam|248\/313 slp
|
|turn|45
|
|switch|p1a: TNT|Golem|363\/363
|cant|p2a: Alakazam|slp
|-curestatus|p2a: Alakazam|slp
|
|turn|46
|
|switch|p1a: Zam Lead|Alakazam|265\/313
|move|p2a: Alakazam|Psychic|p1a: Zam Lead
|-resisted|p1a: Zam Lead
|-damage|p1a: Zam Lead|209\/313
|
|turn|47
|
|switch|p2a: Chansey|Chansey|384\/703
|move|p1a: Zam Lead|Psychic|p2a: Chansey
|-damage|p2a: Chansey|255\/703
|
|turn|48
|
|switch|p1a: Breakfast Pouch|Chansey|295\/703 par
|move|p2a: Chansey|Soft-Boiled|p2a: Chansey
|-heal|p2a: Chansey|606\/703
|
|turn|49
|
|switch|p2a: Golem|Golem|135\/363
|cant|p1a: Breakfast Pouch|par
|
|turn|50
|
|switch|p1a: Mr Mime|Jynx|25\/333 par
|move|p2a: Golem|Earthquake|p1a: Mr Mime
|-damage|p1a: Mr Mime|0 fnt
|faint|p1a: Mr Mime
|
|
|switch|p1a: GhostInaShell|Cloyster|246\/303
|turn|51
|
|switch|p2a: Chansey|Chansey|606\/703
|move|p1a: GhostInaShell|Blizzard|p2a: Chansey|[miss]
|-miss|p1a: GhostInaShell
|
|turn|52
|
|switch|p1a: Breakfast Pouch|Chansey|295\/703 par
|switch|p2a: Alakazam|Alakazam|248\/313
|
|turn|53
|
|switch|p2a: Golem|Golem|135\/363
|move|p1a: Breakfast Pouch|Soft-Boiled|p1a: Breakfast Pouch
|-heal|p1a: Breakfast Pouch|646\/703 par
|
|turn|54
|
|move|p2a: Golem|Earthquake|p1a: Breakfast Pouch
|-damage|p1a: Breakfast Pouch|315\/703 par
|move|p1a: Breakfast Pouch|Ice Beam|p2a: Golem
|-supereffective|p2a: Golem
|-damage|p2a: Golem|0 fnt
|faint|p2a: Golem
|
|chat|Firestar493|That 50\/50 though
|
|switch|p2a: Tauros|Tauros|353\/353
|turn|55
|
|switch|p2a: Chansey|Chansey|606\/703
|switch|p1a: GhostInaShell|Cloyster|246\/303
|
|turn|56
|
|switch|p1a: Zam Lead|Alakazam|209\/313
|switch|p2a: Tauros|Tauros|353\/353
|
|turn|57
|
|switch|p2a: Chansey|Chansey|606\/703
|move|p1a: Zam Lead|Thunder Wave|p2a: Chansey
|-status|p2a: Chansey|par
|
|turn|58
|
|switch|p1a: Breakfast Pouch|Chansey|315\/703 par
|move|p2a: Chansey|Ice Beam|p1a: Breakfast Pouch
|-damage|p1a: Breakfast Pouch|239\/703 par
|
|turn|59
|
|switch|p2a: Tauros|Tauros|353\/353
|move|p1a: Breakfast Pouch|Soft-Boiled|p1a: Breakfast Pouch
|-heal|p1a: Breakfast Pouch|590\/703 par
|
|turn|60
|
|move|p2a: Tauros|Body Slam|p1a: Breakfast Pouch
|-damage|p1a: Breakfast Pouch|307\/703 par
|cant|p1a: Breakfast Pouch|par
|
|turn|61
|
|switch|p1a: GhostInaShell|Cloyster|246\/303
|move|p2a: Tauros|Hyper Beam|p1a: GhostInaShell
|-damage|p1a: GhostInaShell|135\/303
|
|turn|62
|chat|kid gf lol|the least convienient paras ever.
|chat|Firestar493|lol
|
|cant|p2a: Tauros|recharge
|move|p1a: GhostInaShell|Blizzard|p2a: Tauros|[miss]
|-miss|p1a: GhostInaShell
|
|turn|63
|chat|kid gf lol|wow
|chat|Firestar493|double miss
|
|switch|p2a: Chansey|Chansey|606\/703 par
|move|p1a: GhostInaShell|Clamp|p2a: Chansey|[miss]
|-miss|p1a: GhostInaShell
|
|turn|64
|
|move|p1a: GhostInaShell|Explosion|p2a: Chansey
|-damage|p2a: Chansey|0 fnt
|faint|p2a: Chansey
|faint|p1a: GhostInaShell
|
|switch|p1a: Zam Lead|Alakazam|209\/313
|switch|p2a: Alakazam|Alakazam|248\/313
|turn|65
|
|move|p1a: Zam Lead|Thunder Wave|p2a: Alakazam
|-status|p2a: Alakazam|par
|cant|p2a: Alakazam|par
|
|turn|66
|
|switch|p1a: Breakfast Pouch|Chansey|307\/703 par
|move|p2a: Alakazam|Psychic|p1a: Breakfast Pouch
|-damage|p1a: Breakfast Pouch|174\/703 par
|
|turn|67
|
|switch|p2a: Tauros|Tauros|353\/353
|move|p1a: Breakfast Pouch|Soft-Boiled|p1a: Breakfast Pouch
|-heal|p1a: Breakfast Pouch|525\/703 par
|
|turn|68
|
|move|p2a: Tauros|Blizzard|p1a: Breakfast Pouch
|-damage|p1a: Breakfast Pouch|458\/703 par
|move|p1a: Breakfast Pouch|Thunder Wave|p2a: Tauros
|-status|p2a: Tauros|par
|
|turn|69
|chat|kid gf lol|yessss
|
|switch|p1a: TNT|Golem|363\/363
|move|p2a: Tauros|Blizzard|p1a: TNT
|-crit|p1a: TNT
|-supereffective|p1a: TNT
|-damage|p1a: TNT|0 fnt
|faint|p1a: TNT
|
|chat|Firestar493|ooh
|
|switch|p1a: Zam Lead|Alakazam|209\/313
|turn|70
|
|move|p1a: Zam Lead|Reflect|p1a: Zam Lead
|move|p2a: Tauros|Body Slam|p1a: Zam Lead
|-damage|p1a: Zam Lead|126\/313
|
|turn|71
|
|move|p1a: Zam Lead|Recover|p1a: Zam Lead
|-heal|p1a: Zam Lead|282\/313
|move|p2a: Tauros|Body Slam|p1a: Zam Lead
|-damage|p1a: Zam Lead|201\/313
|
|turn|72
|
|switch|p2a: Alakazam|Alakazam|248\/313 par
|move|p1a: Zam Lead|Psychic|p2a: Alakazam
|-resisted|p2a: Alakazam
|-damage|p2a: Alakazam|194\/313 par
|
|turn|73
|chat|pdc1|can you switch on the recharge turn for hyper beam?
|chat|Firestar493|Me?
|chat|Firestar493|No
|chat|Firestar493|If you recharge (forced) for Hyper Beam, you can't switch
|
|move|p1a: Zam Lead|Psychic|p2a: Alakazam
|-resisted|p2a: Alakazam
|-damage|p2a: Alakazam|139\/313 par
|cant|p2a: Alakazam|par
|
|turn|74
|
|switch|p1a: Breakfast Pouch|Chansey|458\/703 par
|move|p2a: Alakazam|Recover|p2a: Alakazam
|-heal|p2a: Alakazam|295\/313 par
|
|turn|75
|chat|pdc1|yeah. okay just wondering because i get slaking in randoms and i always switch on the traunt turn
|
|cant|p2a: Alakazam|par
|cant|p1a: Breakfast Pouch|par
|
|turn|76
|
|move|p2a: Alakazam|Psychic|p1a: Breakfast Pouch
|-damage|p1a: Breakfast Pouch|337\/703 par
|move|p1a: Breakfast Pouch|Soft-Boiled|p1a: Breakfast Pouch
|-heal|p1a: Breakfast Pouch|688\/703 par
|
|turn|77
|
|move|p2a: Alakazam|Psychic|p1a: Breakfast Pouch
|-damage|p1a: Breakfast Pouch|562\/703 par
|move|p1a: Breakfast Pouch|Thunderbolt|p2a: Alakazam
|-damage|p2a: Alakazam|234\/313 par
|
|turn|78
|
|move|p2a: Alakazam|Psychic|p1a: Breakfast Pouch
|-crit|p1a: Breakfast Pouch
|-damage|p1a: Breakfast Pouch|300\/703 par
|-unboost|p1a: Breakfast Pouch|spd|1
|-unboost|p1a: Breakfast Pouch|spa|1
|move|p1a: Breakfast Pouch|Thunderbolt|p2a: Alakazam
|-damage|p2a: Alakazam|191\/313 par
|
|turn|79
|
|switch|p2a: Tauros|Tauros|353\/353 par
|move|p1a: Breakfast Pouch|Soft-Boiled|p1a: Breakfast Pouch
|-heal|p1a: Breakfast Pouch|651\/703 par
|
|turn|80
|
|move|p2a: Tauros|Body Slam|p1a: Breakfast Pouch
|-crit|p1a: Breakfast Pouch
|-damage|p1a: Breakfast Pouch|60\/703 par
|move|p1a: Breakfast Pouch|Ice Beam|p2a: Tauros
|-damage|p2a: Tauros|286\/353 par
|
|turn|81
|
|move|p2a: Tauros|Body Slam|p1a: Breakfast Pouch
|-damage|p1a: Breakfast Pouch|0 fnt
|faint|p1a: Breakfast Pouch
|
|
|switch|p1a: Zam Lead|Alakazam|201\/313
|turn|82
|
|move|p1a: Zam Lead|Psychic|p2a: Tauros
|-damage|p2a: Tauros|115\/353 par
|move|p2a: Tauros|Body Slam|p1a: Zam Lead
|-damage|p1a: Zam Lead|55\/313
|
|turn|83
|
|switch|p2a: Alakazam|Alakazam|191\/313 par
|move|p1a: Zam Lead|Psychic|p2a: Alakazam
|-resisted|p2a: Alakazam
|-damage|p2a: Alakazam|143\/313 par
|
|turn|84
|
|move|p1a: Zam Lead|Recover|p1a: Zam Lead
|-heal|p1a: Zam Lead|211\/313
|move|p2a: Alakazam|Thunder Wave|p1a: Zam Lead
|-status|p1a: Zam Lead|par
|
|turn|85
|
|move|p1a: Zam Lead|Recover|p1a: Zam Lead
|-heal|p1a: Zam Lead|313\/313 par
|move|p2a: Alakazam|Recover|p2a: Alakazam
|-heal|p2a: Alakazam|299\/313 par
|
|turn|86
|
|move|p2a: Alakazam|Psychic|p1a: Zam Lead
|-resisted|p1a: Zam Lead
|-damage|p1a: Zam Lead|259\/313 par
|move|p1a: Zam Lead|Reflect|p1a: Zam Lead
|
|turn|87
|chat|Firestar493|Good thing I have two fodders...
|
|cant|p1a: Zam Lead|par
|cant|p2a: Alakazam|par
|
|turn|88
|
|move|p2a: Alakazam|Psychic|p1a: Zam Lead
|-crit|p1a: Zam Lead
|-resisted|p1a: Zam Lead
|-damage|p1a: Zam Lead|150\/313 par
|cant|p1a: Zam Lead|par
|
|turn|89
|
|move|p2a: Alakazam|Psychic|p1a: Zam Lead
|-crit|p1a: Zam Lead
|-resisted|p1a: Zam Lead
|-damage|p1a: Zam Lead|46\/313 par
|-unboost|p1a: Zam Lead|spd|1
|-unboost|p1a: Zam Lead|spa|1
|cant|p1a: Zam Lead|par
|
|turn|90
|chat|kid gf lol|yeah but you must be low on psychics?
|chat|Firestar493|wow
|chat|kid gf lol|nvm
|chat|Firestar493|Yeah, 8
|chat|Firestar493|~37% chance I win this turn.
|
|cant|p2a: Alakazam|par
|move|p1a: Zam Lead|Recover|p1a: Zam Lead
|-heal|p1a: Zam Lead|202\/313 par
|
|turn|91
|chat|Firestar493|nope
|
|move|p1a: Zam Lead|Recover|p1a: Zam Lead
|-heal|p1a: Zam Lead|313\/313 par
|move|p2a: Alakazam|Psychic|p1a: Zam Lead
|-resisted|p1a: Zam Lead
|-damage|p1a: Zam Lead|240\/313 par
|
|turn|92
|
|move|p1a: Zam Lead|Recover|p1a: Zam Lead
|-heal|p1a: Zam Lead|313\/313 par
|move|p2a: Alakazam|Psychic|p1a: Zam Lead
|-resisted|p1a: Zam Lead
|-damage|p1a: Zam Lead|240\/313 par
|-unboost|p1a: Zam Lead|spd|1
|-unboost|p1a: Zam Lead|spa|1
|
|turn|93
|
|move|p1a: Zam Lead|Recover|p1a: Zam Lead
|-heal|p1a: Zam Lead|313\/313 par
|move|p2a: Alakazam|Psychic|p1a: Zam Lead
|-resisted|p1a: Zam Lead
|-damage|p1a: Zam Lead|217\/313 par
|
|turn|94
|
|move|p1a: Zam Lead|Recover|p1a: Zam Lead
|-heal|p1a: Zam Lead|313\/313 par
|cant|p2a: Alakazam|par
|
|turn|95
|
|move|p1a: Zam Lead|Psychic|p2a: Alakazam
|-crit|p2a: Alakazam
|-resisted|p2a: Alakazam
|-damage|p2a: Alakazam|197\/313 par
|move|p2a: Alakazam|Psychic|p1a: Zam Lead
|-resisted|p1a: Zam Lead
|-damage|p1a: Zam Lead|207\/313 par
|
|turn|96
|
|move|p2a: Alakazam|Psychic|p1a: Zam Lead
|-crit|p1a: Zam Lead
|-resisted|p1a: Zam Lead
|-damage|p1a: Zam Lead|96\/313 par
|move|p1a: Zam Lead|Recover|p1a: Zam Lead
|-heal|p1a: Zam Lead|252\/313 par
|
|turn|97
|
|move|p1a: Zam Lead|Recover|p1a: Zam Lead
|-heal|p1a: Zam Lead|313\/313 par
|move|p2a: Alakazam|Psychic|p1a: Zam Lead
|-crit|p1a: Zam Lead
|-resisted|p1a: Zam Lead
|-damage|p1a: Zam Lead|204\/313 par
|-unboost|p1a: Zam Lead|spd|1
|-unboost|p1a: Zam Lead|spa|1
|
|turn|98
|
|move|p2a: Alakazam|Psychic|p1a: Zam Lead
|-resisted|p1a: Zam Lead
|-damage|p1a: Zam Lead|77\/313 par
|-unboost|p1a: Zam Lead|spd|1
|-unboost|p1a: Zam Lead|spa|1
|cant|p1a: Zam Lead|par
|
|turn|99
|
|move|p1a: Zam Lead|Recover|p1a: Zam Lead
|-heal|p1a: Zam Lead|233\/313 par
|move|p2a: Alakazam|Seismic Toss|p1a: Zam Lead
|-damage|p1a: Zam Lead|133\/313 par
|
|turn|100
|chat|kid gf lol|oh s toss
|chat|kid gf lol|you win
|
|move|p1a: Zam Lead|Recover|p1a: Zam Lead
|-heal|p1a: Zam Lead|289\/313 par
|move|p2a: Alakazam|Psychic|p1a: Zam Lead
|-resisted|p1a: Zam Lead
|-damage|p1a: Zam Lead|135\/313 par
|
|turn|101
|chat|Firestar493|Yeah, you're Reflect
|
|move|p2a: Alakazam|Seismic Toss|p1a: Zam Lead
|-damage|p1a: Zam Lead|35\/313 par
|move|p1a: Zam Lead|Recover|p1a: Zam Lead
|-heal|p1a: Zam Lead|191\/313 par
|
|turn|102
|
|move|p1a: Zam Lead|Recover|p1a: Zam Lead
|-heal|p1a: Zam Lead|313\/313 par
|cant|p2a: Alakazam|par
|
|turn|103
|
|move|p2a: Alakazam|Seismic Toss|p1a: Zam Lead
|-damage|p1a: Zam Lead|213\/313 par
|cant|p1a: Zam Lead|par
|
|turn|104
|
|move|p1a: Zam Lead|Recover|p1a: Zam Lead
|-heal|p1a: Zam Lead|313\/313 par
|move|p2a: Alakazam|Seismic Toss|p1a: Zam Lead
|-damage|p1a: Zam Lead|213\/313 par
|
|turn|105
|
|move|p2a: Alakazam|Seismic Toss|p1a: Zam Lead
|-damage|p1a: Zam Lead|113\/313 par
|move|p1a: Zam Lead|Psychic|p2a: Alakazam
|-resisted|p2a: Alakazam
|-damage|p2a: Alakazam|178\/313 par
|
|turn|106
|
|move|p2a: Alakazam|Seismic Toss|p1a: Zam Lead
|-damage|p1a: Zam Lead|13\/313 par
|move|p1a: Zam Lead|Recover|p1a: Zam Lead
|-heal|p1a: Zam Lead|169\/313 par
|
|turn|107
|
|move|p2a: Alakazam|Seismic Toss|p1a: Zam Lead
|-damage|p1a: Zam Lead|69\/313 par
|move|p1a: Zam Lead|Recover|p1a: Zam Lead
|-heal|p1a: Zam Lead|225\/313 par
|
|turn|108
|
|move|p2a: Alakazam|Seismic Toss|p1a: Zam Lead
|-damage|p1a: Zam Lead|125\/313 par
|cant|p1a: Zam Lead|par
|
|turn|109
|
|switch|p2a: Tauros|Tauros|115\/353 par
|cant|p1a: Zam Lead|par
|
|turn|110
|
|switch|p2a: Alakazam|Alakazam|178\/313 par
|move|p1a: Zam Lead|Psychic|p2a: Alakazam
|-crit|p2a: Alakazam
|-resisted|p2a: Alakazam
|-damage|p2a: Alakazam|73\/313 par
|
|turn|111
|
|move|p2a: Alakazam|Recover|p2a: Alakazam
|-heal|p2a: Alakazam|229\/313 par
|move|p1a: Zam Lead|Psychic|p2a: Alakazam
|-crit|p2a: Alakazam
|-resisted|p2a: Alakazam
|-damage|p2a: Alakazam|118\/313 par
|-unboost|p2a: Alakazam|spd|1
|-unboost|p2a: Alakazam|spa|1
|
|turn|112
|chat|Firestar493|hm.
|chat|Firestar493|ooh, the speed tie though
|
|cant|p2a: Alakazam|par
|cant|p1a: Zam Lead|par
|
|turn|113
|
|switch|p2a: Snorlax|Snorlax|328\/523 frz
|move|p1a: Zam Lead|Psychic|p2a: Snorlax
|-damage|p2a: Snorlax|274\/523 frz
|-unboost|p2a: Snorlax|spd|1
|-unboost|p2a: Snorlax|spa|1
|
|turn|114
|
|switch|p2a: Alakazam|Alakazam|118\/313 par
|move|p1a: Zam Lead|Psychic|p2a: Alakazam
|-resisted|p2a: Alakazam
|-damage|p2a: Alakazam|99\/313 par
|-unboost|p2a: Alakazam|spd|1
|-unboost|p2a: Alakazam|spa|1
|
|turn|115
|chat|kid gf lol|crit plz
|
|move|p1a: Zam Lead|Psychic|p2a: Alakazam
|-resisted|p2a: Alakazam
|-damage|p2a: Alakazam|70\/313 par
|cant|p2a: Alakazam|par
|
|turn|116
|
|move|p1a: Zam Lead|Recover|p1a: Zam Lead
|-heal|p1a: Zam Lead|281\/313 par
|move|p2a: Alakazam|Recover|p2a: Alakazam
|-heal|p2a: Alakazam|226\/313 par
|
|turn|117
|chat|Firestar493|lol
|chat|kid gf lol|cant fight tauros even if i crit @ 40%
|
|cant|p2a: Alakazam|par
|move|p1a: Zam Lead|Psychic|p2a: Alakazam
|-resisted|p2a: Alakazam
|-damage|p2a: Alakazam|202\/313 par
|-unboost|p2a: Alakazam|spd|1
|-unboost|p2a: Alakazam|spa|1
|
|turn|118
|
|move|p2a: Alakazam|Seismic Toss|p1a: Zam Lead
|-damage|p1a: Zam Lead|181\/313 par
|move|p1a: Zam Lead|Psychic|p2a: Alakazam
|-resisted|p2a: Alakazam
|-damage|p2a: Alakazam|165\/313 par
|-unboost|p2a: Alakazam|spd|1
|-unboost|p2a: Alakazam|spa|1
|
|turn|119
|
|switch|p2a: Snorlax|Snorlax|274\/523 frz
|move|p1a: Zam Lead|Recover|p1a: Zam Lead
|-heal|p1a: Zam Lead|313\/313 par
|
|turn|120
|
|cant|p2a: Snorlax|frz
|move|p1a: Zam Lead|Thunder Wave|p2a: Snorlax
|-fail|p2a: Snorlax
|
|turn|121
|
|cant|p2a: Snorlax|frz
|cant|p1a: Zam Lead|par
|
|turn|122
|
|switch|p2a: Alakazam|Alakazam|165\/313 par
|cant|p1a: Zam Lead|par
|
|turn|123
|
|switch|p2a: Snorlax|Snorlax|274\/523 frz
|cant|p1a: Zam Lead|par
|
|turn|124
|
|cant|p2a: Snorlax|frz
|move|p1a: Zam Lead|Reflect|p1a: Zam Lead
|-fail|p1a: Zam Lead
|
|turn|125
|
|cant|p2a: Snorlax|frz
|move|p1a: Zam Lead|Reflect|p1a: Zam Lead
|-fail|p1a: Zam Lead
|
|turn|126
|
|cant|p2a: Snorlax|frz
|cant|p1a: Zam Lead|par
|
|turn|127
|chat|Firestar493|thank you, frozen mon
|
|cant|p2a: Snorlax|frz
|move|p1a: Zam Lead|Psychic|p2a: Snorlax
|-crit|p2a: Snorlax
|-damage|p2a: Snorlax|0 fnt
|faint|p2a: Snorlax
|
|chat|kid gf lol|yes
|
|switch|p2a: Tauros|Tauros|115\/353 par
|turn|128
|
|switch|p2a: Alakazam|Alakazam|165\/313 par
|cant|p1a: Zam Lead|par
|
|turn|129
|chat|Firestar493|aw...
|
|move|p2a: Alakazam|Recover|p2a: Alakazam
|-heal|p2a: Alakazam|313\/313 par
|cant|p1a: Zam Lead|par
|
|turn|130
|
|move|p2a: Alakazam|Seismic Toss|p1a: Zam Lead
|-damage|p1a: Zam Lead|213\/313 par
|move|p1a: Zam Lead|Thunder Wave|p2a: Alakazam
|-fail|p2a: Alakazam|par
|
|turn|131
|
|cant|p2a: Alakazam|par
|cant|p1a: Zam Lead|par
|
|turn|132
|
|cant|p2a: Alakazam|par
|move|p1a: Zam Lead|Recover|p1a: Zam Lead
|-heal|p1a: Zam Lead|313\/313 par
|
|turn|133
|
|move|p1a: Zam Lead|Reflect|p1a: Zam Lead
|-fail|p1a: Zam Lead
|move|p2a: Alakazam|Thunder Wave|p1a: Zam Lead
|-fail|p1a: Zam Lead|par
|
|turn|134
|
|move|p1a: Zam Lead|Reflect|p1a: Zam Lead
|-fail|p1a: Zam Lead
|move|p2a: Alakazam|Thunder Wave|p1a: Zam Lead
|-fail|p1a: Zam Lead|par
|
|turn|135
|
|move|p1a: Zam Lead|Reflect|p1a: Zam Lead
|-fail|p1a: Zam Lead
|move|p2a: Alakazam|Thunder Wave|p1a: Zam Lead
|-fail|p1a: Zam Lead|par
|
|turn|136
|
|move|p2a: Alakazam|Thunder Wave|p1a: Zam Lead
|-fail|p1a: Zam Lead|par
|move|p1a: Zam Lead|Reflect|p1a: Zam Lead
|-fail|p1a: Zam Lead
|
|turn|137
|
|move|p1a: Zam Lead|Reflect|p1a: Zam Lead
|-fail|p1a: Zam Lead
|move|p2a: Alakazam|Thunder Wave|p1a: Zam Lead
|-fail|p1a: Zam Lead|par
|
|turn|138
|
|move|p1a: Zam Lead|Reflect|p1a: Zam Lead
|-fail|p1a: Zam Lead
|move|p2a: Alakazam|Thunder Wave|p1a: Zam Lead
|-fail|p1a: Zam Lead|par
|
|turn|139
|
|switch|p2a: Tauros|Tauros|115\/353 par
|cant|p1a: Zam Lead|par
|
|turn|140
|chat|pdc1|i'm just watching this for the fun of it, but are gen 1 battles usually this long?
|chat|Firestar493|No
|
|switch|p2a: Alakazam|Alakazam|313\/313 par
|cant|p1a: Zam Lead|par
|
|turn|141
|chat|kid gf lol|no, they're usually like 40 turns
|chat|Firestar493|Yeah, this is to the stall war atm
|
|move|p1a: Zam Lead|Reflect|p1a: Zam Lead
|-fail|p1a: Zam Lead
|move|p2a: Alakazam|Thunder Wave|p1a: Zam Lead
|-fail|p1a: Zam Lead|par
|
|turn|142
|
|cant|p1a: Zam Lead|par
|cant|p2a: Alakazam|par
|
|turn|143
|
|cant|p1a: Zam Lead|par
|move|p2a: Alakazam|Thunder Wave|p1a: Zam Lead
|-fail|p1a: Zam Lead|par
|
|turn|144
|
|move|p1a: Zam Lead|Reflect|p1a: Zam Lead
|-fail|p1a: Zam Lead
|move|p2a: Alakazam|Thunder Wave|p1a: Zam Lead
|-fail|p1a: Zam Lead|par
|
|turn|145
|
|move|p1a: Zam Lead|Reflect|p1a: Zam Lead
|-fail|p1a: Zam Lead
|cant|p2a: Alakazam|par
|
|turn|146
|
|move|p1a: Zam Lead|Reflect|p1a: Zam Lead
|-fail|p1a: Zam Lead
|cant|p2a: Alakazam|par
|
|turn|147
|
|move|p2a: Alakazam|Thunder Wave|p1a: Zam Lead
|-fail|p1a: Zam Lead|par
|move|p1a: Zam Lead|Reflect|p1a: Zam Lead
|-fail|p1a: Zam Lead
|
|turn|148
|
|cant|p2a: Alakazam|par
|move|p1a: Zam Lead|Reflect|p1a: Zam Lead
|-fail|p1a: Zam Lead
|
|turn|149
|
|move|p2a: Alakazam|Thunder Wave|p1a: Zam Lead
|-fail|p1a: Zam Lead|par
|move|p1a: Zam Lead|Reflect|p1a: Zam Lead
|-fail|p1a: Zam Lead
|
|turn|150
|chat|kid gf lol|dont you have more stosses or something
|chat|Firestar493|Yeah
|
|move|p1a: Zam Lead|Reflect|p1a: Zam Lead
|-fail|p1a: Zam Lead
|move|p2a: Alakazam|Seismic Toss|p1a: Zam Lead
|-damage|p1a: Zam Lead|213\/313 par
|
|turn|151
|
|move|p1a: Zam Lead|Reflect|p1a: Zam Lead
|-fail|p1a: Zam Lead
|move|p2a: Alakazam|Seismic Toss|p1a: Zam Lead
|-damage|p1a: Zam Lead|113\/313 par
|
|turn|152
|
|cant|p2a: Alakazam|par
|cant|p1a: Zam Lead|par
|
|turn|153
|
|switch|p2a: Tauros|Tauros|115\/353 par
|move|p1a: Zam Lead|Recover|p1a: Zam Lead
|-heal|p1a: Zam Lead|269\/313 par
|
|turn|154
|
|switch|p2a: Alakazam|Alakazam|313\/313 par
|move|p1a: Zam Lead|Recover|p1a: Zam Lead
|-heal|p1a: Zam Lead|313\/313 par
|
|turn|155
|
|cant|p2a: Alakazam|par
|move|p1a: Zam Lead|Reflect|p1a: Zam Lead
|-fail|p1a: Zam Lead
|
|turn|156
|
|switch|p2a: Tauros|Tauros|115\/353 par
|cant|p1a: Zam Lead|par
|
|turn|157
|
|switch|p2a: Alakazam|Alakazam|313\/313 par
|move|p1a: Zam Lead|Reflect|p1a: Zam Lead
|-fail|p1a: Zam Lead
|
|turn|158
|
|move|p1a: Zam Lead|Reflect|p1a: Zam Lead
|-fail|p1a: Zam Lead
|move|p2a: Alakazam|Thunder Wave|p1a: Zam Lead
|-fail|p1a: Zam Lead|par
|
|turn|159
|
|cant|p1a: Zam Lead|par
|move|p2a: Alakazam|Thunder Wave|p1a: Zam Lead
|-fail|p1a: Zam Lead|par
|
|turn|160
|chat|Firestar493|I want to save the Seismics
|
|move|p2a: Alakazam|Seismic Toss|p1a: Zam Lead
|-damage|p1a: Zam Lead|213\/313 par
|cant|p1a: Zam Lead|par
|
|turn|161
|
|switch|p2a: Tauros|Tauros|115\/353 par
|cant|p1a: Zam Lead|par
|
|turn|162
|
|move|p1a: Zam Lead|Recover|p1a: Zam Lead
|-heal|p1a: Zam Lead|313\/313 par
|move|p2a: Tauros|Body Slam|p1a: Zam Lead
|-damage|p1a: Zam Lead|232\/313 par
|
|turn|163
|
|switch|p2a: Alakazam|Alakazam|313\/313 par
|move|p1a: Zam Lead|Recover|p1a: Zam Lead
|-heal|p1a: Zam Lead|313\/313 par
|
|turn|164
|
|cant|p1a: Zam Lead|par
|move|p2a: Alakazam|Thunder Wave|p1a: Zam Lead
|-fail|p1a: Zam Lead|par
|
|turn|165
|
|move|p1a: Zam Lead|Reflect|p1a: Zam Lead
|-fail|p1a: Zam Lead
|move|p2a: Alakazam|Thunder Wave|p1a: Zam Lead
|-fail|p1a: Zam Lead|par
|
|turn|166
|
|move|p1a: Zam Lead|Reflect|p1a: Zam Lead
|-fail|p1a: Zam Lead
|cant|p2a: Alakazam|par
|
|turn|167
|chat|Firestar493|sorry went afk
|
|move|p2a: Alakazam|Thunder Wave|p1a: Zam Lead
|-fail|p1a: Zam Lead|par
|move|p1a: Zam Lead|Reflect|p1a: Zam Lead
|-fail|p1a: Zam Lead
|
|turn|168
|
|move|p2a: Alakazam|Thunder Wave|p1a: Zam Lead
|-fail|p1a: Zam Lead|par
|cant|p1a: Zam Lead|par
|
|turn|169
|chat|kid gf lol|the longest gen1 games ive had pushed 300 turns
|chat|Firestar493|I've had 1131 turn before. I froze the last guy and kept switching
|chat|Firestar493|:p
|
|move|p1a: Zam Lead|Reflect|p1a: Zam Lead
|-fail|p1a: Zam Lead
|move|p2a: Alakazam|Thunder Wave|p1a: Zam Lead
|-fail|p1a: Zam Lead|par
|
|turn|170
|chat|kid gf lol|usually those are double recover vs double recover
|
|move|p2a: Alakazam|Thunder Wave|p1a: Zam Lead
|-fail|p1a: Zam Lead|par
|move|p1a: Zam Lead|Reflect|p1a: Zam Lead
|-fail|p1a: Zam Lead
|
|turn|171
|
|move|p1a: Zam Lead|Reflect|p1a: Zam Lead
|-fail|p1a: Zam Lead
|move|p2a: Alakazam|Thunder Wave|p1a: Zam Lead
|-fail|p1a: Zam Lead|par
|
|turn|172
|
|move|p1a: Zam Lead|Reflect|p1a: Zam Lead
|-fail|p1a: Zam Lead
|move|p2a: Alakazam|Thunder Wave|p1a: Zam Lead
|-fail|p1a: Zam Lead|par
|
|turn|173
|
|move|p1a: Zam Lead|Reflect|p1a: Zam Lead
|-fail|p1a: Zam Lead
|move|p2a: Alakazam|Thunder Wave|p1a: Zam Lead
|-fail|p1a: Zam Lead|par
|
|turn|174
|
|switch|p2a: Tauros|Tauros|115\/353 par
|move|p1a: Zam Lead|Reflect|p1a: Zam Lead
|-fail|p1a: Zam Lead
|
|turn|175
|
|switch|p2a: Alakazam|Alakazam|313\/313 par
|move|p1a: Zam Lead|Reflect|p1a: Zam Lead
|-fail|p1a: Zam Lead
|
|turn|176
|
|move|p2a: Alakazam|Thunder Wave|p1a: Zam Lead
|-fail|p1a: Zam Lead|par
|move|p1a: Zam Lead|Thunder Wave|p2a: Alakazam
|-fail|p2a: Alakazam|par
|
|turn|177
|
|move|p1a: Zam Lead|Thunder Wave|p2a: Alakazam
|-fail|p2a: Alakazam|par
|cant|p2a: Alakazam|par
|
|turn|178
|
|cant|p1a: Zam Lead|par
|move|p2a: Alakazam|Thunder Wave|p1a: Zam Lead
|-fail|p1a: Zam Lead|par
|
|turn|179
|
|switch|p2a: Tauros|Tauros|115\/353 par
|cant|p1a: Zam Lead|par
|
|turn|180
|
|switch|p2a: Alakazam|Alakazam|313\/313 par
|move|p1a: Zam Lead|Thunder Wave|p2a: Alakazam
|-fail|p2a: Alakazam|par
|
|turn|181
|
|switch|p2a: Tauros|Tauros|115\/353 par
|cant|p1a: Zam Lead|par
|
|turn|182
|
|switch|p2a: Alakazam|Alakazam|313\/313 par
|move|p1a: Zam Lead|Thunder Wave|p2a: Alakazam
|-fail|p2a: Alakazam|par
|
|turn|183
|
|move|p1a: Zam Lead|Thunder Wave|p2a: Alakazam
|-fail|p2a: Alakazam|par
|cant|p2a: Alakazam|par
|
|turn|184
|
|move|p1a: Zam Lead|Thunder Wave|p2a: Alakazam
|-fail|p2a: Alakazam|par
|move|p2a: Alakazam|Thunder Wave|p1a: Zam Lead
|-fail|p1a: Zam Lead|par
|
|turn|185
|
|move|p1a: Zam Lead|Thunder Wave|p2a: Alakazam
|-fail|p2a: Alakazam|par
|move|p2a: Alakazam|Thunder Wave|p1a: Zam Lead
|-fail|p1a: Zam Lead|par
|
|turn|186
|
|cant|p2a: Alakazam|par
|move|p1a: Zam Lead|Thunder Wave|p2a: Alakazam
|-fail|p2a: Alakazam|par
|
|turn|187
|
|move|p1a: Zam Lead|Thunder Wave|p2a: Alakazam
|-fail|p2a: Alakazam|par
|move|p2a: Alakazam|Seismic Toss|p1a: Zam Lead
|-damage|p1a: Zam Lead|213\/313 par
|
|turn|188
|
|cant|p2a: Alakazam|par
|move|p1a: Zam Lead|Thunder Wave|p2a: Alakazam
|-fail|p2a: Alakazam|par
|
|turn|189
|
|move|p1a: Zam Lead|Thunder Wave|p2a: Alakazam
|-fail|p2a: Alakazam|par
|cant|p2a: Alakazam|par
|
|turn|190
|
|move|p1a: Zam Lead|Thunder Wave|p2a: Alakazam
|-fail|p2a: Alakazam|par
|move|p2a: Alakazam|Seismic Toss|p1a: Zam Lead
|-damage|p1a: Zam Lead|113\/313 par
|
|turn|191
|
|switch|p2a: Tauros|Tauros|115\/353 par
|move|p1a: Zam Lead|Thunder Wave|p2a: Tauros
|-fail|p2a: Tauros|par
|
|turn|192
|
|move|p1a: Zam Lead|Psychic|p2a: Tauros
|-damage|p2a: Tauros|58\/353 par
|-unboost|p2a: Tauros|spd|1
|-unboost|p2a: Tauros|spa|1
|move|p2a: Tauros|Body Slam|p1a: Zam Lead
|-crit|p1a: Zam Lead
|-damage|p1a: Zam Lead|0 fnt
|faint|p1a: Zam Lead
|
|win|Firestar493
|raw|Ladder updating...
|raw|Ladder (probably) updated, but score could not be retrieved (timeout).
|raw|Ladder (probably) updated, but score could not be retrieved (Error: socket hang up).
|chat|kid gf lol|damn
|chat|Firestar493|gg
|chat|Firestar493|Long battle lol
|chat|kid gf lol|i tried lol
|chat|Firestar493|lol wp
|chat|kid gf lol|that was my only psychic
|chat|Firestar493|Yeah
|chat|Firestar493|I know
|chat|Firestar493|:p
|chat|Firestar493|I was trying to bait it multiple times
|chat|kid gf lol|ik
|leave|pdc1
|chat|kid gf lol|gg
|leave|kid gf lol
|player|p1
|chat|Firestar493|I'm gonna save this because it was a good battle nonetheless.
|chat|Firestar493|Hope you're okay with that. ;)
|chat|Firestar493|(I had 27 Recovers left I think)
|chat|Firestar493|With 19 S-Toss
|chat|Firestar493|*17
|chat|Firestar493|And 5 T-wave