|join|XianJu
|join|Ador64
|player|p1|XianJu|130
|player|p2|Ador64|290
|gametype|singles
|gen|1
|tier|[Gen 1] Random Battle
|rated
|rule|Sleep Clause Mod: Limit one foe put to sleep
|rule|Freeze Clause Mod: Limit one foe frozen
|rule|HP Percentage Mod: HP is shown in percentages
|
|start
|switch|p1a: Arbok|Arbok, L90|291\/291
|switch|p2a: Ponyta|Ponyta, L96|291\/291
|turn|1
|
|move|p2a: Ponyta|Reflect|p2a: Ponyta
|-start|p2a: Ponyta|Reflect
|move|p1a: Arbok|Rock Slide|p2a: Ponyta
|-supereffective|p2a: Ponyta
|-damage|p2a: Ponyta|227\/291
|
|turn|2
|
|move|p2a: Ponyta|Fire Blast|p1a: Arbok
|-damage|p1a: Arbok|150\/291
|move|p1a: Arbok|Glare|p2a: Ponyta|[miss]
|-miss|p1a: Arbok
|
|turn|3
|
|move|p2a: Ponyta|Fire Blast|p1a: Arbok
|-crit|p1a: Arbok
|-damage|p1a: Arbok|0 fnt
|faint|p1a: Arbok
|
|switch|p1a: Starmie|Starmie, L79|257\/257
|turn|4
|
|switch|p2a: Ditto|Ditto, L99|296\/296
|move|p1a: Starmie|Surf|p2a: Ditto
|-crit|p2a: Ditto
|-damage|p2a: Ditto|78\/296
|
|turn|5
|
|move|p1a: Starmie|Surf|p2a: Ditto
|-crit|p2a: Ditto
|-damage|p2a: Ditto|0 fnt
|faint|p2a: Ditto
|
|switch|p2a: Muk|Muk, L90|372\/372
|turn|6
|
|move|p1a: Starmie|Thunder Wave|p2a: Muk
|-status|p2a: Muk|par
|move|p2a: Muk|Body Slam|p1a: Starmie
|-damage|p1a: Starmie|179\/257
|
|turn|7
|
|move|p1a: Starmie|Surf|p2a: Muk
|-damage|p2a: Muk|266\/372 par
|move|p2a: Muk|Body Slam|p1a: Starmie
|-damage|p1a: Starmie|102\/257
|
|turn|8
|
|move|p1a: Starmie|Surf|p2a: Muk
|-crit|p2a: Muk
|-damage|p2a: Muk|59\/372 par
|move|p2a: Muk|Body Slam|p1a: Starmie
|-damage|p1a: Starmie|29\/257
|
|turn|9
|
|move|p1a: Starmie|Recover|p1a: Starmie
|-heal|p1a: Starmie|157\/257
|move|p2a: Muk|Body Slam|p1a: Starmie
|-damage|p1a: Starmie|80\/257
|
|turn|10
|
|move|p1a: Starmie|Surf|p2a: Muk
|-damage|p2a: Muk|0 fnt
|faint|p2a: Muk
|
|switch|p2a: Sandslash|Sandslash, L85|301\/301
|turn|11
|
|move|p1a: Starmie|Surf|p2a: Sandslash
|-supereffective|p2a: Sandslash
|-damage|p2a: Sandslash|83\/301
|move|p2a: Sandslash|Earthquake|p1a: Starmie
|-crit|p1a: Starmie
|-damage|p1a: Starmie|0 fnt
|faint|p1a: Starmie
|
|switch|p1a: Seadra|Seadra, L90|282\/282
|turn|12
|
|move|p1a: Seadra|Surf|p2a: Sandslash
|-supereffective|p2a: Sandslash
|-damage|p2a: Sandslash|0 fnt
|faint|p2a: Sandslash
|leave|Ador64
|player|p2
|-message|ador64 lost due to inactivity.
|
|win|XianJu
|raw|XianJu's rating: 1371 &rarr; <strong>1385<\/strong><br \/>(+14 for winning)
|raw|Ador64's rating: 1273 &rarr; <strong>1255<\/strong><br \/>(-18 for losing)