|join|Stradivariuss
|join|jb champ
|player|p1|Stradivariuss|70
|player|p2|jb champ|150
|gametype|singles
|gen|1
|tier|[Gen 1] OU (beta)
|rated
|rule|Sleep Clause Mod: Limit one foe put to sleep
|rule|Species Clause: Limit one of each Pokemon
|rule|OHKO Clause: OHKO moves are banned
|rule|Moody Clause: Moody is banned
|rule|Evasion Moves Clause: Evasion moves are banned
|rule|Endless Battle Clause: Forcing endless battles is banned.
|rule|HP Percentage Mod: HP is reported as percentages
|
|start
|switch|p1a: Jynx|Jynx|333\/333
|switch|p2a: Gengar|Gengar|323\/323
|turn|1
|
|switch|p1a: Chansey|Chansey|703\/703
|move|p2a: Gengar|Hypnosis|p1a: Chansey|[miss]
|-miss|p2a: Gengar
|
|turn|2
|
|move|p2a: Gengar|Hypnosis|p1a: Chansey
|-status|p1a: Chansey|slp
|cant|p1a: Chansey|slp
|-curestatus|p1a: Chansey|slp
|
|turn|3
|
|move|p2a: Gengar|Hypnosis|p1a: Chansey
|-status|p1a: Chansey|slp
|cant|p1a: Chansey|slp
|
|turn|4
|
|switch|p2a: Kangaskhan|Kangaskhan|413\/413
|switch|p1a: Exeggutor|Exeggutor|393\/393
|
|turn|5
|
|move|p2a: Kangaskhan|Body Slam|p1a: Exeggutor
|-damage|p1a: Exeggutor|292\/393
|-status|p1a: Exeggutor|par
|move|p1a: Exeggutor|Sleep Powder|p2a: Kangaskhan
|-status|p2a: Kangaskhan|slp
|
|turn|6
|
|switch|p2a: Alakazam|Alakazam|313\/313
|move|p1a: Exeggutor|Psychic|p2a: Alakazam
|-resisted|p2a: Alakazam
|-damage|p2a: Alakazam|261\/313
|
|turn|7
|
|move|p2a: Alakazam|Seismic Toss|p1a: Exeggutor
|-damage|p1a: Exeggutor|192\/393 par
|move|p1a: Exeggutor|Explosion|p2a: Alakazam
|-damage|p2a: Alakazam|0 fnt
|faint|p2a: Alakazam
|faint|p1a: Exeggutor
|
|switch|p1a: Jynx|Jynx|333\/333
|switch|p2a: Slowbro|Slowbro|393\/393
|turn|8
|
|move|p1a: Jynx|Blizzard|p2a: Slowbro
|-resisted|p2a: Slowbro
|-damage|p2a: Slowbro|321\/393
|move|p2a: Slowbro|Amnesia|p2a: Slowbro
|-boost|p2a: Slowbro|spd|2
|-boost|p2a: Slowbro|spa|2
|
|turn|9
|
|move|p1a: Jynx|Blizzard|p2a: Slowbro
|-resisted|p2a: Slowbro
|-damage|p2a: Slowbro|282\/393
|move|p2a: Slowbro|Thunder Wave|p1a: Jynx
|-status|p1a: Jynx|par
|
|turn|10
|
|move|p2a: Slowbro|Amnesia|p2a: Slowbro
|-boost|p2a: Slowbro|spd|2
|-boost|p2a: Slowbro|spa|2
|move|p1a: Jynx|Blizzard|p2a: Slowbro
|-resisted|p2a: Slowbro
|-damage|p2a: Slowbro|257\/393
|
|turn|11
|
|move|p2a: Slowbro|Amnesia|p2a: Slowbro
|-boost|p2a: Slowbro|spd|2
|-boost|p2a: Slowbro|spa|2
|move|p1a: Jynx|Blizzard|p2a: Slowbro
|-resisted|p2a: Slowbro
|-damage|p2a: Slowbro|236\/393
|
|turn|12
|
|move|p2a: Slowbro|Surf|p1a: Jynx
|-damage|p1a: Jynx|0 fnt
|faint|p1a: Jynx
|
|
|switch|p1a: Snooooor--LAX|Snorlax|523\/523
|turn|13
|
|move|p2a: Slowbro|Surf|p1a: Snooooor--LAX
|-damage|p1a: Snooooor--LAX|61\/523
|move|p1a: Snooooor--LAX|Self-Destruct|p2a: Slowbro
|-damage|p2a: Slowbro|0 fnt
|faint|p2a: Slowbro
|faint|p1a: Snooooor--LAX
|
|switch|p1a: Tauros|Tauros|353\/353
|switch|p2a: Gengar|Gengar|323\/323
|turn|14
|
|move|p2a: Gengar|Explosion|p1a: Tauros
|-damage|p1a: Tauros|146\/353
|faint|p2a: Gengar
|
|switch|p2a: Tauros|Tauros|353\/353
|turn|15
|
|move|p2a: Tauros|Body Slam|p1a: Tauros
|-damage|p1a: Tauros|47\/353
|-status|p1a: Tauros|par
|cant|p1a: Tauros|par
|
|turn|16
|
|move|p2a: Tauros|Body Slam|p1a: Tauros
|-damage|p1a: Tauros|0 fnt
|faint|p1a: Tauros
|
|
|switch|p1a: Alakazaaaam|Alakazam|313\/313
|turn|17
|
|move|p1a: Alakazaaaam|Thunder Wave|p2a: Tauros
|-status|p2a: Tauros|par
|move|p2a: Tauros|Body Slam|p1a: Alakazaaaam
|-crit|p1a: Alakazaaaam
|-damage|p1a: Alakazaaaam|10\/313
|-status|p1a: Alakazaaaam|par
|
|turn|18
|
|move|p1a: Alakazaaaam|Recover|p1a: Alakazaaaam
|-heal|p1a: Alakazaaaam|166\/313 par
|cant|p2a: Tauros|par
|
|turn|19
|
|move|p1a: Alakazaaaam|Recover|p1a: Alakazaaaam
|-heal|p1a: Alakazaaaam|313\/313 par
|move|p2a: Tauros|Body Slam|p1a: Alakazaaaam
|-damage|p1a: Alakazaaaam|164\/313 par
|
|turn|20
|
|move|p1a: Alakazaaaam|Psychic|p2a: Tauros
|-damage|p2a: Tauros|176\/353 par
|move|p2a: Tauros|Body Slam|p1a: Alakazaaaam
|-damage|p1a: Alakazaaaam|0 fnt
|faint|p1a: Alakazaaaam
|
|
|switch|p1a: Chansey|Chansey|703\/703 slp
|turn|21
|
|cant|p1a: Chansey|slp
|cant|p2a: Tauros|par
|
|turn|22
|
|cant|p1a: Chansey|slp
|move|p2a: Tauros|Body Slam|p1a: Chansey
|-crit|p1a: Chansey
|-damage|p1a: Chansey|184\/703 slp
|
|turn|23
|
|cant|p1a: Chansey|slp
|-curestatus|p1a: Chansey|slp
|move|p2a: Tauros|Hyper Beam|p1a: Chansey
|-damage|p1a: Chansey|0 fnt
|faint|p1a: Chansey
|
|win|jb champ
|raw|Ladder updating...
|raw|Stradivariuss's rating: 1388 &rarr; <strong>1371<\/strong><br \/>(-17 for losing)
|raw|jb champ's rating: 1436 &rarr; <strong>1453<\/strong><br \/>(+17 for winning)
|leave|Stradivariuss
|player|p1