|join|ankitkhetrapal
|join|okey dog
|player|p1|ankitkhetrapal|20
|player|p2|okey dog|102
|gametype|singles
|gen|1
|tier|[Gen 1] Random Battle
|rated
|rule|Sleep Clause Mod: Limit one foe put to sleep
|rule|Freeze Clause Mod: Limit one foe frozen
|rule|HP Percentage Mod: HP is shown in percentages
|
|start
|switch|p1a: Vaporeon|Vaporeon, L85|395\/395
|switch|p2a: Porygon|Porygon, L85|284\/284
|turn|1
|
|move|p1a: Vaporeon|Blizzard|p2a: Porygon
|-damage|p2a: Porygon|182\/284
|move|p2a: Porygon|Tri Attack|p1a: Vaporeon
|-damage|p1a: Vaporeon|312\/395
|
|turn|2
|
|move|p1a: Vaporeon|Surf|p2a: Porygon
|-damage|p2a: Porygon|61\/284
|move|p2a: Porygon|Tri Attack|p1a: Vaporeon
|-damage|p1a: Vaporeon|229\/395
|
|turn|3
|
|switch|p2a: Bulbasaur|Bulbasaur, L96|281\/281
|move|p1a: Vaporeon|Surf|p2a: Bulbasaur
|-resisted|p2a: Bulbasaur
|-damage|p2a: Bulbasaur|219\/281
|
|turn|4
|
|move|p1a: Vaporeon|Blizzard|p2a: Bulbasaur
|-supereffective|p2a: Bulbasaur
|-damage|p2a: Bulbasaur|32\/281
|move|p2a: Bulbasaur|Sleep Powder|p1a: Vaporeon
|-status|p1a: Vaporeon|slp
|
|turn|5
|
|switch|p1a: Alakazam|Alakazam, L79|249\/249
|move|p2a: Bulbasaur|Razor Leaf|p1a: Alakazam
|-crit|p1a: Alakazam
|-damage|p1a: Alakazam|164\/249
|
|turn|6
|
|move|p1a: Alakazam|Psychic|p2a: Bulbasaur
|-crit|p2a: Bulbasaur
|-supereffective|p2a: Bulbasaur
|-damage|p2a: Bulbasaur|0 fnt
|faint|p2a: Bulbasaur
|
|switch|p2a: Snorlax|Snorlax, L79|415\/415
|turn|7
|
|move|p1a: Alakazam|Thunder Wave|p2a: Snorlax
|-status|p2a: Snorlax|par
|move|p2a: Snorlax|Body Slam|p1a: Alakazam
|-damage|p1a: Alakazam|38\/249
|
|turn|8
|
|move|p1a: Alakazam|Recover|p1a: Alakazam
|-heal|p1a: Alakazam|162\/249
|cant|p2a: Snorlax|par
|
|turn|9
|
|move|p1a: Alakazam|Recover|p1a: Alakazam
|-heal|p1a: Alakazam|249\/249
|move|p2a: Snorlax|Hyper Beam|p1a: Alakazam
|-damage|p1a: Alakazam|1\/249
|
|turn|10
|-mustrecharge|p2a: Snorlax
|-mustrecharge|p2a: Snorlax
|c|★okey dog|wtf
|c|★okey dog|...
|
|move|p1a: Alakazam|Recover|p1a: Alakazam
|-heal|p1a: Alakazam|125\/249
|cant|p2a: Snorlax|recharge
|
|turn|11
|
|move|p1a: Alakazam|Recover|p1a: Alakazam
|-heal|p1a: Alakazam|249\/249
|move|p2a: Snorlax|Body Slam|p1a: Alakazam
|-damage|p1a: Alakazam|113\/249
|-status|p1a: Alakazam|par
|
|turn|12
|
|move|p1a: Alakazam|Seismic Toss|p2a: Snorlax
|-damage|p2a: Snorlax|336\/415 par
|cant|p2a: Snorlax|par
|
|turn|13
|
|move|p1a: Alakazam|Psychic|p2a: Snorlax
|-damage|p2a: Snorlax|210\/415 par
|move|p2a: Snorlax|Amnesia|p2a: Snorlax
|-boost|p2a: Snorlax|spd|2
|-boost|p2a: Snorlax|spa|2
|
|turn|14
|
|move|p2a: Snorlax|Body Slam|p1a: Alakazam
|-damage|p1a: Alakazam|0 fnt
|faint|p1a: Alakazam
|
|switch|p1a: Dragonite|Dragonite, L85|328\/328
|turn|15
|
|move|p1a: Dragonite|Hyper Beam|p2a: Snorlax
|-damage|p2a: Snorlax|41\/415 par
|cant|p2a: Snorlax|par
|
|turn|16
|-mustrecharge|p1a: Dragonite
|-mustrecharge|p1a: Dragonite
|
|cant|p1a: Dragonite|recharge
|move|p2a: Snorlax|Hyper Beam|p1a: Dragonite
|-damage|p1a: Dragonite|182\/328
|
|turn|17
|-mustrecharge|p2a: Snorlax
|-mustrecharge|p2a: Snorlax
|
|move|p1a: Dragonite|Thunderbolt|p2a: Snorlax
|-damage|p2a: Snorlax|0 fnt
|faint|p2a: Snorlax
|
|switch|p2a: Gengar|Gengar, L79|257\/257
|turn|18
|
|move|p2a: Gengar|Psychic|p1a: Dragonite
|-damage|p1a: Dragonite|120\/328
|-unboost|p1a: Dragonite|spd|1
|-unboost|p1a: Dragonite|spa|1
|move|p1a: Dragonite|Thunder|p2a: Gengar
|-damage|p2a: Gengar|208\/257
|
|turn|19
|
|move|p2a: Gengar|Psychic|p1a: Dragonite
|-crit|p1a: Dragonite
|-damage|p1a: Dragonite|0 fnt
|faint|p1a: Dragonite
|
|switch|p1a: Kakuna|Kakuna, L99|290\/290
|turn|20
|
|move|p2a: Gengar|Psychic|p1a: Kakuna
|-supereffective|p1a: Kakuna
|-damage|p1a: Kakuna|85\/290
|move|p1a: Kakuna|String Shot|p2a: Gengar
|-unboost|p2a: Gengar|spe|1
|
|turn|21
|
|switch|p2a: Porygon|Porygon, L85|61\/284
|move|p1a: Kakuna|Poison Sting|p2a: Porygon
|-damage|p2a: Porygon|48\/284
|
|turn|22
|
|move|p1a: Kakuna|String Shot|p2a: Porygon
|-unboost|p2a: Porygon|spe|1
|move|p2a: Porygon|Recover|p2a: Porygon
|-heal|p2a: Porygon|190\/284
|
|turn|23
|
|move|p1a: Kakuna|Poison Sting|p2a: Porygon
|-damage|p2a: Porygon|178\/284
|move|p2a: Porygon|Agility|p2a: Porygon
|-boost|p2a: Porygon|spe|2
|
|turn|24
|
|move|p2a: Porygon|Recover|p2a: Porygon
|-heal|p2a: Porygon|284\/284
|move|p1a: Kakuna|Poison Sting|p2a: Porygon
|-crit|p2a: Porygon
|-damage|p2a: Porygon|257\/284
|
|turn|25
|
|switch|p1a: Arbok|Arbok, L90|291\/291
|move|p2a: Porygon|Tri Attack|p1a: Arbok
|-damage|p1a: Arbok|222\/291
|
|turn|26
|
|move|p1a: Arbok|Rock Slide|p2a: Porygon
|-crit|p2a: Porygon
|-damage|p2a: Porygon|140\/284
|move|p2a: Porygon|Tri Attack|p1a: Arbok
|-damage|p1a: Arbok|146\/291
|
|turn|27
|
|move|p1a: Arbok|Hyper Beam|p2a: Porygon
|-damage|p2a: Porygon|12\/284
|move|p2a: Porygon|Tri Attack|p1a: Arbok
|-damage|p1a: Arbok|77\/291
|
|turn|28
|-mustrecharge|p1a: Arbok
|-mustrecharge|p1a: Arbok
|
|switch|p2a: Gengar|Gengar, L79|208\/257
|cant|p1a: Arbok|recharge
|
|turn|29
|
|move|p2a: Gengar|Psychic|p1a: Arbok
|-supereffective|p1a: Arbok
|-damage|p1a: Arbok|0 fnt
|faint|p1a: Arbok
|
|switch|p1a: Vaporeon|Vaporeon, L85|229\/395 slp
|turn|30
|
|move|p2a: Gengar|Thunderbolt|p1a: Vaporeon
|-supereffective|p1a: Vaporeon
|-damage|p1a: Vaporeon|105\/395 slp
|cant|p1a: Vaporeon|slp
|
|turn|31
|
|switch|p1a: Kakuna|Kakuna, L99|85\/290
|move|p2a: Gengar|Thunderbolt|p1a: Kakuna
|-damage|p1a: Kakuna|0 fnt
|faint|p1a: Kakuna
|
|switch|p1a: Dratini|Dratini, L96|274\/274
|turn|32
|
|switch|p2a: Electrode|Electrode, L90|291\/291
|move|p1a: Dratini|Substitute|p1a: Dratini
|-start|p1a: Dratini|Substitute
|-damage|p1a: Dratini|206\/274
|
|turn|33
|
|move|p2a: Electrode|Thunder Wave|p1a: Dratini
|-status|p1a: Dratini|par
|move|p1a: Dratini|Hyper Beam|p2a: Electrode
|-crit|p2a: Electrode
|-damage|p2a: Electrode|83\/291
|
|turn|34
|-mustrecharge|p1a: Dratini
|-mustrecharge|p1a: Dratini
|
|move|p2a: Electrode|Thunder|p1a: Dratini
|-crit|p1a: Dratini
|-resisted|p1a: Dratini
|-end|p1a: Dratini|Substitute
|cant|p1a: Dratini|recharge
|
|turn|35
|
|move|p2a: Electrode|Explosion|p1a: Dratini
|-crit|p1a: Dratini
|-damage|p1a: Dratini|0 fnt
|faint|p1a: Dratini
|faint|p2a: Electrode
|
|switch|p2a: Gengar|Gengar, L79|208\/257
|switch|p1a: Vaporeon|Vaporeon, L85|105\/395 slp
|turn|36
|c|★okey dog|gg
|
|move|p2a: Gengar|Thunderbolt|p1a: Vaporeon
|-supereffective|p1a: Vaporeon
|-damage|p1a: Vaporeon|0 fnt
|faint|p1a: Vaporeon
|
|win|okey dog
|raw|Ladder updating...
|raw|ankitkhetrapal's rating: 1173 &rarr; <strong>1150<\/strong><br \/>(-23 for losing)
|raw|okey dog's rating: 1208 &rarr; <strong>1230<\/strong><br \/>(+22 for winning)
|leave|ankitkhetrapal
|player|p1