|j|Whoremaster
|j|rodmaster 450
|player|p1|Whoremaster|43
|player|p2|rodmaster 450|163
|gametype|singles
|gen|1
|tier|[Gen 1] OU
|rated
|seed|12118,62235,58527,63795
|rule|Sleep Clause Mod: Limit one foe put to sleep
|rule|Freeze Clause Mod: Limit one foe frozen
|rule|Species Clause: Limit one of each Pokémon
|rule|OHKO Clause: OHKO moves are banned
|rule|Evasion Moves Clause: Evasion moves are banned
|rule|HP Percentage Mod: HP is shown in percentages
|
|start
|switch|p1a: Alakazam|Alakazam|313\/313
|switch|p2a: Alakazam|Alakazam|313\/313
|turn|1
|choice|switch 4|move 3
|
|switch|p1a: Chansey|Chansey|703\/703
|move|p2a: Alakazam|Thunder Wave|p1a: Chansey
|-status|p1a: Chansey|par
|
|turn|2
|choice|move 1|move 1
|
|move|p2a: Alakazam|Psychic|p1a: Chansey
|-crit|p1a: Chansey
|-damage|p1a: Chansey|462\/703 par
|cant|p1a: Chansey|par
|
|turn|3
|choice|move 4|switch 2
|
|switch|p2a: Rhydon|Rhydon|413\/413
|cant|p1a: Chansey|par
|
|turn|4
|choice|switch 2|move 1
|
|switch|p1a: Exeggutor|Exeggutor|393\/393
|move|p2a: Rhydon|Earthquake|p1a: Exeggutor
|-resisted|p1a: Exeggutor
|-damage|p1a: Exeggutor|311\/393
|
|turn|5
|choice|move 1|move 2
|
|move|p1a: Exeggutor|Sleep Powder|p2a: Rhydon|[miss]
|-miss|p1a: Exeggutor
|move|p2a: Rhydon|Rock Slide|p1a: Exeggutor|[miss]
|-miss|p2a: Rhydon
|
|turn|6
|choice|move 2|move 3
|
|move|p1a: Exeggutor|Psychic|p2a: Rhydon
|-damage|p2a: Rhydon|222\/413
|move|p2a: Rhydon|Substitute|p2a: Rhydon
|-start|p2a: Rhydon|Substitute
|-damage|p2a: Rhydon|119\/413
|
|turn|7
|choice|move 2|move 2
|
|move|p1a: Exeggutor|Psychic|p2a: Rhydon
|-end|p2a: Rhydon|Substitute
|move|p2a: Rhydon|Rock Slide|p1a: Exeggutor
|-damage|p1a: Exeggutor|191\/393
|
|turn|8
|choice|move 2|switch 5
|
|switch|p2a: Dragonite|Dragonite|385\/385
|move|p1a: Exeggutor|Psychic|p2a: Dragonite
|-damage|p2a: Dragonite|260\/385
|-unboost|p2a: Dragonite|spd|1
|-unboost|p2a: Dragonite|spa|1
|
|turn|9
|choice|move 4|move 3
|
|move|p2a: Dragonite|Hyper Beam|p1a: Exeggutor|[miss]
|-miss|p2a: Dragonite
|move|p1a: Exeggutor|Explosion|p2a: Dragonite
|-damage|p2a: Dragonite|0 fnt
|faint|p2a: Dragonite
|faint|p1a: Exeggutor
|choice|switch 4|switch 5
|
|switch|p1a: Alakazam|Alakazam|313\/313
|switch|p2a: Rhydon|Rhydon|119\/413
|turn|10
|choice|move 1|switch 2
|
|switch|p2a: Alakazam|Alakazam|313\/313
|move|p1a: Alakazam|Psychic|p2a: Alakazam
|-resisted|p2a: Alakazam
|-damage|p2a: Alakazam|257\/313
|
|turn|11
|choice|move 2|move 3
|
|move|p2a: Alakazam|Thunder Wave|p1a: Alakazam
|-status|p1a: Alakazam|par
|move|p1a: Alakazam|Thunder Wave|p2a: Alakazam
|-status|p2a: Alakazam|par
|
|turn|12
|choice|switch 2|move 2
|
|switch|p1a: Chansey|Chansey|462\/703 par
|move|p2a: Alakazam|Recover|p2a: Alakazam
|-heal|p2a: Alakazam|313\/313 par
|
|turn|13
|choice|move 1|move 1
|
|cant|p2a: Alakazam|par
|move|p1a: Chansey|Ice Beam|p2a: Alakazam
|-damage|p2a: Alakazam|248\/313 par
|
|turn|14
|choice|move 1|move 1
|
|move|p2a: Alakazam|Psychic|p1a: Chansey
|-damage|p1a: Chansey|331\/703 par
|-unboost|p1a: Chansey|spd|1
|-unboost|p1a: Chansey|spa|1
|move|p1a: Chansey|Ice Beam|p2a: Alakazam
|-damage|p2a: Alakazam|205\/313 par
|
|turn|15
|choice|move 4|move 1
|
|move|p2a: Alakazam|Psychic|p1a: Chansey
|-damage|p1a: Chansey|129\/703 par
|-unboost|p1a: Chansey|spd|1
|-unboost|p1a: Chansey|spa|1
|move|p1a: Chansey|Soft-Boiled|p1a: Chansey
|-heal|p1a: Chansey|480\/703 par
|
|turn|16
|choice|switch 2|move 2
|
|switch|p1a: Alakazam|Alakazam|313\/313 par
|cant|p2a: Alakazam|par
|
|turn|17
|choice|move 1|move 2
|
|move|p2a: Alakazam|Recover|p2a: Alakazam
|-heal|p2a: Alakazam|313\/313 par
|move|p1a: Alakazam|Psychic|p2a: Alakazam
|-resisted|p2a: Alakazam
|-damage|p2a: Alakazam|265\/313 par
|-unboost|p2a: Alakazam|spd|1
|-unboost|p2a: Alakazam|spa|1
|
|turn|18
|choice|move 1|switch 3
|
|switch|p2a: Lapras|Lapras|463\/463
|move|p1a: Alakazam|Psychic|p2a: Lapras
|-damage|p2a: Lapras|330\/463
|
|turn|19
|choice|move 3|move 4
|
|move|p2a: Lapras|Confuse Ray|p1a: Alakazam
|-start|p1a: Alakazam|confusion
|-activate|p1a: Alakazam|confusion
|-damage|p1a: Alakazam|276\/313 par|[from] confusion
|
|turn|20
|choice|move 3|move 2
|
|move|p2a: Lapras|Thunderbolt|p1a: Alakazam
|-damage|p1a: Alakazam|215\/313 par
|-activate|p1a: Alakazam|confusion
|-damage|p1a: Alakazam|178\/313 par|[from] confusion
|
|turn|21
|choice|move 4|move 1
|
|move|p2a: Lapras|Ice Beam|p1a: Alakazam
|-damage|p1a: Alakazam|92\/313 par
|-end|p1a: Alakazam|confusion
|move|p1a: Alakazam|Recover|p1a: Alakazam
|-heal|p1a: Alakazam|248\/313 par
|
|turn|22
|choice|move 4|move 4
|
|move|p2a: Lapras|Confuse Ray|p1a: Alakazam
|-start|p1a: Alakazam|confusion
|-activate|p1a: Alakazam|confusion
|-damage|p1a: Alakazam|211\/313 par|[from] confusion
|
|turn|23
|choice|switch 2|move 1
|
|switch|p1a: Chansey|Chansey|480\/703 par
|move|p2a: Lapras|Ice Beam|p1a: Chansey
|-damage|p1a: Chansey|375\/703 par
|
|turn|24
|choice|move 3|move 4
|
|move|p2a: Lapras|Confuse Ray|p1a: Chansey
|-start|p1a: Chansey|confusion
|-activate|p1a: Chansey|confusion
|move|p1a: Chansey|Thunder Wave|p2a: Lapras
|-status|p2a: Lapras|par
|
|turn|25
|choice|move 4|switch 2
|
|switch|p2a: Rhydon|Rhydon|119\/413
|-activate|p1a: Chansey|confusion
|move|p1a: Chansey|Soft-Boiled|p1a: Chansey
|-heal|p1a: Chansey|703\/703 par
|
|turn|26
|choice|switch 3|move 1
|
|switch|p1a: Cloyster|Cloyster|303\/303
|move|p2a: Rhydon|Earthquake|p1a: Cloyster
|-damage|p1a: Cloyster|204\/303
|
|turn|27
|choice|move 2|switch 4
|
|switch|p2a: Zapdos|Zapdos|383\/383
|move|p1a: Cloyster|Blizzard|p2a: Zapdos|[miss]
|-miss|p1a: Cloyster
|
|turn|28
|choice|switch 5|move 1
|
|switch|p1a: Golem|Golem|363\/363
|move|p2a: Zapdos|Thunderbolt|p1a: Golem
|-immune|p1a: Golem|[msg]
|
|turn|29
|choice|move 3|switch 6
|
|switch|p2a: Gengar|Gengar|323\/323
|move|p1a: Golem|Rock Slide|p2a: Gengar
|-damage|p2a: Gengar|193\/323
|
|turn|30
|choice|move 2|move 4
|
|move|p2a: Gengar|Mega Drain|p1a: Golem
|-supereffective|p1a: Golem
|-damage|p1a: Golem|149\/363
|-heal|p2a: Gengar|300\/323|[from] drain|[of] p1a: Golem
|move|p1a: Golem|Earthquake|p2a: Gengar
|-supereffective|p2a: Gengar
|-damage|p2a: Gengar|0 fnt
|faint|p2a: Gengar
|choice||switch 2
|
|switch|p2a: Lapras|Lapras|330\/463 par
|turn|31
|choice|switch 3|move 4
|
|switch|p1a: Chansey|Chansey|703\/703 par
|move|p2a: Lapras|Confuse Ray|p1a: Chansey
|-start|p1a: Chansey|confusion
|
|turn|32
|choice|move 1|switch 6
|
|switch|p2a: Zapdos|Zapdos|383\/383
|cant|p1a: Chansey|par
|
|turn|33
|choice|move 3|move 1
|
|move|p2a: Zapdos|Thunderbolt|p1a: Chansey
|-damage|p1a: Chansey|566\/703 par
|-activate|p1a: Chansey|confusion
|-damage|p1a: Chansey|531\/703 par|[from] confusion
|
|turn|34
|choice|switch 3|move 1
|
|switch|p1a: Golem|Golem|149\/363
|move|p2a: Zapdos|Thunderbolt|p1a: Golem
|-immune|p1a: Golem|[msg]
|
|turn|35
|choice|move 3|switch 6
|
|switch|p2a: Lapras|Lapras|330\/463 par
|move|p1a: Golem|Rock Slide|p2a: Lapras|[miss]
|-miss|p1a: Golem
|
|turn|36
|choice|switch 2|move 1
|
|switch|p1a: Alakazam|Alakazam|211\/313 par
|cant|p2a: Lapras|par
|
|turn|37
|choice|move 4|move 4
|
|move|p1a: Alakazam|Recover|p1a: Alakazam
|-heal|p1a: Alakazam|313\/313 par
|move|p2a: Lapras|Confuse Ray|p1a: Alakazam
|-start|p1a: Alakazam|confusion
|
|turn|38
|choice|move 3|switch 4
|
|switch|p2a: Rhydon|Rhydon|119\/413
|cant|p1a: Alakazam|par
|
|turn|39
|choice|move 1|move 1
|
|move|p2a: Rhydon|Earthquake|p1a: Alakazam
|-damage|p1a: Alakazam|107\/313 par
|-activate|p1a: Alakazam|confusion
|-damage|p1a: Alakazam|70\/313 par|[from] confusion
|
|turn|40
|choice|switch 5|move 4
|
|switch|p1a: Cloyster|Cloyster|204\/303
|move|p2a: Rhydon|Body Slam|p1a: Cloyster
|-damage|p1a: Cloyster|150\/303
|-status|p1a: Cloyster|par
|
|turn|41
|choice|move 2|move 1
|
|move|p2a: Rhydon|Earthquake|p1a: Cloyster
|-crit|p1a: Cloyster
|-damage|p1a: Cloyster|0 fnt
|faint|p1a: Cloyster
|c|★Whoremaster|lol a crit from rhydon
|choice|switch 2|
|
|switch|p1a: Golem|Golem|149\/363
|turn|42
|choice|move 2|switch 4
|
|switch|p2a: Lapras|Lapras|330\/463 par
|move|p1a: Golem|Earthquake|p2a: Lapras
|-damage|p2a: Lapras|185\/463 par
|
|turn|43
|choice|switch 3|move 1
|
|switch|p1a: Chansey|Chansey|531\/703 par
|cant|p2a: Lapras|par
|
|turn|44
|choice|move 2|move 3
|
|move|p2a: Lapras|Rest|p2a: Lapras
|-status|p2a: Lapras|slp
|-heal|p2a: Lapras|463\/463 slp|[silent]
|-status|p2a: Lapras|slp|[from] move: Rest
|cant|p1a: Chansey|par
|
|turn|45
|choice|switch 5|move 4
|
|switch|p1a: Alakazam|Alakazam|70\/313 par
|cant|p2a: Lapras|slp
|
|turn|46
|choice|move 4|move 4
|
|move|p1a: Alakazam|Recover|p1a: Alakazam
|-heal|p1a: Alakazam|226\/313 par
|-curestatus|p2a: Lapras|slp
|
|turn|47
|choice|move 2|move 4
|
|move|p1a: Alakazam|Thunder Wave|p2a: Lapras
|-status|p2a: Lapras|par
|move|p2a: Lapras|Confuse Ray|p1a: Alakazam
|-start|p1a: Alakazam|confusion
|
|turn|48
|choice|move 4|switch 4
|
|switch|p2a: Rhydon|Rhydon|119\/413
|-activate|p1a: Alakazam|confusion
|-damage|p1a: Alakazam|189\/313 par|[from] confusion
|
|turn|49
|c|★Whoremaster|keep getting confused on reflects
|choice|move 1|move 1
|
|move|p2a: Rhydon|Earthquake|p1a: Alakazam
|-damage|p1a: Alakazam|0 fnt
|faint|p1a: Alakazam
|choice|switch 3|
|
|switch|p1a: Golem|Golem|149\/363
|turn|50
|choice|move 2|switch 4
|
|switch|p2a: Lapras|Lapras|463\/463 par
|move|p1a: Golem|Earthquake|p2a: Lapras
|-damage|p2a: Lapras|307\/463 par
|
|turn|51
|choice|switch 5|move 4
|
|switch|p1a: Chansey|Chansey|531\/703 par
|move|p2a: Lapras|Confuse Ray|p1a: Chansey
|-start|p1a: Chansey|confusion
|
|turn|52
|choice|move 2|move 1
|
|move|p2a: Lapras|Ice Beam|p1a: Chansey
|-damage|p1a: Chansey|430\/703 par
|-activate|p1a: Chansey|confusion
|-damage|p1a: Chansey|395\/703 par|[from] confusion
|
|turn|53
|choice|move 4|move 1
|
|move|p2a: Lapras|Ice Beam|p1a: Chansey
|-damage|p1a: Chansey|288\/703 par
|-end|p1a: Chansey|confusion
|move|p1a: Chansey|Soft-Boiled|p1a: Chansey
|-heal|p1a: Chansey|639\/703 par
|
|turn|54
|choice|move 2|move 4
|
|move|p2a: Lapras|Confuse Ray|p1a: Chansey
|-start|p1a: Chansey|confusion
|-activate|p1a: Chansey|confusion
|move|p1a: Chansey|Thunderbolt|p2a: Lapras
|-supereffective|p2a: Lapras
|-damage|p2a: Lapras|142\/463 par
|
|turn|55
|choice|move 2|move 1
|
|cant|p2a: Lapras|par
|cant|p1a: Chansey|par
|
|turn|56
|choice|move 2|move 1
|
|move|p2a: Lapras|Ice Beam|p1a: Chansey
|-damage|p1a: Chansey|533\/703 par
|cant|p1a: Chansey|par
|
|turn|57
|choice|move 2|move 1
|
|move|p2a: Lapras|Ice Beam|p1a: Chansey
|-damage|p1a: Chansey|432\/703 par
|cant|p1a: Chansey|par
|
|turn|58
|choice|move 1|move 3
|
|move|p2a: Lapras|Rest|p2a: Lapras
|-status|p2a: Lapras|slp
|-heal|p2a: Lapras|463\/463 slp|[silent]
|-status|p2a: Lapras|slp|[from] move: Rest
|-end|p1a: Chansey|confusion
|move|p1a: Chansey|Ice Beam|p2a: Lapras
|-resisted|p2a: Lapras
|-damage|p2a: Lapras|445\/463 slp
|
|turn|59
|choice|move 4|move 4
|
|cant|p2a: Lapras|slp
|move|p1a: Chansey|Soft-Boiled|p1a: Chansey
|-heal|p1a: Chansey|703\/703 par
|
|turn|60
|choice|move 2|move 4
|
|-curestatus|p2a: Lapras|slp
|move|p1a: Chansey|Thunderbolt|p2a: Lapras
|-supereffective|p2a: Lapras
|-damage|p2a: Lapras|275\/463
|
|turn|61
|choice|move 2|move 4
|
|move|p2a: Lapras|Confuse Ray|p1a: Chansey
|-start|p1a: Chansey|confusion
|-activate|p1a: Chansey|confusion
|move|p1a: Chansey|Thunderbolt|p2a: Lapras
|-supereffective|p2a: Lapras
|-damage|p2a: Lapras|106\/463
|
|turn|62
|choice|move 2|move 3
|
|move|p2a: Lapras|Rest|p2a: Lapras
|-status|p2a: Lapras|slp
|-heal|p2a: Lapras|463\/463 slp|[silent]
|-status|p2a: Lapras|slp|[from] move: Rest
|cant|p1a: Chansey|par
|
|turn|63
|choice|move 2|move 1
|
|cant|p2a: Lapras|slp
|cant|p1a: Chansey|par
|
|turn|64
|choice|move 2|move 1
|
|-curestatus|p2a: Lapras|slp
|-end|p1a: Chansey|confusion
|move|p1a: Chansey|Thunderbolt|p2a: Lapras
|-supereffective|p2a: Lapras
|-damage|p2a: Lapras|292\/463
|-status|p2a: Lapras|par
|
|turn|65
|choice|move 2|move 4
|
|move|p1a: Chansey|Thunderbolt|p2a: Lapras
|-supereffective|p2a: Lapras
|-damage|p2a: Lapras|123\/463 par
|move|p2a: Lapras|Confuse Ray|p1a: Chansey
|-start|p1a: Chansey|confusion
|
|turn|66
|choice|move 2|move 3
|
|-activate|p1a: Chansey|confusion
|-damage|p1a: Chansey|668\/703 par|[from] confusion
|move|p2a: Lapras|Rest|p2a: Lapras
|-status|p2a: Lapras|slp
|-heal|p2a: Lapras|463\/463 slp|[silent]
|-status|p2a: Lapras|slp|[from] move: Rest
|
|turn|67
|choice|move 2|switch 4
|
|switch|p2a: Rhydon|Rhydon|119\/413
|-activate|p1a: Chansey|confusion
|move|p1a: Chansey|Thunderbolt|p2a: Rhydon
|-immune|p2a: Rhydon|[msg]
|
|turn|68
|choice|move 1|move 2
|
|move|p2a: Rhydon|Rock Slide|p1a: Chansey
|-damage|p1a: Chansey|359\/703 par
|-activate|p1a: Chansey|confusion
|move|p1a: Chansey|Ice Beam|p2a: Rhydon
|-crit|p2a: Rhydon
|-supereffective|p2a: Rhydon
|-damage|p2a: Rhydon|0 fnt
|faint|p2a: Rhydon
|choice||switch 6
|
|switch|p2a: Zapdos|Zapdos|383\/383
|turn|69
|choice|switch 5|move 2
|
|switch|p1a: Golem|Golem|149\/363
|move|p2a: Zapdos|Drill Peck|p1a: Golem
|-resisted|p1a: Golem
|-damage|p1a: Golem|115\/363
|
|turn|70
|choice|move 3|switch 4
|
|switch|p2a: Lapras|Lapras|463\/463 slp
|move|p1a: Golem|Rock Slide|p2a: Lapras
|-crit|p2a: Lapras
|-supereffective|p2a: Lapras
|-damage|p2a: Lapras|7\/463 slp
|
|turn|71
|choice|move 3|switch 3
|
|switch|p2a: Alakazam|Alakazam|265\/313 par
|move|p1a: Golem|Rock Slide|p2a: Alakazam
|-damage|p2a: Alakazam|127\/313 par
|
|turn|72
|choice|switch 5|move 1
|
|switch|p1a: Chansey|Chansey|359\/703 par
|cant|p2a: Alakazam|par
|
|turn|73
|choice|move 4|move 2
|
|move|p2a: Alakazam|Recover|p2a: Alakazam
|-heal|p2a: Alakazam|283\/313 par
|move|p1a: Chansey|Soft-Boiled|p1a: Chansey
|-heal|p1a: Chansey|703\/703 par
|
|turn|74
|choice|move 1|move 1
|
|move|p2a: Alakazam|Psychic|p1a: Chansey
|-crit|p1a: Chansey
|-damage|p1a: Chansey|456\/703 par
|-unboost|p1a: Chansey|spd|1
|-unboost|p1a: Chansey|spa|1
|move|p1a: Chansey|Ice Beam|p2a: Alakazam
|-damage|p2a: Alakazam|241\/313 par
|
|turn|75
|choice|move 4|move 1
|
|move|p2a: Alakazam|Psychic|p1a: Chansey
|-damage|p1a: Chansey|260\/703 par
|move|p1a: Chansey|Soft-Boiled|p1a: Chansey
|-heal|p1a: Chansey|611\/703 par
|
|turn|76
|choice|move 2|move 1
|
|move|p2a: Alakazam|Psychic|p1a: Chansey
|-crit|p1a: Chansey
|-damage|p1a: Chansey|352\/703 par
|-unboost|p1a: Chansey|spd|1
|-unboost|p1a: Chansey|spa|1
|move|p1a: Chansey|Thunderbolt|p2a: Alakazam
|-damage|p2a: Alakazam|210\/313 par
|
|turn|77
|choice|move 4|move 1
|
|move|p2a: Alakazam|Psychic|p1a: Chansey
|-damage|p1a: Chansey|116\/703 par
|-unboost|p1a: Chansey|spd|1
|-unboost|p1a: Chansey|spa|1
|cant|p1a: Chansey|par
|
|turn|78
|choice|move 4|move 1
|
|cant|p2a: Alakazam|par
|move|p1a: Chansey|Soft-Boiled|p1a: Chansey
|-heal|p1a: Chansey|467\/703 par
|
|turn|79
|choice|move 4|move 1
|
|cant|p2a: Alakazam|par
|move|p1a: Chansey|Soft-Boiled|p1a: Chansey
|-heal|p1a: Chansey|703\/703 par
|
|turn|80
|choice|move 1|move 1
|
|cant|p2a: Alakazam|par
|move|p1a: Chansey|Ice Beam|p2a: Alakazam
|-damage|p2a: Alakazam|187\/313 par
|
|turn|81
|choice|move 1|move 1
|
|move|p2a: Alakazam|Psychic|p1a: Chansey
|-damage|p1a: Chansey|371\/703 par
|move|p1a: Chansey|Ice Beam|p2a: Alakazam
|-damage|p2a: Alakazam|162\/313 par
|
|turn|82
|choice|move 4|move 1
|
|cant|p2a: Alakazam|par
|move|p1a: Chansey|Soft-Boiled|p1a: Chansey
|-heal|p1a: Chansey|703\/703 par
|
|turn|83
|choice|switch 5|move 2
|
|switch|p1a: Golem|Golem|115\/363
|cant|p2a: Alakazam|par
|
|turn|84
|choice|move 2|move 1
|
|move|p1a: Golem|Earthquake|p2a: Alakazam
|-damage|p2a: Alakazam|0 fnt
|faint|p2a: Alakazam
|c|★rodmaster 450|gg
|choice||switch 3
|
|switch|p2a: Lapras|Lapras|7\/463 slp
|turn|85
|c|★Whoremaster|gg was very tough
|choice|move 2|move 4
|
|cant|p2a: Lapras|slp
|move|p1a: Golem|Earthquake|p2a: Lapras
|-damage|p2a: Lapras|0 fnt
|faint|p2a: Lapras
|choice||switch 4
|
|switch|p2a: Zapdos|Zapdos|383\/383
|turn|86
|choice|move 3|move 2
|
|move|p2a: Zapdos|Drill Peck|p1a: Golem
|-resisted|p1a: Golem
|-damage|p1a: Golem|79\/363
|move|p1a: Golem|Rock Slide|p2a: Zapdos
|-supereffective|p2a: Zapdos
|-damage|p2a: Zapdos|186\/383
|
|turn|87
|c|★rodmaster 450|gg
|choice|move 3|move 2
|
|move|p2a: Zapdos|Drill Peck|p1a: Golem
|-resisted|p1a: Golem
|-damage|p1a: Golem|41\/363
|move|p1a: Golem|Rock Slide|p2a: Zapdos|[miss]
|-miss|p1a: Golem
|
|turn|88
|choice|move 3|move 2
|
|move|p2a: Zapdos|Drill Peck|p1a: Golem
|-resisted|p1a: Golem
|-damage|p1a: Golem|4\/363
|move|p1a: Golem|Rock Slide|p2a: Zapdos|[miss]
|-miss|p1a: Golem
|
|turn|89
|c|★Whoremaster|oooo
|choice|move 4|move 2
|
|move|p2a: Zapdos|Drill Peck|p1a: Golem
|-resisted|p1a: Golem
|-damage|p1a: Golem|0 fnt
|faint|p1a: Golem
|choice|switch 6|
|
|switch|p1a: Tauros|Tauros|353\/353
|turn|90
|c|★rodmaster 450|lol
|choice|move 3|move 3
|
|move|p1a: Tauros|Blizzard|p2a: Zapdos
|-supereffective|p2a: Zapdos
|-damage|p2a: Zapdos|56\/383
|move|p2a: Zapdos|Thunder Wave|p1a: Tauros
|-status|p1a: Tauros|par
|
|turn|91
|choice|move 1|move 1
|
|move|p2a: Zapdos|Thunderbolt|p1a: Tauros
|-damage|p1a: Tauros|180\/353 par
|cant|p1a: Tauros|par
|
|turn|92
|c|★Whoremaster|lol
|c|★Whoremaster|pls no
|choice|move 1|move 1
|
|move|p2a: Zapdos|Thunderbolt|p1a: Tauros
|-damage|p1a: Tauros|19\/353 par
|move|p1a: Tauros|Body Slam|p2a: Zapdos
|-damage|p2a: Zapdos|0 fnt
|faint|p2a: Zapdos
|
|win|Whoremaster
|player|p1
|player|p2
|c|★rodmaster 450|xd
|c|★Whoremaster|fark
|c|★Whoremaster|gg
|c|★rodmaster 450|good game XD
|raw|Whoremaster's rating: 1316 &rarr; <strong>1323<\/strong><br \/>(+7 for winning)
|raw|rodmaster 450's rating: 1040 &rarr; <strong>1035<\/strong><br \/>(-5 for losing)