|j|trickster is a fag
|j|WHYWHOWHAT
|player|p1|trickster is a fag|1
|player|p2|WHYWHOWHAT|102
|gametype|singles
|gen|1
|tier|[Gen 1] Random Battle
|rated
|seed|40525,10179,37719,9298
|rule|Sleep Clause Mod: Limit one foe put to sleep
|rule|Freeze Clause Mod: Limit one foe frozen
|rule|HP Percentage Mod: HP is shown in percentages
|
|start
|switch|p1a: Caterpie|Caterpie, L99|290\/290
|switch|p2a: Charizard|Charizard, L85|306\/306
|turn|1
|choice|move 2|move 2
|
|move|p2a: Charizard|Body Slam|p1a: Caterpie
|-damage|p1a: Caterpie|211\/290
|-status|p1a: Caterpie|par
|move|p1a: Caterpie|String Shot|p2a: Charizard
|-unboost|p2a: Charizard|spe|1
|
|turn|2
|choice|move 2|move 2
|
|move|p2a: Charizard|Body Slam|p1a: Caterpie
|-damage|p1a: Caterpie|131\/290 par
|move|p1a: Caterpie|String Shot|p2a: Charizard
|-unboost|p2a: Charizard|spe|1
|
|turn|3
|choice|move 2|move 2
|
|move|p2a: Charizard|Body Slam|p1a: Caterpie
|-crit|p1a: Caterpie
|-damage|p1a: Caterpie|0 fnt
|faint|p1a: Caterpie
|choice|switch 6|
|
|switch|p1a: Golem|Golem, L79|288\/288
|turn|4
|choice|move 4|switch 4
|
|switch|p2a: Bulbasaur|Bulbasaur, L96|281\/281
|move|p1a: Golem|Rock Slide|p2a: Bulbasaur
|-damage|p2a: Bulbasaur|183\/281
|
|turn|5
|choice|switch 3|move 3
|
|switch|p1a: Dragonite|Dragonite, L85|328\/328
|move|p2a: Bulbasaur|Razor Leaf|p1a: Dragonite
|-crit|p1a: Dragonite
|-resisted|p1a: Dragonite
|-damage|p1a: Dragonite|304\/328
|
|turn|6
|choice|move 1|switch 5
|
|switch|p2a: Starmie|Starmie, L79|257\/257
|move|p1a: Dragonite|Ice Beam|p2a: Starmie
|-resisted|p2a: Starmie
|-damage|p2a: Starmie|224\/257
|
|turn|7
|choice|move 2|move 4
|
|move|p2a: Starmie|Blizzard|p1a: Dragonite
|-crit|p1a: Dragonite
|-supereffective|p1a: Dragonite
|-damage|p1a: Dragonite|0 fnt
|faint|p1a: Dragonite
|choice|switch 4|
|
|switch|p1a: Lapras|Lapras, L79|367\/367
|turn|8
|choice|move 2|move 3
|
|move|p2a: Starmie|Thunder Wave|p1a: Lapras
|-status|p1a: Lapras|par
|cant|p1a: Lapras|par
|
|turn|9
|c|★trickster is a fag|ugh
|c|★trickster is a fag|i get so fucking haxed all the time
|c|★trickster is a fag|it doesnt stop
|choice|move 2|switch 5
|
|switch|p2a: Bulbasaur|Bulbasaur, L96|183\/281
|cant|p1a: Lapras|par
|
|turn|10
|c|★trickster is a fag|lolk
|choice|switch 5|move 3
|
|switch|p1a: Gengar|Gengar, L79|257\/257
|move|p2a: Bulbasaur|Razor Leaf|p1a: Gengar
|-crit|p1a: Gengar
|-resisted|p1a: Gengar
|-damage|p1a: Gengar|208\/257
|
|turn|11
|choice|move 1|move 3
|
|move|p1a: Gengar|Hypnosis|p2a: Bulbasaur
|-status|p2a: Bulbasaur|slp
|cant|p2a: Bulbasaur|slp
|
|turn|12
|choice|move 2|switch 2
|
|switch|p2a: Tauros|Tauros, L79|280\/280
|move|p1a: Gengar|Thunderbolt|p2a: Tauros
|-damage|p2a: Tauros|189\/280
|
|turn|13
|c|★trickster is a fag|lmfao nice team
|c|★trickster is a fag|wheres your caterpie
|choice|switch 5|move 4
|
|switch|p1a: Lapras|Lapras, L79|367\/367 par
|move|p2a: Tauros|Earthquake|p1a: Lapras
|-crit|p1a: Lapras
|-damage|p1a: Lapras|230\/367 par
|
|turn|14
|choice|move 3|move 2
|
|move|p2a: Tauros|Body Slam|p1a: Lapras
|-damage|p1a: Lapras|137\/367 par
|move|p1a: Lapras|Blizzard|p2a: Tauros
|-damage|p2a: Tauros|52\/280
|-status|p2a: Tauros|frz
|
|turn|15
|choice|move 4|move 2
|
|cant|p2a: Tauros|frz
|move|p1a: Lapras|Rest|p1a: Lapras
|-status|p1a: Lapras|slp
|-heal|p1a: Lapras|367\/367 slp|[silent]
|-status|p1a: Lapras|slp|[from] move: Rest
|
|turn|16
|choice|move 3|switch 6
|
|switch|p2a: Hitmonchan|Hitmonchan, L90|273\/273
|cant|p1a: Lapras|slp
|
|turn|17
|choice|move 2|switch 4
|
|switch|p2a: Charizard|Charizard, L85|306\/306
|-curestatus|p1a: Lapras|slp
|
|turn|18
|choice|move 3|switch 6
|
|switch|p2a: Tauros|Tauros, L79|52\/280 frz
|move|p1a: Lapras|Blizzard|p2a: Tauros
|-damage|p2a: Tauros|0 fnt
|faint|p2a: Tauros
|choice||switch 4
|
|switch|p2a: Hitmonchan|Hitmonchan, L90|273\/273
|turn|19
|choice|switch 5|move 3
|
|switch|p1a: Gengar|Gengar, L79|208\/257
|move|p2a: Hitmonchan|Submission|p1a: Gengar
|-immune|p1a: Gengar|[msg]
|
|turn|20
|choice|move 2|switch 5
|
|switch|p2a: Starmie|Starmie, L79|224\/257
|move|p1a: Gengar|Thunderbolt|p2a: Starmie
|-supereffective|p2a: Starmie
|-damage|p2a: Starmie|92\/257
|
|turn|21
|choice|move 2|switch 3
|
|switch|p2a: Rhydon|Rhydon, L79|328\/328
|move|p1a: Gengar|Thunderbolt|p2a: Rhydon
|-immune|p2a: Rhydon|[msg]
|
|turn|22
|choice|switch 5|move 1
|
|switch|p1a: Lapras|Lapras, L79|367\/367
|move|p2a: Rhydon|Earthquake|p1a: Lapras
|-damage|p1a: Lapras|230\/367
|
|turn|23
|choice|move 3|switch 5
|
|switch|p2a: Hitmonchan|Hitmonchan, L90|273\/273
|move|p1a: Lapras|Blizzard|p2a: Hitmonchan
|-crit|p2a: Hitmonchan
|-damage|p2a: Hitmonchan|0 fnt
|faint|p2a: Hitmonchan
|choice||switch 3
|
|switch|p2a: Starmie|Starmie, L79|92\/257
|turn|24
|choice|move 2|move 1
|
|move|p2a: Starmie|Recover|p2a: Starmie
|-heal|p2a: Starmie|220\/257
|move|p1a: Lapras|Thunderbolt|p2a: Starmie
|-supereffective|p2a: Starmie
|-damage|p2a: Starmie|97\/257
|
|turn|25
|choice|move 2|switch 2
|
|switch|p2a: Bulbasaur|Bulbasaur, L96|183\/281 slp
|move|p1a: Lapras|Thunderbolt|p2a: Bulbasaur
|-resisted|p2a: Bulbasaur
|-damage|p2a: Bulbasaur|154\/281 slp
|
|turn|26
|choice|move 3|move 3
|
|cant|p2a: Bulbasaur|slp
|move|p1a: Lapras|Blizzard|p2a: Bulbasaur
|-supereffective|p2a: Bulbasaur
|-damage|p2a: Bulbasaur|0 fnt
|faint|p2a: Bulbasaur
|choice||switch 6
|
|switch|p2a: Charizard|Charizard, L85|306\/306
|turn|27
|choice|move 3|move 1
|
|move|p2a: Charizard|Earthquake|p1a: Lapras
|-damage|p1a: Lapras|156\/367
|move|p1a: Lapras|Blizzard|p2a: Charizard
|-supereffective|p2a: Charizard
|-damage|p2a: Charizard|101\/306
|
|turn|28
|choice|move 3|move 4
|
|move|p2a: Charizard|Hyper Beam|p1a: Lapras
|-damage|p1a: Lapras|45\/367
|move|p1a: Lapras|Blizzard|p2a: Charizard
|-supereffective|p2a: Charizard
|-damage|p2a: Charizard|0 fnt
|faint|p2a: Charizard
|choice||switch 2
|
|switch|p2a: Starmie|Starmie, L79|97\/257
|turn|29
|choice|switch 5|move 4
|
|switch|p1a: Gengar|Gengar, L79|208\/257
|move|p2a: Starmie|Blizzard|p1a: Gengar
|-damage|p1a: Gengar|147\/257
|
|turn|30
|choice|move 4|switch 5
|
|switch|p2a: Rhydon|Rhydon, L79|328\/328
|move|p1a: Gengar|Mega Drain|p2a: Rhydon
|-supereffective|p2a: Rhydon
|-damage|p2a: Rhydon|137\/328
|-heal|p1a: Gengar|242\/257|[from] drain|[of] p2a: Rhydon
|
|turn|31
|c|★trickster is a fag|gg
|choice|move 4|move 1
|
|move|p1a: Gengar|Mega Drain|p2a: Rhydon
|-supereffective|p2a: Rhydon
|-damage|p2a: Rhydon|0 fnt
|-heal|p1a: Gengar|257\/257|[from] drain|[of] p2a: Rhydon
|faint|p2a: Rhydon
|choice||switch 5
|
|switch|p2a: Starmie|Starmie, L79|97\/257
|turn|32
|choice|move 2|move 1
|
|move|p2a: Starmie|Recover|p2a: Starmie
|-heal|p2a: Starmie|225\/257
|move|p1a: Gengar|Thunderbolt|p2a: Starmie
|-supereffective|p2a: Starmie
|-damage|p2a: Starmie|87\/257
|
|turn|33
|choice|move 2|move 1
|
|move|p2a: Starmie|Recover|p2a: Starmie
|-heal|p2a: Starmie|215\/257
|move|p1a: Gengar|Thunderbolt|p2a: Starmie
|-supereffective|p2a: Starmie
|-damage|p2a: Starmie|77\/257
|
|turn|34
|choice|move 2|move 3
|
|move|p2a: Starmie|Thunder Wave|p1a: Gengar
|-status|p1a: Gengar|par
|move|p1a: Gengar|Thunderbolt|p2a: Starmie
|-supereffective|p2a: Starmie
|-damage|p2a: Starmie|0 fnt
|faint|p2a: Starmie
|
|win|trickster is a fag
|player|p1
|player|p2
|raw|trickster is a fag's rating: 1533 &rarr; <strong>1547<\/strong><br \/>(+14 for winning)
|raw|WHYWHOWHAT's rating: 1421 &rarr; <strong>1408<\/strong><br \/>(-13 for losing)
|l|WHYWHOWHAT