|j|TheBlackRayCharles
|j|Pokemon-Sucks OK
|player|p1|TheBlackRayCharles|266
|player|p2|Pokemon-Sucks OK|115
|gametype|singles
|gen|1
|tier|[Gen 1] Random Battle
|rated
|seed|37350,50961,46138,56034
|rule|Sleep Clause Mod: Limit one foe put to sleep
|rule|Freeze Clause Mod: Limit one foe frozen
|rule|HP Percentage Mod: HP is shown in percentages
|
|start
|switch|p1a: Growlithe|Growlithe, L96|300\/300
|switch|p2a: Bellsprout|Bellsprout, L96|291\/291
|turn|1
|choice|move 1|switch 2
|
|switch|p2a: Omanyte|Omanyte, L96|262\/262
|move|p1a: Growlithe|Reflect|p1a: Growlithe
|-start|p1a: Growlithe|Reflect
|
|turn|2
|choice|switch 3|move 1
|
|switch|p1a: Exeggutor|Exeggutor, L79|312\/312
|move|p2a: Omanyte|Blizzard|p1a: Exeggutor
|-supereffective|p1a: Exeggutor
|-damage|p1a: Exeggutor|144\/312
|
|turn|3
|choice|move 3|switch 3
|
|switch|p2a: Pidgeot|Pidgeot, L90|333\/333
|move|p1a: Exeggutor|Mega Drain|p2a: Pidgeot
|-resisted|p2a: Pidgeot
|-damage|p2a: Pidgeot|309\/333
|-heal|p1a: Exeggutor|156\/312|[from] drain|[of] p2a: Pidgeot
|
|turn|4
|choice|switch 5|move 1
|
|switch|p1a: Rhydon|Rhydon, L79|328\/328
|move|p2a: Pidgeot|Double-Edge|p1a: Rhydon
|-crit|p1a: Rhydon
|-resisted|p1a: Rhydon
|-damage|p1a: Rhydon|240\/328
|-damage|p2a: Pidgeot|287\/333|[from] recoil|[of] p1a: Rhydon
|
|turn|5
|choice|move 4|move 1
|
|move|p2a: Pidgeot|Double-Edge|p1a: Rhydon
|-crit|p1a: Rhydon
|-resisted|p1a: Rhydon
|-damage|p1a: Rhydon|153\/328
|-damage|p2a: Pidgeot|266\/333|[from] recoil|[of] p1a: Rhydon
|move|p1a: Rhydon|Substitute|p1a: Rhydon
|-start|p1a: Rhydon|Substitute
|-damage|p1a: Rhydon|71\/328
|
|turn|6
|choice|move 1|move 1
|
|move|p2a: Pidgeot|Double-Edge|p1a: Rhydon
|-resisted|p1a: Rhydon
|-activate|p1a: Rhydon|Substitute|[damage]
|-damage|p2a: Pidgeot|254\/333|[from] recoil|[of] p1a: Rhydon
|move|p1a: Rhydon|Rock Slide|p2a: Pidgeot
|-supereffective|p2a: Pidgeot
|-damage|p2a: Pidgeot|62\/333
|
|turn|7
|choice|move 1|move 1
|
|move|p2a: Pidgeot|Double-Edge|p1a: Rhydon
|-resisted|p1a: Rhydon
|-end|p1a: Rhydon|Substitute
|-damage|p2a: Pidgeot|53\/333|[from] recoil|[of] p1a: Rhydon
|move|p1a: Rhydon|Rock Slide|p2a: Pidgeot
|-supereffective|p2a: Pidgeot
|-damage|p2a: Pidgeot|0 fnt
|faint|p2a: Pidgeot
|choice||switch 4
|
|switch|p2a: Nidorino|Nidorino, L90|293\/293
|turn|8
|choice|move 3|move 3
|
|move|p2a: Nidorino|Blizzard|p1a: Rhydon
|-supereffective|p1a: Rhydon
|-damage|p1a: Rhydon|0 fnt
|faint|p1a: Rhydon
|choice|switch 6|
|
|switch|p1a: Mew|Mew, L74|300\/300
|turn|9
|choice|move 4|move 3
|
|move|p1a: Mew|Earthquake|p2a: Nidorino
|-supereffective|p2a: Nidorino
|-damage|p2a: Nidorino|156\/293
|move|p2a: Nidorino|Blizzard|p1a: Mew
|-damage|p1a: Mew|228\/300
|
|turn|10
|choice|move 4|move 3
|
|move|p1a: Mew|Earthquake|p2a: Nidorino|[miss]
|-miss|p1a: Mew
|move|p2a: Nidorino|Blizzard|p1a: Mew
|-damage|p1a: Mew|156\/300
|-status|p1a: Mew|frz
|
|turn|11
|c|★TheBlackRayCharles|-.-
|c|★Pokemon-Sucks OK|999 Percent
|choice|move 4|move 3
|
|cant|p1a: Mew|frz
|move|p2a: Nidorino|Blizzard|p1a: Mew
|-damage|p1a: Mew|79\/300 frz
|
|turn|12
|c|★Pokemon-Sucks OK|99*
|choice|move 4|move 3
|
|cant|p1a: Mew|frz
|move|p2a: Nidorino|Blizzard|p1a: Mew
|-damage|p1a: Mew|6\/300 frz
|
|turn|13
|choice|move 3|move 1
|
|cant|p1a: Mew|frz
|move|p2a: Nidorino|Substitute|p2a: Nidorino
|-start|p2a: Nidorino|Substitute
|-damage|p2a: Nidorino|83\/293
|
|turn|14
|choice|move 3|move 2
|
|cant|p1a: Mew|frz
|move|p2a: Nidorino|Thunderbolt|p1a: Mew
|-damage|p1a: Mew|0 fnt
|faint|p1a: Mew
|choice|switch 4|
|
|switch|p1a: Lapras|Lapras, L79|367\/367
|turn|15
|choice|move 2|move 2
|
|move|p2a: Nidorino|Thunderbolt|p1a: Lapras
|-supereffective|p1a: Lapras
|-damage|p1a: Lapras|255\/367
|move|p1a: Lapras|Thunderbolt|p2a: Nidorino
|-activate|p2a: Nidorino|Substitute|[damage]
|
|turn|16
|choice|move 2|move 2
|
|move|p2a: Nidorino|Thunderbolt|p1a: Lapras
|-crit|p1a: Lapras
|-supereffective|p1a: Lapras
|-damage|p1a: Lapras|43\/367
|move|p1a: Lapras|Thunderbolt|p2a: Nidorino
|-end|p2a: Nidorino|Substitute
|
|turn|17
|choice|move 1|move 2
|
|move|p2a: Nidorino|Thunderbolt|p1a: Lapras
|-supereffective|p1a: Lapras
|-damage|p1a: Lapras|0 fnt
|faint|p1a: Lapras
|choice|switch 3|
|
|switch|p1a: Growlithe|Growlithe, L96|300\/300
|turn|18
|choice|move 4|move 2
|
|move|p1a: Growlithe|Fire Blast|p2a: Nidorino
|-damage|p2a: Nidorino|0 fnt
|faint|p2a: Nidorino
|choice||switch 3
|
|switch|p2a: Omanyte|Omanyte, L96|262\/262
|turn|19
|choice|switch 2|move 1
|
|switch|p1a: Weedle|Weedle, L99|280\/280
|move|p2a: Omanyte|Blizzard|p1a: Weedle
|-damage|p1a: Weedle|98\/280
|
|turn|20
|choice|move 1|move 3
|
|move|p1a: Weedle|Poison Sting|p2a: Omanyte
|-resisted|p2a: Omanyte
|-damage|p2a: Omanyte|257\/262
|move|p2a: Omanyte|Hydro Pump|p1a: Weedle
|-damage|p1a: Weedle|0 fnt
|faint|p1a: Weedle
|choice|switch 5|
|
|switch|p1a: Exeggutor|Exeggutor, L79|156\/312
|turn|21
|choice|move 3|switch 6
|
|switch|p2a: Chansey|Chansey, L79|557\/557
|move|p1a: Exeggutor|Mega Drain|p2a: Chansey
|-damage|p2a: Chansey|515\/557
|-heal|p1a: Exeggutor|177\/312|[from] drain|[of] p2a: Chansey
|
|turn|22
|choice|move 1|move 4
|
|move|p1a: Exeggutor|Sleep Powder|p2a: Chansey|[miss]
|-miss|p1a: Exeggutor
|move|p2a: Chansey|Thunder Wave|p1a: Exeggutor
|-status|p1a: Exeggutor|par
|
|turn|23
|choice|move 1|move 3
|
|move|p2a: Chansey|Reflect|p2a: Chansey
|-start|p2a: Chansey|Reflect
|move|p1a: Exeggutor|Sleep Powder|p2a: Chansey
|-status|p2a: Chansey|slp
|
|turn|24
|choice|move 2|move 1
|
|cant|p2a: Chansey|slp
|cant|p1a: Exeggutor|par
|
|turn|25
|choice|move 2|move 1
|
|-curestatus|p2a: Chansey|slp
|move|p1a: Exeggutor|Hyper Beam|p2a: Chansey
|-damage|p2a: Chansey|386\/557
|
|turn|26
|-mustrecharge|p1a: Exeggutor
|-mustrecharge|p1a: Exeggutor
|choice|move 1|move 1
|
|move|p2a: Chansey|Soft-Boiled|p2a: Chansey
|-heal|p2a: Chansey|557\/557
|cant|p1a: Exeggutor|recharge
|
|turn|27
|choice|move 1|move 2
|
|move|p1a: Exeggutor|Sleep Powder|p2a: Chansey
|-status|p2a: Chansey|slp
|cant|p2a: Chansey|slp
|
|turn|28
|choice|move 3|move 2
|
|move|p1a: Exeggutor|Mega Drain|p2a: Chansey
|-damage|p2a: Chansey|517\/557 slp
|-heal|p1a: Exeggutor|197\/312 par|[from] drain|[of] p2a: Chansey
|cant|p2a: Chansey|slp
|
|turn|29
|choice|move 3|move 2
|
|move|p1a: Exeggutor|Mega Drain|p2a: Chansey
|-damage|p2a: Chansey|474\/557 slp
|-heal|p1a: Exeggutor|218\/312 par|[from] drain|[of] p2a: Chansey
|cant|p2a: Chansey|slp
|
|turn|30
|choice|move 3|switch 2
|
|switch|p2a: Bellsprout|Bellsprout, L96|291\/291
|move|p1a: Exeggutor|Mega Drain|p2a: Bellsprout
|-resisted|p2a: Bellsprout
|-damage|p2a: Bellsprout|280\/291
|-heal|p1a: Exeggutor|223\/312 par|[from] drain|[of] p2a: Bellsprout
|
|turn|31
|choice|move 2|move 3
|
|move|p2a: Bellsprout|Swords Dance|p2a: Bellsprout
|-boost|p2a: Bellsprout|atk|2
|cant|p1a: Exeggutor|par
|
|turn|32
|choice|move 2|move 2
|
|move|p2a: Bellsprout|Body Slam|p1a: Exeggutor
|-damage|p1a: Exeggutor|73\/312 par
|move|p1a: Exeggutor|Hyper Beam|p2a: Bellsprout
|-damage|p2a: Bellsprout|138\/291
|
|turn|33
|-mustrecharge|p1a: Exeggutor
|-mustrecharge|p1a: Exeggutor
|choice|move 1|move 2
|
|move|p2a: Bellsprout|Body Slam|p1a: Exeggutor
|-damage|p1a: Exeggutor|0 fnt
|faint|p1a: Exeggutor
|choice|switch 2|
|
|switch|p1a: Growlithe|Growlithe, L96|300\/300
|turn|34
|choice|move 2|move 2
|
|move|p1a: Growlithe|Body Slam|p2a: Bellsprout
|-damage|p2a: Bellsprout|46\/291
|-status|p2a: Bellsprout|par
|move|p2a: Bellsprout|Body Slam|p1a: Growlithe
|-damage|p1a: Growlithe|119\/300
|
|turn|35
|c|★Pokemon-Sucks OK|gg
|l|TheBlackRayCharles
|player|p1
|-message|TheBlackRayCharles lost due to inactivity.
|
|win|Pokemon-Sucks OK
|player|p2
|raw|TheBlackRayCharles's rating: 1110 &rarr; <strong>1077<\/strong><br \/>(-33 for losing)
|raw|Pokemon-Sucks OK's rating: 1000 &rarr; <strong>1052<\/strong><br \/>(+52 for winning)