|join|andrewandres
|join|Niseba
|player|p1|andrewandres|1
|player|p2|Niseba|144
|gametype|singles
|gen|1
|tier|[Gen 1] Random Battle
|seed|4143,61138,3759,27366
|rule|Sleep Clause Mod: Limit one foe put to sleep
|rule|Freeze Clause Mod: Limit one foe frozen
|rule|HP Percentage Mod: HP is shown in percentages
|
|start
|switch|p1a: Slowbro|Slowbro, L79|312\/312
|switch|p2a: Aerodactyl|Aerodactyl, L90|327\/327
|turn|1
|choice|move 2|switch 4
|
|switch|p2a: Raichu|Raichu, L85|276\/276
|move|p1a: Slowbro|Thunder Wave|p2a: Raichu
|-status|p2a: Raichu|par
|
|turn|2
|join|Rukiano☆
|join|alexgnr45
|choice|switch 4|move 2
|
|switch|p1a: Caterpie|Caterpie, L99|290\/290
|move|p2a: Raichu|Thunder Wave|p1a: Caterpie
|-status|p1a: Caterpie|par
|
|turn|3
|c| Rukiano☆|pole
|choice|move 2|move 3
|
|move|p2a: Raichu|Thunderbolt|p1a: Caterpie
|-damage|p1a: Caterpie|124\/290 par
|move|p1a: Caterpie|String Shot|p2a: Raichu
|-unboost|p2a: Raichu|spe|1
|
|turn|4
|join|junkier
|choice|move 2|move 3
|
|move|p1a: Caterpie|String Shot|p2a: Raichu
|-unboost|p2a: Raichu|spe|1
|move|p2a: Raichu|Thunderbolt|p1a: Caterpie
|-damage|p1a: Caterpie|0 fnt
|faint|p1a: Caterpie
|join|DESCORTES
|choice|switch 5|
|
|switch|p1a: Persian|Persian, L79|265\/265
|turn|5
|leave|junkier
|choice|move 2|switch 6
|
|switch|p2a: Hitmonlee|Hitmonlee, L90|273\/273
|move|p1a: Persian|Thunderbolt|p2a: Hitmonlee
|-damage|p2a: Hitmonlee|205\/273
|
|turn|6
|join|AlejoT-98-29
|choice|switch 2|move 4
|
|switch|p1a: Exeggutor|Exeggutor, L79|312\/312
|move|p2a: Hitmonlee|Mimic|p1a: Exeggutor
|-start|p2a: Hitmonlee|Mimic|Hyper Beam
|
|turn|7
|leave|Rukiano☆
|choice|move 1|move 3
|
|move|p2a: Hitmonlee|Body Slam|p1a: Exeggutor
|-crit|p1a: Exeggutor
|-damage|p1a: Exeggutor|136\/312
|move|p1a: Exeggutor|Sleep Powder|p2a: Hitmonlee|[miss]
|-miss|p1a: Exeggutor
|
|turn|8
|leave|AlejoT-98-29
|c|★andrewandres|ya empezamos..
|c|★andrewandres|ay dios
|choice|move 3|move 3
|
|move|p2a: Hitmonlee|Body Slam|p1a: Exeggutor
|-damage|p1a: Exeggutor|47\/312
|move|p1a: Exeggutor|Hyper Beam|p2a: Hitmonlee
|-damage|p2a: Hitmonlee|81\/273
|
|turn|9
|-mustrecharge|p1a: Exeggutor
|-mustrecharge|p1a: Exeggutor
|choice|move 1|move 3
|
|move|p2a: Hitmonlee|Body Slam|p1a: Exeggutor
|-damage|p1a: Exeggutor|0 fnt
|faint|p1a: Exeggutor
|choice|switch 4|
|
|switch|p1a: Slowbro|Slowbro, L79|312\/312
|turn|10
|choice|move 3|move 4
|
|move|p2a: Hitmonlee|Hyper Beam|p1a: Slowbro|[miss]
|-miss|p2a: Hitmonlee
|move|p1a: Slowbro|Amnesia|p1a: Slowbro
|-boost|p1a: Slowbro|spd|2
|-boost|p1a: Slowbro|spa|2
|
|turn|11
|choice|move 2|move 4
|
|move|p2a: Hitmonlee|Hyper Beam|p1a: Slowbro
|-damage|p1a: Slowbro|175\/312
|move|p1a: Slowbro|Thunder Wave|p2a: Hitmonlee
|-status|p2a: Hitmonlee|par
|
|turn|12
|-mustrecharge|p2a: Hitmonlee
|-mustrecharge|p2a: Hitmonlee
|choice|move 3|move 1
|
|move|p1a: Slowbro|Amnesia|p1a: Slowbro
|-boost|p1a: Slowbro|spd|2
|-boost|p1a: Slowbro|spa|2
|cant|p2a: Hitmonlee|recharge
|
|turn|13
|c|★Niseba|Y salio miss
|c|★Niseba|Ajaja
|choice|move 4|move 4
|
|move|p1a: Slowbro|Surf|p2a: Hitmonlee
|-damage|p2a: Hitmonlee|0 fnt
|faint|p2a: Hitmonlee
|choice||switch 6
|
|switch|p2a: Raichu|Raichu, L85|276\/276 par
|turn|14
|choice|move 4|move 2
|
|move|p1a: Slowbro|Surf|p2a: Raichu
|-damage|p2a: Raichu|30\/276 par
|move|p2a: Raichu|Thunder Wave|p1a: Slowbro
|-status|p1a: Slowbro|par
|
|turn|15
|choice|move 4|move 3
|
|move|p2a: Raichu|Thunderbolt|p1a: Slowbro
|-supereffective|p1a: Slowbro
|-damage|p1a: Slowbro|99\/312 par
|move|p1a: Slowbro|Surf|p2a: Raichu
|-damage|p2a: Raichu|0 fnt
|faint|p2a: Raichu
|choice||switch 3
|
|switch|p2a: Porygon|Porygon, L85|284\/284
|turn|16
|choice|move 1|move 2
|
|move|p2a: Porygon|Tri Attack|p1a: Slowbro
|-damage|p1a: Slowbro|41\/312 par
|cant|p1a: Slowbro|par
|
|turn|17
|c|★andrewandres|enfin...
|choice|move 1|move 2
|
|move|p2a: Porygon|Tri Attack|p1a: Slowbro
|-damage|p1a: Slowbro|0 fnt
|faint|p1a: Slowbro
|choice|switch 6|
|
|switch|p1a: Gengar|Gengar, L79|257\/257
|turn|18
|choice|move 1|move 3
|
|move|p1a: Gengar|Hypnosis|p2a: Porygon|[miss]
|-miss|p1a: Gengar
|move|p2a: Porygon|Psychic|p1a: Gengar
|-supereffective|p1a: Gengar
|-damage|p1a: Gengar|159\/257
|
|turn|19
|c|★andrewandres|claro que si.,..
|c|★andrewandres|niseba
|c|★andrewandres|me ganaras algun dia sin que tengas suerte??
|c|★andrewandres|xD
|choice|move 1|move 3
|
|move|p1a: Gengar|Hypnosis|p2a: Porygon
|-status|p2a: Porygon|slp
|cant|p2a: Porygon|slp
|
|turn|20
|c| alexgnr45|60% de accuracy, tienes que esperar que falle
|c| alexgnr45|ademas el hax es partel juego
|c|★andrewandres|55%
|c|★andrewandres|informate xico..
|c| alexgnr45|"numero 1"
|c|★andrewandres|pegas de cada patinazo..
|c| alexgnr45|entonces peor pues .-.
|c|★Niseba|pokemon sin hax no es pokemon
|choice|move 2|switch 2
|
|switch|p2a: Sandslash|Sandslash, L85|301\/301
|move|p1a: Gengar|Thunderbolt|p2a: Sandslash
|-immune|p2a: Sandslash|[msg]
|
|turn|21
|choice|switch 2|move 1
|
|switch|p1a: Persian|Persian, L79|265\/265
|move|p2a: Sandslash|Earthquake|p1a: Persian
|-damage|p1a: Persian|120\/265
|
|turn|22
|choice|move 3|move 1
|
|move|p1a: Persian|Hyper Beam|p2a: Sandslash
|-damage|p2a: Sandslash|203\/301
|move|p2a: Sandslash|Earthquake|p1a: Persian
|-damage|p1a: Persian|0 fnt
|faint|p1a: Persian
|choice|switch 3|
|
|switch|p1a: Pikachu|Pikachu, L96|262\/262
|turn|23
|choice|move 4|move 1
|
|move|p1a: Pikachu|Surf|p2a: Sandslash
|-supereffective|p2a: Sandslash
|-damage|p2a: Sandslash|54\/301
|move|p2a: Sandslash|Earthquake|p1a: Pikachu
|-supereffective|p1a: Pikachu
|-damage|p1a: Pikachu|0 fnt
|faint|p1a: Pikachu
|c| alexgnr45|ademas no que "te adaptabas a la situacion" por eso eras numero 1?
|c|★andrewandres|situación
|c|★andrewandres|número
|c|★andrewandres|además
|c|★andrewandres|no se te entiende nada
|c|★andrewandres|xD
|choice|switch 2|
|
|switch|p1a: Gengar|Gengar, L79|159\/257
|turn|24
|choice|move 4|move 1
|
|move|p1a: Gengar|Mega Drain|p2a: Sandslash
|-supereffective|p2a: Sandslash
|-damage|p2a: Sandslash|0 fnt
|-heal|p1a: Gengar|186\/257|[from] drain|[of] p2a: Sandslash
|faint|p2a: Sandslash
|choice||switch 4
|
|switch|p2a: Aerodactyl|Aerodactyl, L90|327\/327
|turn|25
|choice|move 2|move 2
|
|move|p2a: Aerodactyl|Sky Attack|p1a: Gengar|[still]
|-prepare|p2a: Aerodactyl|Sky Attack|p1a: Gengar
|move|p1a: Gengar|Thunderbolt|p2a: Aerodactyl
|-supereffective|p2a: Aerodactyl
|-damage|p2a: Aerodactyl|155\/327
|
|turn|26
|choice|move 2|move 1
|
|move|p2a: Aerodactyl|Sky Attack|p1a: Gengar
|-crit|p1a: Gengar
|-damage|p1a: Gengar|0 fnt
|faint|p1a: Gengar
|
|win|Niseba
|c|★andrewandres|gg
|c|★andrewandres|suertero ¬¬
|c|★andrewandres|los mejores tmbn perdemos
|c|★andrewandres|para rebajarnos y depsues volver a subir
|c|★andrewandres|:D:D:D
|c| alexgnr45|si pero tu eres mal perdedor