|j|hodor
|j|qht
|player|p1|hodor|170
|player|p2|qht|282
|gametype|singles
|gen|1
|tier|[Gen 1] OU
|seed|17034,23807,49632,42965
|rule|Sleep Clause Mod: Limit one foe put to sleep
|rule|Freeze Clause Mod: Limit one foe frozen
|rule|Species Clause: Limit one of each Pokémon
|rule|OHKO Clause: OHKO moves are banned
|rule|Evasion Moves Clause: Evasion moves are banned
|rule|HP Percentage Mod: HP is shown in percentages
|
|start
|switch|p1a: Alakazam|Alakazam|313\/313
|switch|p2a: Hypno|Hypno|373\/373
|turn|1
qht made this room hidden.
|choice|move 4|move 1
|
|move|p1a: Alakazam|Recover|p1a: Alakazam
|-fail|p1a: Alakazam
|move|p2a: Hypno|Hypnosis|p1a: Alakazam
|-status|p1a: Alakazam|slp
|
|turn|2
|choice|switch 3|move 3
|
|switch|p1a: Snorlax|Snorlax|523\/523
|move|p2a: Hypno|Psychic|p1a: Snorlax
|-damage|p1a: Snorlax|363\/523
|
|turn|3
|choice|move 1|move 3
|
|move|p2a: Hypno|Psychic|p1a: Snorlax
|-damage|p1a: Snorlax|203\/523
|-unboost|p1a: Snorlax|spd|1
|-unboost|p1a: Snorlax|spa|1
|move|p1a: Snorlax|Body Slam|p2a: Hypno
|-damage|p2a: Hypno|230\/373
|
|turn|4
|choice|switch 4|move 3
|
|switch|p1a: Chansey|Chansey|703\/703
|move|p2a: Hypno|Psychic|p1a: Chansey
|-damage|p1a: Chansey|589\/703
|
|turn|5
|choice|move 1|move 2
|
|move|p2a: Hypno|Thunder Wave|p1a: Chansey
|-status|p1a: Chansey|par
|move|p1a: Chansey|Ice Beam|p2a: Hypno
|-damage|p2a: Hypno|159\/373
|
|turn|6
|choice|move 1|move 3
|
|move|p2a: Hypno|Psychic|p1a: Chansey
|-damage|p1a: Chansey|474\/703 par
|-unboost|p1a: Chansey|spd|1
|-unboost|p1a: Chansey|spa|1
|move|p1a: Chansey|Ice Beam|p2a: Hypno
|-damage|p2a: Hypno|110\/373
|
|turn|7
|choice|move 3|move 3
|
|move|p2a: Hypno|Psychic|p1a: Chansey
|-damage|p1a: Chansey|309\/703 par
|move|p1a: Chansey|Soft-Boiled|p1a: Chansey
|-heal|p1a: Chansey|660\/703 par
|
|turn|8
|choice|switch 2|move 3
|
|switch|p1a: Exeggutor|Exeggutor|393\/393
|move|p2a: Hypno|Psychic|p1a: Exeggutor
|-resisted|p1a: Exeggutor
|-damage|p1a: Exeggutor|340\/393
|
|turn|9
|choice|move 1|move 2
|
|move|p2a: Hypno|Thunder Wave|p1a: Exeggutor
|-status|p1a: Exeggutor|par
|move|p1a: Exeggutor|Sleep Powder|p2a: Hypno
|-status|p2a: Hypno|slp
|
|turn|10
|choice|move 2|switch 3
|
|switch|p2a: Snorlax|Snorlax|523\/523
|move|p1a: Exeggutor|Psychic|p2a: Snorlax
|-damage|p2a: Snorlax|375\/523
|-unboost|p2a: Snorlax|spd|1
|-unboost|p2a: Snorlax|spa|1
|
|turn|11
|choice|move 2|switch 2
|
|switch|p2a: Alakazam|Alakazam|313\/313
|move|p1a: Exeggutor|Psychic|p2a: Alakazam
|-resisted|p2a: Alakazam
|-damage|p2a: Alakazam|267\/313
|
|turn|12
|choice|move 4|move 4
|
|move|p2a: Alakazam|Seismic Toss|p1a: Exeggutor
|-damage|p1a: Exeggutor|240\/393 par
|move|p1a: Exeggutor|Stun Spore|p2a: Alakazam
|-status|p2a: Alakazam|par
|
|turn|13
|choice|switch 6|move 4
|
|switch|p1a: Zapdos|Zapdos|383\/383
|move|p2a: Alakazam|Seismic Toss|p1a: Zapdos
|-damage|p1a: Zapdos|283\/383
|
|turn|14
|choice|move 1|switch 5
|
|switch|p2a: Rhydon|Rhydon|413\/413
|move|p1a: Zapdos|Thunderbolt|p2a: Rhydon
|-immune|p2a: Rhydon|[msg]
|
|turn|15
|choice|switch 6|move 3
|
|switch|p1a: Exeggutor|Exeggutor|240\/393 par
|move|p2a: Rhydon|Body Slam|p1a: Exeggutor
|-damage|p1a: Exeggutor|159\/393 par
|
|turn|16
|choice|move 3|switch 5
|
|switch|p2a: Alakazam|Alakazam|267\/313 par
|move|p1a: Exeggutor|Explosion|p2a: Alakazam
|-damage|p2a: Alakazam|0 fnt
|faint|p2a: Alakazam
|faint|p1a: Exeggutor
|choice|switch 5|switch 2
|
|switch|p1a: Tauros|Tauros|353\/353
|switch|p2a: Snorlax|Snorlax|375\/523
|turn|17
|choice|move 1|move 3
|
|move|p1a: Tauros|Body Slam|p2a: Snorlax
|-damage|p2a: Snorlax|236\/523
|move|p2a: Snorlax|Reflect|p2a: Snorlax
|-start|p2a: Snorlax|Reflect
|
|turn|18
|choice|move 1|move 1
|
|move|p1a: Tauros|Body Slam|p2a: Snorlax
|-damage|p2a: Snorlax|167\/523
|move|p2a: Snorlax|Body Slam|p1a: Tauros
|-damage|p1a: Tauros|242\/353
|
|turn|19
|choice|move 1|move 4
|
|move|p1a: Tauros|Body Slam|p2a: Snorlax
|-crit|p2a: Snorlax
|-damage|p2a: Snorlax|0 fnt
|faint|p2a: Snorlax
|choice||switch 4
|
|switch|p2a: Slowbro|Slowbro|393\/393
|turn|20
|choice|move 1|move 1
|
|move|p1a: Tauros|Body Slam|p2a: Slowbro
|-crit|p2a: Slowbro
|-damage|p2a: Slowbro|200\/393
|-status|p2a: Slowbro|par
|move|p2a: Slowbro|Thunder Wave|p1a: Tauros
|-status|p1a: Tauros|par
|
|turn|21
|choice|move 1|move 2
|
|move|p1a: Tauros|Body Slam|p2a: Slowbro
|-damage|p2a: Slowbro|101\/393 par
|move|p2a: Slowbro|Amnesia|p2a: Slowbro
|-boost|p2a: Slowbro|spd|2
|-boost|p2a: Slowbro|spa|2
|
|turn|22
|choice|move 2|move 3
|
|cant|p2a: Slowbro|par
|cant|p1a: Tauros|par
|
|turn|23
|choice|move 2|move 3
|
|move|p2a: Slowbro|Psychic|p1a: Tauros
|-damage|p1a: Tauros|28\/353 par
|move|p1a: Tauros|Hyper Beam|p2a: Slowbro
|-damage|p2a: Slowbro|0 fnt
|faint|p2a: Slowbro
|choice||switch 5
|
|switch|p2a: Rhydon|Rhydon|413\/413
|turn|24
|choice|move 4|move 3
|
|move|p2a: Rhydon|Body Slam|p1a: Tauros
|-damage|p1a: Tauros|0 fnt
|faint|p1a: Tauros
|choice|switch 4|
|
|switch|p1a: Snorlax|Snorlax|203\/523
|turn|25
|choice|move 2|move 1
|
|move|p2a: Rhydon|Earthquake|p1a: Snorlax
|-damage|p1a: Snorlax|22\/523
|move|p1a: Snorlax|Surf|p2a: Rhydon
|-supereffective|p2a: Rhydon
|-damage|p2a: Rhydon|51\/413
|
|turn|26
|choice|move 1|move 3
|
|move|p2a: Rhydon|Body Slam|p1a: Snorlax
|-damage|p1a: Snorlax|0 fnt
|faint|p1a: Snorlax
|choice|switch 2|
|
|switch|p1a: Chansey|Chansey|660\/703 par
|turn|27
|choice|move 1|move 1
|
|move|p2a: Rhydon|Earthquake|p1a: Chansey
|-damage|p1a: Chansey|294\/703 par
|move|p1a: Chansey|Ice Beam|p2a: Rhydon
|-crit|p2a: Rhydon
|-supereffective|p2a: Rhydon
|-damage|p2a: Rhydon|0 fnt
|faint|p2a: Rhydon
|choice||switch 6
|
|switch|p2a: Tauros|Tauros|353\/353
|turn|28
|choice|move 4|move 1
|
|move|p2a: Tauros|Body Slam|p1a: Chansey
|-damage|p1a: Chansey|17\/703 par
|cant|p1a: Chansey|par
|
|turn|29
|choice|move 4|move 1
|
|move|p2a: Tauros|Body Slam|p1a: Chansey
|-damage|p1a: Chansey|0 fnt
|faint|p1a: Chansey
|choice|switch 6|
|
|switch|p1a: Zapdos|Zapdos|283\/383
|turn|30
|choice|move 2|move 1
|
|move|p2a: Tauros|Body Slam|p1a: Zapdos
|-crit|p1a: Zapdos
|-damage|p1a: Zapdos|56\/383
|move|p1a: Zapdos|Thunder Wave|p2a: Tauros
|-status|p2a: Tauros|par
|
|turn|31
|choice|move 3|move 1
|
|move|p1a: Zapdos|Drill Peck|p2a: Tauros
|-damage|p2a: Tauros|263\/353 par
|move|p2a: Tauros|Body Slam|p1a: Zapdos
|-damage|p1a: Zapdos|0 fnt
|faint|p1a: Zapdos
|choice|switch 3|
|
|switch|p1a: Alakazam|Alakazam|313\/313 slp
|turn|32
|choice|move 1|move 1
|
|cant|p1a: Alakazam|slp
|move|p2a: Tauros|Body Slam|p1a: Alakazam
|-damage|p1a: Alakazam|167\/313 slp
|
|turn|33
|choice|move 1|move 2
|
|cant|p1a: Alakazam|slp
|move|p2a: Tauros|Hyper Beam|p1a: Alakazam
|-crit|p1a: Alakazam
|-damage|p1a: Alakazam|0 fnt
|faint|p1a: Alakazam
|
|win|qht
|player|p1
|player|p2
|l|qht
|l|hodor
|j|qht