|join|Lionyx City Bank
|join|Zenadark
|player|p1|Lionyx City Bank|lionyxcitybank.png
|player|p2|Zenadark|224
|gametype|singles
|gen|1
|tier|[Gen 1] Challenge Cup
|rule|Sleep Clause Mod: Limit one foe put to sleep
|rule|Freeze Clause Mod: Limit one foe frozen
|rule|HP Percentage Mod: HP is shown in percentages
|
|start
|switch|p1a: Beedrill|Beedrill, L76|235\/235
|switch|p2a: Spearow|Spearow, L82|224\/224
|turn|1
|c|★Zenadark|gl hf 
|
|switch|p1a: Slowbro|Slowbro, L69|256\/256
|move|p2a: Spearow|Take Down|p1a: Slowbro
|-crit|p1a: Slowbro
|-damage|p1a: Slowbro|106\/256
|-damage|p2a: Spearow|187\/224|[from] recoil|[of] p1a: Slowbro
|
|turn|2
|
|move|p2a: Spearow|Take Down|p1a: Slowbro
|-crit|p1a: Slowbro
|-damage|p1a: Slowbro|0 fnt
|-damage|p2a: Spearow|161\/224|[from] recoil|[of] p1a: Slowbro
|faint|p1a: Slowbro
|
|switch|p1a: Kingler|Kingler, L69|208\/208
|turn|3
|
|move|p2a: Spearow|Take Down|p1a: Kingler
|-damage|p1a: Kingler|137\/208
|-damage|p2a: Spearow|144\/224|[from] recoil|[of] p1a: Kingler
|move|p1a: Kingler|Water Gun|p2a: Spearow
|-damage|p2a: Spearow|108\/224
|
|turn|4
|
|move|p2a: Spearow|Agility|p2a: Spearow
|-boost|p2a: Spearow|spe|2
|move|p1a: Kingler|Surf|p2a: Spearow
|-damage|p2a: Spearow|15\/224
|
|turn|5
|
|move|p2a: Spearow|Take Down|p1a: Kingler
|-damage|p1a: Kingler|67\/208
|-damage|p2a: Spearow|0 fnt|[from] recoil|[of] p1a: Kingler
|faint|p2a: Spearow
|join|Rainbow Angel
|
|switch|p2a: Kingler|Kingler, L69|210\/210
|turn|6
|
|move|p2a: Kingler|Vice Grip|p1a: Kingler
|-crit|p1a: Kingler
|-damage|p1a: Kingler|0 fnt
|faint|p1a: Kingler
|
|switch|p1a: Beedrill|Beedrill, L76|235\/235
|turn|7
|
|move|p1a: Beedrill|Substitute|p1a: Beedrill
|-start|p1a: Beedrill|Substitute
|-damage|p1a: Beedrill|177\/235
|move|p2a: Kingler|Vice Grip|p1a: Beedrill
|-end|p1a: Beedrill|Substitute
|
|turn|8
|
|move|p1a: Beedrill|Twineedle|p2a: Kingler
|-crit|p2a: Kingler
|-damage|p2a: Kingler|175\/210
|-damage|p2a: Kingler|140\/210
|-hitcount|p2a: Kingler|2
|move|p2a: Kingler|Water Gun|p1a: Beedrill
|-damage|p1a: Beedrill|144\/235
|
|turn|9
|
|move|p1a: Beedrill|Twineedle|p2a: Kingler
|-damage|p2a: Kingler|119\/210
|-damage|p2a: Kingler|98\/210
|-hitcount|p2a: Kingler|2
|move|p2a: Kingler|Vice Grip|p1a: Beedrill
|-crit|p1a: Beedrill
|-damage|p1a: Beedrill|9\/235
|
|turn|10
|
|move|p1a: Beedrill|Twineedle|p2a: Kingler
|-damage|p2a: Kingler|77\/210
|-damage|p2a: Kingler|56\/210
|-hitcount|p2a: Kingler|2
|move|p2a: Kingler|Water Gun|p1a: Beedrill
|-damage|p1a: Beedrill|0 fnt
|faint|p1a: Beedrill
|
|switch|p1a: Kangaskhan|Kangaskhan, L69|279\/279
|turn|11
|
|move|p1a: Kangaskhan|Rage|p2a: Kingler
|-crit|p2a: Kingler
|-damage|p2a: Kingler|28\/210
|move|p2a: Kingler|Vice Grip|p1a: Kangaskhan
|-damage|p1a: Kangaskhan|237\/279
|-boost|p1a: Kangaskhan|atk|1|[from] Rage
|
|turn|12
|
|move|p1a: Kangaskhan|Rage|p2a: Kingler
|-damage|p2a: Kingler|6\/210
|move|p2a: Kingler|Toxic|p1a: Kangaskhan
|-status|p1a: Kangaskhan|tox
|
|turn|13
|
|move|p1a: Kangaskhan|Rage|p2a: Kingler
|-damage|p2a: Kingler|0 fnt
|faint|p2a: Kingler
|
|switch|p2a: Drowzee|Drowzee, L74|237\/237
|turn|14
|
|move|p1a: Kangaskhan|Rage|p2a: Drowzee
|-damage|p2a: Drowzee|200\/237
|-damage|p1a: Kangaskhan|220\/279 tox|[from] tox|[of] p2a: Drowzee
|move|p2a: Drowzee|Seismic Toss|p1a: Kangaskhan
|-damage|p1a: Kangaskhan|146\/279 tox
|-boost|p1a: Kangaskhan|atk|1|[from] Rage
|
|turn|15
|
|move|p1a: Kangaskhan|Rage|p2a: Drowzee
|-damage|p2a: Drowzee|152\/237
|-damage|p1a: Kangaskhan|112\/279 tox|[from] tox|[of] p2a: Drowzee
|move|p2a: Drowzee|Seismic Toss|p1a: Kangaskhan
|-damage|p1a: Kangaskhan|38\/279 tox
|-boost|p1a: Kangaskhan|atk|1|[from] Rage
|
|turn|16
|
|move|p1a: Kangaskhan|Rage|p2a: Drowzee
|-damage|p2a: Drowzee|84\/237
|-damage|p1a: Kangaskhan|0 fnt|[from] tox|[of] p2a: Drowzee
|faint|p1a: Kangaskhan
|
|switch|p1a: Charmander|Charmander, L79|217\/217
|turn|17
|
|move|p1a: Charmander|Double Team|p1a: Charmander
|-boost|p1a: Charmander|evasion|1
|move|p2a: Drowzee|Seismic Toss|p1a: Charmander
|-damage|p1a: Charmander|143\/217
|
|turn|18
|
|move|p1a: Charmander|Fire Punch|p2a: Drowzee
|-damage|p2a: Drowzee|29\/237
|move|p2a: Drowzee|Seismic Toss|p1a: Charmander
|-damage|p1a: Charmander|69\/217
|
|turn|19
|
|move|p1a: Charmander|Rest|p1a: Charmander
|-status|p1a: Charmander|slp
|-heal|p1a: Charmander|217\/217 slp|[silent]
|-status|p1a: Charmander|slp|[from] move: Rest
|move|p2a: Drowzee|Seismic Toss|p1a: Charmander
|-damage|p1a: Charmander|143\/217 slp
|
|turn|20
|
|cant|p1a: Charmander|slp
|move|p2a: Drowzee|Seismic Toss|p1a: Charmander
|-damage|p1a: Charmander|69\/217 slp
|
|turn|21
|
|-curestatus|p1a: Charmander|slp
|move|p2a: Drowzee|Seismic Toss|p1a: Charmander
|-damage|p1a: Charmander|0 fnt
|faint|p1a: Charmander
|
|switch|p1a: Ekans|Ekans, L81|218\/218
|turn|22
|
|move|p1a: Ekans|Substitute|p1a: Ekans
|-start|p1a: Ekans|Substitute
|-damage|p1a: Ekans|164\/218
|move|p2a: Drowzee|Seismic Toss|p1a: Ekans
|-end|p1a: Ekans|Substitute
|
|turn|23
|
|move|p1a: Ekans|Mimic|p2a: Drowzee
|-start|p1a: Ekans|Mimic|Mega Punch
|move|p2a: Drowzee|Seismic Toss|p1a: Ekans
|-damage|p1a: Ekans|90\/218
|
|turn|24
|
|move|p1a: Ekans|Bite|p2a: Drowzee
|-damage|p2a: Drowzee|5\/237
|move|p2a: Drowzee|Seismic Toss|p1a: Ekans
|-damage|p1a: Ekans|16\/218
|
|turn|25
|
|move|p1a: Ekans|Glare|p2a: Drowzee|[miss]
|-miss|p1a: Ekans
|move|p2a: Drowzee|Seismic Toss|p1a: Ekans
|-damage|p1a: Ekans|0 fnt
|faint|p1a: Ekans
|
|win|Zenadark
|c|★Lionyx City Bank|wp
|leave|Lionyx City Bank
|player|p1
|c|★Zenadark|gg 
|leave|Zenadark
|player|p2