|J|Pitou
|J|LeoDamin
|player|p1|Pitou|285
|player|p2|LeoDamin|87
|gametype|singles
|gen|1
|tier|[Gen 1] Random Battle
|rule|Sleep Clause Mod: Limit one foe put to sleep
|rule|Freeze Clause Mod: Limit one foe frozen
|rule|HP Percentage Mod: HP is shown in percentages
|
|start
|switch|p1a: Dewgong|Dewgong, L85|327\/327
|switch|p2a: Nidorino|Nidorino, L90|293\/293
|turn|1
|J|Brick Small
|J|silverghoooost
|J|cogao
|J|GOAOTWO
|c|@silverghoooost|GO TEAM U CAN THISSSS 
|L|Brick Small
|
|move|p2a: Nidorino|Thunder|p1a: Dewgong
|-supereffective|p1a: Dewgong
|-damage|p1a: Dewgong|188\/327
|move|p1a: Dewgong|Surf|p2a: Nidorino
|-damage|p2a: Nidorino|165\/293
|
|turn|2
|J|Reddragonn
|
|switch|p1a: Dugtrio|Dugtrio, L85|233\/233
|move|p2a: Nidorino|Body Slam|p1a: Dugtrio
|-damage|p1a: Dugtrio|149\/233
|
|turn|3
|J|Brick Small
|
|switch|p2a: Pidgeotto|Pidgeotto, L85|281\/281
|move|p1a: Dugtrio|Substitute|p1a: Dugtrio
|-start|p1a: Dugtrio|Substitute
|-damage|p1a: Dugtrio|91\/233
|
|turn|4
|
|move|p1a: Dugtrio|Slash|p2a: Pidgeotto
|-crit|p2a: Pidgeotto
|-damage|p2a: Pidgeotto|168\/281
|move|p2a: Pidgeotto|Agility|p2a: Pidgeotto
|-boost|p2a: Pidgeotto|spe|2
|
|turn|5
|J|LT1B Lhions
|
|move|p2a: Pidgeotto|Mirror Move|p2a: Pidgeotto
|move|p2a: Pidgeotto|Slash|p1a: Dugtrio|[from]Mirror Move
|-crit|p1a: Dugtrio
|-end|p1a: Dugtrio|Substitute
|move|p1a: Dugtrio|Slash|p2a: Pidgeotto
|-crit|p2a: Pidgeotto
|-damage|p2a: Pidgeotto|47\/281
|
|turn|6
|
|switch|p1a: Dewgong|Dewgong, L85|188\/327
|move|p2a: Pidgeotto|Double-Edge|p1a: Dewgong
|-damage|p1a: Dewgong|109\/327
|-damage|p2a: Pidgeotto|28\/281|[from] recoil|[of] p1a: Dewgong
|
|turn|7
|
|move|p2a: Pidgeotto|Double-Edge|p1a: Dewgong
|-damage|p1a: Dewgong|21\/327
|-damage|p2a: Pidgeotto|6\/281|[from] recoil|[of] p1a: Dewgong
|move|p1a: Dewgong|Body Slam|p2a: Pidgeotto
|-damage|p2a: Pidgeotto|0 fnt
|faint|p2a: Pidgeotto
|
|switch|p2a: Nidorino|Nidorino, L90|165\/293
|turn|8
|
|move|p2a: Nidorino|Body Slam|p1a: Dewgong
|-damage|p1a: Dewgong|0 fnt
|faint|p1a: Dewgong
|J|Lhions
|
|switch|p1a: Dugtrio|Dugtrio, L85|91\/233
|turn|9
|
|switch|p2a: Farfetch'd|Farfetch'd, L99|304\/304
|move|p1a: Dugtrio|Earthquake|p2a: Farfetch'd
|-immune|p2a: Farfetch'd|[msg]
|
|turn|10
|
|switch|p1a: Lapras|Lapras, L79|367\/367
|move|p2a: Farfetch'd|Slash|p1a: Lapras
|-crit|p1a: Lapras
|-damage|p1a: Lapras|197\/367
|
|turn|11
|
|switch|p2a: Staryu|Staryu, L90|237\/237
|move|p1a: Lapras|Confuse Ray|p2a: Staryu
|-start|p2a: Staryu|confusion
|
|turn|12
|
|switch|p2a: Venomoth|Venomoth, L85|293\/293
|move|p1a: Lapras|Body Slam|p2a: Venomoth
|-damage|p2a: Venomoth|236\/293
|
|turn|13
|
|move|p2a: Venomoth|Sleep Powder|p1a: Lapras|[miss]
|-miss|p2a: Venomoth
|move|p1a: Lapras|Confuse Ray|p2a: Venomoth
|-start|p2a: Venomoth|confusion
|
|turn|14
|L|Brick Small
|
|switch|p2a: Staryu|Staryu, L90|237\/237
|move|p1a: Lapras|Body Slam|p2a: Staryu
|-crit|p2a: Staryu
|-damage|p2a: Staryu|115\/237
|
|turn|15
|
|move|p2a: Staryu|Thunderbolt|p1a: Lapras
|-supereffective|p1a: Lapras
|-damage|p1a: Lapras|71\/367
|move|p1a: Lapras|Thunderbolt|p2a: Staryu
|-crit|p2a: Staryu
|-supereffective|p2a: Staryu
|-damage|p2a: Staryu|0 fnt
|faint|p2a: Staryu
|
|switch|p2a: Venomoth|Venomoth, L85|236\/293
|turn|16
|
|move|p2a: Venomoth|Mega Drain|p1a: Lapras
|-supereffective|p1a: Lapras
|-damage|p1a: Lapras|14\/367
|-heal|p2a: Venomoth|264\/293|[from] drain|[of] p1a: Lapras
|move|p1a: Lapras|Body Slam|p2a: Venomoth
|-damage|p2a: Venomoth|205\/293
|
|turn|17
|
|move|p2a: Venomoth|Mega Drain|p1a: Lapras
|-supereffective|p1a: Lapras
|-damage|p1a: Lapras|0 fnt
|-heal|p2a: Venomoth|212\/293|[from] drain|[of] p1a: Lapras
|faint|p1a: Lapras
|
|switch|p1a: Alakazam|Alakazam, L79|249\/249
|turn|18
|c|★LeoDamin|rip
|
|move|p1a: Alakazam|Psychic|p2a: Venomoth
|-supereffective|p2a: Venomoth
|-damage|p2a: Venomoth|0 fnt
|faint|p2a: Venomoth
|
|switch|p2a: Golduck|Golduck, L85|310\/310
|turn|19
|
|move|p1a: Alakazam|Thunder Wave|p2a: Golduck
|-status|p2a: Golduck|par
|move|p2a: Golduck|Amnesia|p2a: Golduck
|-boost|p2a: Golduck|spd|2
|-boost|p2a: Golduck|spa|2
|
|turn|20
|
|move|p1a: Alakazam|Seismic Toss|p2a: Golduck
|-damage|p2a: Golduck|231\/310 par
|cant|p2a: Golduck|par
|
|turn|21
|c|@silverghoooost|go
|c|@silverghoooost|u can this
|c|★LeoDamin|sigh
|
|switch|p1a: Farfetch'd|Farfetch'd, L99|304\/304
|move|p2a: Golduck|Surf|p1a: Farfetch'd
|-crit|p1a: Farfetch'd
|-damage|p1a: Farfetch'd|102\/304
|
|turn|22
|J|Century Express
|c|@silverghoooost|aff
|c|@silverghoooost|haxor 
|J|retorno
|c|★LeoDamin|mas
|c|★LeoDamin|isso é ruim pra mim
|c|★LeoDamin|?_?
|
|switch|p2a: Nidorino|Nidorino, L90|165\/293
|move|p1a: Farfetch'd|Slash|p2a: Nidorino
|-crit|p2a: Nidorino
|-damage|p2a: Nidorino|0 fnt
|faint|p2a: Nidorino
|
|switch|p2a: Farfetch'd|Farfetch'd, L99|304\/304
|turn|23
|c|@retorno|HAHAHAHA
|c|@retorno|TAO
|c|@retorno|FACIL
|c|@silverghoooost|AHHAHAHA
|
|move|p1a: Farfetch'd|Slash|p2a: Farfetch'd
|-crit|p2a: Farfetch'd
|-damage|p2a: Farfetch'd|128\/304
|move|p2a: Farfetch'd|Slash|p1a: Farfetch'd
|-damage|p1a: Farfetch'd|15\/304
|
|turn|24
|c|@silverghoooost|EASY
|c|@silverghoooost|EASY
|c|@retorno|AHAHHAHA
|c|@retorno|FACIL
|c|@silverghoooost|FARFATCHED
|c|@retorno|DEMAIS
|c|@silverghoooost|DEUS
|
|move|p1a: Farfetch'd|Slash|p2a: Farfetch'd
|-crit|p2a: Farfetch'd
|-damage|p2a: Farfetch'd|0 fnt
|faint|p2a: Farfetch'd
|c|@Century Express|bs
|c|@retorno|KPOAKPOASPOAKSAS
|c|@silverghoooost|DSAHDHUAUHDHAUSHUDSA
|c|★LeoDamin|mano
|c|@retorno|AHHAHAHAHA
|c|@retorno|FACIL
|J|Brick Small
|c|★LeoDamin|olha isso
|c|★LeoDamin|ehauehueha
|c|@silverghoooost|DHASHUDHUAHUDHUSAHUDHUSAHUDHASHDASHDAHSUDASHDUSAHUDAS
|c|@retorno|ASKPOPKOASKPOASPOASPKOAS
|
|switch|p2a: Golduck|Golduck, L85|231\/310 par
|turn|25
|c|@retorno|ASOASPKASPOKPOKAKPOSPOKAKOPASPOKKSPOAKPOASKOASPOKAS
|c|@silverghoooost|DHUASUHDHUSADHUHUASHUDHUSDAHUSDAUHUSDAUSDAHUSDAHUUHSDAHDSAHUDHUAHUSDHUASHUDHUSAHUDSAH
|c|@retorno|FACIIIL
|
|move|p1a: Farfetch'd|Slash|p2a: Golduck
|-damage|p2a: Golduck|144\/310 par
|cant|p2a: Golduck|par
|
|turn|26
|c|@silverghoooost|DASHDUHAHDUHSA
|
|move|p1a: Farfetch'd|Slash|p2a: Golduck
|-crit|p2a: Golduck
|-damage|p2a: Golduck|0 fnt
|faint|p2a: Golduck
|
|win|Pitou
|c|@silverghoooost|FARFETCH GOD
|c|@silverghoooost|SALVA
|c|@Century Express|PS tá bugado
|c|@silverghoooost|O REPLAY
|L|LeoDamin
|player|p2
|c|@retorno|CARALHO
|c|@silverghoooost|KKKKKKKKKKKKKKKKKKKKKKKKKKKKKKKKKKKKKKKKKKKKKKKKKKKKKKKKKK
|L|Brick Small
|c|@retorno|ASHASUASHUASHUHUASHAUSHAUSASHHUASUHASHUASHUHAUSHUASHUASHUAS
|c|@silverghoooost|KKKKKKKKKKKKKKKKKKKKKKKKKKKKKKKKKKKKKKKKKKKKKKKKKKKKKK
|L|Reddragonn
|c|@Century Express|mudando o RNG só pros opps
|c|@silverghoooost|KKKKKKKKKKKKKKKKKKKKKKKKKKKKKKKKKKKKKKKKKKKKKKKKKKKKKKKKKK
|c|@Century Express|exijo rematch
|c|@silverghoooost|KKKKKKKKKKKKKKKKKKKKKKKKKKKKKKK
|c|@silverghoooost|KKKK
|c|@silverghoooost|KKKK
|c|@retorno|AKPOSPOKSKOAPSOPOKASPOKPOKASPOKASPOKASPOKASPOKPOKAS
|c|@silverghoooost|K
|c|@retorno|facil
|c|@silverghoooost|K
|c|@silverghoooost|K
|c|@silverghoooost|K
|c|@retorno|facil
|c|@silverghoooost|K
|c|@silverghoooost|K
|c|@silverghoooost|KKKKK
|c|@silverghoooost|K
|L|retorno
|c|@silverghoooost|K
|c|@silverghoooost|K
|c|@silverghoooost|K
|L|Century Express
|L|GOAOTWO
|L|cogao
|L|silverghoooost