|inactive|Battle timer is ON: inactive players will automatically lose when time's up.
|J|Nails
|J|Teddeh
|player|p1|Nails|169
|player|p2|Teddeh|143
|gametype|singles
|gen|1
|tier|[Gen 1] OU
|seed|6298,61401,27650,14040
|rule|Sleep Clause Mod: Limit one foe put to sleep
|rule|Freeze Clause Mod: Limit one foe frozen
|rule|Species Clause: Limit one of each Pokémon
|rule|OHKO Clause: OHKO moves are banned
|rule|Evasion Moves Clause: Evasion moves are banned
|rule|HP Percentage Mod: HP is shown in percentages
|
|start
|switch|p1a: Starmie|Starmie|323\/323
|switch|p2a: Alakazam|Alakazam|313\/313
|turn|1
|J|purrl
|choice|move 2|move 1
|
|move|p2a: Alakazam|Thunder Wave|p1a: Starmie
|-status|p1a: Starmie|par
|move|p1a: Starmie|Thunder Wave|p2a: Alakazam
|-status|p2a: Alakazam|par
|
|turn|2
|c|+purrl|wait is this for rby tour
|c|★Nails|n
|c|★Teddeh|y
|c|★Teddeh|he's lying
|J|Based Scythe
|c|+purrl|i need to play for that
|c|+purrl|my opp didnt show up
|choice|move 4|move 2
|
|move|p2a: Alakazam|Psychic|p1a: Starmie
|-resisted|p1a: Starmie
|-damage|p1a: Starmie|260\/323 par
|move|p1a: Starmie|Thunderbolt|p2a: Alakazam
|-damage|p2a: Alakazam|257\/313 par
|
|turn|3
|c|+purrl|time to call activity
|J|sebixxl
|choice|move 1|move 2
|
|move|p2a: Alakazam|Psychic|p1a: Starmie
|-crit|p1a: Starmie
|-resisted|p1a: Starmie
|-damage|p1a: Starmie|128\/323 par
|-unboost|p1a: Starmie|spd|1
|-unboost|p1a: Starmie|spa|1
|move|p1a: Starmie|Recover|p1a: Starmie
|-heal|p1a: Starmie|289\/323 par
|
|turn|4
|choice|move 1|switch 4
|
|switch|p2a: Snorlax|Snorlax|523\/523
|cant|p1a: Starmie|par
|
|turn|5
|choice|move 2|move 2
|
|move|p2a: Snorlax|Body Slam|p1a: Starmie
|-damage|p1a: Starmie|168\/323 par
|move|p1a: Starmie|Thunder Wave|p2a: Snorlax
|-status|p2a: Snorlax|par
|
|turn|6
|choice|switch 2|move 2
|
|switch|p1a: Snorlax|Snorlax|523\/523
|move|p2a: Snorlax|Body Slam|p1a: Snorlax
|-damage|p1a: Snorlax|374\/523
|
|turn|7
|choice|move 3|move 2
|
|move|p1a: Snorlax|Reflect|p1a: Snorlax
|-start|p1a: Snorlax|Reflect
|move|p2a: Snorlax|Body Slam|p1a: Snorlax
|-damage|p1a: Snorlax|308\/523
|
|turn|8
|choice|move 2|switch 3
|
|switch|p2a: Exeggutor|Exeggutor|393\/393
|move|p1a: Snorlax|Body Slam|p2a: Exeggutor
|-damage|p2a: Exeggutor|278\/393
|-status|p2a: Exeggutor|par
|
|turn|9
|J|hingo
|choice|switch 2|move 2
|
|switch|p1a: Starmie|Starmie|168\/323 par
|move|p2a: Exeggutor|Hyper Beam|p1a: Starmie
|-damage|p1a: Starmie|50\/323 par
|
|turn|10
|-mustrecharge|p2a: Exeggutor
|c|★Teddeh|fuck
|c|★Teddeh|i thought that did more
|c|★Nails|?
|c|★Teddeh|rofl
|c|★Nails|nah
|-mustrecharge|p2a: Exeggutor
|choice|move 1|move 1
|
|cant|p1a: Starmie|par
|cant|p2a: Exeggutor|recharge
|
|turn|11
|L|hingo
|c|★Nails|starmie's like
|c|★Nails|sorta fat
|choice|move 1|move 4
|
|move|p1a: Starmie|Recover|p1a: Starmie
|-heal|p1a: Starmie|211\/323 par
|move|p2a: Exeggutor|Psychic|p1a: Starmie
|-resisted|p1a: Starmie
|-damage|p1a: Starmie|152\/323 par
|
|turn|12
|choice|move 1|move 4
|
|cant|p1a: Starmie|par
|move|p2a: Exeggutor|Psychic|p1a: Starmie
|-resisted|p1a: Starmie
|-damage|p1a: Starmie|92\/323 par
|-unboost|p1a: Starmie|spd|1
|-unboost|p1a: Starmie|spa|1
|
|turn|13
|choice|move 1|move 4
|
|move|p2a: Exeggutor|Psychic|p1a: Starmie
|-resisted|p1a: Starmie
|-damage|p1a: Starmie|1\/323 par
|cant|p1a: Starmie|par
|
|turn|14
|choice|move 1|move 4
|
|move|p2a: Exeggutor|Psychic|p1a: Starmie
|-crit|p1a: Starmie
|-resisted|p1a: Starmie
|-damage|p1a: Starmie|0 fnt
|faint|p1a: Starmie
|c|★Teddeh|ez
|c|★Nails|drats
|choice|switch 5|
|
|switch|p1a: Dragonite|Dragonite|385\/385
|turn|15
|choice|move 3|move 1
|
|move|p1a: Dragonite|Wrap|p2a: Exeggutor
|-damage|p2a: Exeggutor|261\/393 par
|-activate|p2a: Exeggutor|move: Wrap|[of] p1a: Dragonite
|cant|p2a: Exeggutor|partiallytrapped
|
|turn|16
|c|★Nails|it time.
|choice|move 3|switch 3
|
|switch|p2a: Snorlax|Snorlax|523\/523 par
|move|p1a: Dragonite|Wrap|p2a: Snorlax
|-crit|p2a: Snorlax
|-damage|p2a: Snorlax|486\/523 par
|-activate|p2a: Snorlax|move: Wrap|[of] p1a: Dragonite
|
|turn|17
|choice|move 3|switch 2
|
|switch|p2a: Chansey|Chansey|703\/703
|move|p1a: Dragonite|Wrap|p2a: Chansey
|-damage|p2a: Chansey|662\/703
|-activate|p2a: Chansey|move: Wrap|[of] p1a: Dragonite
|
|turn|18
|L|sebixxl
|choice|move 3|move 3
|
|move|p1a: Dragonite|Wrap|p2a: Chansey
|-damage|p2a: Chansey|621\/703
|cant|p2a: Chansey|partiallytrapped
|
|turn|19
|choice|move 3|move 1
|
|move|p1a: Dragonite|Wrap|p2a: Chansey
|-damage|p2a: Chansey|580\/703
|cant|p2a: Chansey|partiallytrapped
|
|-end|p2a: Chansey|Wrap|[partiallytrapped]
|turn|20
|choice|move 3|move 1
|
|move|p1a: Dragonite|Wrap|p2a: Chansey
|-damage|p2a: Chansey|540\/703
|-activate|p2a: Chansey|move: Wrap|[of] p1a: Dragonite
|cant|p2a: Chansey|partiallytrapped
|
|turn|21
|choice|move 3|move 1
|
|move|p1a: Dragonite|Wrap|p2a: Chansey
|-damage|p2a: Chansey|500\/703
|cant|p2a: Chansey|partiallytrapped
|
|turn|22
|choice|move 3|move 1
|
|move|p1a: Dragonite|Wrap|p2a: Chansey
|-damage|p2a: Chansey|460\/703
|cant|p2a: Chansey|partiallytrapped
|
|-end|p2a: Chansey|Wrap|[partiallytrapped]
|turn|23
|c|★Teddeh|!dt wrap
|c|~|\/data-move Wrap
|raw|<font size="1"><font color=#585858>Priority:<\/font> 0&nbsp;|&ThickSpace;<font color=#585858>Gen:<\/font> 1&nbsp;|&ThickSpace;<font color=#585858><font color=black>&#10003; Contact<\/font><\/font>&nbsp;|&ThickSpace;<font color=#585858>Target:<\/font> One Adjacent Pokémon<\/font>
|c|★Nails|btw
|choice|move 3|move 3
|
|move|p1a: Dragonite|Wrap|p2a: Chansey|[miss]
|-miss|p1a: Dragonite
|move|p2a: Chansey|Soft-Boiled|p2a: Chansey
|-heal|p2a: Chansey|703\/703
|
|turn|24
|c|★Nails|wrap only burns a pp
|c|★Teddeh|i know
|c|★Nails|on the first usage per chain
|c|★Nails|kk
|choice|move 3|move 1
|
|move|p1a: Dragonite|Wrap|p2a: Chansey|[miss]
|-miss|p1a: Dragonite
|move|p2a: Chansey|Sing|p1a: Dragonite
|-status|p1a: Dragonite|slp
|
|turn|25
|c|★Teddeh|ez
|choice|switch 3|switch 2
|
|switch|p1a: Alakazam|Alakazam|313\/313
|switch|p2a: Snorlax|Snorlax|486\/523 par
|
|turn|26
|L|Based Scythe
|J|double01
|choice|switch 2|switch 4
|
|switch|p1a: Snorlax|Snorlax|308\/523
|switch|p2a: Alakazam|Alakazam|257\/313 par
|
|turn|27
|choice|move 1|move 1
|
|move|p1a: Snorlax|Hyper Beam|p2a: Alakazam
|-crit|p2a: Alakazam
|-damage|p2a: Alakazam|0 fnt
|faint|p2a: Alakazam
|c|★Teddeh|.
|c|★Nails|didnt matter i calced
|c|★Teddeh|.
|choice||switch 3
|
|switch|p2a: Exeggutor|Exeggutor|261\/393 par
|turn|28
|c|★Nails|shoutouts hugo
|choice|move 3|move 4
|
|move|p1a: Snorlax|Reflect|p1a: Snorlax
|-start|p1a: Snorlax|Reflect
|move|p2a: Exeggutor|Psychic|p1a: Snorlax
|-damage|p1a: Snorlax|141\/523
|
|turn|29
|choice|move 4|move 4
|
|move|p1a: Snorlax|Rest|p1a: Snorlax
|-status|p1a: Snorlax|slp
|-heal|p1a: Snorlax|523\/523 slp|[silent]
|-status|p1a: Snorlax|slp|[from] move: Rest
|move|p2a: Exeggutor|Psychic|p1a: Snorlax
|-damage|p1a: Snorlax|359\/523 slp
|-unboost|p1a: Snorlax|spd|1
|-unboost|p1a: Snorlax|spa|1
|
|turn|30
|choice|switch 2|move 4
|
|switch|p1a: Alakazam|Alakazam|313\/313
|move|p2a: Exeggutor|Psychic|p1a: Alakazam
|-resisted|p1a: Alakazam
|-damage|p1a: Alakazam|261\/313
|-unboost|p1a: Alakazam|spd|1
|-unboost|p1a: Alakazam|spa|1
|
|turn|31
|choice|move 3|move 4
|
|move|p1a: Alakazam|Seismic Toss|p2a: Exeggutor
|-damage|p2a: Exeggutor|161\/393 par
|cant|p2a: Exeggutor|par
|
|turn|32
|choice|switch 6|switch 6
|
|switch|p1a: Rhydon|Rhydon|413\/413
|switch|p2a: Starmie|Starmie|323\/323
|
|turn|33
|choice|switch 6|move 1
|
|switch|p1a: Alakazam|Alakazam|261\/313
|move|p2a: Starmie|Psychic|p1a: Alakazam
|-resisted|p1a: Alakazam
|-damage|p1a: Alakazam|219\/313
|
|turn|34
|choice|move 2|switch 6
|
|switch|p2a: Exeggutor|Exeggutor|161\/393 par
|move|p1a: Alakazam|Thunder Wave|p2a: Exeggutor
|-fail|p2a: Exeggutor|par
|
|turn|35
|choice|move 3|move 3
|
|move|p1a: Alakazam|Seismic Toss|p2a: Exeggutor
|-damage|p2a: Exeggutor|61\/393 par
|cant|p2a: Exeggutor|par
|
|turn|36
|c|★Teddeh|.
|c|★Teddeh|.
|c|★Teddeh|.
|c|★Teddeh|.
|c|★Nails|i'm so good
|c|★Teddeh|.
|c|★Teddeh|..
|c|★Teddeh|.
|c|★Nails|@ this game
|c|★Teddeh|.
|c|★Teddeh|i exploded
|c|★Teddeh|;(
|c|★Nails|ofc
|choice|move 3|switch 6
|
|switch|p2a: Starmie|Starmie|323\/323
|move|p1a: Alakazam|Seismic Toss|p2a: Starmie
|-damage|p2a: Starmie|223\/323
|
|turn|37
|choice|move 2|move 4
|
|move|p1a: Alakazam|Thunder Wave|p2a: Starmie
|-status|p2a: Starmie|par
|move|p2a: Starmie|Thunder Wave|p1a: Alakazam
|-status|p1a: Alakazam|par
|
|turn|38
|choice|move 3|move 2
|
|move|p1a: Alakazam|Seismic Toss|p2a: Starmie
|-damage|p2a: Starmie|123\/323 par
|move|p2a: Starmie|Recover|p2a: Starmie
|-heal|p2a: Starmie|284\/323 par
|
|turn|39
|J|Vileman
|c|+Vileman|Tryouts!? PogChamp
|choice|move 4|move 1
|
|cant|p1a: Alakazam|par
|cant|p2a: Starmie|par
|
|turn|40
|c|★Teddeh|sorry, went to fetch a wheelchair
|c|★Teddeh|for our pokemon
|c|★Nails|pm hellpowna for tryouts
|choice|move 3|move 1
|
|move|p1a: Alakazam|Seismic Toss|p2a: Starmie
|-damage|p2a: Starmie|184\/323 par
|move|p2a: Starmie|Psychic|p1a: Alakazam
|-resisted|p1a: Alakazam
|-damage|p1a: Alakazam|175\/313 par
|
|turn|41
|choice|move 3|move 2
|
|cant|p1a: Alakazam|par
|cant|p2a: Starmie|par
|
|turn|42
|choice|move 3|move 3
|
|move|p1a: Alakazam|Seismic Toss|p2a: Starmie
|-damage|p2a: Starmie|84\/323 par
|move|p2a: Starmie|Thunderbolt|p1a: Alakazam
|-crit|p1a: Alakazam
|-damage|p1a: Alakazam|62\/313 par
|
|turn|43
|c|+Vileman|nails why did u not got hellpowna
|c|+Vileman|:(
|J|Raven
|c|★Teddeh|i misclicked there
|c|★Teddeh|lol
|c|+Vileman|u get him midseason
|c|★Nails|ran out of money
|c|+Vileman|yn
|choice|move 4|move 2
|
|cant|p1a: Alakazam|par
|move|p2a: Starmie|Recover|p2a: Starmie
|-heal|p2a: Starmie|245\/323 par
|
|turn|44
|c|★Nails|:(
|choice|move 4|move 3
|
|move|p1a: Alakazam|Recover|p1a: Alakazam
|-heal|p1a: Alakazam|218\/313 par
|move|p2a: Starmie|Thunderbolt|p1a: Alakazam
|-damage|p1a: Alakazam|156\/313 par
|
|turn|45
|c|+Vileman|oh you have 0 ca$h?
|c|+Vileman|:rip:
|choice|move 4|move 2
|
|cant|p1a: Alakazam|par
|move|p2a: Starmie|Recover|p2a: Starmie
|-heal|p2a: Starmie|323\/323 par
|
|turn|46
|c|+Vileman|sellback fuga
|c|+Vileman|yn
|choice|move 4|move 1
|
|move|p1a: Alakazam|Recover|p1a: Alakazam
|-heal|p1a: Alakazam|312\/313 par
|move|p2a: Starmie|Psychic|p1a: Alakazam
|-resisted|p1a: Alakazam
|-damage|p1a: Alakazam|267\/313 par
|
|turn|47
|choice|move 3|move 1
|
|move|p1a: Alakazam|Seismic Toss|p2a: Starmie
|-damage|p2a: Starmie|223\/323 par
|move|p2a: Starmie|Psychic|p1a: Alakazam
|-resisted|p1a: Alakazam
|-damage|p1a: Alakazam|223\/313 par
|-unboost|p1a: Alakazam|spd|1
|-unboost|p1a: Alakazam|spa|1
|
|turn|48
|c|★Nails|they won't take him back
|c|★Nails|:(
|c|+Vileman|darn.
|choice|move 3|move 1
|
|move|p2a: Starmie|Psychic|p1a: Alakazam
|-resisted|p1a: Alakazam
|-damage|p1a: Alakazam|156\/313 par
|move|p1a: Alakazam|Seismic Toss|p2a: Starmie
|-damage|p2a: Starmie|123\/323 par
|
|turn|49
|choice|switch 6|move 2
|
|switch|p1a: Rhydon|Rhydon|413\/413
|cant|p2a: Starmie|par
|
|turn|50
|c|+Vileman|nails why are u using a rhydon
|c|+Vileman|was that a missclick in builder
|c|★Nails|why wouldn't i use a rhydon.
|choice|move 1|switch 6
|
|switch|p2a: Exeggutor|Exeggutor|61\/393 par
|move|p1a: Rhydon|Earthquake|p2a: Exeggutor
|-resisted|p2a: Exeggutor
|-damage|p2a: Exeggutor|0 fnt
|faint|p2a: Exeggutor
|J|Fireburn
|c|+Vileman|ur opp can just
|c|+Vileman|aim for the horn
|c|+Vileman|._.
|choice||switch 5
|
|switch|p2a: Tauros|Tauros|353\/353
|turn|51
|c|★Nails|maybe i just like ice weaks
|c|★Nails|yn
|c|+Vileman|y
|choice|move 1|move 4
|
|move|p2a: Tauros|Blizzard|p1a: Rhydon
|-supereffective|p1a: Rhydon
|-damage|p1a: Rhydon|167\/413
|move|p1a: Rhydon|Earthquake|p2a: Tauros
|-damage|p2a: Tauros|196\/353
|
|turn|52
|c|+Vileman|thats why u have snorlax too
|c|+Vileman|for thick fat
|choice|move 1|move 4
|
|move|p2a: Tauros|Blizzard|p1a: Rhydon
|-supereffective|p1a: Rhydon
|-damage|p1a: Rhydon|0 fnt
|faint|p1a: Rhydon
|c|+Vileman|yn
|choice|switch 4|
|
|switch|p1a: Tauros|Tauros|353\/353
|turn|53
|choice|move 1|switch 4
|
|switch|p2a: Snorlax|Snorlax|486\/523 par
|move|p1a: Tauros|Body Slam|p2a: Snorlax
|-damage|p2a: Snorlax|364\/523 par
|
|turn|54
|choice|switch 3|move 2
|
|switch|p1a: Dragonite|Dragonite|385\/385 slp
|move|p2a: Snorlax|Body Slam|p1a: Dragonite
|-damage|p1a: Dragonite|266\/385 slp
|
|turn|55
|choice|move 2|switch 4
|
|switch|p2a: Tauros|Tauros|196\/353
|cant|p1a: Dragonite|slp
|
|turn|56
|c|+Vileman|ResidentSleeper 
|choice|move 2|move 4
|
|move|p2a: Tauros|Blizzard|p1a: Dragonite
|-crit|p1a: Dragonite
|-supereffective|p1a: Dragonite
|-damage|p1a: Dragonite|0 fnt
|faint|p1a: Dragonite
|J|Lord G-Hex
|choice|switch 3|
|
|switch|p1a: Tauros|Tauros|353\/353
|turn|57
|choice|move 1|switch 4
|
|switch|p2a: Snorlax|Snorlax|364\/523 par
|move|p1a: Tauros|Body Slam|p2a: Snorlax
|-damage|p2a: Snorlax|243\/523 par
|
|turn|58
|choice|switch 2|move 1
|
|switch|p1a: Snorlax|Snorlax|359\/523 slp
|move|p2a: Snorlax|Self-Destruct|p1a: Snorlax
|-damage|p1a: Snorlax|0 fnt
|faint|p1a: Snorlax
|faint|p2a: Snorlax
|choice|switch 2|switch 2
|
|switch|p1a: Tauros|Tauros|353\/353
|switch|p2a: Chansey|Chansey|703\/703
|turn|59
|choice|move 1|move 2
|
|move|p1a: Tauros|Body Slam|p2a: Chansey
|-damage|p2a: Chansey|432\/703
|move|p2a: Chansey|Seismic Toss|p1a: Tauros
|-damage|p1a: Tauros|253\/353
|
|turn|60
|choice|move 2|move 3
|
|move|p1a: Tauros|Hyper Beam|p2a: Chansey
|-damage|p2a: Chansey|0 fnt
|faint|p2a: Chansey
|c|★Nails|im so good
|c|★Nails|imo
|choice||switch 4
|
|switch|p2a: Tauros|Tauros|196\/353
|turn|61
|c|★Teddeh|i made
|c|★Teddeh|a completely unnecessary risk there
|c|★Teddeh|i should have just clicked t-wave
|c|★Teddeh|lmao
|c|★Nails|n
|c|★Nails|then i woulda
|choice|move 1|move 1
|
|move|p2a: Tauros|Body Slam|p1a: Tauros
|-damage|p1a: Tauros|154\/353
|move|p1a: Tauros|Body Slam|p2a: Tauros
|-damage|p2a: Tauros|91\/353
|
|turn|62
|c|★Nails|healed zammer
|J|I love pochama
|c|★Teddeh|speed tie
|c|★Teddeh|for the game
|c|★Nails|it was a 5050
|c|★Nails|but
|c|★Nails|twave let you
|c|★Nails|get a para
|c|★Nails|so it was still a misplay
|c|★Nails|like
|c|★Nails|playing the odds
|c|★Teddeh|either way
|c|★Teddeh|speed tie
|c|★Teddeh|for game
|c|★Teddeh|!
|c|★Nails|but if u made the read
|choice|move 1|move 2
|
|move|p2a: Tauros|Hyper Beam|p1a: Tauros
|-damage|p1a: Tauros|0 fnt
|faint|p1a: Tauros
|choice|switch 6|
|
|switch|p1a: Alakazam|Alakazam|156\/313 par
|turn|63
|c|★Teddeh|ez
|choice|move 1|move 2
|
|move|p2a: Tauros|Hyper Beam|p1a: Alakazam
|-damage|p1a: Alakazam|0 fnt
|faint|p1a: Alakazam
|
|win|Teddeh