|J|Golden Gyarados
|J|Tobes
|player|p1|Golden Gyarados|1
|player|p2|Tobes|#tobes
|gametype|singles
|gen|1
|tier|[Gen 1] OU
|seed|57460,21870,1796,13113
|rule|Sleep Clause Mod: Limit one foe put to sleep
|rule|Freeze Clause Mod: Limit one foe frozen
|rule|Species Clause: Limit one of each Pokémon
|rule|OHKO Clause: OHKO moves are banned
|rule|Evasion Moves Clause: Evasion moves are banned
|rule|HP Percentage Mod: HP is shown in percentages
|
|start
|switch|p1a: Jynx|Jynx|333\/333
|switch|p2a: Speed King|Alakazam|313\/313
|turn|1
|J|ReshiRampage
|J|Yogiras
|J|EG Posho
|J|crashinboombang
|c|★Tobes|gl
|J|LUCKSKILL
|J|KyleCole
|J|KratosMana
|J|Kingler12345
|raw|<div class="broadcast-red"><b>Moderated chat was set to @!<\/b><br \/>Only users of rank @ and higher can talk.<\/div>
|choice|move 2|move 3
|
|move|p2a: Speed King|Thunder Wave|p1a: Jynx
|-status|p1a: Jynx|par
|move|p1a: Jynx|Lovely Kiss|p2a: Speed King
|-status|p2a: Speed King|slp
|
|turn|2
|J|thenotoriouspkm
|J|ggggd
|choice|move 1|move 1
|
|cant|p2a: Speed King|slp
|move|p1a: Jynx|Blizzard|p2a: Speed King
|-damage|p2a: Speed King|209\/313 slp
|
|turn|3
|J|Lady bug
|J|TDK
|J|yan poek
|choice|move 4|move 1
|
|cant|p2a: Speed King|slp
|move|p1a: Jynx|Psychic|p2a: Speed King
|-resisted|p2a: Speed King
|-damage|p2a: Speed King|171\/313 slp
|
|turn|4
|choice|move 1|move 1
|
|cant|p2a: Speed King|slp
|move|p1a: Jynx|Blizzard|p2a: Speed King|[miss]
|-miss|p1a: Jynx
|
|turn|5
|choice|move 1|move 1
|
|cant|p2a: Speed King|slp
|move|p1a: Jynx|Blizzard|p2a: Speed King
|-damage|p2a: Speed King|67\/313 slp
|
|turn|6
|J|gladiator movies
|J|DennisEG
|choice|move 1|switch 4
|
|switch|p2a: King Crimson|Snorlax|523\/523
|move|p1a: Jynx|Blizzard|p2a: King Crimson
|-damage|p2a: King Crimson|344\/523
|
|turn|7
|J|nbf per la gente
|choice|move 3|move 2
|
|move|p2a: King Crimson|Earthquake|p1a: Jynx
|-damage|p1a: Jynx|197\/333 par
|move|p1a: Jynx|Counter|p2a: King Crimson
|-fail|p1a: Jynx
|
|turn|8
|J|Beds
|choice|move 1|move 1
|
|move|p2a: King Crimson|Body Slam|p1a: Jynx
|-damage|p1a: Jynx|0 fnt
|faint|p1a: Jynx
|J|0NE + TW0
|choice|switch 3|
|
|switch|p1a: Exeggutor|Exeggutor|393\/393
|turn|9
|J|fapkingg
|choice|move 1|switch 2
|
|switch|p2a: The World|Exeggutor|393\/393
|move|p1a: Exeggutor|Psychic|p2a: The World
|-resisted|p2a: The World
|-damage|p2a: The World|337\/393
|
|turn|10
|choice|move 3|move 2
|
|move|p2a: The World|Sleep Powder|p1a: Exeggutor
|-status|p1a: Exeggutor|slp
|cant|p1a: Exeggutor|slp
|
|turn|11
|J|bugzinator RC
|choice|switch 4|switch 2
|
|switch|p1a: Chansey|Chansey|703\/703
|switch|p2a: King Crimson|Snorlax|344\/523
|
|turn|12
|choice|move 3|move 2
|
|move|p1a: Chansey|Thunder Wave|p2a: King Crimson
|-status|p2a: King Crimson|par
|cant|p2a: King Crimson|par
|
|turn|13
|J|Alexander
|choice|move 1|move 1
|
|move|p1a: Chansey|Ice Beam|p2a: King Crimson
|-damage|p2a: King Crimson|238\/523 par
|move|p2a: King Crimson|Body Slam|p1a: Chansey
|-damage|p1a: Chansey|424\/703
|
|turn|14
|choice|move 2|move 4
|
|move|p1a: Chansey|Soft-Boiled|p1a: Chansey
|-heal|p1a: Chansey|703\/703
|move|p2a: King Crimson|Self-Destruct|p1a: Chansey
|-damage|p1a: Chansey|0 fnt
|faint|p1a: Chansey
|faint|p2a: King Crimson
|J|reiku
|J|Flux Pavillon
|choice|switch 2|switch 6
|
|switch|p1a: Starmie|Starmie|323\/323
|switch|p2a: Made in Heaven|Tauros|353\/353
|turn|15
|choice|move 3|switch 5
|
|switch|p2a: D4C|Chansey|703\/703
|move|p1a: Starmie|Thunder Wave|p2a: D4C
|-status|p2a: D4C|par
|
|turn|16
|choice|switch 4|move 3
|
|switch|p1a: Exeggutor|Exeggutor|393\/393 slp
|move|p2a: D4C|Thunder Wave|p1a: Exeggutor
|-fail|p1a: Exeggutor
|
|turn|17
|choice|switch 5|switch 5
|
|switch|p1a: Snorlax|Snorlax|523\/523
|switch|p2a: Made in Heaven|Tauros|353\/353
|
|turn|18
|J|giara
|J|Seeergi
|J|amberrlamps
|choice|move 2|move 1
|
|move|p2a: Made in Heaven|Body Slam|p1a: Snorlax
|-damage|p1a: Snorlax|388\/523
|move|p1a: Snorlax|Reflect|p1a: Snorlax
|-start|p1a: Snorlax|Reflect
|
|turn|19
|J|Nails
|J|The Idiot Ninja
|choice|move 1|switch 2
|
|switch|p2a: The World|Exeggutor|337\/393
|move|p1a: Snorlax|Body Slam|p2a: The World
|-damage|p2a: The World|209\/393
|-status|p2a: The World|par
|
|turn|20
|choice|move 1|move 3
|
|move|p1a: Snorlax|Body Slam|p2a: The World
|-damage|p2a: The World|94\/393 par
|move|p2a: The World|Stun Spore|p1a: Snorlax|[miss]
|-miss|p2a: The World
|
|turn|21
|J|rozes
|c|★Tobes|ok
|J|ludicrousman
|J|ChillShadow
|choice|move 1|switch 4
|
|switch|p2a: Speed King|Alakazam|67\/313 slp
|move|p1a: Snorlax|Body Slam|p2a: Speed King
|-damage|p2a: Speed King|0 fnt
|faint|p2a: Speed King
|choice||switch 2
|
|switch|p2a: Made in Heaven|Tauros|353\/353
|turn|22
|choice|move 1|move 2
|
|move|p2a: Made in Heaven|Blizzard|p1a: Snorlax
|-damage|p1a: Snorlax|295\/523
|move|p1a: Snorlax|Body Slam|p2a: Made in Heaven
|-damage|p2a: Made in Heaven|249\/353
|
|turn|23
|choice|move 1|move 2
|
|move|p2a: Made in Heaven|Blizzard|p1a: Snorlax
|-crit|p1a: Snorlax
|-damage|p1a: Snorlax|101\/523
|move|p1a: Snorlax|Body Slam|p2a: Made in Heaven
|-damage|p2a: Made in Heaven|135\/353
|
|turn|24
|choice|move 4|move 1
|
|move|p2a: Made in Heaven|Body Slam|p1a: Snorlax
|-damage|p1a: Snorlax|33\/523
|move|p1a: Snorlax|Rest|p1a: Snorlax
|-status|p1a: Snorlax|slp
|-heal|p1a: Snorlax|523\/523 slp|[silent]
|-status|p1a: Snorlax|slp|[from] move: Rest
|
|turn|25
|L|yan poek
|L|Flux Pavillon
|choice|move 1|move 1
|
|move|p2a: Made in Heaven|Body Slam|p1a: Snorlax
|-damage|p1a: Snorlax|455\/523 slp
|cant|p1a: Snorlax|slp
|
|turn|26
|L|ReshiRampage
|choice|move 1|move 1
|
|move|p2a: Made in Heaven|Body Slam|p1a: Snorlax
|-crit|p1a: Snorlax
|-damage|p1a: Snorlax|211\/523 slp
|-curestatus|p1a: Snorlax|slp
|
|turn|27
|J|DOGS & MEMES
|choice|move 4|move 1
|
|move|p2a: Made in Heaven|Body Slam|p1a: Snorlax|[miss]
|-miss|p2a: Made in Heaven
|move|p1a: Snorlax|Rest|p1a: Snorlax
|-status|p1a: Snorlax|slp
|-heal|p1a: Snorlax|523\/523 slp|[silent]
|-status|p1a: Snorlax|slp|[from] move: Rest
|
|turn|28
|choice|move 3|move 1
|
|move|p2a: Made in Heaven|Body Slam|p1a: Snorlax
|-damage|p1a: Snorlax|458\/523 slp
|cant|p1a: Snorlax|slp
|
|turn|29
|choice|move 1|move 1
|
|move|p2a: Made in Heaven|Body Slam|p1a: Snorlax
|-crit|p1a: Snorlax
|-damage|p1a: Snorlax|185\/523 slp
|-curestatus|p1a: Snorlax|slp
|
|turn|30
|choice|move 4|move 1
|
|move|p2a: Made in Heaven|Body Slam|p1a: Snorlax
|-damage|p1a: Snorlax|119\/523
|move|p1a: Snorlax|Rest|p1a: Snorlax
|-status|p1a: Snorlax|slp
|-heal|p1a: Snorlax|523\/523 slp|[silent]
|-status|p1a: Snorlax|slp|[from] move: Rest
|
|turn|31
|choice|move 1|move 1
|
|move|p2a: Made in Heaven|Body Slam|p1a: Snorlax
|-damage|p1a: Snorlax|453\/523 slp
|cant|p1a: Snorlax|slp
|
|turn|32
|choice|move 1|move 1
|
|move|p2a: Made in Heaven|Body Slam|p1a: Snorlax
|-crit|p1a: Snorlax
|-damage|p1a: Snorlax|209\/523 slp
|-curestatus|p1a: Snorlax|slp
|
|turn|33
|choice|move 4|move 1
|
|move|p2a: Made in Heaven|Body Slam|p1a: Snorlax
|-damage|p1a: Snorlax|143\/523
|move|p1a: Snorlax|Rest|p1a: Snorlax
|-status|p1a: Snorlax|slp
|-heal|p1a: Snorlax|523\/523 slp|[silent]
|-status|p1a: Snorlax|slp|[from] move: Rest
|
|turn|34
|choice|move 1|move 1
|
|move|p2a: Made in Heaven|Body Slam|p1a: Snorlax
|-damage|p1a: Snorlax|453\/523 slp
|cant|p1a: Snorlax|slp
|
|turn|35
|choice|move 1|move 1
|
|move|p2a: Made in Heaven|Body Slam|p1a: Snorlax
|-damage|p1a: Snorlax|392\/523 slp
|-curestatus|p1a: Snorlax|slp
|
|turn|36
|choice|move 1|move 2
|
|move|p2a: Made in Heaven|Blizzard|p1a: Snorlax
|-crit|p1a: Snorlax
|-damage|p1a: Snorlax|200\/523
|-status|p1a: Snorlax|frz
|cant|p1a: Snorlax|frz
|
|turn|37
|choice|move 1|move 3
|
|move|p2a: Made in Heaven|Substitute|p2a: Made in Heaven
|-start|p2a: Made in Heaven|Substitute
|-damage|p2a: Made in Heaven|47\/353
|cant|p1a: Snorlax|frz
|
|turn|38
|choice|move 2|move 1
|
|move|p2a: Made in Heaven|Body Slam|p1a: Snorlax
|-damage|p1a: Snorlax|138\/523 frz
|cant|p1a: Snorlax|frz
|
|turn|39
|choice|move 2|move 1
|
|move|p2a: Made in Heaven|Body Slam|p1a: Snorlax
|-damage|p1a: Snorlax|72\/523 frz
|cant|p1a: Snorlax|frz
|
|turn|40
|choice|move 2|move 1
|
|move|p2a: Made in Heaven|Body Slam|p1a: Snorlax
|-damage|p1a: Snorlax|9\/523 frz
|cant|p1a: Snorlax|frz
|
|turn|41
|choice|move 1|move 1
|
|move|p2a: Made in Heaven|Body Slam|p1a: Snorlax
|-damage|p1a: Snorlax|0 fnt
|faint|p1a: Snorlax
|J|lLLUSIONIST
|choice|switch 6|
|
|switch|p1a: Tauros|Tauros|353\/353
|turn|42
|J|Cicada
|J|stallypapos
|J|purrl
|choice|move 1|move 2
|
|move|p2a: Made in Heaven|Blizzard|p1a: Tauros
|-damage|p1a: Tauros|261\/353
|move|p1a: Tauros|Body Slam|p2a: Made in Heaven
|-end|p2a: Made in Heaven|Substitute
|
|turn|43
|J|Teddeh
|choice|move 1|move 4
|
|move|p2a: Made in Heaven|Hyper Beam|p1a: Tauros
|-crit|p1a: Tauros
|-damage|p1a: Tauros|0 fnt
|faint|p1a: Tauros
|choice|switch 4|
|
|switch|p1a: Starmie|Starmie|323\/323
|turn|44
|J|xRay~
|choice|move 4|switch 5
|
|switch|p2a: D4C|Chansey|703\/703 par
|move|p1a: Starmie|Thunderbolt|p2a: D4C
|-damage|p2a: D4C|626\/703 par
|
|turn|45
|choice|move 1|move 3
|
|move|p1a: Starmie|Blizzard|p2a: D4C
|-damage|p2a: D4C|540\/703 par
|move|p2a: D4C|Thunder Wave|p1a: Starmie
|-status|p1a: Starmie|par
|
|turn|46
|J|Fortune
|choice|move 4|move 2
|
|cant|p1a: Starmie|par
|move|p2a: D4C|Thunderbolt|p1a: Starmie
|-supereffective|p1a: Starmie
|-damage|p1a: Starmie|156\/323 par
|
|turn|47
|choice|move 2|move 2
|
|move|p1a: Starmie|Recover|p1a: Starmie
|-heal|p1a: Starmie|317\/323 par
|move|p2a: D4C|Thunderbolt|p1a: Starmie
|-supereffective|p1a: Starmie
|-damage|p1a: Starmie|162\/323 par
|
|turn|48
|choice|move 2|move 2
|
|move|p1a: Starmie|Recover|p1a: Starmie
|-heal|p1a: Starmie|323\/323 par
|move|p2a: D4C|Thunderbolt|p1a: Starmie
|-supereffective|p1a: Starmie
|-damage|p1a: Starmie|155\/323 par
|
|turn|49
|choice|move 2|move 2
|
|move|p1a: Starmie|Recover|p1a: Starmie
|-heal|p1a: Starmie|316\/323 par
|move|p2a: D4C|Thunderbolt|p1a: Starmie
|-supereffective|p1a: Starmie
|-damage|p1a: Starmie|167\/323 par
|
|turn|50
|choice|move 2|move 2
|
|move|p1a: Starmie|Recover|p1a: Starmie
|-heal|p1a: Starmie|323\/323 par
|move|p2a: D4C|Thunderbolt|p1a: Starmie
|-supereffective|p1a: Starmie
|-damage|p1a: Starmie|157\/323 par
|
|turn|51
|choice|move 2|move 2
|
|move|p1a: Starmie|Recover|p1a: Starmie
|-heal|p1a: Starmie|318\/323 par
|move|p2a: D4C|Thunderbolt|p1a: Starmie
|-supereffective|p1a: Starmie
|-damage|p1a: Starmie|164\/323 par
|
|turn|52
|choice|move 2|move 2
|
|cant|p1a: Starmie|par
|move|p2a: D4C|Thunderbolt|p1a: Starmie
|-supereffective|p1a: Starmie
|-damage|p1a: Starmie|5\/323 par
|
|turn|53
|choice|move 2|move 2
|
|move|p1a: Starmie|Recover|p1a: Starmie
|-heal|p1a: Starmie|166\/323 par
|move|p2a: D4C|Thunderbolt|p1a: Starmie
|-supereffective|p1a: Starmie
|-damage|p1a: Starmie|16\/323 par
|
|turn|54
|choice|move 2|move 2
|
|cant|p1a: Starmie|par
|cant|p2a: D4C|par
|
|turn|55
|choice|move 2|move 2
|
|move|p1a: Starmie|Recover|p1a: Starmie
|-heal|p1a: Starmie|177\/323 par
|move|p2a: D4C|Thunderbolt|p1a: Starmie
|-supereffective|p1a: Starmie
|-damage|p1a: Starmie|11\/323 par
|
|turn|56
|choice|move 2|move 2
|
|move|p1a: Starmie|Recover|p1a: Starmie
|-heal|p1a: Starmie|172\/323 par
|move|p2a: D4C|Thunderbolt|p1a: Starmie
|-supereffective|p1a: Starmie
|-damage|p1a: Starmie|28\/323 par
|
|turn|57
|choice|move 2|move 2
|
|move|p1a: Starmie|Recover|p1a: Starmie
|-heal|p1a: Starmie|189\/323 par
|move|p2a: D4C|Thunderbolt|p1a: Starmie
|-supereffective|p1a: Starmie
|-damage|p1a: Starmie|43\/323 par
|
|turn|58
|choice|move 2|move 2
|
|move|p1a: Starmie|Recover|p1a: Starmie
|-heal|p1a: Starmie|204\/323 par
|cant|p2a: D4C|par
|
|turn|59
|choice|move 2|move 2
|
|move|p1a: Starmie|Recover|p1a: Starmie
|-heal|p1a: Starmie|323\/323 par
|cant|p2a: D4C|par
|
|turn|60
|choice|move 4|move 2
|
|move|p1a: Starmie|Thunderbolt|p2a: D4C
|-crit|p2a: D4C
|-damage|p2a: D4C|409\/703 par
|move|p2a: D4C|Thunderbolt|p1a: Starmie
|-supereffective|p1a: Starmie
|-damage|p1a: Starmie|167\/323 par
|
|turn|61
|choice|move 2|move 2
|
|move|p1a: Starmie|Recover|p1a: Starmie
|-heal|p1a: Starmie|323\/323 par
|cant|p2a: D4C|par
|
|turn|62
|choice|move 4|move 2
|
|cant|p1a: Starmie|par
|cant|p2a: D4C|par
|
|turn|63
|choice|move 4|move 2
|
|move|p1a: Starmie|Thunderbolt|p2a: D4C
|-damage|p2a: D4C|343\/703 par
|move|p2a: D4C|Thunderbolt|p1a: Starmie
|-supereffective|p1a: Starmie
|-damage|p1a: Starmie|174\/323 par
|
|turn|64
|choice|move 2|move 4
|
|move|p1a: Starmie|Recover|p1a: Starmie
|-heal|p1a: Starmie|323\/323 par
|move|p2a: D4C|Soft-Boiled|p2a: D4C
|-heal|p2a: D4C|694\/703 par
|
|turn|65
|choice|move 4|move 2
|
|move|p1a: Starmie|Thunderbolt|p2a: D4C
|-crit|p2a: D4C
|-damage|p2a: D4C|551\/703 par
|move|p2a: D4C|Thunderbolt|p1a: Starmie
|-supereffective|p1a: Starmie
|-damage|p1a: Starmie|171\/323 par
|
|turn|66
|choice|move 2|move 2
|
|move|p1a: Starmie|Recover|p1a: Starmie
|-heal|p1a: Starmie|323\/323 par
|cant|p2a: D4C|par
|
|turn|67
|choice|move 4|move 2
|
|move|p1a: Starmie|Thunderbolt|p2a: D4C
|-damage|p2a: D4C|475\/703 par
|cant|p2a: D4C|par
|
|turn|68
|choice|move 4|move 2
|
|move|p1a: Starmie|Thunderbolt|p2a: D4C
|-damage|p2a: D4C|407\/703 par
|cant|p2a: D4C|par
|
|turn|69
|choice|move 4|move 2
|
|move|p1a: Starmie|Thunderbolt|p2a: D4C
|-damage|p2a: D4C|331\/703 par
|cant|p2a: D4C|par
|
|turn|70
|choice|move 4|move 2
|
|move|p1a: Starmie|Thunderbolt|p2a: D4C
|-crit|p2a: D4C
|-damage|p2a: D4C|183\/703 par
|move|p2a: D4C|Thunderbolt|p1a: Starmie
|-supereffective|p1a: Starmie
|-damage|p1a: Starmie|158\/323 par
|
|turn|71
|choice|move 2|move 4
|
|cant|p1a: Starmie|par
|move|p2a: D4C|Soft-Boiled|p2a: D4C
|-heal|p2a: D4C|534\/703 par
|
|turn|72
|choice|move 2|move 2
|
|move|p1a: Starmie|Recover|p1a: Starmie
|-heal|p1a: Starmie|319\/323 par
|move|p2a: D4C|Thunderbolt|p1a: Starmie
|-supereffective|p1a: Starmie
|-damage|p1a: Starmie|151\/323 par
|
|turn|73
|choice|move 2|move 2
|
|cant|p1a: Starmie|par
|cant|p2a: D4C|par
|
|turn|74
|choice|move 2|move 2
|
|move|p1a: Starmie|Recover|p1a: Starmie
|-heal|p1a: Starmie|312\/323 par
|move|p2a: D4C|Thunderbolt|p1a: Starmie
|-supereffective|p1a: Starmie
|-damage|p1a: Starmie|160\/323 par
|
|turn|75
|choice|move 2|move 2
|
|move|p1a: Starmie|Recover|p1a: Starmie
|-heal|p1a: Starmie|321\/323 par
|move|p2a: D4C|Thunderbolt|p1a: Starmie
|-supereffective|p1a: Starmie
|-damage|p1a: Starmie|177\/323 par
|
|turn|76
|J|Nunno
|choice|move 2|move 2
|
|move|p1a: Starmie|Recover|p1a: Starmie
|-heal|p1a: Starmie|323\/323 par
|move|p2a: D4C|Thunderbolt|p1a: Starmie
|-supereffective|p1a: Starmie
|-damage|p1a: Starmie|157\/323 par
|
|turn|77
|choice|move 2|move 2
|
|move|p1a: Starmie|Recover|p1a: Starmie
|-heal|p1a: Starmie|318\/323 par
|cant|p2a: D4C|par
|
|turn|78
|J|Rapture's Finest
|choice|move 4|move 2
|
|move|p1a: Starmie|Thunderbolt|p2a: D4C
|-damage|p2a: D4C|468\/703 par
|cant|p2a: D4C|par
|
|turn|79
|choice|move 4|move 2
|
|move|p1a: Starmie|Thunderbolt|p2a: D4C
|-damage|p2a: D4C|400\/703 par
|move|p2a: D4C|Thunderbolt|p1a: Starmie
|-supereffective|p1a: Starmie
|-damage|p1a: Starmie|161\/323 par
|
|turn|80
|L|fapkingg
|choice|move 2|move 2
|
|move|p1a: Starmie|Recover|p1a: Starmie
|-heal|p1a: Starmie|322\/323 par
|move|p2a: D4C|Thunderbolt|p1a: Starmie
|-supereffective|p1a: Starmie
|-damage|p1a: Starmie|165\/323 par
|
|turn|81
|choice|move 2|move 2
|
|move|p1a: Starmie|Recover|p1a: Starmie
|-heal|p1a: Starmie|323\/323 par
|move|p2a: D4C|Thunderbolt|p1a: Starmie
|-supereffective|p1a: Starmie
|-damage|p1a: Starmie|156\/323 par
|
|turn|82
|choice|move 2|move 2
|
|move|p1a: Starmie|Recover|p1a: Starmie
|-heal|p1a: Starmie|317\/323 par
|move|p2a: D4C|Thunderbolt|p1a: Starmie
|-supereffective|p1a: Starmie
|-damage|p1a: Starmie|147\/323 par
|
|turn|83
|choice|move 2|move 2
|
|move|p1a: Starmie|Recover|p1a: Starmie
|-heal|p1a: Starmie|308\/323 par
|move|p2a: D4C|Thunderbolt|p1a: Starmie
|-supereffective|p1a: Starmie
|-damage|p1a: Starmie|156\/323 par
|
|turn|84
|J|ReshiRampage
|J|jira
|J|calm belt
|choice|move 2|move 3
|
|move|p1a: Starmie|Recover|p1a: Starmie
|-heal|p1a: Starmie|317\/323 par
|move|p2a: D4C|Thunder Wave|p1a: Starmie
|-fail|p1a: Starmie|par
|
|turn|85
|choice|move 4|move 3
|
|cant|p1a: Starmie|par
|move|p2a: D4C|Thunder Wave|p1a: Starmie
|-fail|p1a: Starmie|par
|
|turn|86
|choice|move 4|move 3
|
|move|p1a: Starmie|Thunderbolt|p2a: D4C
|-crit|p2a: D4C
|-damage|p2a: D4C|263\/703 par
|move|p2a: D4C|Thunder Wave|p1a: Starmie
|-fail|p1a: Starmie|par
|
|turn|87
|choice|move 4|move 4
|
|cant|p1a: Starmie|par
|move|p2a: D4C|Soft-Boiled|p2a: D4C
|-heal|p2a: D4C|614\/703 par
|
|turn|88
|choice|move 1|move 3
|
|cant|p1a: Starmie|par
|move|p2a: D4C|Thunder Wave|p1a: Starmie
|-fail|p1a: Starmie|par
|
|turn|89
|choice|switch 5|move 3
|
|switch|p1a: Exeggutor|Exeggutor|393\/393 slp
|move|p2a: D4C|Thunder Wave|p1a: Exeggutor
|-fail|p1a: Exeggutor
|
|turn|90
|choice|switch 5|move 3
|
|switch|p1a: Starmie|Starmie|317\/323 par
|move|p2a: D4C|Thunder Wave|p1a: Starmie
|-fail|p1a: Starmie|par
|
|turn|91
|choice|move 3|move 3
|
|move|p1a: Starmie|Thunder Wave|p2a: D4C
|-fail|p2a: D4C|par
|move|p2a: D4C|Thunder Wave|p1a: Starmie
|-fail|p1a: Starmie|par
|
|turn|92
|J|GunnerRohan
|L|GunnerRohan
|choice|switch 5|move 3
|
|switch|p1a: Exeggutor|Exeggutor|393\/393 slp
|move|p2a: D4C|Thunder Wave|p1a: Exeggutor
|-fail|p1a: Exeggutor
|
|turn|93
|J|Lord Ninjax
|J|Can
|L|ReshiRampage
|choice|switch 5|switch 5
|
|switch|p1a: Starmie|Starmie|317\/323 par
|switch|p2a: Made in Heaven|Tauros|47\/353
|
|turn|94
|choice|move 4|switch 5
|
|switch|p2a: D4C|Chansey|614\/703 par
|move|p1a: Starmie|Thunderbolt|p2a: D4C
|-damage|p2a: D4C|544\/703 par
|
|turn|95
|choice|move 1|move 3
|
|cant|p1a: Starmie|par
|move|p2a: D4C|Thunder Wave|p1a: Starmie
|-fail|p1a: Starmie|par
|
|turn|96
|choice|move 1|move 3
|
|move|p1a: Starmie|Blizzard|p2a: D4C
|-damage|p2a: D4C|452\/703 par
|move|p2a: D4C|Thunder Wave|p1a: Starmie
|-fail|p1a: Starmie|par
|
|turn|97
|choice|switch 5|move 3
|
|switch|p1a: Exeggutor|Exeggutor|393\/393 slp
|move|p2a: D4C|Thunder Wave|p1a: Exeggutor
|-fail|p1a: Exeggutor
|
|turn|98
|choice|move 2|switch 5
|
|switch|p2a: Made in Heaven|Tauros|47\/353
|cant|p1a: Exeggutor|slp
|
|turn|99
|choice|move 2|move 1
|
|move|p2a: Made in Heaven|Body Slam|p1a: Exeggutor
|-damage|p1a: Exeggutor|279\/393 slp
|-curestatus|p1a: Exeggutor|slp
|
|turn|100
|J|hyogafodex
|choice|move 1|switch 5
|
|switch|p2a: D4C|Chansey|452\/703 par
|move|p1a: Exeggutor|Psychic|p2a: D4C
|-damage|p2a: D4C|332\/703 par
|
|turn|101
|choice|move 1|move 3
|
|move|p1a: Exeggutor|Psychic|p2a: D4C
|-damage|p2a: D4C|220\/703 par
|move|p2a: D4C|Thunder Wave|p1a: Exeggutor
|-status|p1a: Exeggutor|par
|
|turn|102
|choice|move 1|move 4
|
|move|p1a: Exeggutor|Psychic|p2a: D4C
|-damage|p2a: D4C|93\/703 par
|-unboost|p2a: D4C|spd|1
|-unboost|p2a: D4C|spa|1
|move|p2a: D4C|Soft-Boiled|p2a: D4C
|-heal|p2a: D4C|444\/703 par
|
|turn|103
|choice|move 1|move 1
|
|move|p1a: Exeggutor|Psychic|p2a: D4C
|-damage|p2a: D4C|272\/703 par
|cant|p2a: D4C|par
|
|turn|104
|choice|move 1|move 4
|
|move|p1a: Exeggutor|Psychic|p2a: D4C
|-damage|p2a: D4C|101\/703 par
|move|p2a: D4C|Soft-Boiled|p2a: D4C
|-heal|p2a: D4C|452\/703 par
|
|turn|105
|choice|move 1|move 4
|
|move|p1a: Exeggutor|Psychic|p2a: D4C
|-damage|p2a: D4C|268\/703 par
|move|p2a: D4C|Soft-Boiled|p2a: D4C
|-heal|p2a: D4C|619\/703 par
|
|turn|106
|choice|move 1|move 1
|
|move|p1a: Exeggutor|Psychic|p2a: D4C
|-damage|p2a: D4C|441\/703 par
|-unboost|p2a: D4C|spd|1
|-unboost|p2a: D4C|spa|1
|cant|p2a: D4C|par
|
|turn|107
|choice|move 1|switch 4
|
|switch|p2a: The World|Exeggutor|94\/393 par
|move|p1a: Exeggutor|Psychic|p2a: The World
|-resisted|p2a: The World
|-damage|p2a: The World|46\/393 par
|
|turn|108
|choice|move 1|move 4
|
|move|p2a: The World|Explosion|p1a: Exeggutor
|-damage|p1a: Exeggutor|0 fnt
|faint|p1a: Exeggutor
|faint|p2a: The World
|choice|switch 5|switch 3
|
|switch|p2a: Killer Queen|Golem|363\/363
|switch|p1a: Starmie|Starmie|317\/323 par
|turn|109
|choice|move 1|move 4
|
|move|p2a: Killer Queen|Explosion|p1a: Starmie
|-damage|p1a: Starmie|0 fnt
|faint|p1a: Starmie
|faint|p2a: Killer Queen
|
|win|Tobes