|J|Talenheim
|J|Beds
|player|p1|Talenheim|245
|player|p2|Beds|252
|gametype|singles
|gen|1
|tier|[Gen 1] OU
|seed|24437,3048,42995,40880
|rule|Sleep Clause Mod: Limit one foe put to sleep
|rule|Freeze Clause Mod: Limit one foe frozen
|rule|Species Clause: Limit one of each Pokémon
|rule|OHKO Clause: OHKO moves are banned
|rule|Evasion Moves Clause: Evasion moves are banned
|rule|HP Percentage Mod: HP is shown in percentages
|
|start
|switch|p1a: Gengar|Gengar|323\/323
|switch|p2a: Starmie|Starmie|323\/323
|turn|1
|c|★Beds|gl hf
|c|★Talenheim|u2
|choice|move 1|move 2
|
|move|p2a: Starmie|Psychic|p1a: Gengar
|-supereffective|p1a: Gengar
|-damage|p1a: Gengar|153\/323
|-unboost|p1a: Gengar|spd|1
|-unboost|p1a: Gengar|spa|1
|move|p1a: Gengar|Hypnosis|p2a: Starmie|[miss]
|-miss|p1a: Gengar
|
|turn|2
|J|wish klller
|J|choollio
|choice|switch 6|move 1
|
|switch|p1a: Exeggutor|Exeggutor|393\/393
|move|p2a: Starmie|Blizzard|p1a: Exeggutor
|-crit|p1a: Exeggutor
|-supereffective|p1a: Exeggutor
|-damage|p1a: Exeggutor|81\/393
|
|turn|3
|choice|switch 5|move 1
|
|switch|p1a: Chansey|Chansey|703\/703
|move|p2a: Starmie|Blizzard|p1a: Chansey
|-damage|p1a: Chansey|609\/703
|
|turn|4
|J|fleggumfl
|choice|move 1|move 1
|
|move|p2a: Starmie|Blizzard|p1a: Chansey|[miss]
|-miss|p2a: Starmie
|move|p1a: Chansey|Thunder Wave|p2a: Starmie
|-status|p2a: Starmie|par
|
|turn|5
|choice|move 4|move 1
|
|move|p1a: Chansey|Ice Beam|p2a: Starmie
|-resisted|p2a: Starmie
|-damage|p2a: Starmie|288\/323 par
|move|p2a: Starmie|Blizzard|p1a: Chansey
|-damage|p1a: Chansey|512\/703
|
|turn|6
|choice|switch 4|move 1
|
|switch|p1a: Lapras|Lapras|463\/463
|move|p2a: Starmie|Blizzard|p1a: Lapras
|-resisted|p1a: Lapras
|-damage|p1a: Lapras|440\/463
|
|turn|7
|choice|move 3|move 3
|
|move|p1a: Lapras|Thunderbolt|p2a: Starmie
|-supereffective|p2a: Starmie
|-damage|p2a: Starmie|134\/323 par
|move|p2a: Starmie|Thunder Wave|p1a: Lapras
|-status|p1a: Lapras|par
|
|turn|8
|choice|move 3|move 4
|
|move|p2a: Starmie|Recover|p2a: Starmie
|-heal|p2a: Starmie|295\/323 par
|move|p1a: Lapras|Thunderbolt|p2a: Starmie
|-supereffective|p2a: Starmie
|-damage|p2a: Starmie|138\/323 par
|
|turn|9
|choice|move 4|switch 2
|
|switch|p2a: Snorlax|Snorlax|523\/523
|move|p1a: Lapras|Confuse Ray|p2a: Snorlax
|-start|p2a: Snorlax|confusion
|
|turn|10
|choice|switch 6|move 3
|
|switch|p1a: Gengar|Gengar|153\/323
|-activate|p2a: Snorlax|confusion
|-damage|p2a: Snorlax|475\/523|[from] confusion
|
|turn|11
|choice|move 1|move 3
|
|move|p1a: Gengar|Hypnosis|p2a: Snorlax
|-status|p2a: Snorlax|slp
|cant|p2a: Snorlax|slp
|
|turn|12
|choice|switch 5|switch 4
|
|switch|p1a: Exeggutor|Exeggutor|81\/393
|switch|p2a: Exeggutor|Exeggutor|393\/393
|
|turn|13
|choice|move 1|switch 2
|
|switch|p2a: Starmie|Starmie|138\/323 par
|move|p1a: Exeggutor|Sleep Powder|p2a: Starmie
|-fail|p2a: Starmie
|
|turn|14
|c|★Beds|sleep clause btw
|c|★Talenheim|sorry, wasnt paying attention
|c|★Talenheim|rip
|choice|move 3|move 1
|
|move|p1a: Exeggutor|Explosion|p2a: Starmie
|-damage|p2a: Starmie|0 fnt
|faint|p2a: Starmie
|faint|p1a: Exeggutor
|choice|switch 5|switch 2
|
|switch|p1a: Gengar|Gengar|153\/323
|switch|p2a: Exeggutor|Exeggutor|393\/393
|turn|15
|choice|move 2|move 1
|
|move|p1a: Gengar|Night Shade|p2a: Exeggutor
|-damage|p2a: Exeggutor|293\/393
|move|p2a: Exeggutor|Psychic|p1a: Gengar
|-crit|p1a: Gengar
|-supereffective|p1a: Gengar
|-damage|p1a: Gengar|0 fnt
|faint|p1a: Gengar
|choice|switch 4|
|
|switch|p1a: Chansey|Chansey|512\/703
|turn|16
|choice|move 4|move 2
|
|move|p2a: Exeggutor|Sleep Powder|p1a: Chansey
|-status|p1a: Chansey|slp
|cant|p1a: Chansey|slp
|
|turn|17
|choice|move 2|move 1
|
|move|p2a: Exeggutor|Psychic|p1a: Chansey
|-damage|p1a: Chansey|395\/703 slp
|cant|p1a: Chansey|slp
|
|turn|18
|choice|move 2|move 1
|
|move|p2a: Exeggutor|Psychic|p1a: Chansey
|-damage|p1a: Chansey|275\/703 slp
|cant|p1a: Chansey|slp
|
|turn|19
|choice|move 2|move 1
|
|move|p2a: Exeggutor|Psychic|p1a: Chansey
|-damage|p1a: Chansey|156\/703 slp
|-curestatus|p1a: Chansey|slp
|
|turn|20
|choice|switch 6|move 2
|
|switch|p1a: Lapras|Lapras|440\/463 par
|move|p2a: Exeggutor|Sleep Powder|p1a: Lapras
|-fail|p1a: Lapras
|
|turn|21
|choice|move 1|switch 6
|
|switch|p2a: Alakazam|Alakazam|313\/313
|cant|p1a: Lapras|par
|
|turn|22
|choice|move 4|move 3
|
|move|p2a: Alakazam|Reflect|p2a: Alakazam
|-start|p2a: Alakazam|Reflect
|cant|p1a: Lapras|par
|
|turn|23
|choice|move 4|move 1
|
|move|p2a: Alakazam|Psychic|p1a: Lapras
|-damage|p1a: Lapras|302\/463 par
|move|p1a: Lapras|Confuse Ray|p2a: Alakazam
|-start|p2a: Alakazam|confusion
|
|turn|24
|choice|move 2|move 1
|
|-activate|p2a: Alakazam|confusion
|-damage|p2a: Alakazam|276\/313|[from] confusion
|move|p1a: Lapras|Body Slam|p2a: Alakazam
|-damage|p2a: Alakazam|231\/313
|
|turn|25
|choice|move 2|move 1
|
|-end|p2a: Alakazam|confusion
|move|p2a: Alakazam|Psychic|p1a: Lapras
|-damage|p1a: Lapras|173\/463 par
|-unboost|p1a: Lapras|spd|1
|-unboost|p1a: Lapras|spa|1
|move|p1a: Lapras|Body Slam|p2a: Alakazam
|-crit|p2a: Alakazam
|-damage|p2a: Alakazam|34\/313
|-status|p2a: Alakazam|par
|
|turn|26
|J|Dice
|choice|switch 6|move 4
|
|switch|p1a: Chansey|Chansey|156\/703
|move|p2a: Alakazam|Recover|p2a: Alakazam
|-heal|p2a: Alakazam|190\/313 par
|
|turn|27
|choice|move 2|switch 6
|
|switch|p2a: Exeggutor|Exeggutor|293\/393
|move|p1a: Chansey|Soft-Boiled|p1a: Chansey
|-heal|p1a: Chansey|507\/703
|
|turn|28
|choice|switch 6|move 1
|
|switch|p1a: Lapras|Lapras|173\/463 par
|move|p2a: Exeggutor|Psychic|p1a: Lapras
|-crit|p1a: Lapras
|-damage|p1a: Lapras|0 fnt
|faint|p1a: Lapras
|choice|switch 3|
|
|switch|p1a: Tauros|Tauros|353\/353
|turn|29
|choice|move 2|move 2
|
|move|p1a: Tauros|Blizzard|p2a: Exeggutor
|-supereffective|p2a: Exeggutor
|-damage|p2a: Exeggutor|155\/393
|-status|p2a: Exeggutor|frz
|cant|p2a: Exeggutor|frz
|
|turn|30
|c|★Talenheim|.
|choice|move 1|switch 4
|
|switch|p2a: Snorlax|Snorlax|475\/523 slp
|move|p1a: Tauros|Body Slam|p2a: Snorlax
|-damage|p2a: Snorlax|346\/523 slp
|
|turn|31
|choice|move 1|move 1
|
|move|p1a: Tauros|Body Slam|p2a: Snorlax
|-damage|p2a: Snorlax|208\/523 slp
|cant|p2a: Snorlax|slp
|
|turn|32
|choice|move 1|move 4
|
|move|p1a: Tauros|Body Slam|p2a: Snorlax
|-crit|p2a: Snorlax
|-damage|p2a: Snorlax|0 fnt
|faint|p2a: Snorlax
|choice||switch 5
|
|switch|p2a: Chansey|Chansey|703\/703
|turn|33
|choice|switch 2|move 2
|
|switch|p1a: Snorlax|Snorlax|523\/523
|move|p2a: Chansey|Thunder Wave|p1a: Snorlax
|-status|p1a: Snorlax|par
|
|turn|34
|choice|move 1|move 1
|
|move|p2a: Chansey|Ice Beam|p1a: Snorlax
|-damage|p1a: Snorlax|418\/523 par
|cant|p1a: Snorlax|par
|
|turn|35
|choice|move 1|switch 4
|
|switch|p2a: Exeggutor|Exeggutor|155\/393 frz
|move|p1a: Snorlax|Body Slam|p2a: Exeggutor
|-damage|p2a: Exeggutor|31\/393 frz
|
|turn|36
|choice|move 1|move 3
|
|cant|p2a: Exeggutor|frz
|move|p1a: Snorlax|Body Slam|p2a: Exeggutor
|-damage|p2a: Exeggutor|0 fnt
|faint|p2a: Exeggutor
|choice||switch 6
|
|switch|p2a: Alakazam|Alakazam|190\/313 par
|turn|37
|choice|move 1|move 3
|
|move|p2a: Alakazam|Reflect|p2a: Alakazam
|-start|p2a: Alakazam|Reflect
|cant|p1a: Snorlax|par
|
|turn|38
|choice|move 1|move 4
|
|move|p2a: Alakazam|Recover|p2a: Alakazam
|-heal|p2a: Alakazam|313\/313 par
|move|p1a: Snorlax|Body Slam|p2a: Alakazam
|-damage|p2a: Alakazam|225\/313 par
|
|turn|39
|choice|move 1|move 1
|
|move|p2a: Alakazam|Psychic|p1a: Snorlax
|-damage|p1a: Snorlax|251\/523 par
|move|p1a: Snorlax|Body Slam|p2a: Alakazam
|-damage|p2a: Alakazam|137\/313 par
|
|turn|40
|choice|move 1|move 4
|
|cant|p2a: Alakazam|par
|move|p1a: Snorlax|Body Slam|p2a: Alakazam
|-damage|p2a: Alakazam|54\/313 par
|
|turn|41
|choice|move 1|move 4
|
|move|p2a: Alakazam|Recover|p2a: Alakazam
|-heal|p2a: Alakazam|210\/313 par
|move|p1a: Snorlax|Body Slam|p2a: Alakazam
|-damage|p2a: Alakazam|130\/313 par
|
|turn|42
|choice|move 1|move 4
|
|move|p2a: Alakazam|Recover|p2a: Alakazam
|-heal|p2a: Alakazam|286\/313 par
|cant|p1a: Snorlax|par
|
|turn|43
|choice|move 1|move 1
|
|move|p2a: Alakazam|Psychic|p1a: Snorlax
|-damage|p1a: Snorlax|86\/523 par
|move|p1a: Snorlax|Body Slam|p2a: Alakazam
|-damage|p2a: Alakazam|198\/313 par
|
|turn|44
|choice|move 2|move 1
|
|move|p2a: Alakazam|Psychic|p1a: Snorlax
|-damage|p1a: Snorlax|0 fnt
|faint|p1a: Snorlax
|choice|switch 6|
|
|switch|p1a: Chansey|Chansey|507\/703
|turn|45
|choice|move 4|move 4
|
|move|p1a: Chansey|Ice Beam|p2a: Alakazam
|-damage|p2a: Alakazam|131\/313 par
|move|p2a: Alakazam|Recover|p2a: Alakazam
|-heal|p2a: Alakazam|287\/313 par
|
|turn|46
|choice|move 4|move 2
|
|move|p1a: Chansey|Ice Beam|p2a: Alakazam
|-damage|p2a: Alakazam|223\/313 par
|move|p2a: Alakazam|Thunder Wave|p1a: Chansey
|-status|p1a: Chansey|par
|
|turn|47
|choice|move 4|move 1
|
|move|p2a: Alakazam|Psychic|p1a: Chansey
|-damage|p1a: Chansey|373\/703 par
|cant|p1a: Chansey|par
|
|turn|48
|choice|move 2|move 1
|
|move|p2a: Alakazam|Psychic|p1a: Chansey
|-damage|p1a: Chansey|255\/703 par
|move|p1a: Chansey|Soft-Boiled|p1a: Chansey
|-heal|p1a: Chansey|606\/703 par
|
|turn|49
|choice|move 4|move 1
|
|move|p2a: Alakazam|Psychic|p1a: Chansey
|-damage|p1a: Chansey|474\/703 par
|-unboost|p1a: Chansey|spd|1
|-unboost|p1a: Chansey|spa|1
|move|p1a: Chansey|Ice Beam|p2a: Alakazam
|-damage|p2a: Alakazam|180\/313 par
|
|turn|50
|J|Zefir0s
|choice|switch 2|move 1
|
|switch|p1a: Tauros|Tauros|353\/353
|move|p2a: Alakazam|Psychic|p1a: Tauros
|-damage|p1a: Tauros|198\/353
|-unboost|p1a: Tauros|spd|1
|-unboost|p1a: Tauros|spa|1
|
|turn|51
|choice|move 4|move 1
|
|move|p1a: Tauros|Hyper Beam|p2a: Alakazam
|-damage|p2a: Alakazam|51\/313 par
|move|p2a: Alakazam|Psychic|p1a: Tauros
|-damage|p1a: Tauros|0 fnt
|faint|p1a: Tauros
|choice|switch 2|
|
|switch|p1a: Chansey|Chansey|474\/703 par
|turn|52
|choice|move 4|move 1
|
|move|p2a: Alakazam|Psychic|p1a: Chansey
|-crit|p1a: Chansey
|-damage|p1a: Chansey|231\/703 par
|-unboost|p1a: Chansey|spd|1
|-unboost|p1a: Chansey|spa|1
|move|p1a: Chansey|Ice Beam|p2a: Alakazam
|-damage|p2a: Alakazam|12\/313 par
|
|turn|53
|c|★Talenheim|gg
|choice|move 4|move 4
|
|cant|p2a: Alakazam|par
|cant|p1a: Chansey|par
|
|turn|54
|c|★Beds|g
|c|★Beds|g
|choice|move 4|move 4
|
|move|p2a: Alakazam|Recover|p2a: Alakazam
|-heal|p2a: Alakazam|168\/313 par
|move|p1a: Chansey|Ice Beam|p2a: Alakazam
|-damage|p2a: Alakazam|125\/313 par
|
|turn|55
|-message|Talenheim forfeited.
|
|win|Beds