|J|Dice
|J|smilzo
|player|p1|Dice|134
|player|p2|smilzo|157
|gametype|singles
|gen|1
|tier|[Gen 1] OU
|seed|
|rule|Sleep Clause Mod: Limit one foe put to sleep
|rule|Freeze Clause Mod: Limit one foe frozen
|rule|Species Clause: Limit one of each Pokémon
|rule|OHKO Clause: OHKO moves are banned
|rule|Evasion Moves Clause: Evasion moves are banned
|rule|HP Percentage Mod: HP is shown in percentages
|
|start
|switch|p1a: Alakazam|Alakazam|100\/100
|switch|p2a: Alakazam|Alakazam, M|100\/100
|turn|1
|c|★smilzo|hf c:
|choice||
|
|move|p2a: Alakazam|Thunder Wave|p1a: Alakazam
|-status|p1a: Alakazam|par
|move|p1a: Alakazam|Thunder Wave|p2a: Alakazam
|-status|p2a: Alakazam|par
|
|turn|2
|c|★Dice|likwise
|c|★Dice|*like
|J|Can
|J|KratosMana
|L|Can
|choice||
|
|move|p2a: Alakazam|Seismic Toss|p1a: Alakazam
|-damage|p1a: Alakazam|69\/100 par
|move|p1a: Alakazam|Psychic|p2a: Alakazam
|-resisted|p2a: Alakazam
|-damage|p2a: Alakazam|83\/100 par
|-unboost|p2a: Alakazam|spd|1
|-unboost|p2a: Alakazam|spa|1
|
|turn|3
|J|Purrl
|choice||
|
|move|p1a: Alakazam|Psychic|p2a: Alakazam
|-crit|p2a: Alakazam
|-resisted|p2a: Alakazam
|-damage|p2a: Alakazam|50\/100 par
|move|p2a: Alakazam|Psychic|p1a: Alakazam
|-resisted|p1a: Alakazam
|-damage|p1a: Alakazam|57\/100 par
|
|turn|4
|J|Agammemnon
|choice||
|
|move|p1a: Alakazam|Recover|p1a: Alakazam
|-heal|p1a: Alakazam|100\/100 par
|move|p2a: Alakazam|Recover|p2a: Alakazam
|-heal|p2a: Alakazam|99\/100 par
|
|turn|5
|choice||
|
|move|p1a: Alakazam|Psychic|p2a: Alakazam
|-resisted|p2a: Alakazam
|-damage|p2a: Alakazam|73\/100 par
|move|p2a: Alakazam|Psychic|p1a: Alakazam
|-resisted|p1a: Alakazam
|-damage|p1a: Alakazam|90\/100 par
|
|turn|6
|L|KratosMana
|choice||
|
|move|p1a: Alakazam|Seismic Toss|p2a: Alakazam
|-damage|p2a: Alakazam|41\/100 par
|cant|p2a: Alakazam|par
|
|turn|7
|choice||
|
|move|p1a: Alakazam|Psychic|p2a: Alakazam
|-resisted|p2a: Alakazam
|-damage|p2a: Alakazam|14\/100 par
|move|p2a: Alakazam|Recover|p2a: Alakazam
|-heal|p2a: Alakazam|63\/100 par
|
|turn|8
|J|SparksBlade
|c|+Agammemnon|mind if i watch ?
|c|+Agammemnon|Shortly
|choice||
|
|cant|p1a: Alakazam|par
|cant|p2a: Alakazam|par
|
|turn|9
|c|★Dice|sure =P
|c|★smilzo|np for me
|choice||
|
|move|p1a: Alakazam|Psychic|p2a: Alakazam
|-resisted|p2a: Alakazam
|-damage|p2a: Alakazam|39\/100 par
|move|p2a: Alakazam|Recover|p2a: Alakazam
|-heal|p2a: Alakazam|89\/100 par
|
|turn|10
|choice||
|
|switch|p2a: Chansey|Chansey|100\/100
|cant|p1a: Alakazam|par
|
|turn|11
|choice||
|
|switch|p2a: Alakazam|Alakazam, M|89\/100 par
|move|p1a: Alakazam|Seismic Toss|p2a: Alakazam
|-damage|p2a: Alakazam|57\/100 par
|
|turn|12
|choice||
|
|cant|p2a: Alakazam|par
|move|p1a: Alakazam|Seismic Toss|p2a: Alakazam
|-damage|p2a: Alakazam|25\/100 par
|
|turn|13
|choice||
|
|move|p1a: Alakazam|Seismic Toss|p2a: Alakazam
|-damage|p2a: Alakazam|0 fnt
|faint|p2a: Alakazam
|choice||
|
|switch|p2a: Snorlax|Snorlax, M|100\/100
|turn|14
|choice||
|
|switch|p1a: Exeggutor|Exeggutor|100\/100
|move|p2a: Snorlax|Body Slam|p1a: Exeggutor
|-crit|p1a: Exeggutor
|-damage|p1a: Exeggutor|44\/100
|
|turn|15
|choice||
|
|move|p1a: Exeggutor|Sleep Powder|p2a: Snorlax|[miss]
|-miss|p1a: Exeggutor
|move|p2a: Snorlax|Body Slam|p1a: Exeggutor
|-damage|p1a: Exeggutor|13\/100
|
|turn|16
|choice||
|
|move|p1a: Exeggutor|Sleep Powder|p2a: Snorlax
|-status|p2a: Snorlax|slp
|cant|p2a: Snorlax|slp
|
|turn|17
|choice||
|
|switch|p2a: Chansey|Chansey|100\/100
|move|p1a: Exeggutor|Explosion|p2a: Chansey
|-damage|p2a: Chansey|0 fnt
|faint|p2a: Chansey
|faint|p1a: Exeggutor
|choice||
|
|switch|p2a: Exeggutor|Exeggutor, M|100\/100
|switch|p1a: Snorlax|Snorlax|100\/100
|turn|18
|choice||
|
|move|p2a: Exeggutor|Psychic|p1a: Snorlax
|-crit|p1a: Snorlax
|-damage|p1a: Snorlax|38\/100
|-unboost|p1a: Snorlax|spd|1
|-unboost|p1a: Snorlax|spa|1
|move|p1a: Snorlax|Body Slam|p2a: Exeggutor
|-damage|p2a: Exeggutor|70\/100
|
|turn|19
|L|Purrl
|choice||
|
|switch|p1a: Alakazam|Alakazam|90\/100 par
|move|p2a: Exeggutor|Psychic|p1a: Alakazam
|-resisted|p1a: Alakazam
|-damage|p1a: Alakazam|74\/100 par
|
|turn|20
|choice||
|
|switch|p2a: Lapras|Lapras, M|100\/100
|move|p1a: Alakazam|Thunder Wave|p2a: Lapras
|-status|p2a: Lapras|par
|
|turn|21
|J|WhiteQueen
|choice||
|
|switch|p1a: Snorlax|Snorlax|38\/100
|move|p2a: Lapras|Blizzard|p1a: Snorlax
|-crit|p1a: Snorlax
|-damage|p1a: Snorlax|0 fnt
|faint|p1a: Snorlax
|L|WhiteQueen
|choice||
|
|switch|p1a: Chansey|Chansey|100\/100
|turn|22
|choice||
|
|move|p1a: Chansey|Thunderbolt|p2a: Lapras
|-supereffective|p2a: Lapras
|-damage|p2a: Lapras|68\/100 par
|cant|p2a: Lapras|par
|
|turn|23
|J|Altina
|choice||
|
|move|p1a: Chansey|Thunderbolt|p2a: Lapras
|-supereffective|p2a: Lapras
|-damage|p2a: Lapras|31\/100 par
|cant|p2a: Lapras|par
|
|turn|24
|L|Altina
|J|KratosMana
|choice||
|
|switch|p2a: Exeggutor|Exeggutor, M|70\/100
|move|p1a: Chansey|Thunderbolt|p2a: Exeggutor
|-crit|p2a: Exeggutor
|-resisted|p2a: Exeggutor
|-damage|p2a: Exeggutor|53\/100
|
|turn|25
|choice||
|
|switch|p1a: Alakazam|Alakazam|74\/100 par
|move|p2a: Exeggutor|Psychic|p1a: Alakazam
|-resisted|p1a: Alakazam
|-damage|p1a: Alakazam|59\/100 par
|
|turn|26
|choice||
|
|move|p2a: Exeggutor|Psychic|p1a: Alakazam
|-crit|p1a: Alakazam
|-resisted|p1a: Alakazam
|-damage|p1a: Alakazam|30\/100 par
|-unboost|p1a: Alakazam|spd|1
|-unboost|p1a: Alakazam|spa|1
|move|p1a: Alakazam|Recover|p1a: Alakazam
|-heal|p1a: Alakazam|79\/100 par
|
|turn|27
|choice||
|
|switch|p2a: Lapras|Lapras, M|31\/100 par
|move|p1a: Alakazam|Thunder Wave|p2a: Lapras
|-fail|p2a: Lapras|par
|
|turn|28
|choice||
|
|switch|p1a: Chansey|Chansey|100\/100
|move|p2a: Lapras|Sing|p1a: Chansey
|-status|p1a: Chansey|slp
|
|turn|29
|choice||
|
|switch|p2a: Tauros|Tauros|100\/100
|cant|p1a: Chansey|slp
|
|turn|30
|choice||
|
|move|p2a: Tauros|Body Slam|p1a: Chansey
|-crit|p1a: Chansey
|-damage|p1a: Chansey|23\/100 slp
|cant|p1a: Chansey|slp
|
|turn|31
|choice||
|
|move|p2a: Tauros|Body Slam|p1a: Chansey
|-damage|p1a: Chansey|0 fnt
|faint|p1a: Chansey
|choice||
|
|switch|p1a: Zapdos|Zapdos|100\/100
|turn|32
|J|Triangles RSE
|choice||
|
|switch|p2a: Lapras|Lapras, M|31\/100 par
|move|p1a: Zapdos|Thunderbolt|p2a: Lapras
|-supereffective|p2a: Lapras
|-damage|p2a: Lapras|0 fnt
|faint|p2a: Lapras
|choice||
|
|switch|p2a: Exeggutor|Exeggutor, M|53\/100
|turn|33
|L|Triangles RSE
|J|WhiteQueen
|L|WhiteQueen
|choice||
|
|switch|p1a: Alakazam|Alakazam|79\/100 par
|move|p2a: Exeggutor|Psychic|p1a: Alakazam
|-crit|p1a: Alakazam
|-resisted|p1a: Alakazam
|-damage|p1a: Alakazam|47\/100 par
|
|turn|34
|choice||
|
|move|p2a: Exeggutor|Psychic|p1a: Alakazam
|-resisted|p1a: Alakazam
|-damage|p1a: Alakazam|32\/100 par
|move|p1a: Alakazam|Recover|p1a: Alakazam
|-heal|p1a: Alakazam|82\/100 par
|
|turn|35
|choice||
|
|move|p2a: Exeggutor|Psychic|p1a: Alakazam
|-crit|p1a: Alakazam
|-resisted|p1a: Alakazam
|-damage|p1a: Alakazam|53\/100 par
|move|p1a: Alakazam|Psychic|p2a: Exeggutor
|-resisted|p2a: Exeggutor
|-damage|p2a: Exeggutor|39\/100
|-unboost|p2a: Exeggutor|spd|1
|-unboost|p2a: Exeggutor|spa|1
|
|turn|36
|choice||
|
|move|p2a: Exeggutor|Psychic|p1a: Alakazam
|-resisted|p1a: Alakazam
|-damage|p1a: Alakazam|43\/100 par
|move|p1a: Alakazam|Recover|p1a: Alakazam
|-heal|p1a: Alakazam|93\/100 par
|
|turn|37
|choice||
|
|move|p2a: Exeggutor|Explosion|p1a: Alakazam
|-damage|p1a: Alakazam|0 fnt
|faint|p1a: Alakazam
|faint|p2a: Exeggutor
|choice||
|
|switch|p2a: Tauros|Tauros|100\/100
|switch|p1a: Zapdos|Zapdos|100\/100
|turn|38
|choice||
|
|move|p2a: Tauros|Body Slam|p1a: Zapdos
|-damage|p1a: Zapdos|73\/100
|move|p1a: Zapdos|Thunder Wave|p2a: Tauros
|-status|p2a: Tauros|par
|
|turn|39
|J|Can
|choice||
|
|move|p1a: Zapdos|Thunderbolt|p2a: Tauros
|-crit|p2a: Tauros
|-damage|p2a: Tauros|10\/100 par
|move|p2a: Tauros|Body Slam|p1a: Zapdos
|-damage|p1a: Zapdos|43\/100
|
|turn|40
|choice||
|
|move|p1a: Zapdos|Thunderbolt|p2a: Tauros
|-damage|p2a: Tauros|0 fnt
|faint|p2a: Tauros
|c|+Can|whys dice so lucky
|choice||
|
|switch|p2a: Snorlax|Snorlax, M|100\/100 slp
|turn|41
|c|+Can|zzzz
|choice||
|
|move|p1a: Zapdos|Thunderbolt|p2a: Snorlax
|-crit|p2a: Snorlax
|-damage|p2a: Snorlax|37\/100 slp
|cant|p2a: Snorlax|slp
|
|turn|42
|c|★smilzo|lol gg
|c|★Dice|gg
|choice||
|
|move|p1a: Zapdos|Thunderbolt|p2a: Snorlax
|-damage|p2a: Snorlax|6\/100 slp
|cant|p2a: Snorlax|slp
|
|turn|43
|choice||
|
|move|p1a: Zapdos|Thunderbolt|p2a: Snorlax
|-damage|p2a: Snorlax|0 fnt
|faint|p2a: Snorlax
|
|win|Dice