|J|B& KC
|J|Dice
|player|p1|B& KC|#bkc
|player|p2|Dice|1
|gametype|singles
|gen|1
|tier|[Gen 1] OU
|seed|51561,31051,55203,23400
|rule|Sleep Clause Mod: Limit one foe put to sleep
|rule|Freeze Clause Mod: Limit one foe frozen
|rule|Species Clause: Limit one of each Pokémon
|rule|OHKO Clause: OHKO moves are banned
|rule|Evasion Moves Clause: Evasion moves are banned
|rule|HP Percentage Mod: HP is shown in percentages
|
|start
|switch|p1a: eyesland|Gengar, M|323\/323
|switch|p2a: Alakazam|Alakazam, M|313\/313
|turn|1
|J|mccauley
|c|★B& KC|werent you supposed to play today
|c|★Dice|n
|c|★Dice|o
|choice|switch 3|switch 6
|
|switch|p2a: Victreebel|Victreebel, M|363\/363
|switch|p1a: ethereal forest|Exeggutor, M|393\/393
|
|turn|2
|choice|switch 2|move 3
|
|switch|p1a: diabolical beauty|Starmie|323\/323
|move|p2a: Victreebel|Sleep Powder|p1a: diabolical beauty
|-status|p1a: diabolical beauty|slp
|
|turn|3
|J|stathakis
|choice|move 2|move 2
|
|cant|p1a: diabolical beauty|slp
|move|p2a: Victreebel|Stun Spore|p1a: diabolical beauty
|-fail|p1a: diabolical beauty
|
|turn|4
|choice|move 2|move 2
|
|cant|p1a: diabolical beauty|slp
|move|p2a: Victreebel|Stun Spore|p1a: diabolical beauty
|-fail|p1a: diabolical beauty
|
|turn|5
|choice|move 1|move 1
|
|cant|p1a: diabolical beauty|slp
|move|p2a: Victreebel|Razor Leaf|p1a: diabolical beauty
|-crit|p1a: diabolical beauty
|-supereffective|p1a: diabolical beauty
|-damage|p1a: diabolical beauty|51\/323 slp
|
|turn|6
|choice|switch 3|move 2
|
|switch|p1a: eyesland|Gengar, M|323\/323
|move|p2a: Victreebel|Stun Spore|p1a: eyesland|[miss]
|-miss|p2a: Victreebel
|
|turn|7
|choice|move 2|move 2
|
|move|p1a: eyesland|Hypnosis|p2a: Victreebel
|-status|p2a: Victreebel|slp
|cant|p2a: Victreebel|slp
|
|turn|8
|choice|move 1|switch 6
|
|switch|p2a: Alakazam|Alakazam, M|313\/313
|move|p1a: eyesland|Explosion|p2a: Alakazam
|-damage|p2a: Alakazam|0 fnt
|faint|p2a: Alakazam
|faint|p1a: eyesland
|J|SoulWind
|choice|switch 2|switch 2
|
|switch|p2a: Clefable|Clefable|393\/393
|switch|p1a: ethereal forest|Exeggutor, M|393\/393
|turn|9
|choice|move 3|move 1
|
|move|p2a: Clefable|Thunder Wave|p1a: ethereal forest
|-status|p1a: ethereal forest|par
|cant|p1a: ethereal forest|par
|
|turn|10
|choice|move 3|move 2
|
|move|p2a: Clefable|Blizzard|p1a: ethereal forest
|-supereffective|p1a: ethereal forest
|-damage|p1a: ethereal forest|250\/393 par
|move|p1a: ethereal forest|Psychic|p2a: Clefable
|-damage|p2a: Clefable|248\/393
|
|turn|11
|c|%SoulWind|what the fuck is that team dice
|choice|switch 4|move 2
|
|switch|p1a: depths of my soul|Chansey|703\/703
|move|p2a: Clefable|Blizzard|p1a: depths of my soul
|-damage|p1a: depths of my soul|624\/703
|
|turn|12
|choice|move 3|move 2
|
|move|p2a: Clefable|Blizzard|p1a: depths of my soul
|-crit|p1a: depths of my soul
|-damage|p1a: depths of my soul|466\/703
|move|p1a: depths of my soul|Thunder Wave|p2a: Clefable
|-status|p2a: Clefable|par
|
|turn|13
|choice|move 1|move 1
|
|move|p1a: depths of my soul|Soft-Boiled|p1a: depths of my soul
|-heal|p1a: depths of my soul|703\/703
|cant|p2a: Clefable|par
|
|turn|14
|choice|move 4|move 1
|
|move|p1a: depths of my soul|Ice Beam|p2a: Clefable
|-damage|p2a: Clefable|156\/393 par
|cant|p2a: Clefable|par
|
|turn|15
|J|fat black woman
|choice|move 4|move 1
|
|move|p1a: depths of my soul|Ice Beam|p2a: Clefable
|-damage|p2a: Clefable|66\/393 par
|cant|p2a: Clefable|par
|
|turn|16
|c|%SoulWind|bkc switch to ur ice type
|choice|move 4|switch 4
|
|switch|p2a: Chansey|Chansey|703\/703
|move|p1a: depths of my soul|Ice Beam|p2a: Chansey
|-damage|p2a: Chansey|625\/703
|-status|p2a: Chansey|frz
|
|turn|17
|c|★Dice|.
|c|★B& KC|fucking raped
|c|★Dice|god ur the worst
|c|★Dice|hm
|choice|switch 5|move 1
|
|switch|p1a: as the tears fall|Snorlax, M|523\/523
|cant|p2a: Chansey|frz
|
|turn|18
|c|%SoulWind|u know hes gonna freeze
|c|%SoulWind|LLOL
|choice|move 1|switch 4
|
|switch|p2a: Clefable|Clefable|66\/393 par
|move|p1a: as the tears fall|Body Slam|p2a: Clefable
|-damage|p2a: Clefable|0 fnt
|faint|p2a: Clefable
|choice||switch 5
|
|switch|p2a: Cloyster|Cloyster, M|303\/303
|turn|19
|c|★B& KC|oh, cuntfuck
|choice|move 3|move 1
|
|move|p2a: Cloyster|Clamp|p1a: as the tears fall|[miss]
|-miss|p2a: Cloyster
|move|p1a: as the tears fall|Self-Destruct|p2a: Cloyster
|-damage|p2a: Cloyster|85\/303
|faint|p1a: as the tears fall
|c|★B& KC|get niggerslammed
|choice|switch 6|
|
|switch|p1a: everflaming|Tauros|353\/353
|turn|20
|c|★Dice|man
|c|★Dice|u blow
|choice|move 4|switch 4
|
|switch|p2a: Chansey|Chansey|625\/703 frz
|move|p1a: everflaming|Hyper Beam|p2a: Chansey
|-damage|p2a: Chansey|114\/703 frz
|
|turn|21
|-mustrecharge|p1a: everflaming
|-mustrecharge|p1a: everflaming
|choice|move 1|move 3
|
|cant|p1a: everflaming|recharge
|cant|p2a: Chansey|frz
|
|turn|22
|choice|switch 3|move 3
|
|switch|p1a: diabolical beauty|Starmie|51\/323 slp
|cant|p2a: Chansey|frz
|
|turn|23
|choice|move 4|switch 3
|
|switch|p2a: Dragonite|Dragonite|385\/385
|-curestatus|p1a: diabolical beauty|slp
|
|turn|24
|c|★Dice|ok
|c|★Dice|fuck you
|c|★B& KC|Yes
|-message|Dice forfeited.
|
|win|B& KC