|J|Nails
|J|Tesung
|player|p1|Nails|282
|player|p2|Tesung|1
|gametype|singles
|gen|1
|tier|[Gen 1] OU
|seed|45439,4633,52627,35876
|rule|Sleep Clause Mod: Limit one foe put to sleep
|rule|Freeze Clause Mod: Limit one foe frozen
|rule|Species Clause: Limit one of each Pokémon
|rule|OHKO Clause: OHKO moves are banned
|rule|Evasion Moves Clause: Evasion moves are banned
|rule|HP Percentage Mod: HP is shown in percentages
|
|start
|switch|p1a: Starmie|Starmie|323\/323
|switch|p2a: Alakazam|Alakazam|313\/313
|turn|1
|choice|switch 4|move 2
|
|switch|p1a: Exeggutor|Exeggutor|393\/393
|move|p2a: Alakazam|Thunder Wave|p1a: Exeggutor
|-status|p1a: Exeggutor|par
|
|turn|2
|J|dekzeh
|J|Villa
|choice|move 1|move 3
|
|move|p2a: Alakazam|Seismic Toss|p1a: Exeggutor
|-damage|p1a: Exeggutor|293\/393 par
|move|p1a: Exeggutor|Sleep Powder|p2a: Alakazam
|-status|p2a: Alakazam|slp
|
|turn|3
|choice|switch 2|move 3
|
|switch|p1a: Tauros|Tauros|353\/353
|-curestatus|p2a: Alakazam|slp
|
|turn|4
|c|★Nails|.
|c|★Tesung|-
|choice|switch 5|move 3
|
|switch|p1a: Chansey|Chansey|703\/703
|move|p2a: Alakazam|Seismic Toss|p1a: Chansey
|-damage|p1a: Chansey|603\/703
|
|turn|5
|choice|move 1|move 2
|
|move|p2a: Alakazam|Thunder Wave|p1a: Chansey
|-status|p1a: Chansey|par
|move|p1a: Chansey|Thunder Wave|p2a: Alakazam
|-status|p2a: Alakazam|par
|
|turn|6
|J|snagaa
|L|snagaa
|c|★Nails|interdasting
|choice|move 3|move 1
|
|move|p2a: Alakazam|Psychic|p1a: Chansey
|-damage|p1a: Chansey|466\/703 par
|move|p1a: Chansey|Ice Beam|p2a: Alakazam
|-damage|p2a: Alakazam|249\/313 par
|
|turn|7
|choice|move 4|move 1
|
|move|p2a: Alakazam|Psychic|p1a: Chansey
|-crit|p1a: Chansey
|-damage|p1a: Chansey|223\/703 par
|cant|p1a: Chansey|par
|
|turn|8
|choice|move 4|move 1
|
|cant|p2a: Alakazam|par
|cant|p1a: Chansey|par
|
|turn|9
|choice|move 4|move 1
|
|move|p2a: Alakazam|Psychic|p1a: Chansey
|-damage|p1a: Chansey|97\/703 par
|-unboost|p1a: Chansey|spd|1
|-unboost|p1a: Chansey|spa|1
|move|p1a: Chansey|Soft-Boiled|p1a: Chansey
|-heal|p1a: Chansey|448\/703 par
|
|turn|10
|choice|move 4|move 1
|
|cant|p2a: Alakazam|par
|move|p1a: Chansey|Soft-Boiled|p1a: Chansey
|-fail|p1a: Chansey
|
|turn|11
|c|★Nails|-
|c|★Tesung|LOL
|c|★Tesung|.rolls
|c|★Nails|fucking
|c|★Tesung|.trl
|c|★Nails|full para.
|c|★Tesung|LOL
|J|Nunno
|c|★Nails|swr 2 god
|c|★Tesung|what are the hps
|c|★Tesung|where this happens
|c|★Nails|448
|c|★Nails|and
|J|TraceofLife
|c|★Nails|192
|c|★Nails|iirc
|c|★Tesung|do they know why it happens
|c|★Nails|255 and 511 less than max hp
|c|★Nails|uhh
|c|★Nails|crystal does for sure
|c|★Nails|it prob just
|c|★Nails|is coded as
|c|★Nails|if hp = max, move fails
|c|★Nails|and it only checks the last byte
|c|★Nails|to see if hp = max
|c|★Nails|that would be my guess.
|choice|move 1|move 4
|
|move|p2a: Alakazam|Recover|p2a: Alakazam
|-heal|p2a: Alakazam|313\/313 par
|move|p1a: Chansey|Thunder Wave|p2a: Alakazam
|-fail|p2a: Alakazam|par
|
|turn|12
|choice|switch 4|move 2
|
|switch|p1a: Starmie|Starmie|323\/323
|move|p2a: Alakazam|Thunder Wave|p1a: Starmie
|-status|p1a: Starmie|par
|
|turn|13
|c|+dekzeh|why did a lead zam paralyze 3 mons
|c|+dekzeh|.krazy
|choice|move 3|move 1
|
|move|p2a: Alakazam|Psychic|p1a: Starmie
|-resisted|p1a: Starmie
|-damage|p1a: Starmie|263\/323 par
|-unboost|p1a: Starmie|spd|1
|-unboost|p1a: Starmie|spa|1
|move|p1a: Starmie|Thunder Wave|p2a: Alakazam
|-fail|p2a: Alakazam|par
|
|turn|14
|c|★Nails|because he 1 turn slept
|c|★Nails|and i didnt want egg to get chunked further
|c|★Nails|so i decided to try somethin
|c|★Nails|which got fucked up
|c|★Nails|by my chansey 255ing
|c|+dekzeh|lol
|c|★Tesung|im wild at rby
|c|★Tesung|i won a game in rbywc
|c|★Tesung|from boom miss
|choice|move 4|move 1
|
|move|p2a: Alakazam|Psychic|p1a: Starmie
|-resisted|p1a: Starmie
|-damage|p1a: Starmie|168\/323 par
|move|p1a: Starmie|Recover|p1a: Starmie
|-heal|p1a: Starmie|323\/323 par
|
|turn|15
|c|★Tesung|vs lastmon zam
|choice|switch 4|switch 6
|
|switch|p2a: Snorlax|Snorlax|523\/523
|switch|p1a: Chansey|Chansey|448\/703 par
|
|turn|16
|c|★Nails|lmao
|choice|switch 6|move 1
|
|switch|p1a: Golem|Golem, M|363\/363
|move|p2a: Snorlax|Hyper Beam|p1a: Golem
|-resisted|p1a: Golem
|-damage|p1a: Golem|287\/363
|
|turn|17
|-mustrecharge|p2a: Snorlax
|-mustrecharge|p2a: Snorlax
|choice|move 1|move 1
|
|move|p1a: Golem|Earthquake|p2a: Snorlax
|-damage|p2a: Snorlax|371\/523
|cant|p2a: Snorlax|recharge
|
|turn|18
|c|★Tesung|rude
|c|★Nails|-
|c|+dekzeh|that quake did nothing
|c|★Nails|did 29.
|c|+dekzeh|free rhydon
|c|★Nails|ikr
|c|★Nails|why do ppl hate on rhydon
|c|★Nails|i like it
|c|★Nails|:(
|c|+dekzeh|cause it has a weakspot
|c|+dekzeh|:\/
|c|★Tesung|.stomp rhyson
|c|★Tesung|i tried uh
|c|★Tesung|headbut lax
|c|★Tesung|its really bad
|c|★Nails|yea that would be terrible
|choice|switch 2|move 4
|
|switch|p1a: Exeggutor|Exeggutor|293\/393 par
|move|p2a: Snorlax|Earthquake|p1a: Exeggutor
|-resisted|p1a: Exeggutor
|-damage|p1a: Exeggutor|246\/393 par
|
|turn|19
|choice|switch 4|switch 6
|
|switch|p2a: Alakazam|Alakazam|313\/313 par
|switch|p1a: Starmie|Starmie|323\/323 par
|
|turn|20
|choice|switch 6|move 3
|
|switch|p1a: Chansey|Chansey|448\/703 par
|cant|p2a: Alakazam|par
|
|turn|21
|c|★Nails|pls tell me
|c|★Tesung|LOL
|c|★Nails|u atkd
|c|★Tesung|no..
|c|★Nails|kejfwkejnwekn
|c|★Nails|damn
|c|★Nails|u rly kinesised
|c|★Nails|unbelievable
|c|★Nails|ur a god
|choice|move 3|move 3
|
|move|p2a: Alakazam|Seismic Toss|p1a: Chansey
|-damage|p1a: Chansey|348\/703 par
|cant|p1a: Chansey|par
|
|turn|22
|choice|move 1|switch 6
|
|switch|p2a: Snorlax|Snorlax|371\/523
|cant|p1a: Chansey|par
|
|turn|23
|c|★Tesung|-
|c|★Nails|man i hate this game
|choice|move 4|move 3
|
|move|p2a: Snorlax|Body Slam|p1a: Chansey
|-damage|p1a: Chansey|64\/703 par
|move|p1a: Chansey|Soft-Boiled|p1a: Chansey
|-heal|p1a: Chansey|415\/703 par
|
|turn|24
|choice|move 4|move 4
|
|move|p2a: Snorlax|Earthquake|p1a: Chansey
|-damage|p1a: Chansey|194\/703 par
|move|p1a: Chansey|Soft-Boiled|p1a: Chansey
|-heal|p1a: Chansey|545\/703 par
|
|turn|25
|choice|move 1|move 3
|
|move|p2a: Snorlax|Body Slam|p1a: Chansey
|-damage|p1a: Chansey|247\/703 par
|move|p1a: Chansey|Thunder Wave|p2a: Snorlax
|-status|p2a: Snorlax|par
|
|turn|26
|choice|switch 2|move 3
|
|switch|p1a: Golem|Golem, M|287\/363
|move|p2a: Snorlax|Body Slam|p1a: Golem
|-resisted|p1a: Golem
|-damage|p1a: Golem|245\/363
|
|turn|27
|choice|switch 4|move 4
|
|switch|p1a: Exeggutor|Exeggutor|246\/393 par
|move|p2a: Snorlax|Earthquake|p1a: Exeggutor
|-resisted|p1a: Exeggutor
|-damage|p1a: Exeggutor|199\/393 par
|
|turn|28
|choice|move 3|move 1
|
|cant|p1a: Exeggutor|par
|cant|p2a: Snorlax|par
|
|turn|29
|c|★Nails|swr 2 god i hate this game
|choice|move 3|move 1
|
|move|p1a: Exeggutor|Psychic|p2a: Snorlax
|-damage|p2a: Snorlax|221\/523 par
|move|p2a: Snorlax|Hyper Beam|p1a: Exeggutor
|-crit|p1a: Exeggutor
|-damage|p1a: Exeggutor|0 fnt
|faint|p1a: Exeggutor
|choice|switch 6|
|
|switch|p1a: Starmie|Starmie|323\/323 par
|turn|30
|choice|switch 4|move 2
|
|switch|p1a: Golem|Golem, M|245\/363
|cant|p2a: Snorlax|par
|
|turn|31
|c|★Nails|.
|c|★Tesung|i surfed,
|c|★Nails|-
|choice|move 1|switch 5
|
|switch|p2a: Exeggutor|Exeggutor|393\/393
|move|p1a: Golem|Earthquake|p2a: Exeggutor
|-resisted|p2a: Exeggutor
|-damage|p2a: Exeggutor|326\/393
|
|turn|32
|choice|switch 4|move 1
|
|switch|p1a: Starmie|Starmie|323\/323 par
|move|p2a: Exeggutor|Psychic|p1a: Starmie
|-resisted|p1a: Starmie
|-damage|p1a: Starmie|259\/323 par
|
|turn|33
|choice|move 1|switch 6
|
|switch|p2a: Alakazam|Alakazam|313\/313 par
|move|p1a: Starmie|Blizzard|p2a: Alakazam
|-damage|p2a: Alakazam|236\/313 par
|
|turn|34
|choice|move 4|move 3
|
|move|p2a: Alakazam|Seismic Toss|p1a: Starmie
|-damage|p1a: Starmie|159\/323 par
|move|p1a: Starmie|Recover|p1a: Starmie
|-heal|p1a: Starmie|320\/323 par
|
|turn|35
|choice|move 1|move 3
|
|move|p2a: Alakazam|Seismic Toss|p1a: Starmie
|-damage|p1a: Starmie|220\/323 par
|move|p1a: Starmie|Blizzard|p2a: Alakazam
|-damage|p2a: Alakazam|158\/313 par
|
|turn|36
|choice|switch 2|move 3
|
|switch|p1a: Chansey|Chansey|247\/703 par
|move|p2a: Alakazam|Seismic Toss|p1a: Chansey
|-damage|p1a: Chansey|147\/703 par
|
|turn|37
|choice|move 4|move 1
|
|move|p2a: Alakazam|Psychic|p1a: Chansey
|-damage|p1a: Chansey|19\/703 par
|move|p1a: Chansey|Soft-Boiled|p1a: Chansey
|-heal|p1a: Chansey|370\/703 par
|
|turn|38
|choice|move 4|move 4
|
|move|p2a: Alakazam|Recover|p2a: Alakazam
|-heal|p2a: Alakazam|313\/313 par
|move|p1a: Chansey|Soft-Boiled|p1a: Chansey
|-heal|p1a: Chansey|703\/703 par
|
|turn|39
|choice|move 2|switch 5
|
|switch|p2a: Snorlax|Snorlax|221\/523 par
|move|p1a: Chansey|Thunderbolt|p2a: Snorlax
|-damage|p2a: Snorlax|118\/523 par
|
|turn|40
|choice|switch 4|move 2
|
|switch|p1a: Golem|Golem, M|245\/363
|cant|p2a: Snorlax|par
|
|turn|41
|c|★Nails|love satan.
|choice|move 2|switch 6
|
|switch|p2a: Exeggutor|Exeggutor|326\/393
|move|p1a: Golem|Rock Slide|p2a: Exeggutor
|-damage|p2a: Exeggutor|220\/393
|
|turn|42
|choice|switch 2|move 1
|
|switch|p1a: Starmie|Starmie|220\/323 par
|move|p2a: Exeggutor|Psychic|p1a: Starmie
|-resisted|p1a: Starmie
|-damage|p1a: Starmie|155\/323 par
|-unboost|p1a: Starmie|spd|1
|-unboost|p1a: Starmie|spa|1
|
|turn|43
|choice|move 4|move 1
|
|move|p2a: Exeggutor|Psychic|p1a: Starmie
|-resisted|p1a: Starmie
|-damage|p1a: Starmie|62\/323 par
|move|p1a: Starmie|Recover|p1a: Starmie
|-heal|p1a: Starmie|223\/323 par
|
|turn|44
|c|★Nails|no drain
|c|★Nails|ty
|choice|move 1|move 1
|
|move|p2a: Exeggutor|Psychic|p1a: Starmie
|-crit|p1a: Starmie
|-resisted|p1a: Starmie
|-damage|p1a: Starmie|103\/323 par
|-unboost|p1a: Starmie|spd|1
|-unboost|p1a: Starmie|spa|1
|move|p1a: Starmie|Blizzard|p2a: Exeggutor
|-supereffective|p2a: Exeggutor
|-damage|p2a: Exeggutor|141\/393
|
|turn|45
|c|★Nails|ugh stop.
|c|★Tesung|-
|choice|switch 4|move 1
|
|switch|p1a: Chansey|Chansey|703\/703 par
|move|p2a: Exeggutor|Psychic|p1a: Chansey
|-damage|p1a: Chansey|588\/703 par
|
|turn|46
|choice|switch 4|move 1
|
|switch|p1a: Starmie|Starmie|103\/323 par
|move|p2a: Exeggutor|Psychic|p1a: Starmie
|-resisted|p1a: Starmie
|-damage|p1a: Starmie|40\/323 par
|-unboost|p1a: Starmie|spd|1
|-unboost|p1a: Starmie|spa|1
|
|turn|47
|c|★Nails|:\/
|choice|switch 3|move 1
|
|switch|p1a: Zapdos|Zapdos|383\/383
|move|p2a: Exeggutor|Psychic|p1a: Zapdos
|-damage|p1a: Zapdos|275\/383
|
|turn|48
|choice|move 3|switch 3
|
|switch|p2a: Jolteon|Jolteon|333\/333
|move|p1a: Zapdos|Drill Peck|p2a: Jolteon
|-resisted|p2a: Jolteon
|-damage|p2a: Jolteon|269\/333
|
|turn|49
|choice|move 2|move 1
|
|move|p2a: Jolteon|Thunder Wave|p1a: Zapdos
|-status|p1a: Zapdos|par
|move|p1a: Zapdos|Thunder Wave|p2a: Jolteon
|-status|p2a: Jolteon|par
|
|turn|50
|c|★Nails|cmon man who goes for that
|c|★Nails|nvm it was fine
|c|★Nails|to go for that
|c|★Tesung|niggas who dont wanna get twaved
|c|★Tesung|for freee
|c|★Nails|cuz egg has 1 more switch
|c|★Nails|into jolt
|c|★Nails|er
|c|★Nails|into golem
|c|★Nails|rhydon woulda
|c|★Nails|meant that it died
|c|★Nails|to that rslide
|c|★Nails|and u woulda had to double kick
|c|★Tesung|i got other mons
|c|★Nails|-
|c|★Tesung|also
|choice|switch 2|move 3
|
|switch|p1a: Golem|Golem, M|245\/363
|move|p2a: Jolteon|Double Kick|p1a: Golem
|-supereffective|p1a: Golem
|-damage|p1a: Golem|211\/363
|-damage|p1a: Golem|177\/363
|-hitcount|p1a: Golem|2
|
|turn|51
|c|★Nails|w\/e
|c|★Nails|im
|L|TraceofLife
|c|★Nails|crittin
|c|★Nails|this eq
|choice|switch 5|switch 3
|
|switch|p1a: Tauros|Tauros|353\/353
|switch|p2a: Exeggutor|Exeggutor|141\/393
|
|turn|52
|c|★Nails|jk
|c|★Tesung|wow
|c|★Tesung|what a lure
|choice|move 3|switch 2
|
|switch|p2a: Starmie|Starmie|323\/323
|move|p1a: Tauros|Blizzard|p2a: Starmie
|-crit|p2a: Starmie
|-resisted|p2a: Starmie
|-damage|p2a: Starmie|252\/323
|
|turn|53
|choice|switch 4|switch 6
|
|switch|p2a: Snorlax|Snorlax|118\/523 par
|switch|p1a: Chansey|Chansey|588\/703 par
|
|turn|54
|choice|switch 3|move 2
|
|switch|p1a: Starmie|Starmie|40\/323 par
|move|p2a: Snorlax|Self-Destruct|p1a: Starmie
|-damage|p1a: Starmie|0 fnt
|faint|p1a: Starmie
|faint|p2a: Snorlax
|choice|switch 2|switch 6
|
|switch|p2a: Starmie|Starmie|252\/323
|switch|p1a: Zapdos|Zapdos|275\/383 par
|turn|55
|choice|move 1|switch 5
|
|switch|p2a: Alakazam|Alakazam|313\/313 par
|move|p1a: Zapdos|Thunderbolt|p2a: Alakazam
|-damage|p2a: Alakazam|203\/313 par
|
|turn|56
|c|★Nails|hmm
|choice|move 3|move 1
|
|cant|p2a: Alakazam|par
|move|p1a: Zapdos|Drill Peck|p2a: Alakazam
|-damage|p2a: Alakazam|73\/313 par
|
|turn|57
|choice|move 3|move 1
|
|move|p2a: Alakazam|Psychic|p1a: Zapdos
|-damage|p1a: Zapdos|164\/383 par
|cant|p1a: Zapdos|par
|
|turn|58
|c|★Nails|ugh
|c|★Nails|my outplays
|c|★Nails|have ceased
|choice|move 3|move 1
|
|move|p2a: Alakazam|Psychic|p1a: Zapdos
|-damage|p1a: Zapdos|45\/383 par
|move|p1a: Zapdos|Drill Peck|p2a: Alakazam
|-damage|p2a: Alakazam|0 fnt
|faint|p2a: Alakazam
|choice||switch 4
|
|switch|p2a: Tauros|Tauros|353\/353
|turn|59
|c|★Nails|unlucky
|choice|move 2|move 1
|
|move|p2a: Tauros|Body Slam|p1a: Zapdos
|-damage|p1a: Zapdos|0 fnt
|faint|p1a: Zapdos
|choice|switch 3|
|
|switch|p1a: Chansey|Chansey|588\/703 par
|turn|60
|choice|move 3|move 1
|
|move|p2a: Tauros|Body Slam|p1a: Chansey
|-damage|p1a: Chansey|298\/703 par
|move|p1a: Chansey|Ice Beam|p2a: Tauros
|-damage|p2a: Tauros|248\/353
|
|turn|61
|choice|switch 4|move 1
|
|switch|p1a: Tauros|Tauros|353\/353
|move|p2a: Tauros|Body Slam|p1a: Tauros
|-crit|p1a: Tauros
|-damage|p1a: Tauros|151\/353
|
|turn|62
|c|★Nails|i have been bested
|c|★Nails|repeatedly
|c|★Nails|ggs.
|c|★Tesung|ggs
|c|★Nails|unless
|c|★Nails|u wanna keep playin
|c|★Tesung|nah
|c|★Nails|in which case im down.
|c|★Tesung|imma naap
|c|★Nails|ok
|c|★Tesung|later
|choice|move 2|move 4
|
|move|p2a: Tauros|Hyper Beam|p1a: Tauros
|-damage|p1a: Tauros|0 fnt
|faint|p1a: Tauros
|-message|Nails forfeited.
|
|win|Tesung