|J|dice
|J|tamahome
|player|p1|dice|168
|player|p2|tamahome|265
|gametype|singles
|gen|1
|tier|[Gen 1] OU
|seed|63380,64938,48936,22777
|rule|Sleep Clause Mod: Limit one foe put to sleep
|rule|Freeze Clause Mod: Limit one foe frozen
|rule|Species Clause: Limit one of each Pokémon
|rule|OHKO Clause: OHKO moves are banned
|rule|Evasion Moves Clause: Evasion moves are banned
|rule|HP Percentage Mod: HP is shown in percentages
|
|start
|switch|p1a: Alakazam|Alakazam|313\/313
|switch|p2a: Gengar|Gengar|323\/323
|turn|1
|choice|move 1|move 1
|
|move|p1a: Alakazam|Psychic|p2a: Gengar
|-supereffective|p2a: Gengar
|-damage|p2a: Gengar|87\/323
|move|p2a: Gengar|Hypnosis|p1a: Alakazam
|-status|p1a: Alakazam|slp
|
|turn|2
|J|SOMALIA
|J|slurmz
|choice|move 1|move 2
|
|cant|p1a: Alakazam|slp
|move|p2a: Gengar|Night Shade|p1a: Alakazam
|-damage|p1a: Alakazam|213\/313 slp
|
|turn|3
|choice|move 1|move 2
|
|cant|p1a: Alakazam|slp
|move|p2a: Gengar|Night Shade|p1a: Alakazam
|-damage|p1a: Alakazam|113\/313 slp
|
|turn|4
|choice|switch 6|move 2
|
|switch|p1a: Chansey|Chansey|703\/703
|move|p2a: Gengar|Night Shade|p1a: Chansey
|-damage|p1a: Chansey|603\/703
|
|turn|5
|choice|switch 2|move 4
|
|switch|p1a: Rhydon|Rhydon|413\/413
|move|p2a: Gengar|Explosion|p1a: Rhydon
|-resisted|p1a: Rhydon
|-damage|p1a: Rhydon|318\/413
|faint|p2a: Gengar
|choice||switch 2
|
|switch|p2a: Exeggutor|Exeggutor|393\/393
|turn|6
|choice|switch 2|move 2
|
|switch|p1a: Chansey|Chansey|603\/703
|move|p2a: Exeggutor|Psychic|p1a: Chansey
|-damage|p1a: Chansey|473\/703
|
|turn|7
|choice|move 4|move 4
|
|move|p2a: Exeggutor|Explosion|p1a: Chansey
|-damage|p1a: Chansey|0 fnt
|faint|p1a: Chansey
|faint|p2a: Exeggutor
|choice|switch 5|switch 4
|
|switch|p2a: Starmie|Starmie|323\/323
|switch|p1a: Snorlax|Snorlax|523\/523
|turn|8
|choice|move 1|switch 3
|
|switch|p2a: Snorlax|Snorlax|523\/523
|move|p1a: Snorlax|Body Slam|p2a: Snorlax
|-damage|p2a: Snorlax|391\/523
|
|turn|9
|choice|move 4|move 3
|
|move|p2a: Snorlax|Earthquake|p1a: Snorlax
|-damage|p1a: Snorlax|422\/523
|move|p1a: Snorlax|Earthquake|p2a: Snorlax
|-damage|p2a: Snorlax|288\/523
|
|turn|10
|choice|move 2|move 2
|
|move|p1a: Snorlax|Counter|p2a: Snorlax
|-fail|p1a: Snorlax
|move|p2a: Snorlax|Counter|p1a: Snorlax
|-fail|p2a: Snorlax
|
|turn|11
|c|★dice|rofl
|choice|move 1|move 4
|
|move|p1a: Snorlax|Body Slam|p2a: Snorlax
|-damage|p2a: Snorlax|143\/523
|move|p2a: Snorlax|Self-Destruct|p1a: Snorlax
|-crit|p1a: Snorlax
|-damage|p1a: Snorlax|0 fnt
|faint|p1a: Snorlax
|faint|p2a: Snorlax
|choice|switch 3|switch 3
|
|switch|p2a: Starmie|Starmie|323\/323
|switch|p1a: Slowbro|Slowbro|393\/393
|turn|12
|choice|move 1|move 2
|
|move|p2a: Starmie|Thunderbolt|p1a: Slowbro
|-supereffective|p1a: Slowbro
|-damage|p1a: Slowbro|221\/393
|move|p1a: Slowbro|Thunder Wave|p2a: Starmie
|-status|p2a: Starmie|par
|
|turn|13
|choice|switch 2|move 2
|
|switch|p1a: Rhydon|Rhydon|318\/413
|move|p2a: Starmie|Thunderbolt|p1a: Rhydon
|-immune|p1a: Rhydon|[msg]
|
|turn|14
|choice|move 2|move 1
|
|move|p1a: Rhydon|Substitute|p1a: Rhydon
|-start|p1a: Rhydon|Substitute
|-damage|p1a: Rhydon|215\/413
|move|p2a: Starmie|Blizzard|p1a: Rhydon
|-supereffective|p1a: Rhydon
|-end|p1a: Rhydon|Substitute
|
|turn|15
|choice|move 2|switch 6
|
|switch|p2a: Tauros|Tauros|353\/353
|move|p1a: Rhydon|Substitute|p1a: Rhydon
|-start|p1a: Rhydon|Substitute
|-damage|p1a: Rhydon|112\/413
|
|turn|16
|choice|move 3|move 2
|
|move|p2a: Tauros|Earthquake|p1a: Rhydon
|-supereffective|p1a: Rhydon
|-end|p1a: Rhydon|Substitute
|move|p1a: Rhydon|Earthquake|p2a: Tauros
|-damage|p2a: Tauros|198\/353
|
|turn|17
|choice|move 3|move 2
|
|move|p2a: Tauros|Earthquake|p1a: Rhydon
|-supereffective|p1a: Rhydon
|-damage|p1a: Rhydon|0 fnt
|faint|p1a: Rhydon
|J|TheLaughingCats
|choice|switch 2|
|
|switch|p1a: Slowbro|Slowbro|221\/393
|turn|18
|choice|move 1|switch 6
|
|switch|p2a: Starmie|Starmie|323\/323 par
|move|p1a: Slowbro|Thunder Wave|p2a: Starmie
|-fail|p2a: Starmie|par
|
|turn|19
|choice|move 2|move 2
|
|move|p1a: Slowbro|Amnesia|p1a: Slowbro
|-boost|p1a: Slowbro|spd|2
|-boost|p1a: Slowbro|spa|2
|move|p2a: Starmie|Thunderbolt|p1a: Slowbro
|-supereffective|p1a: Slowbro
|-damage|p1a: Slowbro|133\/393
|
|turn|20
|c|★tamahome|u know this is gonna end man
|c|★tamahome|dont even go there
|choice|move 2|move 2
|
|move|p1a: Slowbro|Amnesia|p1a: Slowbro
|-boost|p1a: Slowbro|spd|2
|-boost|p1a: Slowbro|spa|2
|cant|p2a: Starmie|par
|
|turn|21
|c|★dice|my slowbro
|c|★dice|is gonna be
|c|★dice|a trooper
|c|★dice|ur crit rate is what
|c|★dice|115\/512
|c|★dice|only ike 
|c|★dice|1 in 5
|c|★dice|this is easy
|choice|move 2|move 2
|
|move|p1a: Slowbro|Amnesia|p1a: Slowbro
|-boost|p1a: Slowbro|spd|2
|-boost|p1a: Slowbro|spa|2
|move|p2a: Starmie|Thunderbolt|p1a: Slowbro|[miss]
|-miss|p2a: Starmie
|
|turn|22
|c|★dice|see
|c|★tamahome|lmao
|c|★dice|only a few more turns
|choice|move 4|move 2
|
|move|p1a: Slowbro|Rest|p1a: Slowbro
|-status|p1a: Slowbro|slp
|-heal|p1a: Slowbro|393\/393 slp|[silent]
|-status|p1a: Slowbro|slp|[from] move: Rest
|move|p2a: Starmie|Thunderbolt|p1a: Slowbro
|-supereffective|p1a: Slowbro
|-damage|p1a: Slowbro|347\/393 slp
|
|turn|23
|choice|move 3|move 2
|
|cant|p1a: Slowbro|slp
|move|p2a: Starmie|Thunderbolt|p1a: Slowbro
|-supereffective|p1a: Slowbro
|-damage|p1a: Slowbro|303\/393 slp
|
|turn|24
|choice|move 3|move 2
|
|-curestatus|p1a: Slowbro|slp
|cant|p2a: Starmie|par
|
|turn|25
|choice|move 3|move 2
|
|move|p1a: Slowbro|Surf|p2a: Starmie
|-resisted|p2a: Starmie
|-damage|p2a: Starmie|137\/323 par
|cant|p2a: Starmie|par
|
|turn|26
|c|★dice|told u
|choice|move 3|move 2
|
|move|p1a: Slowbro|Surf|p2a: Starmie
|-resisted|p2a: Starmie
|-damage|p2a: Starmie|0 fnt
|faint|p2a: Starmie
|choice||switch 6
|
|switch|p2a: Tauros|Tauros|198\/353
|turn|27
|choice|move 1|move 3
|
|move|p2a: Tauros|Blizzard|p1a: Slowbro
|-resisted|p1a: Slowbro
|-damage|p1a: Slowbro|292\/393
|move|p1a: Slowbro|Thunder Wave|p2a: Tauros
|-status|p2a: Tauros|par
|
|turn|28
|c|★tamahome|lol
|c|★tamahome|ure a fucking pussy
|choice|move 3|move 3
|
|move|p1a: Slowbro|Surf|p2a: Tauros
|-damage|p2a: Tauros|0 fnt
|faint|p2a: Tauros
|choice||switch 5
|
|switch|p2a: Alakazam|Alakazam|313\/313
|turn|29
|choice|move 1|move 1
|
|move|p2a: Alakazam|Psychic|p1a: Slowbro
|-resisted|p1a: Slowbro
|-damage|p1a: Slowbro|272\/393
|-unboost|p1a: Slowbro|spd|1
|-unboost|p1a: Slowbro|spa|1
|move|p1a: Slowbro|Thunder Wave|p2a: Alakazam
|-status|p2a: Alakazam|par
|
|turn|30
|c|★tamahome|gg
|c|★dice|gg easy
|c|★tamahome|at least this one was fun
|c|★dice|lol
|c|★dice|my last
|c|★dice|was victree
|choice|move 3|move 1
|
|move|p1a: Slowbro|Surf|p2a: Alakazam
|-damage|p2a: Alakazam|46\/313 par
|move|p2a: Alakazam|Psychic|p1a: Slowbro
|-resisted|p1a: Slowbro
|-damage|p1a: Slowbro|251\/393
|-unboost|p1a: Slowbro|spd|1
|-unboost|p1a: Slowbro|spa|1
|
|turn|31
|choice|move 3|move 2
|
|move|p1a: Slowbro|Surf|p2a: Alakazam
|-damage|p2a: Alakazam|0 fnt
|faint|p2a: Alakazam
|
|win|dice