|inactive|Battle timer is ON: inactive players will automatically lose when time's up.
|J|x.mop
|J|huevo kindred
|player|p1|x.mop|102
|player|p2|huevo kindred|184
|gametype|singles
|gen|1
|tier|[Gen 1] OU
|seed|41382,4505,37431,57977
|rule|Sleep Clause Mod: Limit one foe put to sleep
|rule|Freeze Clause Mod: Limit one foe frozen
|rule|Species Clause: Limit one of each Pokémon
|rule|OHKO Clause: OHKO moves are banned
|rule|Evasion Moves Clause: Evasion moves are banned
|rule|HP Percentage Mod: HP is shown in percentages
|
|start
|switch|p1a: Exeggutor|Exeggutor|393\/393
|switch|p2a: Exeggutor|Exeggutor|393\/393
|turn|1
|choice|move 1|move 4
|
|move|p1a: Exeggutor|Sleep Powder|p2a: Exeggutor|[miss]
|-miss|p1a: Exeggutor
|move|p2a: Exeggutor|Sleep Powder|p1a: Exeggutor
|-status|p1a: Exeggutor|slp
|
|turn|2
|c|★x.mop|eggs
|c|★huevo kindred|hue
|choice|switch 2|move 3
|
|switch|p1a: Lapras|Lapras|463\/463
|move|p2a: Exeggutor|Psychic|p1a: Lapras
|-damage|p1a: Lapras|329\/463
|
|turn|3
|choice|move 2|switch 5
|
|switch|p2a: Chansey|Chansey|703\/703
|move|p1a: Lapras|Blizzard|p2a: Chansey
|-damage|p2a: Chansey|567\/703
|
|turn|4
|choice|move 1|move 3
|
|move|p1a: Lapras|Sing|p2a: Chansey|[miss]
|-miss|p1a: Lapras
|move|p2a: Chansey|Thunder Wave|p1a: Lapras
|-status|p1a: Lapras|par
|
|turn|5
|choice|move 2|move 4
|
|move|p2a: Chansey|Thunderbolt|p1a: Lapras
|-supereffective|p1a: Lapras
|-damage|p1a: Lapras|158\/463 par
|move|p1a: Lapras|Blizzard|p2a: Chansey
|-damage|p2a: Chansey|444\/703
|
|turn|6
|c|★x.mop|ugh thats annoying
|choice|switch 5|move 2
|
|switch|p1a: Chansey|Chansey|703\/703
|move|p2a: Chansey|Soft-Boiled|p2a: Chansey
|-heal|p2a: Chansey|703\/703
|
|turn|7
|c|★huevo kindred|yeah srry, sing is a gay move
|c|★x.mop|yeah
|choice|move 1|move 3
|
|move|p1a: Chansey|Ice Beam|p2a: Chansey
|-damage|p2a: Chansey|629\/703
|move|p2a: Chansey|Thunder Wave|p1a: Chansey
|-status|p1a: Chansey|par
|
|turn|8
|choice|move 3|switch 4
|
|switch|p2a: Snorlax|Snorlax|523\/523
|move|p1a: Chansey|Thunder Wave|p2a: Snorlax
|-status|p2a: Snorlax|par
|
|turn|9
|J|FJNC
|choice|switch 3|move 1
|
|switch|p1a: Golem|Golem|363\/363
|move|p2a: Snorlax|Body Slam|p1a: Golem
|-resisted|p1a: Golem
|-damage|p1a: Golem|320\/363
|-status|p1a: Golem|par
|
|turn|10
|choice|move 3|move 4
|
|move|p1a: Golem|Body Slam|p2a: Snorlax
|-damage|p2a: Snorlax|432\/523 par
|cant|p2a: Snorlax|par
|
|turn|11
|choice|move 1|move 4
|
|move|p1a: Golem|Earthquake|p2a: Snorlax
|-damage|p2a: Snorlax|264\/523 par
|move|p2a: Snorlax|Surf|p1a: Golem
|-supereffective|p1a: Golem
|-damage|p1a: Golem|0 fnt
|faint|p1a: Golem
|c|★x.mop|idk why i stayed in second time
|choice|switch 5|
|
|switch|p1a: Lapras|Lapras|158\/463 par
|turn|12
|c|★huevo kindred|yeah haha
|choice|move 2|switch 4
|
|switch|p2a: Chansey|Chansey|629\/703
|move|p1a: Lapras|Blizzard|p2a: Chansey|[miss]
|-miss|p1a: Lapras
|
|turn|13
|choice|switch 3|move 3
|
|switch|p1a: Chansey|Chansey|703\/703 par
|move|p2a: Chansey|Thunder Wave|p1a: Chansey
|-fail|p1a: Chansey|par
|
|turn|14
|choice|switch 3|switch 4
|
|switch|p2a: Snorlax|Snorlax|264\/523 par
|switch|p1a: Lapras|Lapras|158\/463 par
|
|turn|15
|choice|move 2|switch 4
|
|switch|p2a: Chansey|Chansey|629\/703
|move|p1a: Lapras|Blizzard|p2a: Chansey
|-damage|p2a: Chansey|495\/703
|
|turn|16
|choice|switch 3|move 2
|
|switch|p1a: Chansey|Chansey|703\/703 par
|move|p2a: Chansey|Soft-Boiled|p2a: Chansey
|-heal|p2a: Chansey|703\/703
|
|turn|17
|choice|move 1|switch 4
|
|switch|p2a: Snorlax|Snorlax|264\/523 par
|move|p1a: Chansey|Ice Beam|p2a: Snorlax
|-damage|p2a: Snorlax|164\/523 par
|
|turn|18
|choice|switch 3|move 3
|
|switch|p1a: Lapras|Lapras|158\/463 par
|move|p2a: Snorlax|Self-Destruct|p1a: Lapras
|-damage|p1a: Lapras|0 fnt
|faint|p1a: Lapras
|faint|p2a: Snorlax
|choice|switch 6|switch 2
|
|switch|p2a: Golem|Golem|363\/363
|switch|p1a: Snorlax|Snorlax|523\/523
|turn|19
|choice|move 4|move 2
|
|move|p2a: Golem|Earthquake|p1a: Snorlax
|-damage|p1a: Snorlax|369\/523
|move|p1a: Snorlax|Earthquake|p2a: Golem
|-supereffective|p2a: Golem
|-damage|p2a: Golem|231\/363
|
|turn|20
|choice|move 4|switch 5
|
|switch|p2a: Exeggutor|Exeggutor|393\/393
|move|p1a: Snorlax|Earthquake|p2a: Exeggutor
|-resisted|p2a: Exeggutor
|-damage|p2a: Exeggutor|347\/393
|
|turn|21
|choice|switch 2|move 3
|
|switch|p1a: Exeggutor|Exeggutor|393\/393 slp
|move|p2a: Exeggutor|Psychic|p1a: Exeggutor
|-resisted|p1a: Exeggutor
|-damage|p1a: Exeggutor|338\/393 slp
|
|turn|22
|choice|move 2|switch 4
|
|switch|p2a: Chansey|Chansey|703\/703
|cant|p1a: Exeggutor|slp
|
|turn|23
|choice|switch 3|move 1
|
|switch|p1a: Chansey|Chansey|703\/703 par
|move|p2a: Chansey|Ice Beam|p1a: Chansey
|-crit|p1a: Chansey
|-damage|p1a: Chansey|553\/703 par
|
|turn|24
|choice|move 1|move 1
|
|move|p2a: Chansey|Ice Beam|p1a: Chansey
|-damage|p1a: Chansey|476\/703 par
|move|p1a: Chansey|Ice Beam|p2a: Chansey
|-damage|p2a: Chansey|632\/703
|
|turn|25
|choice|move 4|move 4
|
|move|p2a: Chansey|Thunderbolt|p1a: Chansey
|-damage|p1a: Chansey|398\/703 par
|move|p1a: Chansey|Soft-Boiled|p1a: Chansey
|-heal|p1a: Chansey|703\/703 par
|
|turn|26
|choice|move 1|move 1
|
|move|p2a: Chansey|Ice Beam|p1a: Chansey
|-damage|p1a: Chansey|634\/703 par
|cant|p1a: Chansey|par
|
|turn|27
|choice|move 1|move 1
|
|move|p2a: Chansey|Ice Beam|p1a: Chansey
|-damage|p1a: Chansey|558\/703 par
|move|p1a: Chansey|Ice Beam|p2a: Chansey
|-damage|p2a: Chansey|552\/703
|
|turn|28
|choice|move 1|move 4
|
|move|p2a: Chansey|Thunderbolt|p1a: Chansey
|-damage|p1a: Chansey|485\/703 par
|move|p1a: Chansey|Ice Beam|p2a: Chansey
|-damage|p2a: Chansey|477\/703
|
|turn|29
|choice|move 4|switch 5
|
|switch|p2a: Golem|Golem|231\/363
|move|p1a: Chansey|Soft-Boiled|p1a: Chansey
|-heal|p1a: Chansey|703\/703 par
|
|turn|30
|choice|switch 3|move 2
|
|switch|p1a: Exeggutor|Exeggutor|338\/393 slp
|move|p2a: Golem|Earthquake|p1a: Exeggutor
|-resisted|p1a: Exeggutor
|-damage|p1a: Exeggutor|268\/393 slp
|
|turn|31
|choice|move 2|switch 5
|
|switch|p2a: Chansey|Chansey|477\/703
|cant|p1a: Exeggutor|slp
|
|turn|32
|choice|switch 3|move 1
|
|switch|p1a: Chansey|Chansey|703\/703 par
|move|p2a: Chansey|Ice Beam|p1a: Chansey
|-damage|p1a: Chansey|630\/703 par
|
|turn|33
|choice|move 1|move 1
|
|move|p2a: Chansey|Ice Beam|p1a: Chansey
|-damage|p1a: Chansey|555\/703 par
|move|p1a: Chansey|Ice Beam|p2a: Chansey
|-damage|p2a: Chansey|399\/703
|
|turn|34
|choice|move 1|move 2
|
|move|p2a: Chansey|Soft-Boiled|p2a: Chansey
|-heal|p2a: Chansey|703\/703
|cant|p1a: Chansey|par
|
|turn|35
|choice|move 1|move 4
|
|move|p2a: Chansey|Thunderbolt|p1a: Chansey|[miss]
|-miss|p2a: Chansey
|move|p1a: Chansey|Ice Beam|p2a: Chansey
|-damage|p2a: Chansey|634\/703
|
|turn|36
|choice|move 1|move 4
|
|move|p2a: Chansey|Thunderbolt|p1a: Chansey
|-damage|p1a: Chansey|480\/703 par
|move|p1a: Chansey|Ice Beam|p2a: Chansey
|-damage|p2a: Chansey|555\/703
|
|turn|37
|choice|move 1|switch 6
|
|switch|p2a: Tauros|Tauros|353\/353
|move|p1a: Chansey|Ice Beam|p2a: Tauros
|-damage|p2a: Tauros|248\/353
|
|turn|38
|choice|switch 2|move 2
|
|switch|p1a: Snorlax|Snorlax|369\/523
|move|p2a: Tauros|Body Slam|p1a: Snorlax
|-damage|p1a: Snorlax|238\/523
|
|turn|39
|choice|move 4|switch 5
|
|switch|p2a: Golem|Golem|231\/363
|move|p1a: Snorlax|Earthquake|p2a: Golem
|-supereffective|p2a: Golem
|-damage|p2a: Golem|95\/363
|
|turn|40
|choice|move 4|move 3
|
|move|p2a: Golem|Explosion|p1a: Snorlax
|-damage|p1a: Snorlax|0 fnt
|faint|p1a: Snorlax
|faint|p2a: Golem
|choice|switch 4|switch 4
|
|switch|p1a: Tauros|Tauros|353\/353
|switch|p2a: Exeggutor|Exeggutor|347\/393
|turn|41
|choice|switch 3|move 3
|
|switch|p1a: Exeggutor|Exeggutor|268\/393 slp
|move|p2a: Exeggutor|Psychic|p1a: Exeggutor
|-resisted|p1a: Exeggutor
|-damage|p1a: Exeggutor|214\/393 slp
|
|turn|42
|choice|move 1|switch 6
|
|switch|p2a: Chansey|Chansey|555\/703
|cant|p1a: Exeggutor|slp
|
|turn|43
|choice|switch 2|move 1
|
|switch|p1a: Chansey|Chansey|480\/703 par
|move|p2a: Chansey|Ice Beam|p1a: Chansey
|-damage|p1a: Chansey|400\/703 par
|
|turn|44
|choice|move 4|switch 6
|
|switch|p2a: Exeggutor|Exeggutor|347\/393
|move|p1a: Chansey|Soft-Boiled|p1a: Chansey
|-heal|p1a: Chansey|703\/703 par
|
|turn|45
|choice|move 3|move 3
|
|move|p2a: Exeggutor|Psychic|p1a: Chansey
|-damage|p1a: Chansey|584\/703 par
|cant|p1a: Chansey|par
|
|turn|46
|choice|switch 2|move 3
|
|switch|p1a: Exeggutor|Exeggutor|214\/393 slp
|move|p2a: Exeggutor|Psychic|p1a: Exeggutor
|-resisted|p1a: Exeggutor
|-damage|p1a: Exeggutor|164\/393 slp
|
|turn|47
|choice|move 1|switch 5
|
|switch|p2a: Tauros|Tauros|248\/353
|-curestatus|p1a: Exeggutor|slp
|
|turn|48
|choice|switch 3|move 4
|
|switch|p1a: Tauros|Tauros|353\/353
|move|p2a: Tauros|Hyper Beam|p1a: Tauros
|-damage|p1a: Tauros|167\/353
|
|turn|49
|-mustrecharge|p2a: Tauros
|-mustrecharge|p2a: Tauros
|choice|move 1|move 1
|
|move|p1a: Tauros|Body Slam|p2a: Tauros
|-damage|p2a: Tauros|147\/353
|cant|p2a: Tauros|recharge
|
|turn|50
|choice|move 1|switch 3
|
|switch|p2a: Starmie|Starmie|323\/323
|move|p1a: Tauros|Body Slam|p2a: Starmie
|-crit|p2a: Starmie
|-damage|p2a: Starmie|107\/323
|-status|p2a: Starmie|par
|
|turn|51
|c|★x.mop|wow
|c|★huevo kindred|xD
|choice|move 1|move 2
|
|move|p1a: Tauros|Body Slam|p2a: Starmie
|-damage|p2a: Starmie|5\/323 par
|cant|p2a: Starmie|par
|
|turn|52
|choice|move 1|move 2
|
|move|p1a: Tauros|Body Slam|p2a: Starmie
|-damage|p2a: Starmie|0 fnt
|faint|p2a: Starmie
|choice||switch 5
|
|switch|p2a: Exeggutor|Exeggutor|347\/393
|turn|53
|choice|switch 2|move 4
|
|switch|p1a: Chansey|Chansey|584\/703 par
|move|p2a: Exeggutor|Sleep Powder|p1a: Chansey
|-fail|p1a: Chansey
|
|turn|54
|choice|switch 3|move 1
|
|switch|p1a: Exeggutor|Exeggutor|164\/393
|move|p2a: Exeggutor|Explosion|p1a: Exeggutor
|-damage|p1a: Exeggutor|0 fnt
|faint|p1a: Exeggutor
|faint|p2a: Exeggutor
|c|★huevo kindred|got me
|c|★huevo kindred|spee tie time
|c|★huevo kindred|speed*
|choice|switch 2|switch 3
|
|switch|p1a: Tauros|Tauros|167\/353
|switch|p2a: Tauros|Tauros|147\/353
|turn|55
|choice|move 1|move 4
|
|move|p1a: Tauros|Body Slam|p2a: Tauros
|-damage|p2a: Tauros|44\/353
|move|p2a: Tauros|Hyper Beam|p1a: Tauros
|-damage|p1a: Tauros|0 fnt
|faint|p1a: Tauros
|choice|switch 3|
|
|switch|p1a: Chansey|Chansey|584\/703 par
|turn|56
|choice|move 1|move 4
|
|move|p2a: Tauros|Hyper Beam|p1a: Chansey
|-damage|p1a: Chansey|71\/703 par
|cant|p1a: Chansey|par
|
|turn|57
|-mustrecharge|p2a: Tauros
|c|★huevo kindred|o
|-mustrecharge|p2a: Tauros
|c|★x.mop|:(
|choice|move 1|move 1
|
|cant|p2a: Tauros|recharge
|move|p1a: Chansey|Ice Beam|p2a: Tauros
|-damage|p2a: Tauros|0 fnt
|faint|p2a: Tauros
|c|★huevo kindred|did u soft right
|choice||switch 6
|
|switch|p2a: Chansey|Chansey|555\/703
|turn|58
|choice|move 4|move 1
|
|move|p2a: Chansey|Ice Beam|p1a: Chansey
|-damage|p1a: Chansey|0 fnt
|faint|p1a: Chansey
|
|win|huevo kindred