|J|Lutra
|J|SOMALIA
|player|p1|Lutra|281
|player|p2|SOMALIA|144
|gametype|singles
|gen|1
|tier|[Gen 1] OU
|seed|18594,34334,59615,11959
|rule|Sleep Clause Mod: Limit one foe put to sleep
|rule|Freeze Clause Mod: Limit one foe frozen
|rule|Species Clause: Limit one of each Pokémon
|rule|OHKO Clause: OHKO moves are banned
|rule|Evasion Moves Clause: Evasion moves are banned
|rule|HP Percentage Mod: HP is shown in percentages
|
|start
|switch|p1a: Starmie|Starmie|323\/323
|switch|p2a: Snorlax|Snorlax|523\/523
|turn|1
|c|★SOMALIA|thank so much
|choice|move 2|move 3
|
|move|p1a: Starmie|Psychic|p2a: Snorlax
|-damage|p2a: Snorlax|389\/523
|move|p2a: Snorlax|Body Slam|p1a: Starmie
|-damage|p1a: Starmie|209\/323
|
|turn|2
|c|★Lutra|np
|choice|move 4|move 3
|
|move|p1a: Starmie|Thunder Wave|p2a: Snorlax
|-status|p2a: Snorlax|par
|move|p2a: Snorlax|Body Slam|p1a: Starmie
|-damage|p1a: Starmie|95\/323
|-status|p1a: Starmie|par
|
|turn|3
|choice|move 3|move 3
|
|move|p1a: Starmie|Recover|p1a: Starmie
|-heal|p1a: Starmie|256\/323 par
|move|p2a: Snorlax|Body Slam|p1a: Starmie
|-damage|p1a: Starmie|138\/323 par
|
|turn|4
|choice|move 3|move 3
|
|move|p1a: Starmie|Recover|p1a: Starmie
|-heal|p1a: Starmie|299\/323 par
|move|p2a: Snorlax|Body Slam|p1a: Starmie
|-damage|p1a: Starmie|184\/323 par
|
|turn|5
|choice|switch 6|switch 5
|
|switch|p1a: Cloyster|Cloyster|303\/303
|switch|p2a: Chansey|Chansey|703\/703
|
|turn|6
|choice|move 2|switch 3
|
|switch|p2a: Cloyster|Cloyster|303\/303
|move|p1a: Cloyster|Clamp|p2a: Cloyster
|-crit|p2a: Cloyster
|-resisted|p2a: Cloyster
|-damage|p2a: Cloyster|264\/303
|-activate|p2a: Cloyster|move: Clamp|[of] p1a: Cloyster
|
|turn|7
|choice|switch 6|switch 4
|
|switch|p2a: Slowbro|Slowbro|393\/393
|switch|p1a: Starmie|Starmie|184\/323 par
|
|turn|8
|choice|switch 4|move 1
|
|switch|p1a: Exeggutor|Exeggutor|393\/393
|move|p2a: Slowbro|Amnesia|p2a: Slowbro
|-boost|p2a: Slowbro|spd|2
|-boost|p2a: Slowbro|spa|2
|
|turn|9
|choice|move 4|move 4
|
|move|p1a: Exeggutor|Sleep Powder|p2a: Slowbro
|-status|p2a: Slowbro|slp
|cant|p2a: Slowbro|slp
|
|turn|10
|J|hyogafodex
|choice|move 3|move 4
|
|move|p1a: Exeggutor|Psychic|p2a: Slowbro
|-resisted|p2a: Slowbro
|-damage|p2a: Slowbro|357\/393 slp
|cant|p2a: Slowbro|slp
|
|turn|11
|choice|move 3|move 4
|
|move|p1a: Exeggutor|Psychic|p2a: Slowbro
|-resisted|p2a: Slowbro
|-damage|p2a: Slowbro|321\/393 slp
|cant|p2a: Slowbro|slp
|
|turn|12
|choice|move 3|switch 6
|
|switch|p2a: Exeggutor|Exeggutor|393\/393
|move|p1a: Exeggutor|Psychic|p2a: Exeggutor
|-resisted|p2a: Exeggutor
|-damage|p2a: Exeggutor|337\/393
|
|turn|13
|choice|switch 4|move 2
|
|switch|p1a: Starmie|Starmie|184\/323 par
|move|p2a: Exeggutor|Psychic|p1a: Starmie
|-crit|p1a: Starmie
|-resisted|p1a: Starmie
|-damage|p1a: Starmie|56\/323 par
|-unboost|p1a: Starmie|spd|1
|-unboost|p1a: Starmie|spa|1
|
|turn|14
|choice|switch 4|move 3
|
|switch|p1a: Exeggutor|Exeggutor|393\/393
|move|p2a: Exeggutor|Hyper Beam|p1a: Exeggutor
|-crit|p1a: Exeggutor
|-damage|p1a: Exeggutor|149\/393
|
|turn|15
|-mustrecharge|p2a: Exeggutor
|c|★SOMALIA|was gonna do that so did it anyways
|c|★SOMALIA|to be fair
|-mustrecharge|p2a: Exeggutor
|choice|move 2|move 1
|
|move|p1a: Exeggutor|Explosion|p2a: Exeggutor
|-damage|p2a: Exeggutor|45\/393
|faint|p1a: Exeggutor
|choice|switch 4|
|
|switch|p1a: Starmie|Starmie|56\/323 par
|turn|16
|-mustrecharge|p2a: Exeggutor
|-mustrecharge|p2a: Exeggutor
|choice|move 3|move 1
|
|cant|p2a: Exeggutor|recharge
|cant|p1a: Starmie|par
|
|turn|17
|choice|move 3|move 2
|
|move|p2a: Exeggutor|Psychic|p1a: Starmie
|-resisted|p1a: Starmie
|-damage|p1a: Starmie|0 fnt
|faint|p1a: Starmie
|choice|switch 5|
|
|switch|p1a: Tauros|Tauros|353\/353
|turn|18
|choice|move 2|move 1
|
|move|p1a: Tauros|Body Slam|p2a: Exeggutor
|-damage|p2a: Exeggutor|0 fnt
|faint|p2a: Exeggutor
|choice||switch 4
|
|switch|p2a: Cloyster|Cloyster|264\/303
|turn|19
|choice|switch 6|move 2
|
|switch|p1a: Cloyster|Cloyster|303\/303
|move|p2a: Cloyster|Clamp|p1a: Cloyster
|-resisted|p1a: Cloyster
|-damage|p1a: Cloyster|283\/303
|-activate|p1a: Cloyster|move: Clamp|[of] p2a: Cloyster
|
|turn|20
|choice|move 2|move 2
|
|move|p2a: Cloyster|Clamp|p1a: Cloyster
|-damage|p1a: Cloyster|263\/303
|cant|p1a: Cloyster|partiallytrapped
|
|turn|21
|choice|move 2|move 2
|
|cant|p1a: Cloyster|partiallytrapped
|move|p2a: Cloyster|Clamp|p1a: Cloyster
|-damage|p1a: Cloyster|243\/303
|
|-end|p1a: Cloyster|Clamp|[partiallytrapped]
|turn|22
|choice|move 2|move 4
|
|move|p2a: Cloyster|Surf|p1a: Cloyster
|-crit|p1a: Cloyster
|-resisted|p1a: Cloyster
|-damage|p1a: Cloyster|132\/303
|move|p1a: Cloyster|Clamp|p2a: Cloyster
|-resisted|p2a: Cloyster
|-damage|p2a: Cloyster|244\/303
|-activate|p2a: Cloyster|move: Clamp|[of] p1a: Cloyster
|
|turn|23
|choice|switch 2|switch 6
|
|switch|p1a: Chansey|Chansey|703\/703
|switch|p2a: Slowbro|Slowbro|321\/393 slp
|
|turn|24
|choice|move 3|switch 3
|
|switch|p2a: Chansey|Chansey|703\/703
|move|p1a: Chansey|Thunderbolt|p2a: Chansey
|-damage|p2a: Chansey|629\/703
|
|turn|25
|choice|move 4|move 4
|
|move|p1a: Chansey|Thunder Wave|p2a: Chansey
|-status|p2a: Chansey|par
|move|p2a: Chansey|Thunder Wave|p1a: Chansey
|-status|p1a: Chansey|par
|
|turn|26
|J|EL FAPPER
|choice|switch 3|move 4
|
|switch|p1a: Snorlax|Snorlax|523\/523
|move|p2a: Chansey|Thunder Wave|p1a: Snorlax
|-status|p1a: Snorlax|par
|
|turn|27
|J|Alexander
|choice|move 1|switch 5
|
|switch|p2a: Snorlax|Snorlax|389\/523 par
|move|p1a: Snorlax|Body Slam|p2a: Snorlax
|-damage|p2a: Snorlax|250\/523 par
|
|turn|28
|choice|move 3|move 2
|
|cant|p1a: Snorlax|par
|move|p2a: Snorlax|Counter|p1a: Snorlax
|-damage|p1a: Snorlax|245\/523 par
|
|turn|29
|c|+Alexander|the mighty lutra
|choice|move 2|move 1
|
|cant|p2a: Snorlax|par
|cant|p1a: Snorlax|par
|
|turn|30
|choice|move 2|move 1
|
|cant|p2a: Snorlax|par
|move|p1a: Snorlax|Counter|p2a: Snorlax
|-fail|p1a: Snorlax
|
|turn|31
|choice|switch 2|move 1
|
|switch|p1a: Cloyster|Cloyster|132\/303
|cant|p2a: Snorlax|par
|
|turn|32
|J|fapjesus the fifth
|choice|move 2|switch 3
|
|switch|p2a: Slowbro|Slowbro|321\/393 slp
|move|p1a: Cloyster|Clamp|p2a: Slowbro
|-crit|p2a: Slowbro
|-resisted|p2a: Slowbro
|-damage|p2a: Slowbro|282\/393 slp
|-activate|p2a: Slowbro|move: Clamp|[of] p1a: Cloyster
|
|turn|33
|L|EL FAPPER
|choice|switch 3|move 2
|
|switch|p1a: Chansey|Chansey|703\/703 par
|cant|p2a: Slowbro|slp
|
|-end|p2a: Slowbro|Clamp|[partiallytrapped]
|turn|34
|choice|move 3|switch 5
|
|switch|p2a: Chansey|Chansey|629\/703 par
|move|p1a: Chansey|Thunderbolt|p2a: Chansey
|-damage|p2a: Chansey|552\/703 par
|
|turn|35
|choice|move 3|switch 3
|
|switch|p2a: Snorlax|Snorlax|250\/523 par
|cant|p1a: Chansey|par
|
|turn|36
|choice|switch 2|move 3
|
|switch|p1a: Snorlax|Snorlax|245\/523 par
|move|p2a: Snorlax|Body Slam|p1a: Snorlax
|-damage|p1a: Snorlax|111\/523 par
|
|turn|37
|choice|move 4|move 3
|
|move|p1a: Snorlax|Self-Destruct|p2a: Snorlax
|-damage|p2a: Snorlax|0 fnt
|faint|p2a: Snorlax
|faint|p1a: Snorlax
|choice|switch 2|switch 6
|
|switch|p2a: Cloyster|Cloyster|244\/303
|switch|p1a: Chansey|Chansey|703\/703 par
|turn|38
|choice|switch 3|move 2
|
|switch|p1a: Cloyster|Cloyster|132\/303
|move|p2a: Cloyster|Clamp|p1a: Cloyster|[miss]
|-miss|p2a: Cloyster
|
|turn|39
|choice|move 2|move 2
|
|move|p2a: Cloyster|Clamp|p1a: Cloyster
|-resisted|p1a: Cloyster
|-damage|p1a: Cloyster|113\/303
|-activate|p1a: Cloyster|move: Clamp|[of] p2a: Cloyster
|cant|p1a: Cloyster|partiallytrapped
|
|turn|40
|choice|switch 3|move 2
|
|switch|p1a: Chansey|Chansey|703\/703 par
|move|p2a: Cloyster|Clamp|p1a: Chansey
|-damage|p1a: Chansey|664\/703 par
|-activate|p1a: Chansey|move: Clamp|[of] p2a: Cloyster
|
|turn|41
|J|itsmenilo
|L|itsmenilo
|J|homed
|choice|move 3|move 2
|
|move|p2a: Cloyster|Clamp|p1a: Chansey
|-damage|p1a: Chansey|625\/703 par
|cant|p1a: Chansey|partiallytrapped
|
|turn|42
|choice|move 3|move 2
|
|move|p2a: Cloyster|Clamp|p1a: Chansey
|-damage|p1a: Chansey|586\/703 par
|cant|p1a: Chansey|partiallytrapped
|
|-end|p1a: Chansey|Clamp|[partiallytrapped]
|turn|43
|choice|move 3|move 2
|
|move|p2a: Cloyster|Clamp|p1a: Chansey
|-damage|p1a: Chansey|547\/703 par
|-activate|p1a: Chansey|move: Clamp|[of] p2a: Cloyster
|cant|p1a: Chansey|partiallytrapped
|
|turn|44
|choice|move 3|move 2
|
|move|p2a: Cloyster|Clamp|p1a: Chansey
|-damage|p1a: Chansey|508\/703 par
|cant|p1a: Chansey|partiallytrapped
|
|turn|45
|choice|move 3|move 2
|
|move|p2a: Cloyster|Clamp|p1a: Chansey
|-damage|p1a: Chansey|469\/703 par
|cant|p1a: Chansey|par
|
|-end|p1a: Chansey|Clamp|[partiallytrapped]
|turn|46
|choice|move 3|move 2
|
|move|p2a: Cloyster|Clamp|p1a: Chansey
|-damage|p1a: Chansey|434\/703 par
|-activate|p1a: Chansey|move: Clamp|[of] p2a: Cloyster
|cant|p1a: Chansey|partiallytrapped
|
|turn|47
|choice|move 3|move 2
|
|move|p2a: Cloyster|Clamp|p1a: Chansey
|-damage|p1a: Chansey|399\/703 par
|cant|p1a: Chansey|partiallytrapped
|
|-end|p1a: Chansey|Clamp|[partiallytrapped]
|turn|48
|choice|move 3|move 1
|
|move|p2a: Cloyster|Explosion|p1a: Chansey
|-damage|p1a: Chansey|0 fnt
|faint|p1a: Chansey
|faint|p2a: Cloyster
|choice|switch 3|switch 3
|
|switch|p1a: Cloyster|Cloyster|113\/303
|switch|p2a: Chansey|Chansey|552\/703 par
|turn|49
|choice|move 3|move 4
|
|move|p1a: Cloyster|Explosion|p2a: Chansey
|-damage|p2a: Chansey|0 fnt
|faint|p2a: Chansey
|faint|p1a: Cloyster
|choice|switch 6|switch 5
|
|switch|p1a: Tauros|Tauros|353\/353
|switch|p2a: Slowbro|Slowbro|282\/393 slp
|turn|50
|choice|move 2|move 4
|
|move|p1a: Tauros|Body Slam|p2a: Slowbro
|-damage|p2a: Slowbro|194\/393 slp
|cant|p2a: Slowbro|slp
|
|turn|51
|choice|move 2|move 4
|
|move|p1a: Tauros|Body Slam|p2a: Slowbro
|-damage|p2a: Slowbro|98\/393 slp
|-curestatus|p2a: Slowbro|slp
|
|turn|52
|choice|move 4|switch 2
|
|switch|p2a: Golem|Golem|363\/363
|move|p1a: Tauros|Hyper Beam|p2a: Golem
|-resisted|p2a: Golem
|-damage|p2a: Golem|292\/363
|
|turn|53
|-mustrecharge|p1a: Tauros
|-mustrecharge|p1a: Tauros
|choice|move 1|move 2
|
|cant|p1a: Tauros|recharge
|move|p2a: Golem|Earthquake|p1a: Tauros
|-damage|p1a: Tauros|233\/353
|
|turn|54
|choice|move 1|move 1
|
|move|p1a: Tauros|Blizzard|p2a: Golem|[miss]
|-miss|p1a: Tauros
|move|p2a: Golem|Explosion|p1a: Tauros
|-damage|p1a: Tauros|0 fnt
|faint|p1a: Tauros
|faint|p2a: Golem
|
|win|SOMALIA