|inactive|Battle timer is ON: inactive players will automatically lose when time's up.
|J|marcoasd
|J|Beds
|player|p1|marcoasd|101
|player|p2|Beds|252
|gametype|singles
|gen|1
|tier|[Gen 1] OU
|rule|Sleep Clause Mod: Limit one foe put to sleep
|rule|Freeze Clause Mod: Limit one foe frozen
|rule|Species Clause: Limit one of each Pokémon
|rule|OHKO Clause: OHKO moves are banned
|rule|Evasion Moves Clause: Evasion moves are banned
|rule|HP Percentage Mod: HP is shown in percentages
|
|start
|switch|p1a: Jynx|Jynx|333\/333
|switch|p2a: Alakazam|Alakazam|313\/313
|turn|1
|J|cosine180
|J|MoxieInfinite
|L|MoxieInfinite
|
|move|p2a: Alakazam|Thunder Wave|p1a: Jynx
|-status|p1a: Jynx|par
|move|p1a: Jynx|Lovely Kiss|p2a: Alakazam
|-status|p2a: Alakazam|slp
|
|turn|2
|J|TIRIPS
|
|cant|p2a: Alakazam|slp
|move|p1a: Jynx|Blizzard|p2a: Alakazam
|-crit|p2a: Alakazam
|-damage|p2a: Alakazam|113\/313 slp
|
|turn|3
|
|switch|p2a: Cloyster|Cloyster|303\/303
|move|p1a: Jynx|Blizzard|p2a: Cloyster
|-resisted|p2a: Cloyster
|-damage|p2a: Cloyster|265\/303
|
|turn|4
|J|WDCA
|J|M Dragon
|
|move|p2a: Cloyster|Clamp|p1a: Jynx|[miss]
|-miss|p2a: Cloyster
|move|p1a: Jynx|Psychic|p2a: Cloyster
|-damage|p2a: Cloyster|150\/303
|
|turn|5
|J|SoulWind
|c|★Beds|rude
|
|move|p2a: Cloyster|Clamp|p1a: Jynx|[miss]
|-miss|p2a: Cloyster
|cant|p1a: Jynx|par
|
|turn|6
|c|★marcoasd|boom yn
|
|move|p2a: Cloyster|Clamp|p1a: Jynx|[miss]
|-miss|p2a: Cloyster
|cant|p1a: Jynx|par
|
|turn|7
|J|mpahobia
|c|★Beds|gdi cloyster
|J|edgar
|
|move|p2a: Cloyster|Clamp|p1a: Jynx|[miss]
|-miss|p2a: Cloyster
|move|p1a: Jynx|Psychic|p2a: Cloyster
|-damage|p2a: Cloyster|29\/303
|
|turn|8
|c|★marcoasd|happy shala la la
|c|%SoulWind|lol
|c|★marcoasd|it's so nice to be happy
|J|Disaster Area
|c|★Beds|i swear to god if you miss another time i'm releasing you
|
|switch|p1a: Slowbro|Slowbro|393\/393
|move|p2a: Cloyster|Clamp|p1a: Slowbro
|-resisted|p1a: Slowbro
|-damage|p1a: Slowbro|372\/393
|-activate|p1a: Slowbro|move: Clamp|[of] p2a: Cloyster
|
|turn|9
|c|★marcoasd|asd
|J|Roukanken
|
|switch|p1a: Tauros|Tauros|353\/353
|move|p2a: Cloyster|Clamp|p1a: Tauros|[miss]
|-miss|p2a: Cloyster
|
|turn|10
|c|★marcoasd|miss
|c|★marcoasd|yay
|
|move|p1a: Tauros|Body Slam|p2a: Cloyster
|-crit|p2a: Cloyster
|-damage|p2a: Cloyster|0 fnt
|faint|p2a: Cloyster
|J|Ary
|
|switch|p2a: Tangela|Tangela|333\/333
|turn|11
|c|★marcoasd|oh come on man
|c|+Disaster Area|LOL
|
|switch|p1a: Jynx|Jynx|333\/333 par
|move|p2a: Tangela|Sleep Powder|p1a: Jynx|[miss]
|-miss|p2a: Tangela
|
|turn|12
|c|★marcoasd|not even growth
|c|+Ary|tangela
|c|+Disaster Area|meme team
|c|+Ary|pu king
|J|SOMALIA
|
|move|p2a: Tangela|Bind|p1a: Jynx
|-damage|p1a: Jynx|317\/333 par
|-activate|p1a: Jynx|move: Bind|[of] p2a: Tangela
|cant|p1a: Jynx|partiallytrapped
|
|turn|13
|L|SOMALIA
|
|switch|p1a: Exeggutor|Exeggutor|393\/393
|move|p2a: Tangela|Bind|p1a: Exeggutor|[miss]
|-miss|p2a: Tangela
|
|turn|14
|c|★Beds|here we go
|
|switch|p1a: Jynx|Jynx|317\/333 par
|move|p2a: Tangela|Sleep Powder|p1a: Jynx
|-fail|p1a: Jynx
|
|turn|15
|c|★marcoasd|the ppstall is real
|c|★marcoasd|go
|
|move|p2a: Tangela|Bind|p1a: Jynx
|-damage|p1a: Jynx|302\/333 par
|-activate|p1a: Jynx|move: Bind|[of] p2a: Tangela
|cant|p1a: Jynx|partiallytrapped
|
|turn|16
|
|move|p2a: Tangela|Bind|p1a: Jynx
|-damage|p1a: Jynx|287\/333 par
|cant|p1a: Jynx|par
|
|-end|p1a: Jynx|Bind|[partiallytrapped]
|turn|17
|J|DennisEG
|L|DennisEG
|
|move|p2a: Tangela|Bind|p1a: Jynx
|-damage|p1a: Jynx|271\/333 par
|-activate|p1a: Jynx|move: Bind|[of] p2a: Tangela
|cant|p1a: Jynx|par
|
|turn|18
|c|+Disaster Area|tangela is more fun in violet marco..
|c|+Disaster Area|gets better HP and
|
|switch|p1a: Exeggutor|Exeggutor|393\/393
|move|p2a: Tangela|Bind|p1a: Exeggutor
|-damage|p1a: Exeggutor|383\/393
|-activate|p1a: Exeggutor|move: Bind|[of] p2a: Tangela
|
|turn|19
|c|+Disaster Area|bind is bug typed and 30 BP :] (only 8 PP tho)
|
|switch|p1a: Jynx|Jynx|271\/333 par
|move|p2a: Tangela|Bind|p1a: Jynx
|-damage|p1a: Jynx|255\/333 par
|-activate|p1a: Jynx|move: Bind|[of] p2a: Tangela
|
|turn|20
|
|move|p2a: Tangela|Bind|p1a: Jynx
|-damage|p1a: Jynx|239\/333 par
|cant|p1a: Jynx|par
|
|-end|p1a: Jynx|Bind|[partiallytrapped]
|turn|21
|
|move|p2a: Tangela|Bind|p1a: Jynx
|-damage|p1a: Jynx|225\/333 par
|-activate|p1a: Jynx|move: Bind|[of] p2a: Tangela
|cant|p1a: Jynx|partiallytrapped
|
|turn|22
|c|★marcoasd|lol
|
|switch|p1a: Exeggutor|Exeggutor|383\/393
|move|p2a: Tangela|Bind|p1a: Exeggutor
|-crit|p1a: Exeggutor
|-damage|p1a: Exeggutor|365\/393
|-activate|p1a: Exeggutor|move: Bind|[of] p2a: Tangela
|
|turn|23
|
|move|p2a: Tangela|Bind|p1a: Exeggutor
|-damage|p1a: Exeggutor|347\/393
|cant|p1a: Exeggutor|partiallytrapped
|
|turn|24
|J|Mazary
|
|move|p2a: Tangela|Bind|p1a: Exeggutor
|-damage|p1a: Exeggutor|329\/393
|cant|p1a: Exeggutor|partiallytrapped
|
|-end|p1a: Exeggutor|Bind|[partiallytrapped]
|turn|25
|L|Mazary
|
|switch|p2a: Onix|Onix|273\/273
|move|p1a: Exeggutor|Stun Spore|p2a: Onix
|-status|p2a: Onix|par
|
|turn|26
|J|moony
|J|benbe
|c|★Beds|what
|c|★marcoasd|lol
|c|★marcoasd|wtf mate
|c|+Disaster Area|lmfao
|c|★marcoasd|stop acting like you're bomber too
|c|★marcoasd|XD
|
|move|p1a: Exeggutor|Psychic|p2a: Onix
|-damage|p2a: Onix|18\/273 par
|move|p2a: Onix|Explosion|p1a: Exeggutor
|-damage|p1a: Exeggutor|155\/393
|faint|p2a: Onix
|c|★marcoasd|nice stats
|L|moony
|c|+Disaster Area|how well does onix take on
|c|★Beds|lmao this is so weak
|c|+Disaster Area|zapdos?
|c|+Disaster Area|lol
|
|switch|p2a: Dragonite|Dragonite|385\/385
|turn|27
|c|★marcoasd|drill peck
|c|★marcoasd|gotta calc that
|
|move|p2a: Dragonite|Blizzard|p1a: Exeggutor
|-supereffective|p1a: Exeggutor
|-damage|p1a: Exeggutor|0 fnt
|faint|p1a: Exeggutor
|
|switch|p1a: Tauros|Tauros|353\/353
|turn|28
|
|move|p1a: Tauros|Blizzard|p2a: Dragonite
|-supereffective|p2a: Dragonite
|-damage|p2a: Dragonite|65\/385
|move|p2a: Dragonite|Thunder Wave|p1a: Tauros
|-status|p1a: Tauros|par
|
|turn|29
|
|move|p2a: Dragonite|Wrap|p1a: Tauros
|-crit|p1a: Tauros
|-damage|p1a: Tauros|324\/353 par
|-activate|p1a: Tauros|move: Wrap|[of] p2a: Dragonite
|cant|p1a: Tauros|partiallytrapped
|
|turn|30
|
|switch|p1a: Slowbro|Slowbro|372\/393
|move|p2a: Dragonite|Wrap|p1a: Slowbro
|-crit|p1a: Slowbro
|-damage|p1a: Slowbro|344\/393
|-activate|p1a: Slowbro|move: Wrap|[of] p2a: Dragonite
|
|turn|31
|c|★marcoasd|sthap
|J|Mazary
|
|switch|p1a: Chansey|Chansey|703\/703
|move|p2a: Dragonite|Wrap|p1a: Chansey
|-damage|p1a: Chansey|665\/703
|-activate|p1a: Chansey|move: Wrap|[of] p2a: Dragonite
|
|turn|32
|L|Mazary
|c|★marcoasd|this is why
|c|★marcoasd|isa wants wrap banned
|
|move|p2a: Dragonite|Wrap|p1a: Chansey
|-damage|p1a: Chansey|627\/703
|cant|p1a: Chansey|partiallytrapped
|
|turn|33
|c|★Beds|lmao
|
|move|p2a: Dragonite|Wrap|p1a: Chansey
|-damage|p1a: Chansey|589\/703
|cant|p1a: Chansey|partiallytrapped
|
|turn|34
|
|move|p2a: Dragonite|Wrap|p1a: Chansey
|-damage|p1a: Chansey|551\/703
|cant|p1a: Chansey|partiallytrapped
|
|-end|p1a: Chansey|Wrap|[partiallytrapped]
|turn|35
|
|move|p2a: Dragonite|Wrap|p1a: Chansey|[miss]
|-miss|p2a: Dragonite
|move|p1a: Chansey|Seismic Toss|p2a: Dragonite
|-damage|p2a: Dragonite|0 fnt
|faint|p2a: Dragonite
|L|cosine180
|
|switch|p2a: Tangela|Tangela|333\/333
|turn|36
|c|★marcoasd|ded
|c|★marcoasd|ci ha rotto il cazzoooo
|J|Bughouse
|
|switch|p1a: Jynx|Jynx|225\/333 par
|move|p2a: Tangela|Sleep Powder|p1a: Jynx
|-fail|p1a: Jynx
|
|turn|37
|
|move|p2a: Tangela|Bind|p1a: Jynx
|-damage|p1a: Jynx|209\/333 par
|-activate|p1a: Jynx|move: Bind|[of] p2a: Tangela
|cant|p1a: Jynx|partiallytrapped
|
|turn|38
|
|move|p2a: Tangela|Bind|p1a: Jynx
|-damage|p1a: Jynx|193\/333 par
|cant|p1a: Jynx|partiallytrapped
|
|turn|39
|
|move|p2a: Tangela|Bind|p1a: Jynx
|-damage|p1a: Jynx|177\/333 par
|cant|p1a: Jynx|partiallytrapped
|
|turn|40
|
|move|p2a: Tangela|Bind|p1a: Jynx
|-damage|p1a: Jynx|161\/333 par
|cant|p1a: Jynx|partiallytrapped
|
|turn|41
|
|move|p2a: Tangela|Bind|p1a: Jynx
|-damage|p1a: Jynx|145\/333 par
|cant|p1a: Jynx|partiallytrapped
|
|-end|p1a: Jynx|Bind|[partiallytrapped]
|turn|42
|
|move|p2a: Tangela|Bind|p1a: Jynx
|-damage|p1a: Jynx|128\/333 par
|-activate|p1a: Jynx|move: Bind|[of] p2a: Tangela
|cant|p1a: Jynx|par
|
|turn|43
|c|★marcoasd|never misses
|J|DoubleOD
|c|★marcoasd|asdasdasd
|
|switch|p1a: Tauros|Tauros|324\/353 par
|move|p2a: Tangela|Bind|p1a: Tauros|[miss]
|-miss|p2a: Tangela
|
|turn|44
|c|★Beds|i wasted all my misses on cloyster
|
|move|p2a: Tangela|Bind|p1a: Tauros
|-damage|p1a: Tauros|315\/353 par
|-activate|p1a: Tauros|move: Bind|[of] p2a: Tangela
|cant|p1a: Tauros|partiallytrapped
|
|turn|45
|
|move|p2a: Tangela|Bind|p1a: Tauros
|-damage|p1a: Tauros|306\/353 par
|cant|p1a: Tauros|partiallytrapped
|
|turn|46
|J|Imanalt
|c|★marcoasd|i wanna sthap rbying
|
|move|p2a: Tangela|Bind|p1a: Tauros
|-damage|p1a: Tauros|297\/353 par
|cant|p1a: Tauros|partiallytrapped
|
|-end|p1a: Tauros|Bind|[partiallytrapped]
|turn|47
|
|move|p2a: Tangela|Bind|p1a: Tauros
|-damage|p1a: Tauros|287\/353 par
|-activate|p1a: Tauros|move: Bind|[of] p2a: Tangela
|cant|p1a: Tauros|partiallytrapped
|
|turn|48
|c|★Beds|better bring psychic gengar in our series
|c|★marcoasd|a squeezed tauros
|c|★marcoasd|is worth an uninstall
|
|move|p2a: Tangela|Bind|p1a: Tauros
|-damage|p1a: Tauros|277\/353 par
|cant|p1a: Tauros|partiallytrapped
|
|turn|49
|
|move|p2a: Tangela|Bind|p1a: Tauros
|-damage|p1a: Tauros|267\/353 par
|cant|p1a: Tauros|partiallytrapped
|
|-end|p1a: Tauros|Bind|[partiallytrapped]
|turn|50
|
|move|p2a: Tangela|Bind|p1a: Tauros
|-damage|p1a: Tauros|257\/353 par
|-activate|p1a: Tauros|move: Bind|[of] p2a: Tangela
|cant|p1a: Tauros|partiallytrapped
|
|turn|51
|
|move|p2a: Tangela|Bind|p1a: Tauros
|-damage|p1a: Tauros|247\/353 par
|cant|p1a: Tauros|partiallytrapped
|
|turn|52
|c|★marcoasd|facepalming at the speed of light
|
|move|p2a: Tangela|Bind|p1a: Tauros
|-damage|p1a: Tauros|237\/353 par
|cant|p1a: Tauros|partiallytrapped
|
|-end|p1a: Tauros|Bind|[partiallytrapped]
|turn|53
|
|move|p2a: Tangela|Bind|p1a: Tauros
|-damage|p1a: Tauros|227\/353 par
|-activate|p1a: Tauros|move: Bind|[of] p2a: Tangela
|cant|p1a: Tauros|partiallytrapped
|
|turn|54
|
|move|p2a: Tangela|Bind|p1a: Tauros
|-damage|p1a: Tauros|217\/353 par
|cant|p1a: Tauros|par
|
|turn|55
|c|+Bughouse|this is a very high skill team marco
|c|+Imanalt|wide lens tangela
|c|+Imanalt|yn
|c|+Bughouse|you just don't understand
|
|move|p2a: Tangela|Bind|p1a: Tauros
|-damage|p1a: Tauros|207\/353 par
|cant|p1a: Tauros|par
|
|turn|56
|c|★marcoasd|most autistic team ever seen
|
|move|p2a: Tangela|Bind|p1a: Tauros
|-damage|p1a: Tauros|197\/353 par
|cant|p1a: Tauros|par
|
|-end|p1a: Tauros|Bind|[partiallytrapped]
|turn|57
|
|move|p2a: Tangela|Bind|p1a: Tauros
|-crit|p1a: Tauros
|-damage|p1a: Tauros|181\/353 par
|-activate|p1a: Tauros|move: Bind|[of] p2a: Tangela
|cant|p1a: Tauros|partiallytrapped
|
|turn|58
|
|switch|p1a: Chansey|Chansey|551\/703
|move|p2a: Tangela|Bind|p1a: Chansey
|-damage|p1a: Chansey|527\/703
|-activate|p1a: Chansey|move: Bind|[of] p2a: Tangela
|
|turn|59
|
|move|p2a: Tangela|Bind|p1a: Chansey
|-damage|p1a: Chansey|503\/703
|cant|p1a: Chansey|partiallytrapped
|
|turn|60
|
|move|p2a: Tangela|Bind|p1a: Chansey
|-damage|p1a: Chansey|479\/703
|cant|p1a: Chansey|partiallytrapped
|
|turn|61
|
|move|p2a: Tangela|Bind|p1a: Chansey
|-damage|p1a: Chansey|455\/703
|cant|p1a: Chansey|partiallytrapped
|
|-end|p1a: Chansey|Bind|[partiallytrapped]
|turn|62
|
|move|p2a: Tangela|Mega Drain|p1a: Chansey
|-damage|p1a: Chansey|408\/703
|move|p1a: Chansey|Thunder Wave|p2a: Tangela
|-status|p2a: Tangela|par
|
|turn|63
|c|★marcoasd|lol
|c|★marcoasd|national choke
|
|switch|p1a: Jynx|Jynx|128\/333 par
|move|p2a: Tangela|Bind|p1a: Jynx
|-crit|p1a: Jynx
|-damage|p1a: Jynx|100\/333 par
|-activate|p1a: Jynx|move: Bind|[of] p2a: Tangela
|
|turn|64
|c|★marcoasd|use agility
|c|★marcoasd|oh crit
|
|switch|p1a: Tauros|Tauros|181\/353 par
|switch|p2a: Victreebel|Victreebel|363\/363
|
|turn|65
|c|★marcoasd|oh
|c|★Beds|hey marco
|c|★Beds|guess what
|
|move|p2a: Victreebel|Wrap|p1a: Tauros
|-damage|p1a: Tauros|168\/353 par
|-activate|p1a: Tauros|move: Wrap|[of] p2a: Victreebel
|cant|p1a: Tauros|partiallytrapped
|
|turn|66
|
|switch|p1a: Snorlax|Snorlax|523\/523
|move|p2a: Victreebel|Wrap|p1a: Snorlax
|-damage|p1a: Snorlax|507\/523
|-activate|p1a: Snorlax|move: Wrap|[of] p2a: Victreebel
|
|turn|67
|
|move|p2a: Victreebel|Wrap|p1a: Snorlax
|-damage|p1a: Snorlax|491\/523
|cant|p1a: Snorlax|partiallytrapped
|
|turn|68
|
|move|p2a: Victreebel|Wrap|p1a: Snorlax
|-damage|p1a: Snorlax|475\/523
|cant|p1a: Snorlax|partiallytrapped
|
|-end|p1a: Snorlax|Wrap|[partiallytrapped]
|turn|69
|
|switch|p1a: Chansey|Chansey|408\/703
|move|p2a: Victreebel|Stun Spore|p1a: Chansey
|-status|p1a: Chansey|par
|
|turn|70
|c|★marcoasd|ugh
|c|★marcoasd|no sleep
|c|+Disaster Area|where is venusaur?
|c|★marcoasd|where is moltres
|c|★marcoasd|tangela in
|c|+Disaster Area|*
|
|move|p2a: Victreebel|Wrap|p1a: Chansey|[miss]
|-miss|p2a: Victreebel
|move|p1a: Chansey|Thunder Wave|p2a: Victreebel
|-status|p2a: Victreebel|par
|
|turn|71
|c|+Disaster Area|**CHARIZARD**
|c|★marcoasd|moltres
|c|★marcoasd|OH
|c|★Beds|fuck
|c|★marcoasd|OH you got a problem
|c|★Beds|that's game
|c|★marcoasd|that's why you don't use shit like this
|c|★marcoasd|waste 100 turns
|c|+Imanalt|reveal the rest victreebel
|c|+Imanalt|oO
|c|★marcoasd|and a full hour
|c|★marcoasd|lol
|c|★marcoasd|to lose like this
|c|★Beds|tragic
|
|cant|p2a: Victreebel|par
|cant|p1a: Chansey|par
|
|turn|72
|
|move|p2a: Victreebel|Wrap|p1a: Chansey
|-crit|p1a: Chansey
|-damage|p1a: Chansey|346\/703 par
|-activate|p1a: Chansey|move: Wrap|[of] p2a: Victreebel
|cant|p1a: Chansey|partiallytrapped
|
|turn|73
|
|switch|p1a: Jynx|Jynx|100\/333 par
|move|p2a: Victreebel|Wrap|p1a: Jynx
|-damage|p1a: Jynx|77\/333 par
|-activate|p1a: Jynx|move: Wrap|[of] p2a: Victreebel
|
|turn|74
|c|★Beds|i just did this to scout your teams 
|
|cant|p1a: Jynx|partiallytrapped
|move|p2a: Victreebel|Wrap|p1a: Jynx
|-damage|p1a: Jynx|54\/333 par
|
|-end|p1a: Jynx|Wrap|[partiallytrapped]
|turn|75
|
|cant|p1a: Jynx|par
|move|p2a: Victreebel|Double-Edge|p1a: Jynx
|-damage|p1a: Jynx|0 fnt
|-damage|p2a: Victreebel|350\/363 par|[from] recoil|[of] p1a: Jynx
|faint|p1a: Jynx
|
|switch|p1a: Tauros|Tauros|168\/353 par
|turn|76
|c|+Ary|cant move
|
|move|p1a: Tauros|Blizzard|p2a: Victreebel
|-supereffective|p2a: Victreebel
|-damage|p2a: Victreebel|186\/363 par
|move|p2a: Victreebel|Razor Leaf|p1a: Tauros|[miss]
|-miss|p2a: Victreebel
|
|turn|77
|
|move|p1a: Tauros|Body Slam|p2a: Victreebel
|-damage|p2a: Victreebel|65\/363 par
|cant|p2a: Victreebel|par
|
|turn|78
|c|★Beds|frick
|
|move|p1a: Tauros|Body Slam|p2a: Victreebel
|-damage|p2a: Victreebel|0 fnt
|faint|p2a: Victreebel
|
|switch|p2a: Tangela|Tangela|333\/333 par
|turn|79
|
|cant|p1a: Tauros|par
|move|p2a: Tangela|Mega Drain|p1a: Tauros
|-damage|p1a: Tauros|104\/353 par
|
|turn|80
|
|move|p1a: Tauros|Blizzard|p2a: Tangela|[miss]
|-miss|p1a: Tauros
|move|p2a: Tangela|Mega Drain|p1a: Tauros
|-damage|p1a: Tauros|40\/353 par
|
|turn|81
|
|move|p1a: Tauros|Blizzard|p2a: Tangela
|-supereffective|p2a: Tangela
|-damage|p2a: Tangela|190\/333 par
|move|p2a: Tangela|Mega Drain|p1a: Tauros
|-damage|p1a: Tauros|0 fnt
|-heal|p2a: Tangela|210\/333 par|[from] drain|[of] p1a: Tauros
|faint|p1a: Tauros
|c|★Beds|tangela mvp
|c|+Ary|tangela is the best pokemon
|
|switch|p1a: Chansey|Chansey|346\/703 par
|turn|82
|c|+Ary|tangela can win wcop
|c|+Ary|on it's own
|
|move|p2a: Tangela|Bind|p1a: Chansey|[miss]
|-miss|p2a: Tangela
|cant|p1a: Chansey|par
|
|turn|83
|
|move|p2a: Tangela|Mega Drain|p1a: Chansey
|-crit|p1a: Chansey
|-damage|p1a: Chansey|253\/703 par
|-heal|p2a: Tangela|256\/333 par|[from] drain|[of] p1a: Chansey
|move|p1a: Chansey|Soft-Boiled|p1a: Chansey
|-heal|p1a: Chansey|604\/703 par
|
|turn|84
|
|move|p2a: Tangela|Bind|p1a: Chansey
|-damage|p1a: Chansey|580\/703 par
|-activate|p1a: Chansey|move: Bind|[of] p2a: Tangela
|cant|p1a: Chansey|par
|
|turn|85
|c|+Disaster Area|**TANGELA WILL WIN WCOP**
|
|switch|p1a: Slowbro|Slowbro|344\/393
|move|p2a: Tangela|Bind|p1a: Slowbro
|-damage|p1a: Slowbro|335\/393
|-activate|p1a: Slowbro|move: Bind|[of] p2a: Tangela
|
|turn|86
|
|switch|p1a: Chansey|Chansey|580\/703 par
|move|p2a: Tangela|Bind|p1a: Chansey
|-damage|p1a: Chansey|556\/703 par
|-activate|p1a: Chansey|move: Bind|[of] p2a: Tangela
|
|turn|87
|J|Paleo
|c|★marcoasd|where heavy boredom happens
|
|cant|p2a: Tangela|par
|cant|p1a: Chansey|partiallytrapped
|
|-end|p1a: Chansey|Bind|[partiallytrapped]
|turn|88
|
|move|p2a: Tangela|Bind|p1a: Chansey
|-damage|p1a: Chansey|532\/703 par
|-activate|p1a: Chansey|move: Bind|[of] p2a: Tangela
|cant|p1a: Chansey|par
|
|turn|89
|
|cant|p2a: Tangela|par
|cant|p1a: Chansey|par
|
|-end|p1a: Chansey|Bind|[partiallytrapped]
|turn|90
|
|cant|p2a: Tangela|par
|cant|p1a: Chansey|par
|
|turn|91
|
|move|p2a: Tangela|Bind|p1a: Chansey|[miss]
|-miss|p2a: Tangela
|move|p1a: Chansey|Seismic Toss|p2a: Tangela
|-damage|p2a: Tangela|156\/333 par
|
|turn|92
|
|move|p2a: Tangela|Bind|p1a: Chansey|[miss]
|-miss|p2a: Tangela
|move|p1a: Chansey|Seismic Toss|p2a: Tangela
|-damage|p2a: Tangela|56\/333 par
|
|turn|93
|
|move|p2a: Tangela|Bind|p1a: Chansey
|-damage|p1a: Chansey|508\/703 par
|-activate|p1a: Chansey|move: Bind|[of] p2a: Tangela
|cant|p1a: Chansey|partiallytrapped
|
|turn|94
|c|★marcoasd|gg
|
|switch|p1a: Snorlax|Snorlax|475\/523
|move|p2a: Tangela|Bind|p1a: Snorlax
|-damage|p1a: Snorlax|464\/523
|-activate|p1a: Snorlax|move: Bind|[of] p2a: Tangela
|
|turn|95
|L|TIRIPS
|c|★Beds|ah the offensive gg
|c|★Beds|time for the miss
|
|cant|p1a: Snorlax|partiallytrapped
|move|p2a: Tangela|Bind|p1a: Snorlax
|-damage|p1a: Snorlax|453\/523
|
|-end|p1a: Snorlax|Bind|[partiallytrapped]
|turn|96
|c|★marcoasd|255 miss body slam
|c|★marcoasd|rest tangela
|
|move|p1a: Snorlax|Body Slam|p2a: Tangela
|-damage|p2a: Tangela|0 fnt
|faint|p2a: Tangela
|
|switch|p2a: Alakazam|Alakazam|113\/313 slp
|turn|97
|c|★Beds|miss here on the wakeup
|
|cant|p2a: Alakazam|slp
|-curestatus|p2a: Alakazam|slp
|move|p1a: Snorlax|Body Slam|p2a: Alakazam
|-damage|p2a: Alakazam|0 fnt
|faint|p2a: Alakazam
|
|win|marcoasd