|inactive|Battle timer is ON: inactive players will automatically lose when time's up.
|J|Nails
|J|BKC
|player|p1|Nails|282
|player|p2|BKC|#bkc
|gametype|singles
|gen|1
|tier|[Gen 1] OU
|seed|64393,42245,35673,25508
|rule|Sleep Clause Mod: Limit one foe put to sleep
|rule|Freeze Clause Mod: Limit one foe frozen
|rule|Species Clause: Limit one of each Pokémon
|rule|OHKO Clause: OHKO moves are banned
|rule|Evasion Moves Clause: Evasion moves are banned
|rule|HP Percentage Mod: HP is shown in percentages
|
|start
|switch|p1a: Alakazam|Alakazam|313\/313
|switch|p2a: psycho killer|Alakazam|313\/313
|turn|1
|J|blarajan
|J|autolocked phrases
|L|autolocked phrases
|c|%blarajan|damn
|c|%blarajan|nails
|choice|move 2|switch 2
|
|switch|p2a: qu'estce que c'est|Exeggutor|393\/393
|move|p1a: Alakazam|Thunder Wave|p2a: qu'estce que c'est
|-status|p2a: qu'estce que c'est|par
|
|turn|2
|c|%blarajan|you're the "wrap" god
|c|%blarajan|get it
|c|★Nails|haha.
|choice|move 4|move 1
|
|move|p1a: Alakazam|Seismic Toss|p2a: qu'estce que c'est
|-damage|p2a: qu'estce que c'est|293\/393 par
|move|p2a: qu'estce que c'est|Sleep Powder|p1a: Alakazam
|-status|p1a: Alakazam|slp
|
|turn|3
|choice|switch 6|switch 3
|
|switch|p1a: Starmie|Starmie|323\/323
|switch|p2a: fafafafa fafa fa|Snorlax|523\/523
|
|turn|4
|choice|move 4|move 1
|
|move|p1a: Starmie|Thunder Wave|p2a: fafafafa fafa fa
|-status|p2a: fafafafa fafa fa|par
|cant|p2a: fafafafa fafa fa|par
|
|turn|5
|choice|switch 2|move 1
|
|switch|p1a: Slowbro|Slowbro|393\/393
|move|p2a: fafafafa fafa fa|Body Slam|p1a: Slowbro
|-damage|p1a: Slowbro|295\/393
|
|turn|6
|choice|move 1|move 1
|
|move|p1a: Slowbro|Amnesia|p1a: Slowbro
|-boost|p1a: Slowbro|spd|2
|-boost|p1a: Slowbro|spa|2
|move|p2a: fafafafa fafa fa|Body Slam|p1a: Slowbro
|-damage|p1a: Slowbro|199\/393
|
|turn|7
|c|%blarajan|you should nickname your dragonite
|c|%blarajan|eminem
|c|%blarajan|haha
|choice|switch 5|move 1
|
|switch|p1a: Rhydon|Rhydon|413\/413
|cant|p2a: fafafafa fafa fa|par
|
|turn|8
|c|★Nails|did i predict correctly
|c|★BKC|n
|c|★BKC|bslam
|c|★Nails|ic
|choice|move 1|switch 3
|
|switch|p2a: qu'estce que c'est|Exeggutor|293\/393 par
|move|p1a: Rhydon|Earthquake|p2a: qu'estce que c'est
|-resisted|p2a: qu'estce que c'est
|-damage|p2a: qu'estce que c'est|214\/393 par
|
|turn|9
|choice|switch 5|move 3
|
|switch|p1a: Slowbro|Slowbro|199\/393
|move|p2a: qu'estce que c'est|Mega Drain|p1a: Slowbro
|-crit|p1a: Slowbro
|-supereffective|p1a: Slowbro
|-damage|p1a: Slowbro|0 fnt
|-heal|p2a: qu'estce que c'est|313\/393 par|[from] drain|[of] p1a: Slowbro
|faint|p1a: Slowbro
|c|★Nails|ah!
|choice|switch 3|
|
|switch|p1a: Snorlax|Snorlax|523\/523
|turn|10
|c|★BKC|"what is it" i chuckle
|c|%blarajan|how'd you let your slowbro die
|c|%blarajan|that's the biggest threat
|c|★BKC|?
|choice|move 1|move 2
|
|move|p1a: Snorlax|Body Slam|p2a: qu'estce que c'est
|-damage|p2a: qu'estce que c'est|190\/393 par
|move|p2a: qu'estce que c'est|Psychic|p1a: Snorlax
|-damage|p1a: Snorlax|350\/523
|
|turn|11
|c|★BKC|you dont even know my team
|c|★BKC|are you daft
|c|%blarajan|you have a tauros
|c|%blarajan|:3
|c|★BKC|damn.
|choice|move 1|move 4
|
|move|p1a: Snorlax|Body Slam|p2a: qu'estce que c'est
|-damage|p2a: qu'estce que c'est|77\/393 par
|move|p2a: qu'estce que c'est|Explosion|p1a: Snorlax
|-damage|p1a: Snorlax|0 fnt
|faint|p1a: Snorlax
|faint|p2a: qu'estce que c'est
|c|%blarajan|i'm gonna build an rby team with all the big threats
|c|★BKC|Wow
|choice|switch 2|switch 4
|
|switch|p1a: Starmie|Starmie|323\/323
|switch|p2a: fa fa far better|Starmie|323\/323
|turn|12
|c|%blarajan|exeggutor \/ tauros \/ snorlax \/ dragonite \/ slowbro \/ something
|c|%blarajan|what do i need
|choice|move 3|switch 3
|
|switch|p2a: fafafafa fafa fa|Snorlax|523\/523 par
|move|p1a: Starmie|Thunderbolt|p2a: fafafafa fafa fa
|-damage|p2a: fafafafa fafa fa|427\/523 par
|
|turn|13
|c|★Nails|a lead
|c|★Nails|(use jynx)
|c|★Nails|gengar works too
|c|★Nails|you also need a counter to like
|c|%blarajan|isn't eggy my lead.
|c|★Nails|everything
|c|★BKC|eggy is a pretty bad lead
|c|★Nails|no eggy lead is terrible
|choice|switch 5|move 1
|
|switch|p1a: Rhydon|Rhydon|413\/413
|move|p2a: fafafafa fafa fa|Body Slam|p1a: Rhydon
|-resisted|p1a: Rhydon
|-damage|p1a: Rhydon|368\/413
|
|turn|14
|c|%blarajan|oh
|choice|move 2|switch 3
|
|switch|p2a: fa fa far better|Starmie|323\/323
|move|p1a: Rhydon|Body Slam|p2a: fa fa far better
|-damage|p2a: fa fa far better|230\/323
|
|turn|15
|choice|switch 5|move 3
|
|switch|p1a: Starmie|Starmie|323\/323
|move|p2a: fa fa far better|Thunder Wave|p1a: Starmie
|-status|p1a: Starmie|par
|
|turn|16
|choice|switch 5|switch 3
|
|switch|p2a: fafafafa fafa fa|Snorlax|427\/523 par
|switch|p1a: Rhydon|Rhydon|368\/413
|
|turn|17
|c|%blarajan|that's a big threat team
|choice|move 2|switch 3
|
|switch|p2a: fa fa far better|Starmie|230\/323
|move|p1a: Rhydon|Body Slam|p2a: fa fa far better
|-damage|p2a: fa fa far better|142\/323
|
|turn|18
|choice|switch 5|move 4
|
|switch|p1a: Starmie|Starmie|323\/323 par
|move|p2a: fa fa far better|Recover|p2a: fa fa far better
|-heal|p2a: fa fa far better|303\/323
|
|turn|19
|choice|move 4|switch 3
|
|switch|p2a: fafafafa fafa fa|Snorlax|427\/523 par
|move|p1a: Starmie|Thunder Wave|p2a: fafafafa fafa fa
|-fail|p2a: fafafafa fafa fa|par
|
|turn|20
|choice|move 1|move 2
|
|cant|p1a: Starmie|par
|move|p2a: fafafafa fafa fa|Earthquake|p1a: Starmie
|-damage|p1a: Starmie|234\/323 par
|
|turn|21
|choice|switch 5|move 1
|
|switch|p1a: Rhydon|Rhydon|368\/413
|move|p2a: fafafafa fafa fa|Body Slam|p1a: Rhydon
|-resisted|p1a: Rhydon
|-damage|p1a: Rhydon|318\/413
|
|turn|22
|choice|move 1|move 2
|
|move|p1a: Rhydon|Earthquake|p2a: fafafafa fafa fa
|-damage|p2a: fafafafa fafa fa|250\/523 par
|move|p2a: fafafafa fafa fa|Earthquake|p1a: Rhydon
|-supereffective|p1a: Rhydon
|-damage|p1a: Rhydon|160\/413
|
|turn|23
|choice|move 1|switch 3
|
|switch|p2a: fa fa far better|Starmie|303\/323
|move|p1a: Rhydon|Earthquake|p2a: fa fa far better
|-damage|p2a: fa fa far better|139\/323
|
|turn|24
|choice|move 2|move 4
|
|move|p2a: fa fa far better|Recover|p2a: fa fa far better
|-heal|p2a: fa fa far better|300\/323
|move|p1a: Rhydon|Body Slam|p2a: fa fa far better
|-damage|p2a: fa fa far better|217\/323
|
|turn|25
|choice|switch 5|move 4
|
|switch|p1a: Starmie|Starmie|234\/323 par
|move|p2a: fa fa far better|Recover|p2a: fa fa far better
|-heal|p2a: fa fa far better|323\/323
|
|turn|26
|J|boudouche
|choice|switch 5|switch 5
|
|switch|p2a: run run run run|Jolteon|333\/333
|switch|p1a: Rhydon|Rhydon|160\/413
|
|turn|27
|J|giara
|choice|move 2|switch 6
|
|switch|p2a: run run run away|Tauros|353\/353
|move|p1a: Rhydon|Body Slam|p2a: run run run away
|-damage|p2a: run run run away|265\/353
|
|turn|28
|choice|switch 4|move 2
|
|switch|p1a: Tauros|Tauros|353\/353
|move|p2a: run run run away|Blizzard|p1a: Tauros
|-damage|p1a: Tauros|266\/353
|
|turn|29
|choice|move 1|move 2
|
|move|p1a: Tauros|Body Slam|p2a: run run run away
|-damage|p2a: run run run away|156\/353
|move|p2a: run run run away|Blizzard|p1a: Tauros|[miss]
|-miss|p2a: run run run away
|
|turn|30
|choice|move 1|move 3
|
|move|p2a: run run run away|Hyper Beam|p1a: Tauros
|-damage|p1a: Tauros|87\/353
|move|p1a: Tauros|Body Slam|p2a: run run run away
|-damage|p2a: run run run away|51\/353
|
|turn|31
|-mustrecharge|p2a: run run run away
|-mustrecharge|p2a: run run run away
|choice|move 1|move 1
|
|cant|p2a: run run run away|recharge
|move|p1a: Tauros|Body Slam|p2a: run run run away
|-damage|p2a: run run run away|0 fnt
|faint|p2a: run run run away
|choice||switch 5
|
|switch|p2a: fa fa far better|Starmie|323\/323
|turn|32
|choice|switch 5|move 2
|
|switch|p1a: Starmie|Starmie|234\/323 par
|move|p2a: fa fa far better|Psychic|p1a: Starmie
|-crit|p1a: Starmie
|-resisted|p1a: Starmie
|-damage|p1a: Starmie|134\/323 par
|
|turn|33
|choice|move 2|switch 3
|
|switch|p2a: fafafafa fafa fa|Snorlax|250\/523 par
|move|p1a: Starmie|Recover|p1a: Starmie
|-heal|p1a: Starmie|295\/323 par
|
|turn|34
|choice|move 1|move 1
|
|move|p1a: Starmie|Blizzard|p2a: fafafafa fafa fa
|-damage|p2a: fafafafa fafa fa|134\/523 par
|move|p2a: fafafafa fafa fa|Body Slam|p1a: Starmie
|-damage|p1a: Starmie|171\/323 par
|
|turn|35
|choice|switch 6|move 4
|
|switch|p1a: Alakazam|Alakazam|313\/313 slp
|move|p2a: fafafafa fafa fa|Self-Destruct|p1a: Alakazam
|-damage|p1a: Alakazam|0 fnt
|faint|p1a: Alakazam
|faint|p2a: fafafafa fafa fa
|choice|switch 6|switch 2
|
|switch|p2a: psycho killer|Alakazam|313\/313
|switch|p1a: Starmie|Starmie|171\/323 par
|turn|36
|choice|move 2|move 4
|
|move|p2a: psycho killer|Seismic Toss|p1a: Starmie
|-damage|p1a: Starmie|71\/323 par
|move|p1a: Starmie|Recover|p1a: Starmie
|-heal|p1a: Starmie|232\/323 par
|
|turn|37
|choice|move 4|move 4
|
|move|p2a: psycho killer|Seismic Toss|p1a: Starmie
|-damage|p1a: Starmie|132\/323 par
|move|p1a: Starmie|Thunder Wave|p2a: psycho killer
|-status|p2a: psycho killer|par
|
|turn|38
|choice|move 2|move 4
|
|move|p2a: psycho killer|Seismic Toss|p1a: Starmie
|-damage|p1a: Starmie|32\/323 par
|move|p1a: Starmie|Recover|p1a: Starmie
|-heal|p1a: Starmie|193\/323 par
|
|turn|39
|choice|move 2|move 4
|
|move|p2a: psycho killer|Seismic Toss|p1a: Starmie
|-damage|p1a: Starmie|93\/323 par
|cant|p1a: Starmie|par
|
|turn|40
|choice|move 2|move 4
|
|move|p2a: psycho killer|Seismic Toss|p1a: Starmie
|-damage|p1a: Starmie|0 fnt
|faint|p1a: Starmie
|choice|switch 4|
|
|switch|p1a: Rhydon|Rhydon|160\/413
|turn|41
|choice|move 4|move 1
|
|move|p1a: Rhydon|Substitute|p1a: Rhydon
|-start|p1a: Rhydon|Substitute
|-damage|p1a: Rhydon|57\/413
|move|p2a: psycho killer|Psychic|p1a: Rhydon
|-end|p1a: Rhydon|Substitute
|
|turn|42
|choice|move 1|move 1
|
|move|p1a: Rhydon|Earthquake|p2a: psycho killer
|-damage|p2a: psycho killer|77\/313 par
|move|p2a: psycho killer|Psychic|p1a: Rhydon
|-damage|p1a: Rhydon|0 fnt
|faint|p1a: Rhydon
|c|★Nails|gg
|choice|switch 5|
|
|switch|p1a: Tauros|Tauros|87\/353
|turn|43
|c|★BKC|gg
|choice|move 1|move 1
|
|move|p1a: Tauros|Body Slam|p2a: psycho killer
|-damage|p2a: psycho killer|0 fnt
|faint|p2a: psycho killer
|choice||switch 3
|
|switch|p2a: fa fa far better|Starmie|323\/323
|turn|44
|choice|move 1|move 2
|
|move|p2a: fa fa far better|Psychic|p1a: Tauros
|-crit|p1a: Tauros
|-damage|p1a: Tauros|0 fnt
|faint|p1a: Tauros
|
|win|BKC