|J|Nails
|J|teal6
|player|p1|Nails|282
|player|p2|teal6|138
|gametype|singles
|gen|1
|tier|[Gen 1] OU
|seed|
|rule|Sleep Clause Mod: Limit one foe put to sleep
|rule|Freeze Clause Mod: Limit one foe frozen
|rule|Species Clause: Limit one of each Pokémon
|rule|OHKO Clause: OHKO moves are banned
|rule|Evasion Moves Clause: Evasion moves are banned
|rule|HP Percentage Mod: HP is shown in percentages
|
|start
|switch|p1a: Alakazam|Alakazam|100\/100
|switch|p2a: Gengar|Gengar|100\/100
|turn|1
|c|★Nails|go to egg
|c|★teal6|i dont have one on this team lol
|c|★Nails|or chans
|c|★Nails|whatever
|choice||
|
|switch|p1a: Dragonite|Dragonite|100\/100
|switch|p2a: Chansey|Chansey|100\/100
|
|turn|2
|c|★teal6|ye
|c|★Nails|somethin slower than dnite
|c|★Nails|heal
|c|★teal6|kk
|choice||
|
|move|p1a: Dragonite|Wrap|p2a: Chansey
|-damage|p2a: Chansey|95\/100
|cant|p2a: Chansey|partiallytrapped
|
|turn|3
|c|★Nails|ok now
|c|★Nails|stay in
|c|★Nails|and tell me when wrap ends
|c|★teal6|heal again?
|choice||
|
|move|p1a: Dragonite|Wrap|p2a: Chansey|[from]Wrap
|-damage|p2a: Chansey|89\/100
|cant|p2a: Chansey|partiallytrapped
|
|turn|4
|choice||
|
|move|p1a: Dragonite|Wrap|p2a: Chansey
|-damage|p2a: Chansey|83\/100
|cant|p2a: Chansey|partiallytrapped
|
|turn|5
|choice||
|
|move|p1a: Dragonite|Wrap|p2a: Chansey|[from]Wrap
|-damage|p2a: Chansey|77\/100
|cant|p2a: Chansey|partiallytrapped
|
|turn|6
|choice||
|
|move|p1a: Dragonite|Wrap|p2a: Chansey|[from]Wrap
|-damage|p2a: Chansey|71\/100
|cant|p2a: Chansey|partiallytrapped
|
|turn|7
|choice||
|
|move|p1a: Dragonite|Wrap|p2a: Chansey
|-damage|p2a: Chansey|65\/100
|cant|p2a: Chansey|partiallytrapped
|
|turn|8
|c|★teal6|so is it just
|c|★teal6|infinite now
|choice||
|
|move|p1a: Dragonite|Wrap|p2a: Chansey|[from]Wrap
|-damage|p2a: Chansey|59\/100
|cant|p2a: Chansey|partiallytrapped
|
|turn|9
|c|★Nails|no it works the same
|c|★Nails|just
|c|★teal6|lol
|c|★teal6|i have no idea
|c|★teal6|that its over
|c|★teal6|until i see you use it again
|c|★Nails|theres no notification that wrap has ended
|c|★teal6|right
|choice||
|
|move|p1a: Dragonite|Wrap|p2a: Chansey|[from]Wrap
|-damage|p2a: Chansey|54\/100
|cant|p2a: Chansey|partiallytrapped
|
|turn|10
|choice||
|
|move|p1a: Dragonite|Hyper Beam|p2a: Chansey
|-damage|p2a: Chansey|0 fnt
|faint|p2a: Chansey
|c|★teal6|lol
|c|★teal6|hes gotta fix that
|-message|teal6 forfeited.
|
|win|Nails