|J|Real FV13
|J|Beds
|player|p1|Real FV13|73
|player|p2|Beds|252
|gametype|singles
|gen|1
|tier|[Gen 1] OU
|seed|
|rule|Sleep Clause Mod: Limit one foe put to sleep
|rule|Freeze Clause Mod: Limit one foe frozen
|rule|Species Clause: Limit one of each Pokémon
|rule|OHKO Clause: OHKO moves are banned
|rule|Evasion Moves Clause: Evasion moves are banned
|rule|HP Percentage Mod: HP is shown in percentages
|
|start
|switch|p1a: Jynx|Jynx|100\/100
|switch|p2a: Jynx|Jynx|100\/100
|turn|1
|J|Alexander
|J|hkmn
|c|★Beds|gl hf
|choice||
|
|move|p2a: Jynx|Lovely Kiss|p1a: Jynx
|-status|p1a: Jynx|slp
|cant|p1a: Jynx|slp
|
|turn|2
|choice||
|
|cant|p1a: Jynx|slp
|move|p2a: Jynx|Blizzard|p1a: Jynx
|-resisted|p1a: Jynx
|-damage|p1a: Jynx|79\/100 slp
|
|turn|3
|J|smilzo
|choice||
|
|switch|p1a: Starmie|Starmie|100\/100
|move|p2a: Jynx|Psychic|p1a: Starmie
|-resisted|p1a: Starmie
|-damage|p1a: Starmie|83\/100
|
|turn|4
|choice||
|
|switch|p2a: Chansey|Chansey|100\/100
|move|p1a: Starmie|Blizzard|p2a: Chansey|[miss]
|-miss|p1a: Starmie
|
|turn|5
|choice||
|
|switch|p1a: Jynx|Jynx|79\/100 slp
|move|p2a: Chansey|Thunder Wave|p1a: Jynx
|-fail|p1a: Jynx
|
|turn|6
|choice||
|
|-curestatus|p1a: Jynx|slp
|move|p2a: Chansey|Thunderbolt|p1a: Jynx
|-damage|p1a: Jynx|54\/100
|
|turn|7
|choice||
|
|switch|p2a: Jynx|Jynx|100\/100
|move|p1a: Jynx|Lovely Kiss|p2a: Jynx
|-status|p2a: Jynx|slp
|
|turn|8
|choice||
|
|move|p1a: Jynx|Blizzard|p2a: Jynx
|-resisted|p2a: Jynx
|-damage|p2a: Jynx|79\/100 slp
|cant|p2a: Jynx|slp
|
|turn|9
|choice||
|
|-curestatus|p2a: Jynx|slp
|move|p1a: Jynx|Seismic Toss|p2a: Jynx
|-damage|p2a: Jynx|49\/100
|
|turn|10
|choice||
|
|move|p1a: Jynx|Lovely Kiss|p2a: Jynx
|-status|p2a: Jynx|slp
|cant|p2a: Jynx|slp
|
|turn|11
|choice||
|
|switch|p2a: Chansey|Chansey|100\/100
|move|p1a: Jynx|Seismic Toss|p2a: Chansey
|-damage|p2a: Chansey|86\/100
|
|turn|12
|choice||
|
|move|p1a: Jynx|Blizzard|p2a: Chansey
|-damage|p2a: Chansey|66\/100
|move|p2a: Chansey|Thunder Wave|p1a: Jynx
|-status|p1a: Jynx|par
|
|turn|13
|choice||
|
|move|p2a: Chansey|Thunderbolt|p1a: Jynx
|-damage|p1a: Jynx|31\/100 par
|move|p1a: Jynx|Blizzard|p2a: Chansey
|-damage|p2a: Chansey|47\/100
|
|turn|14
|choice||
|
|move|p2a: Chansey|Soft-Boiled|p2a: Chansey
|-heal|p2a: Chansey|97\/100
|move|p1a: Jynx|Blizzard|p2a: Chansey
|-damage|p2a: Chansey|78\/100
|
|turn|15
|choice||
|
|move|p2a: Chansey|Thunderbolt|p1a: Jynx
|-damage|p1a: Jynx|8\/100 par
|move|p1a: Jynx|Blizzard|p2a: Chansey
|-damage|p2a: Chansey|60\/100
|
|turn|16
|c|★Real FV13|sad
|choice||
|
|move|p2a: Chansey|Thunderbolt|p1a: Jynx
|-damage|p1a: Jynx|0 fnt
|faint|p1a: Jynx
|choice||
|
|switch|p1a: Tauros|Tauros|100\/100
|turn|17
|choice||
|
|move|p1a: Tauros|Body Slam|p2a: Chansey
|-damage|p2a: Chansey|24\/100
|move|p2a: Chansey|Thunder Wave|p1a: Tauros
|-status|p1a: Tauros|par
|
|turn|18
|choice||
|
|switch|p2a: Snorlax|Snorlax|100\/100
|move|p1a: Tauros|Body Slam|p2a: Snorlax
|-damage|p2a: Snorlax|74\/100
|
|turn|19
|choice||
|
|move|p2a: Snorlax|Body Slam|p1a: Tauros
|-crit|p1a: Tauros
|-damage|p1a: Tauros|39\/100 par
|move|p1a: Tauros|Body Slam|p2a: Snorlax
|-damage|p2a: Snorlax|50\/100
|
|turn|20
|choice||
|
|move|p2a: Snorlax|Body Slam|p1a: Tauros
|-damage|p1a: Tauros|7\/100 par
|move|p1a: Tauros|Hyper Beam|p2a: Snorlax
|-damage|p2a: Snorlax|3\/100
|
|turn|21
|-mustrecharge|p1a: Tauros
|-mustrecharge|p1a: Tauros
|choice||
|
|move|p2a: Snorlax|Rest|p2a: Snorlax
|-status|p2a: Snorlax|slp
|-heal|p2a: Snorlax|100\/100 slp|[silent]
|-status|p2a: Snorlax|slp|[from] move: Rest
|cant|p1a: Tauros|recharge
|
|turn|22
|choice||
|
|cant|p2a: Snorlax|slp
|move|p1a: Tauros|Body Slam|p2a: Snorlax
|-crit|p2a: Snorlax
|-damage|p2a: Snorlax|53\/100 slp
|
|turn|23
|choice||
|
|-curestatus|p2a: Snorlax|slp
|move|p1a: Tauros|Body Slam|p2a: Snorlax
|-damage|p2a: Snorlax|29\/100
|
|turn|24
|choice||
|
|move|p2a: Snorlax|Rest|p2a: Snorlax
|-status|p2a: Snorlax|slp
|-heal|p2a: Snorlax|100\/100 slp|[silent]
|-status|p2a: Snorlax|slp|[from] move: Rest
|cant|p1a: Tauros|par
|
|turn|25
|choice||
|
|cant|p2a: Snorlax|slp
|move|p1a: Tauros|Body Slam|p2a: Snorlax
|-crit|p2a: Snorlax
|-damage|p2a: Snorlax|55\/100 slp
|
|turn|26
|choice||
|
|-curestatus|p2a: Snorlax|slp
|move|p1a: Tauros|Body Slam|p2a: Snorlax
|-damage|p2a: Snorlax|32\/100
|
|turn|27
|choice||
|
|move|p2a: Snorlax|Body Slam|p1a: Tauros
|-damage|p1a: Tauros|0 fnt
|faint|p1a: Tauros
|choice||
|
|switch|p1a: Exeggutor|Exeggutor|100\/100
|turn|28
|choice||
|
|switch|p1a: Chansey|Chansey|100\/100
|switch|p2a: Exeggutor|Exeggutor|100\/100
|
|turn|29
|choice||
|
|move|p2a: Exeggutor|Sleep Powder|p1a: Chansey|[miss]
|-miss|p2a: Exeggutor
|move|p1a: Chansey|Ice Beam|p2a: Exeggutor
|-supereffective|p2a: Exeggutor
|-damage|p2a: Exeggutor|69\/100
|
|turn|30
|choice||
|
|move|p2a: Exeggutor|Sleep Powder|p1a: Chansey|[miss]
|-miss|p2a: Exeggutor
|move|p1a: Chansey|Ice Beam|p2a: Exeggutor
|-crit|p2a: Exeggutor
|-supereffective|p2a: Exeggutor
|-damage|p2a: Exeggutor|7\/100
|
|turn|31
|choice||
|
|switch|p1a: Exeggutor|Exeggutor|100\/100
|move|p2a: Exeggutor|Sleep Powder|p1a: Exeggutor
|-status|p1a: Exeggutor|slp
|
|turn|32
|choice||
|
|switch|p1a: Snorlax|Snorlax, M|100\/100
|move|p2a: Exeggutor|Stun Spore|p1a: Snorlax
|-status|p1a: Snorlax|par
|
|turn|33
|choice||
|
|move|p2a: Exeggutor|Explosion|p1a: Snorlax
|-damage|p1a: Snorlax|39\/100 par
|faint|p2a: Exeggutor
|choice||
|
|switch|p2a: Tauros|Tauros|100\/100
|turn|34
|choice||
|
|switch|p2a: Jynx|Jynx|49\/100 slp
|move|p1a: Snorlax|Reflect|p1a: Snorlax
|-start|p1a: Snorlax|Reflect
|
|turn|35
|choice||
|
|cant|p2a: Jynx|slp
|move|p1a: Snorlax|Rest|p1a: Snorlax
|-status|p1a: Snorlax|slp
|-heal|p1a: Snorlax|100\/100 slp|[silent]
|-status|p1a: Snorlax|slp|[from] move: Rest
|
|turn|36
|choice||
|
|switch|p2a: Slowbro|Slowbro|100\/100
|cant|p1a: Snorlax|slp
|
|turn|37
|choice||
|
|switch|p1a: Starmie|Starmie|83\/100
|move|p2a: Slowbro|Amnesia|p2a: Slowbro
|-boost|p2a: Slowbro|spd|2
|-boost|p2a: Slowbro|spa|2
|
|turn|38
|choice||
|
|move|p1a: Starmie|Thunderbolt|p2a: Slowbro
|-supereffective|p2a: Slowbro
|-damage|p2a: Slowbro|80\/100
|move|p2a: Slowbro|Thunder Wave|p1a: Starmie
|-status|p1a: Starmie|par
|
|turn|39
|choice||
|
|switch|p2a: Chansey|Chansey|24\/100
|move|p1a: Starmie|Thunder Wave|p2a: Chansey
|-status|p2a: Chansey|par
|
|turn|40
|choice||
|
|switch|p1a: Snorlax|Snorlax, M|100\/100 slp
|move|p2a: Chansey|Soft-Boiled|p2a: Chansey
|-heal|p2a: Chansey|73\/100 par
|
|turn|41
|choice||
|
|-curestatus|p1a: Snorlax|slp
|cant|p2a: Chansey|par
|
|turn|42
|choice||
|
|switch|p2a: Jynx|Jynx|49\/100 slp
|move|p1a: Snorlax|Body Slam|p2a: Jynx
|-damage|p2a: Jynx|0 fnt
|faint|p2a: Jynx
|choice||
|
|switch|p2a: Snorlax|Snorlax|32\/100
|turn|43
|choice||
|
|move|p1a: Snorlax|Body Slam|p2a: Snorlax
|-damage|p2a: Snorlax|7\/100
|move|p2a: Snorlax|Body Slam|p1a: Snorlax
|-damage|p1a: Snorlax|75\/100
|
|turn|44
|choice||
|
|move|p1a: Snorlax|Body Slam|p2a: Snorlax
|-damage|p2a: Snorlax|0 fnt
|faint|p2a: Snorlax
|choice||
|
|switch|p2a: Tauros|Tauros|100\/100
|turn|45
|choice||
|
|move|p2a: Tauros|Body Slam|p1a: Snorlax
|-crit|p1a: Snorlax
|-damage|p1a: Snorlax|23\/100
|move|p1a: Snorlax|Reflect|p1a: Snorlax
|-start|p1a: Snorlax|Reflect
|
|turn|46
|choice||
|
|move|p2a: Tauros|Body Slam|p1a: Snorlax
|-damage|p1a: Snorlax|11\/100
|move|p1a: Snorlax|Rest|p1a: Snorlax
|-status|p1a: Snorlax|slp
|-heal|p1a: Snorlax|100\/100 slp|[silent]
|-status|p1a: Snorlax|slp|[from] move: Rest
|
|turn|47
|choice||
|
|switch|p2a: Slowbro|Slowbro|80\/100
|cant|p1a: Snorlax|slp
|
|turn|48
|choice||
|
|switch|p1a: Starmie|Starmie|83\/100 par
|move|p2a: Slowbro|Amnesia|p2a: Slowbro
|-boost|p2a: Slowbro|spd|2
|-boost|p2a: Slowbro|spa|2
|
|turn|49
|choice||
|
|move|p2a: Slowbro|Amnesia|p2a: Slowbro
|-boost|p2a: Slowbro|spd|2
|-boost|p2a: Slowbro|spa|2
|cant|p1a: Starmie|par
|
|turn|50
|choice||
|
|move|p2a: Slowbro|Surf|p1a: Starmie
|-resisted|p1a: Starmie
|-damage|p1a: Starmie|37\/100 par
|move|p1a: Starmie|Thunder Wave|p2a: Slowbro
|-status|p2a: Slowbro|par
|
|turn|51
|choice||
|
|move|p2a: Slowbro|Amnesia|p2a: Slowbro
|-boost|p2a: Slowbro|spd|2
|-boost|p2a: Slowbro|spa|2
|move|p1a: Starmie|Thunderbolt|p2a: Slowbro
|-supereffective|p2a: Slowbro
|-damage|p2a: Slowbro|67\/100 par
|
|turn|52
|choice||
|
|move|p2a: Slowbro|Surf|p1a: Starmie
|-resisted|p1a: Starmie
|-damage|p1a: Starmie|0 fnt
|faint|p1a: Starmie
|choice||
|
|switch|p1a: Exeggutor|Exeggutor|100\/100 slp
|turn|53
|choice||
|
|cant|p1a: Exeggutor|slp
|cant|p2a: Slowbro|par
|
|turn|54
|choice||
|
|cant|p1a: Exeggutor|slp
|cant|p2a: Slowbro|par
|
|turn|55
|choice||
|
|cant|p1a: Exeggutor|slp
|cant|p2a: Slowbro|par
|
|turn|56
|choice||
|
|-curestatus|p1a: Exeggutor|slp
|cant|p2a: Slowbro|par
|
|turn|57
|choice||
|
|switch|p2a: Chansey|Chansey|73\/100 par
|move|p1a: Exeggutor|Sleep Powder|p2a: Chansey
|-fail|p2a: Chansey
|
|turn|58
|L|Alexander
|choice||
|
|switch|p1a: Snorlax|Snorlax, M|100\/100 slp
|move|p2a: Chansey|Ice Beam|p1a: Snorlax
|-damage|p1a: Snorlax|83\/100 slp
|
|turn|59
|choice||
|
|switch|p2a: Slowbro|Slowbro|67\/100 par
|-curestatus|p1a: Snorlax|slp
|
|turn|60
|choice||
|
|move|p1a: Snorlax|Body Slam|p2a: Slowbro
|-damage|p2a: Slowbro|44\/100 par
|move|p2a: Slowbro|Thunder Wave|p1a: Snorlax
|-status|p1a: Snorlax|par
|
|turn|61
|choice||
|
|switch|p1a: Exeggutor|Exeggutor|100\/100
|move|p2a: Slowbro|Rest|p2a: Slowbro
|-status|p2a: Slowbro|slp
|-heal|p2a: Slowbro|100\/100 slp|[silent]
|-status|p2a: Slowbro|slp|[from] move: Rest
|
|turn|62
|choice||
|
|switch|p1a: Snorlax|Snorlax, M|83\/100 par
|cant|p2a: Slowbro|slp
|
|turn|63
|choice||
|
|move|p1a: Snorlax|Rest|p1a: Snorlax
|-status|p1a: Snorlax|slp
|-heal|p1a: Snorlax|100\/100 slp|[silent]
|-status|p1a: Snorlax|slp|[from] move: Rest
|-curestatus|p2a: Slowbro|slp
|
|turn|64
|choice||
|
|move|p2a: Slowbro|Thunder Wave|p1a: Snorlax
|-fail|p1a: Snorlax
|cant|p1a: Snorlax|slp
|
|turn|65
|choice||
|
|-curestatus|p1a: Snorlax|slp
|move|p2a: Slowbro|Amnesia|p2a: Slowbro
|-boost|p2a: Slowbro|spd|2
|-boost|p2a: Slowbro|spa|2
|
|turn|66
|choice||
|
|switch|p1a: Exeggutor|Exeggutor|100\/100
|move|p2a: Slowbro|Thunder Wave|p1a: Exeggutor
|-status|p1a: Exeggutor|par
|
|turn|67
|choice||
|
|switch|p2a: Chansey|Chansey|73\/100 par
|cant|p1a: Exeggutor|par
|
|turn|68
|choice||
|
|move|p1a: Exeggutor|Explosion|p2a: Chansey
|-damage|p2a: Chansey|0 fnt
|faint|p2a: Chansey
|faint|p1a: Exeggutor
|choice||
|
|switch|p1a: Chansey|Chansey|100\/100
|switch|p2a: Slowbro|Slowbro|100\/100
|turn|69
|choice||
|
|move|p1a: Chansey|Thunderbolt|p2a: Slowbro
|-supereffective|p2a: Slowbro
|-damage|p2a: Slowbro|57\/100
|move|p2a: Slowbro|Thunder Wave|p1a: Chansey
|-status|p1a: Chansey|par
|
|turn|70
|choice||
|
|move|p2a: Slowbro|Amnesia|p2a: Slowbro
|-boost|p2a: Slowbro|spd|2
|-boost|p2a: Slowbro|spa|2
|move|p1a: Chansey|Thunderbolt|p2a: Slowbro
|-supereffective|p2a: Slowbro
|-damage|p2a: Slowbro|33\/100
|
|turn|71
|choice||
|
|move|p2a: Slowbro|Rest|p2a: Slowbro
|-status|p2a: Slowbro|slp
|-heal|p2a: Slowbro|100\/100 slp|[silent]
|-status|p2a: Slowbro|slp|[from] move: Rest
|move|p1a: Chansey|Thunderbolt|p2a: Slowbro
|-supereffective|p2a: Slowbro
|-damage|p2a: Slowbro|77\/100 slp
|
|turn|72
|choice||
|
|cant|p2a: Slowbro|slp
|move|p1a: Chansey|Thunderbolt|p2a: Slowbro
|-supereffective|p2a: Slowbro
|-damage|p2a: Slowbro|54\/100 slp
|
|turn|73
|choice||
|
|-curestatus|p2a: Slowbro|slp
|move|p1a: Chansey|Thunderbolt|p2a: Slowbro
|-supereffective|p2a: Slowbro
|-damage|p2a: Slowbro|33\/100
|
|turn|74
|choice||
|
|move|p2a: Slowbro|Amnesia|p2a: Slowbro
|-boost|p2a: Slowbro|spd|2
|-boost|p2a: Slowbro|spa|2
|move|p1a: Chansey|Thunderbolt|p2a: Slowbro
|-supereffective|p2a: Slowbro
|-damage|p2a: Slowbro|17\/100
|
|turn|75
|choice||
|
|move|p2a: Slowbro|Rest|p2a: Slowbro
|-status|p2a: Slowbro|slp
|-heal|p2a: Slowbro|100\/100 slp|[silent]
|-status|p2a: Slowbro|slp|[from] move: Rest
|move|p1a: Chansey|Thunderbolt|p2a: Slowbro
|-supereffective|p2a: Slowbro
|-damage|p2a: Slowbro|84\/100 slp
|
|turn|76
|choice||
|
|cant|p2a: Slowbro|slp
|move|p1a: Chansey|Thunderbolt|p2a: Slowbro
|-crit|p2a: Slowbro
|-supereffective|p2a: Slowbro
|-damage|p2a: Slowbro|0 fnt
|faint|p2a: Slowbro
|choice||
|
|switch|p2a: Tauros|Tauros|100\/100
|turn|77
|choice||
|
|move|p2a: Tauros|Body Slam|p1a: Chansey
|-damage|p1a: Chansey|59\/100 par
|move|p1a: Chansey|Counter|p2a: Tauros
|-damage|p2a: Tauros|0 fnt
|faint|p2a: Tauros
|
|win|Real FV13