|inactive|Battle timer is ON: inactive players will automatically lose when time's up.
|J|Triangles RSE
|J|Dice
|player|p1|Triangles RSE|29
|player|p2|Dice|168
|gametype|singles
|gen|1
|tier|[Gen 1] OU
|seed|57127,53312,14564,835
|rule|Sleep Clause Mod: Limit one foe put to sleep
|rule|Freeze Clause Mod: Limit one foe frozen
|rule|Species Clause: Limit one of each Pokémon
|rule|OHKO Clause: OHKO moves are banned
|rule|Evasion Moves Clause: Evasion moves are banned
|rule|HP Percentage Mod: HP is shown in percentages
|
|start
|switch|p1a: Alakazam|Alakazam|313\/313
|switch|p2a: Alakazam|Alakazam|313\/313
|turn|1
|c|★Triangles RSE|o ok, rby
|J|Kingler12345
|c|★Dice|time to lose kid
|choice|move 4|move 3
|
|move|p2a: Alakazam|Thunder Wave|p1a: Alakazam
|-status|p1a: Alakazam|par
|move|p1a: Alakazam|Seismic Toss|p2a: Alakazam
|-damage|p2a: Alakazam|213\/313
|
|turn|2
|J|BKC
|choice|move 1|move 1
|
|move|p2a: Alakazam|Psychic|p1a: Alakazam
|-crit|p1a: Alakazam
|-resisted|p1a: Alakazam
|-damage|p1a: Alakazam|203\/313 par
|-unboost|p1a: Alakazam|spd|1
|-unboost|p1a: Alakazam|spa|1
|move|p1a: Alakazam|Thunder Wave|p2a: Alakazam
|-status|p2a: Alakazam|par
|
|turn|3
|choice|switch 5|move 4
|
|switch|p1a: Exeggutor|Exeggutor|393\/393
|move|p2a: Alakazam|Recover|p2a: Alakazam
|-heal|p2a: Alakazam|313\/313 par
|
|turn|4
|choice|switch 5|move 2
|
|switch|p1a: Alakazam|Alakazam|203\/313 par
|cant|p2a: Alakazam|par
|
|turn|5
|choice|move 3|move 2
|
|move|p2a: Alakazam|Seismic Toss|p1a: Alakazam
|-damage|p1a: Alakazam|103\/313 par
|move|p1a: Alakazam|Recover|p1a: Alakazam
|-heal|p1a: Alakazam|259\/313 par
|
|turn|6
|J|Fireburn
|J|Tesung
|choice|move 3|move 1
|
|move|p1a: Alakazam|Recover|p1a: Alakazam
|-heal|p1a: Alakazam|313\/313 par
|move|p2a: Alakazam|Psychic|p1a: Alakazam
|-resisted|p1a: Alakazam
|-damage|p1a: Alakazam|264\/313 par
|-unboost|p1a: Alakazam|spd|1
|-unboost|p1a: Alakazam|spa|1
|
|turn|7
|choice|switch 5|move 1
|
|switch|p1a: Exeggutor|Exeggutor|393\/393
|cant|p2a: Alakazam|par
|
|turn|8
|choice|move 1|move 2
|
|move|p1a: Exeggutor|Psychic|p2a: Alakazam
|-resisted|p2a: Alakazam
|-damage|p2a: Alakazam|267\/313 par
|move|p2a: Alakazam|Seismic Toss|p1a: Exeggutor
|-damage|p1a: Exeggutor|293\/393
|
|turn|9
|choice|move 4|move 2
|
|move|p1a: Exeggutor|Explosion|p2a: Alakazam
|-damage|p2a: Alakazam|0 fnt
|faint|p2a: Alakazam
|faint|p1a: Exeggutor
|choice|switch 3|switch 2
|
|switch|p1a: Lapras|Lapras|463\/463
|switch|p2a: Exeggutor|Exeggutor|393\/393
|turn|10
|choice|move 3|move 1
|
|move|p1a: Lapras|Sing|p2a: Exeggutor
|-status|p2a: Exeggutor|slp
|cant|p2a: Exeggutor|slp
|
|turn|11
|choice|move 1|switch 3
|
|switch|p2a: Snorlax|Snorlax|523\/523
|move|p1a: Lapras|Blizzard|p2a: Snorlax
|-damage|p2a: Snorlax|346\/523
|-status|p2a: Snorlax|frz
|
|turn|12
|c|★Triangles RSE|.
|choice|move 4|move 1
|
|move|p1a: Lapras|Thunderbolt|p2a: Snorlax
|-damage|p2a: Snorlax|259\/523 frz
|cant|p2a: Snorlax|frz
|
|turn|13
|choice|move 4|move 1
|
|move|p1a: Lapras|Thunderbolt|p2a: Snorlax
|-damage|p2a: Snorlax|159\/523 frz
|cant|p2a: Snorlax|frz
|
|turn|14
|choice|move 4|move 3
|
|move|p1a: Lapras|Thunderbolt|p2a: Snorlax
|-damage|p2a: Snorlax|58\/523 frz
|cant|p2a: Snorlax|frz
|
|turn|15
|choice|move 1|move 1
|
|move|p1a: Lapras|Blizzard|p2a: Snorlax|[miss]
|-miss|p1a: Lapras
|cant|p2a: Snorlax|frz
|
|turn|16
|choice|move 4|move 1
|
|move|p1a: Lapras|Thunderbolt|p2a: Snorlax
|-damage|p2a: Snorlax|0 fnt
|faint|p2a: Snorlax
|choice||switch 4
|
|switch|p2a: Jolteon|Jolteon|333\/333
|turn|17
|choice|switch 2|move 3
|
|switch|p1a: Mr 9 Lives|Jolteon|333\/333
|move|p2a: Jolteon|Thunderbolt|p1a: Mr 9 Lives
|-resisted|p1a: Mr 9 Lives
|-damage|p1a: Mr 9 Lives|279\/333
|
|turn|18
|choice|move 2|move 4
|
|move|p2a: Jolteon|Thunder Wave|p1a: Mr 9 Lives
|-status|p1a: Mr 9 Lives|par
|move|p1a: Mr 9 Lives|Thunder Wave|p2a: Jolteon
|-status|p2a: Jolteon|par
|
|turn|19
|choice|move 1|move 3
|
|move|p2a: Jolteon|Thunderbolt|p1a: Mr 9 Lives
|-crit|p1a: Mr 9 Lives
|-resisted|p1a: Mr 9 Lives
|-damage|p1a: Mr 9 Lives|166\/333 par
|move|p1a: Mr 9 Lives|Thunderbolt|p2a: Jolteon
|-resisted|p2a: Jolteon
|-damage|p2a: Jolteon|281\/333 par
|
|turn|20
|choice|move 1|move 3
|
|move|p2a: Jolteon|Thunderbolt|p1a: Mr 9 Lives
|-resisted|p1a: Mr 9 Lives
|-damage|p1a: Mr 9 Lives|114\/333 par
|move|p1a: Mr 9 Lives|Thunderbolt|p2a: Jolteon
|-crit|p2a: Jolteon
|-resisted|p2a: Jolteon
|-damage|p2a: Jolteon|182\/333 par
|
|turn|21
|choice|move 1|move 3
|
|move|p2a: Jolteon|Thunderbolt|p1a: Mr 9 Lives
|-resisted|p1a: Mr 9 Lives
|-damage|p1a: Mr 9 Lives|61\/333 par
|move|p1a: Mr 9 Lives|Thunderbolt|p2a: Jolteon
|-resisted|p2a: Jolteon
|-damage|p2a: Jolteon|126\/333 par
|
|turn|22
|choice|move 1|move 3
|
|move|p2a: Jolteon|Thunderbolt|p1a: Mr 9 Lives
|-resisted|p1a: Mr 9 Lives
|-damage|p1a: Mr 9 Lives|9\/333 par
|move|p1a: Mr 9 Lives|Thunderbolt|p2a: Jolteon
|-resisted|p2a: Jolteon
|-damage|p2a: Jolteon|68\/333 par
|
|turn|23
|choice|move 1|move 3
|
|cant|p1a: Mr 9 Lives|par
|move|p2a: Jolteon|Thunderbolt|p1a: Mr 9 Lives
|-resisted|p1a: Mr 9 Lives
|-damage|p1a: Mr 9 Lives|0 fnt
|faint|p1a: Mr 9 Lives
|choice|switch 4|
|
|switch|p1a: Snorlax|Snorlax|523\/523
|turn|24
|choice|move 1|move 3
|
|move|p1a: Snorlax|Body Slam|p2a: Jolteon
|-damage|p2a: Jolteon|0 fnt
|faint|p2a: Jolteon
|choice||switch 6
|
|switch|p2a: Zapdos|Zapdos|383\/383
|turn|25
|choice|move 1|move 2
|
|move|p2a: Zapdos|Thunder Wave|p1a: Snorlax
|-status|p1a: Snorlax|par
|cant|p1a: Snorlax|par
|
|turn|26
|choice|move 4|move 4
|
|move|p2a: Zapdos|Thunder|p1a: Snorlax|[miss]
|-miss|p2a: Zapdos
|move|p1a: Snorlax|Self-Destruct|p2a: Zapdos
|-damage|p2a: Zapdos|0 fnt
|faint|p2a: Zapdos
|faint|p1a: Snorlax
|choice|switch 2|switch 5
|
|switch|p2a: Tauros|Tauros|353\/353
|switch|p1a: Lapras|Lapras|463\/463
|turn|27
|choice|move 1|move 2
|
|move|p2a: Tauros|Body Slam|p1a: Lapras
|-damage|p1a: Lapras|342\/463
|move|p1a: Lapras|Blizzard|p2a: Tauros
|-crit|p2a: Tauros
|-damage|p2a: Tauros|37\/353
|
|turn|28
|c|★Triangles RSE|lol
|choice|move 4|move 4
|
|move|p2a: Tauros|Hyper Beam|p1a: Lapras
|-damage|p1a: Lapras|122\/463
|move|p1a: Lapras|Thunderbolt|p2a: Tauros
|-crit|p2a: Tauros
|-damage|p2a: Tauros|0 fnt
|faint|p2a: Tauros
|c|★Dice|gg
|choice||switch 3
|
|switch|p2a: Exeggutor|Exeggutor|393\/393 slp
|turn|29
|c|★Triangles RSE|gg
|c|★Triangles RSE|usual rby shitfest
|choice|move 1|move 1
|
|move|p1a: Lapras|Blizzard|p2a: Exeggutor
|-supereffective|p2a: Exeggutor
|-damage|p2a: Exeggutor|148\/393 slp
|cant|p2a: Exeggutor|slp
|
|turn|30
|c|★Triangles RSE|lets dpp
|choice|move 1|move 1
|
|move|p1a: Lapras|Blizzard|p2a: Exeggutor
|-supereffective|p2a: Exeggutor
|-damage|p2a: Exeggutor|0 fnt
|faint|p2a: Exeggutor
|
|win|Triangles RSE