|J|Nails
|J|TDK
|player|p1|Nails|1
|player|p2|TDK|96
|gametype|singles
|gen|1
|tier|[Gen 1] Random Battle
|seed|38095,37520,33488,15794
|rule|Sleep Clause Mod: Limit one foe put to sleep
|rule|Freeze Clause Mod: Limit one foe frozen
|rule|HP Percentage Mod: HP is shown in percentages
|
|start
|switch|p1a: Venonat|Venonat, L96|310\/310
|switch|p2a: Kabuto|Kabuto, L96|252\/252
|turn|1
|choice|move 2|move 1
|
|move|p2a: Kabuto|Body Slam|p1a: Venonat
|-damage|p1a: Venonat|228\/310
|-status|p1a: Venonat|par
|cant|p1a: Venonat|par
|
|turn|2
|choice|move 1|move 2
|
|move|p2a: Kabuto|Swords Dance|p2a: Kabuto
|-boost|p2a: Kabuto|atk|2
|move|p1a: Venonat|Mega Drain|p2a: Kabuto
|-supereffective|p2a: Kabuto
|-damage|p2a: Kabuto|143\/252
|-heal|p1a: Venonat|282\/310 par|[from] drain|[of] p2a: Kabuto
|
|turn|3
|J|funk
|choice|switch 6|move 1
|
|switch|p1a: Tauros|Tauros, L79|280\/280
|move|p2a: Kabuto|Body Slam|p1a: Tauros
|-damage|p1a: Tauros|144\/280
|
|turn|4
|L|funk
|choice|move 4|move 1
|
|move|p1a: Tauros|Earthquake|p2a: Kabuto
|-supereffective|p2a: Kabuto
|-damage|p2a: Kabuto|34\/252
|move|p2a: Kabuto|Body Slam|p1a: Tauros
|-damage|p1a: Tauros|4\/280
|
|turn|5
|choice|move 4|move 1
|
|move|p1a: Tauros|Earthquake|p2a: Kabuto
|-supereffective|p2a: Kabuto
|-damage|p2a: Kabuto|0 fnt
|faint|p2a: Kabuto
|choice||switch 2
|
|switch|p2a: Diglett|Diglett, L96|214\/214
|turn|6
|c|★TDK|hah, trapped!
|c|★Nails|shit i'm trapped
|choice|switch 6|move 1
|
|switch|p1a: Venonat|Venonat, L96|282\/310 par
|move|p2a: Diglett|Earthquake|p1a: Venonat
|-damage|p1a: Venonat|169\/310 par
|
|turn|7
|choice|move 2|move 4
|
|move|p2a: Diglett|Substitute|p2a: Diglett
|-start|p2a: Diglett|Substitute
|-damage|p2a: Diglett|161\/214
|move|p1a: Venonat|Stun Spore|p2a: Diglett
|-status|p2a: Diglett|par
|
|turn|8
|choice|move 1|move 1
|
|move|p2a: Diglett|Earthquake|p1a: Venonat
|-crit|p1a: Venonat
|-damage|p1a: Venonat|0 fnt
|faint|p1a: Venonat
|choice|switch 5|
|
|switch|p1a: Venusaur|Venusaur, L85|310\/310
|turn|9
|J|steelphoenix
|choice|move 4|move 3
|
|move|p1a: Venusaur|Razor Leaf|p2a: Diglett
|-crit|p2a: Diglett
|-supereffective|p2a: Diglett
|-end|p2a: Diglett|Substitute
|cant|p2a: Diglett|par
|
|turn|10
|c|+steelphoenix|Nails[Gen1OU]
|choice|move 3|move 3
|
|move|p1a: Venusaur|Body Slam|p2a: Diglett
|-damage|p2a: Diglett|73\/214 par
|move|p2a: Diglett|Sand Attack|p1a: Venusaur
|-unboost|p1a: Venusaur|accuracy|1
|
|turn|11
|choice|move 4|move 3
|
|move|p1a: Venusaur|Razor Leaf|p2a: Diglett
|-crit|p2a: Diglett
|-supereffective|p2a: Diglett
|-damage|p2a: Diglett|0 fnt
|faint|p2a: Diglett
|choice||switch 5
|
|switch|p2a: Jynx|Jynx, L79|265\/265
|turn|12
|choice|switch 4|move 1
|
|switch|p1a: Charmeleon|Charmeleon, L85|272\/272
|move|p2a: Jynx|Blizzard|p1a: Charmeleon
|-damage|p1a: Charmeleon|132\/272
|
|turn|13
|choice|move 4|move 1
|
|move|p2a: Jynx|Blizzard|p1a: Charmeleon
|-damage|p1a: Charmeleon|0 fnt
|faint|p1a: Charmeleon
|choice|switch 3|
|
|switch|p1a: Golduck|Golduck, L85|310\/310
|turn|14
|choice|move 1|move 2
|
|move|p2a: Jynx|Lovely Kiss|p1a: Golduck|[miss]
|-miss|p2a: Jynx
|move|p1a: Golduck|Amnesia|p1a: Golduck
|-boost|p1a: Golduck|spd|2
|-boost|p1a: Golduck|spa|2
|
|turn|15
|choice|move 4|move 2
|
|move|p1a: Golduck|Surf|p2a: Jynx
|-damage|p2a: Jynx|86\/265
|move|p2a: Jynx|Lovely Kiss|p1a: Golduck|[miss]
|-miss|p2a: Jynx
|
|turn|16
|c|★TDK|...
|choice|move 4|move 2
|
|move|p2a: Jynx|Lovely Kiss|p1a: Golduck
|-status|p1a: Golduck|slp
|cant|p1a: Golduck|slp
|
|turn|17
|choice|move 4|move 3
|
|move|p2a: Jynx|Mimic|p1a: Golduck
|-start|p2a: Jynx|Mimic|Surf
|cant|p1a: Golduck|slp
|
|turn|18
|c|★TDK|NO
|c|★TDK|I WANTED AMENSIA
|choice|move 4|switch 4
|
|switch|p2a: Electabuzz|Electabuzz, L85|284\/284
|cant|p1a: Golduck|slp
|
|turn|19
|c|★Nails|outplayed
|c|★TDK|haxed
|c|★Nails|no way you're critting
|choice|move 4|move 3
|
|move|p2a: Electabuzz|Thunderbolt|p1a: Golduck
|-supereffective|p1a: Golduck
|-damage|p1a: Golduck|202\/310 slp
|-curestatus|p1a: Golduck|slp
|
|turn|20
|c|★TDK|i dont need to
|c|★TDK|i have twave
|choice|switch 4|move 4
|
|switch|p1a: Venusaur|Venusaur, L85|310\/310
|move|p2a: Electabuzz|Thunder Wave|p1a: Venusaur
|-status|p1a: Venusaur|par
|
|turn|21
|choice|move 3|switch 4
|
|switch|p2a: Jynx|Jynx, L79|86\/265
|move|p1a: Venusaur|Body Slam|p2a: Jynx
|-damage|p2a: Jynx|0 fnt
|faint|p2a: Jynx
|choice||switch 6
|
|switch|p2a: Hypno|Hypno, L85|318\/318
|turn|22
|choice|switch 2|move 1
|
|switch|p1a: Magnemite|Magnemite, L96|243\/243
|move|p2a: Hypno|Psychic|p1a: Magnemite
|-damage|p1a: Magnemite|153\/243
|
|turn|23
|choice|move 4|move 3
|
|move|p2a: Hypno|Thunder Wave|p1a: Magnemite
|-status|p1a: Magnemite|par
|move|p1a: Magnemite|Thunder Wave|p2a: Hypno
|-status|p2a: Hypno|par
|
|turn|24
|c|★Nails|strong turn
|choice|move 3|move 1
|
|move|p2a: Hypno|Psychic|p1a: Magnemite
|-damage|p1a: Magnemite|60\/243 par
|move|p1a: Magnemite|Thunderbolt|p2a: Hypno
|-damage|p2a: Hypno|207\/318 par
|
|turn|25
|c|★TDK|y
|choice|move 3|move 2
|
|move|p2a: Hypno|Rest|p2a: Hypno
|-status|p2a: Hypno|slp
|-heal|p2a: Hypno|318\/318 slp|[silent]
|-status|p2a: Hypno|slp|[from] move: Rest
|move|p1a: Magnemite|Thunderbolt|p2a: Hypno
|-damage|p2a: Hypno|207\/318 slp
|
|turn|26
|choice|switch 6|move 1
|
|switch|p1a: Tauros|Tauros, L79|4\/280
|cant|p2a: Hypno|slp
|
|turn|27
|choice|move 2|switch 3
|
|switch|p2a: Onix|Onix, L90|246\/246
|move|p1a: Tauros|Body Slam|p2a: Onix
|-resisted|p2a: Onix
|-damage|p2a: Onix|223\/246
|
|turn|28
|choice|switch 2|move 4
|
|switch|p1a: Venusaur|Venusaur, L85|310\/310 par
|move|p2a: Onix|Earthquake|p1a: Venusaur
|-crit|p1a: Venusaur
|-damage|p1a: Venusaur|145\/310 par
|
|turn|29
|choice|move 4|switch 3
|
|switch|p2a: Hypno|Hypno, L85|207\/318 slp
|move|p1a: Venusaur|Razor Leaf|p2a: Hypno
|-crit|p2a: Hypno
|-damage|p2a: Hypno|114\/318 slp
|
|turn|30
|choice|switch 2|move 1
|
|switch|p1a: Tauros|Tauros, L79|4\/280
|-curestatus|p2a: Hypno|slp
|
|turn|31
|choice|move 1|switch 4
|
|switch|p2a: Electabuzz|Electabuzz, L85|284\/284
|move|p1a: Tauros|Hyper Beam|p2a: Electabuzz
|-damage|p2a: Electabuzz|91\/284
|
|turn|32
|-mustrecharge|p1a: Tauros
|-mustrecharge|p1a: Tauros
|choice|move 1|move 3
|
|move|p2a: Electabuzz|Thunderbolt|p1a: Tauros
|-damage|p1a: Tauros|0 fnt
|faint|p1a: Tauros
|choice|switch 2|
|
|switch|p1a: Venusaur|Venusaur, L85|145\/310 par
|turn|33
|choice|move 4|move 2
|
|move|p2a: Electabuzz|Psychic|p1a: Venusaur
|-supereffective|p1a: Venusaur
|-damage|p1a: Venusaur|38\/310 par
|-unboost|p1a: Venusaur|spd|1
|-unboost|p1a: Venusaur|spa|1
|cant|p1a: Venusaur|par
|
|turn|34
|choice|move 4|move 3
|
|move|p2a: Electabuzz|Thunderbolt|p1a: Venusaur
|-resisted|p1a: Venusaur
|-damage|p1a: Venusaur|0 fnt
|faint|p1a: Venusaur
|choice|switch 6|
|
|switch|p1a: Magnemite|Magnemite, L96|60\/243 par
|turn|35
|choice|move 4|switch 3
|
|switch|p2a: Onix|Onix, L90|223\/246
|move|p1a: Magnemite|Thunder Wave|p2a: Onix
|-immune|p2a: Onix|[msg]
|
|turn|36
|choice|move 4|move 4
|
|move|p2a: Onix|Earthquake|p1a: Magnemite
|-supereffective|p1a: Magnemite
|-damage|p1a: Magnemite|0 fnt
|faint|p1a: Magnemite
|choice|switch 4|
|
|switch|p1a: Golduck|Golduck, L85|202\/310
|turn|37
|c|★Nails|no way you're hitting this boom
|choice|move 1|move 1
|
|move|p1a: Golduck|Amnesia|p1a: Golduck
|-boost|p1a: Golduck|spd|2
|-boost|p1a: Golduck|spa|2
|move|p2a: Onix|Explosion|p1a: Golduck
|-crit|p1a: Golduck
|-damage|p1a: Golduck|0 fnt
|faint|p1a: Golduck
|faint|p2a: Onix
|
|win|TDK
|c|★TDK|GG
|c|★Nails|haxed
|c|★TDK|i won once
|c|★TDK|i'm content
|L|TDK
|player|p2