|J|Tesung
|J|Nails
|player|p1|Tesung|102
|player|p2|Nails|282
|gametype|singles
|gen|1
|tier|[Gen 1] OU
|seed|53047,11643,26076,63755
|rule|Sleep Clause Mod: Limit one foe put to sleep
|rule|Freeze Clause Mod: Limit one foe frozen
|rule|Species Clause: Limit one of each Pokémon
|rule|OHKO Clause: OHKO moves are banned
|rule|Evasion Moves Clause: Evasion moves are banned
|rule|HP Percentage Mod: HP is shown in percentages
|
|start
|switch|p1a: Jynx|Jynx|333\/333
|switch|p2a: Jynx|Jynx|333\/333
|turn|1
|c|★Tesung|tauros on this one
|c|★Tesung|yn
|choice|move 2|move 1
|
|move|p1a: Jynx|Lovely Kiss|p2a: Jynx
|-status|p2a: Jynx|slp
|cant|p2a: Jynx|slp
|
|turn|2
|choice|switch 6|switch 5
|
|switch|p2a: Slowbro|Slowbro, M|393\/393
|switch|p1a: Tauros|Tauros|353\/353
|
|turn|3
|J|LT2 Fly Away
|choice|switch 5|move 1
|
|switch|p1a: Starmie|Starmie|323\/323
|move|p2a: Slowbro|Thunder Wave|p1a: Starmie
|-status|p1a: Starmie|par
|
|turn|4
|choice|move 2|move 3
|
|move|p2a: Slowbro|Amnesia|p2a: Slowbro
|-boost|p2a: Slowbro|spd|2
|-boost|p2a: Slowbro|spa|2
|move|p1a: Starmie|Thunderbolt|p2a: Slowbro
|-supereffective|p2a: Slowbro
|-damage|p2a: Slowbro|307\/393
|
|turn|5
|choice|move 4|move 3
|
|move|p2a: Slowbro|Amnesia|p2a: Slowbro
|-boost|p2a: Slowbro|spd|2
|-boost|p2a: Slowbro|spa|2
|move|p1a: Starmie|Thunder Wave|p2a: Slowbro
|-status|p2a: Slowbro|par
|
|turn|6
|J|B& KC
|choice|move 2|move 3
|
|move|p2a: Slowbro|Amnesia|p2a: Slowbro
|-boost|p2a: Slowbro|spd|2
|-boost|p2a: Slowbro|spa|2
|cant|p1a: Starmie|par
|
|turn|7
|c|★Nails|whats tanking this ice beam
|choice|move 2|move 2
|
|move|p2a: Slowbro|Surf|p1a: Starmie
|-resisted|p1a: Starmie
|-damage|p1a: Starmie|126\/323 par
|cant|p1a: Starmie|par
|
|turn|8
|c|★Tesung|-
|c|★Nails|jk, lol
|choice|switch 4|move 2
|
|switch|p1a: Chansey|Chansey|703\/703
|move|p2a: Slowbro|Surf|p1a: Chansey
|-damage|p1a: Chansey|362\/703
|
|turn|9
|choice|move 4|move 1
|
|move|p1a: Chansey|Soft-Boiled|p1a: Chansey
|-heal|p1a: Chansey|703\/703
|move|p2a: Slowbro|Thunder Wave|p1a: Chansey
|-status|p1a: Chansey|par
|
|turn|10
|choice|move 1|move 3
|
|move|p1a: Chansey|Seismic Toss|p2a: Slowbro
|-damage|p2a: Slowbro|207\/393 par
|cant|p2a: Slowbro|par
|
|turn|11
|choice|move 1|move 4
|
|move|p1a: Chansey|Seismic Toss|p2a: Slowbro
|-damage|p2a: Slowbro|107\/393 par
|move|p2a: Slowbro|Rest|p2a: Slowbro
|-status|p2a: Slowbro|slp
|-heal|p2a: Slowbro|393\/393 slp|[silent]
|-status|p2a: Slowbro|slp|[from] move: Rest
|
|turn|12
|choice|switch 2|move 2
|
|switch|p1a: Zapdos|Zapdos|383\/383
|cant|p2a: Slowbro|slp
|
|turn|13
|choice|move 2|move 1
|
|move|p1a: Zapdos|Thunderbolt|p2a: Slowbro
|-supereffective|p2a: Slowbro
|-damage|p2a: Slowbro|311\/393 slp
|-curestatus|p2a: Slowbro|slp
|
|turn|14
|c|★Nails|suck this crit boy
|choice|move 2|move 1
|
|move|p1a: Zapdos|Thunderbolt|p2a: Slowbro
|-supereffective|p2a: Slowbro
|-damage|p2a: Slowbro|227\/393
|move|p2a: Slowbro|Thunder Wave|p1a: Zapdos
|-status|p1a: Zapdos|par
|
|turn|15
|choice|move 2|move 2
|
|move|p1a: Zapdos|Thunderbolt|p2a: Slowbro
|-supereffective|p2a: Slowbro
|-damage|p2a: Slowbro|152\/393
|move|p2a: Slowbro|Surf|p1a: Zapdos
|-damage|p1a: Zapdos|76\/383 par
|
|turn|16
|choice|move 2|move 4
|
|cant|p1a: Zapdos|par
|move|p2a: Slowbro|Rest|p2a: Slowbro
|-status|p2a: Slowbro|slp
|-heal|p2a: Slowbro|393\/393 slp|[silent]
|-status|p2a: Slowbro|slp|[from] move: Rest
|
|turn|17
|choice|move 2|move 2
|
|move|p1a: Zapdos|Thunderbolt|p2a: Slowbro
|-supereffective|p2a: Slowbro
|-damage|p2a: Slowbro|316\/393 slp
|cant|p2a: Slowbro|slp
|
|turn|18
|c|★Tesung|who does this.
|choice|move 2|move 2
|
|cant|p1a: Zapdos|par
|-curestatus|p2a: Slowbro|slp
|
|turn|19
|choice|move 2|move 2
|
|move|p1a: Zapdos|Thunderbolt|p2a: Slowbro
|-supereffective|p2a: Slowbro
|-damage|p2a: Slowbro|242\/393
|move|p2a: Slowbro|Surf|p1a: Zapdos
|-damage|p1a: Zapdos|0 fnt
|faint|p1a: Zapdos
|c|★Nails|-
|choice|switch 3|
|
|switch|p1a: Snorlax|Snorlax|523\/523
|turn|20
|choice|move 1|switch 5
|
|switch|p2a: Jynx|Jynx|333\/333 slp
|move|p1a: Snorlax|Body Slam|p2a: Jynx
|-damage|p2a: Jynx|158\/333 slp
|
|turn|21
|choice|move 1|move 1
|
|-curestatus|p2a: Jynx|slp
|move|p1a: Snorlax|Body Slam|p2a: Jynx
|-damage|p2a: Jynx|0 fnt
|faint|p2a: Jynx
|choice||switch 3
|
|switch|p2a: Chansey|Chansey|703\/703
|turn|22
|choice|switch 2|move 2
|
|switch|p1a: Chansey|Chansey|703\/703 par
|move|p2a: Chansey|Sing|p1a: Chansey
|-fail|p1a: Chansey
|
|turn|23
|choice|switch 6|switch 5
|
|switch|p2a: Slowbro|Slowbro, M|242\/393
|switch|p1a: Jynx|Jynx|333\/333
|
|turn|24
|choice|move 2|switch 5
|
|switch|p2a: Chansey|Chansey|703\/703
|move|p1a: Jynx|Lovely Kiss|p2a: Chansey
|-status|p2a: Chansey|slp
|
|turn|25
|choice|move 1|switch 5
|
|switch|p2a: Slowbro|Slowbro, M|242\/393
|move|p1a: Jynx|Blizzard|p2a: Slowbro
|-resisted|p2a: Slowbro
|-damage|p2a: Slowbro|166\/393
|
|turn|26
|choice|switch 4|move 3
|
|switch|p1a: Starmie|Starmie|126\/323 par
|move|p2a: Slowbro|Amnesia|p2a: Slowbro
|-boost|p2a: Slowbro|spd|2
|-boost|p2a: Slowbro|spa|2
|
|turn|27
|choice|move 4|move 3
|
|move|p2a: Slowbro|Amnesia|p2a: Slowbro
|-boost|p2a: Slowbro|spd|2
|-boost|p2a: Slowbro|spa|2
|move|p1a: Starmie|Thunder Wave|p2a: Slowbro
|-status|p2a: Slowbro|par
|
|turn|28
|choice|switch 2|move 2
|
|switch|p1a: Snorlax|Snorlax|523\/523
|move|p2a: Slowbro|Surf|p1a: Snorlax
|-damage|p1a: Snorlax|138\/523
|
|turn|29
|choice|move 1|move 2
|
|move|p1a: Snorlax|Body Slam|p2a: Slowbro
|-damage|p2a: Slowbro|64\/393 par
|move|p2a: Slowbro|Surf|p1a: Snorlax
|-damage|p1a: Snorlax|0 fnt
|faint|p1a: Snorlax
|choice|switch 5|
|
|switch|p1a: Tauros|Tauros|353\/353
|turn|30
|choice|move 1|move 2
|
|move|p1a: Tauros|Body Slam|p2a: Slowbro
|-damage|p2a: Slowbro|0 fnt
|faint|p2a: Slowbro
|choice||switch 2
|
|switch|p2a: Moltres|Moltres|383\/383
|turn|31
|c|★Tesung|aids
|choice|move 1|move 1
|
|move|p1a: Tauros|Body Slam|p2a: Moltres
|-damage|p2a: Moltres|271\/383
|move|p2a: Moltres|Fire Blast|p1a: Tauros
|-damage|p1a: Tauros|146\/353
|
|turn|32
|choice|move 4|move 4
|
|move|p1a: Tauros|Hyper Beam|p2a: Moltres
|-damage|p2a: Moltres|67\/383
|move|p2a: Moltres|Agility|p2a: Moltres
|-boost|p2a: Moltres|spe|2
|
|turn|33
|-mustrecharge|p1a: Tauros
|c|★Tesung|gg
|-message|Tesung forfeited.
|
|win|Nails