|J|Beds
|J|Tesung
|player|p1|Beds|252
|player|p2|Tesung|170
|gametype|singles
|gen|1
|tier|[Gen 1] OU
|seed|40878,26080,12846,16331
|rule|Sleep Clause Mod: Limit one foe put to sleep
|rule|Freeze Clause Mod: Limit one foe frozen
|rule|Species Clause: Limit one of each Pokémon
|rule|OHKO Clause: OHKO moves are banned
|rule|Evasion Moves Clause: Evasion moves are banned
|rule|HP Percentage Mod: HP is shown in percentages
|
|start
|switch|p1a: Alakazam|Alakazam|313\/313
|switch|p2a: Alakazam|Alakazam|313\/313
|turn|1
|J|Can
|J|Spl4sh
|L|Can
|J|KONICHIWAAA
|J|Cranham
|J|SB with a big dick
|J|kleiner junge
|J|Alexander
|choice|move 2|move 2
|
|move|p1a: Alakazam|Seismic Toss|p2a: Alakazam
|-damage|p2a: Alakazam|213\/313
|move|p2a: Alakazam|Thunder Wave|p1a: Alakazam
|-status|p1a: Alakazam|par
|
|turn|2
|J|LT2 mariveau
|choice|move 2|move 3
|
|move|p2a: Alakazam|Seismic Toss|p1a: Alakazam
|-damage|p1a: Alakazam|213\/313 par
|move|p1a: Alakazam|Seismic Toss|p2a: Alakazam
|-damage|p2a: Alakazam|113\/313
|
|turn|3
|L|Spl4sh
|choice|switch 2|move 4
|
|switch|p1a: Exeggutor|Exeggutor|393\/393
|move|p2a: Alakazam|Recover|p2a: Alakazam
|-heal|p2a: Alakazam|269\/313
|
|turn|4
|choice|move 4|move 1
|
|move|p2a: Alakazam|Psychic|p1a: Exeggutor
|-resisted|p1a: Exeggutor
|-damage|p1a: Exeggutor|335\/393
|move|p1a: Exeggutor|Sleep Powder|p2a: Alakazam
|-status|p2a: Alakazam|slp
|
|turn|5
|J|Ary
|c|+Ary|more like BADS
|J|Omfuga
|choice|switch 2|move 1
|
|switch|p1a: Alakazam|Alakazam|213\/313 par
|cant|p2a: Alakazam|slp
|
|turn|6
|c|+Omfuga|tesung now make
|J|LJDarkrai
|choice|move 2|move 3
|
|cant|p2a: Alakazam|slp
|move|p1a: Alakazam|Seismic Toss|p2a: Alakazam
|-damage|p2a: Alakazam|169\/313 slp
|
|turn|7
|c|+Omfuga|50 double switches in a row
|c|+Omfuga|to cleverly wake up
|c|+Omfuga|your alakazam
|choice|move 2|switch 6
|
|switch|p2a: Snorlax|Snorlax|523\/523
|move|p1a: Alakazam|Seismic Toss|p2a: Snorlax
|-damage|p2a: Snorlax|423\/523
|
|turn|8
|c|★Tesung|shh
|J|fjeoe
|choice|switch 3|move 3
|
|switch|p1a: Snorlax|Snorlax|523\/523
|move|p2a: Snorlax|Body Slam|p1a: Snorlax
|-damage|p1a: Snorlax|396\/523
|
|turn|9
|choice|move 1|switch 5
|
|switch|p2a: Exeggutor|Exeggutor|393\/393
|move|p1a: Snorlax|Body Slam|p2a: Exeggutor|[miss]
|-miss|p1a: Snorlax
|
|turn|10
|choice|switch 3|move 1
|
|switch|p1a: Alakazam|Alakazam|213\/313 par
|move|p2a: Exeggutor|Psychic|p1a: Alakazam
|-resisted|p1a: Alakazam
|-damage|p1a: Alakazam|167\/313 par
|
|turn|11
|c|★Tesung|i have hbeam
|c|★Tesung|on this one too
|c|★Tesung|yn
|c|★Beds|go for it
|c|★Beds|i am switching to articuno
|choice|move 1|move 3
|
|move|p2a: Exeggutor|Hyper Beam|p1a: Alakazam
|-damage|p1a: Alakazam|0 fnt
|faint|p1a: Alakazam
|choice|switch 2|
|
|switch|p1a: Exeggutor|Exeggutor|335\/393
|turn|12
|choice|move 3|move 4
|
|move|p1a: Exeggutor|Explosion|p2a: Exeggutor
|-damage|p2a: Exeggutor|121\/393
|faint|p1a: Exeggutor
|J|faggis the haggis
|choice|switch 5|
|
|switch|p1a: Tauros|Tauros|353\/353
|turn|13
|choice|move 4|switch 2
|
|switch|p2a: Starmie|Starmie|323\/323
|move|p1a: Tauros|Blizzard|p2a: Starmie
|-crit|p2a: Starmie
|-resisted|p2a: Starmie
|-damage|p2a: Starmie|248\/323
|
|turn|14
|choice|move 1|move 3
|
|move|p2a: Starmie|Thunder Wave|p1a: Tauros
|-status|p1a: Tauros|par
|cant|p1a: Tauros|par
|
|turn|15
|choice|switch 4|move 1
|
|switch|p1a: Chansey|Chansey|703\/703
|move|p2a: Starmie|Blizzard|p1a: Chansey
|-damage|p1a: Chansey|609\/703
|
|turn|16
|L|KONICHIWAAA
|J|Vai Lusa
|choice|move 1|switch 6
|
|switch|p2a: Alakazam|Alakazam|169\/313 slp
|move|p1a: Chansey|Ice Beam|p2a: Alakazam
|-damage|p2a: Alakazam|110\/313 slp
|
|turn|17
|choice|move 1|move 1
|
|-curestatus|p2a: Alakazam|slp
|move|p1a: Chansey|Ice Beam|p2a: Alakazam
|-damage|p2a: Alakazam|43\/313
|
|turn|18
|choice|move 2|move 4
|
|move|p2a: Alakazam|Recover|p2a: Alakazam
|-heal|p2a: Alakazam|199\/313
|move|p1a: Chansey|Thunder Wave|p2a: Alakazam
|-status|p2a: Alakazam|par
|
|turn|19
|choice|switch 3|move 4
|
|switch|p1a: Snorlax|Snorlax|396\/523
|move|p2a: Alakazam|Recover|p2a: Alakazam
|-heal|p2a: Alakazam|313\/313 par
|
|turn|20
|choice|move 1|switch 5
|
|switch|p2a: Snorlax|Snorlax|423\/523
|move|p1a: Snorlax|Body Slam|p2a: Snorlax
|-damage|p2a: Snorlax|286\/523
|
|turn|21
|J|spitterito
|choice|move 2|move 2
|
|move|p2a: Snorlax|Self-Destruct|p1a: Snorlax
|-damage|p1a: Snorlax|0 fnt
|faint|p1a: Snorlax
|faint|p2a: Snorlax
|choice|switch 4|switch 2
|
|switch|p2a: Exeggutor|Exeggutor|121\/393
|switch|p1a: Tauros|Tauros|353\/353 par
|turn|22
|J|f a p k i n gg
|choice|move 2|switch 6
|
|switch|p2a: Starmie|Starmie|248\/323
|move|p1a: Tauros|Hyper Beam|p2a: Starmie
|-damage|p2a: Starmie|40\/323
|
|turn|23
|-mustrecharge|p1a: Tauros
|-mustrecharge|p1a: Tauros
|choice|move 1|move 2
|
|move|p2a: Starmie|Recover|p2a: Starmie
|-heal|p2a: Starmie|201\/323
|cant|p1a: Tauros|recharge
|
|turn|24
|choice|switch 3|move 1
|
|switch|p1a: Chansey|Chansey|609\/703
|move|p2a: Starmie|Blizzard|p1a: Chansey
|-damage|p1a: Chansey|515\/703
|
|turn|25
|choice|move 2|switch 5
|
|switch|p2a: Alakazam|Alakazam|313\/313 par
|move|p1a: Chansey|Thunder Wave|p2a: Alakazam
|-fail|p2a: Alakazam|par
|
|turn|26
|choice|move 3|move 1
|
|move|p1a: Chansey|Soft-Boiled|p1a: Chansey
|-heal|p1a: Chansey|703\/703
|move|p2a: Alakazam|Psychic|p1a: Chansey
|-damage|p1a: Chansey|567\/703
|
|turn|27
|choice|move 4|move 2
|
|move|p1a: Chansey|Thunderbolt|p2a: Alakazam
|-damage|p2a: Alakazam|254\/313 par
|move|p2a: Alakazam|Thunder Wave|p1a: Chansey
|-status|p1a: Chansey|par
|
|turn|28
|choice|move 3|move 1
|
|move|p2a: Alakazam|Psychic|p1a: Chansey
|-damage|p1a: Chansey|448\/703 par
|move|p1a: Chansey|Soft-Boiled|p1a: Chansey
|-fail|p1a: Chansey
|
|turn|29
|c|★Tesung|LOL
|choice|move 3|move 4
|
|move|p2a: Alakazam|Recover|p2a: Alakazam
|-heal|p2a: Alakazam|313\/313 par
|move|p1a: Chansey|Soft-Boiled|p1a: Chansey
|-fail|p1a: Chansey
|
|turn|30
|choice|move 1|switch 5
|
|switch|p2a: Starmie|Starmie|201\/323
|move|p1a: Chansey|Ice Beam|p2a: Starmie
|-resisted|p2a: Starmie
|-damage|p2a: Starmie|164\/323
|
|turn|31
|choice|move 4|move 2
|
|move|p2a: Starmie|Recover|p2a: Starmie
|-heal|p2a: Starmie|323\/323
|move|p1a: Chansey|Thunderbolt|p2a: Starmie
|-supereffective|p2a: Starmie
|-damage|p2a: Starmie|161\/323
|
|turn|32
|choice|move 2|move 2
|
|move|p2a: Starmie|Recover|p2a: Starmie
|-heal|p2a: Starmie|322\/323
|move|p1a: Chansey|Thunder Wave|p2a: Starmie
|-status|p2a: Starmie|par
|
|turn|33
|choice|move 4|switch 5
|
|switch|p2a: Alakazam|Alakazam|313\/313 par
|cant|p1a: Chansey|par
|
|turn|34
|choice|move 3|move 1
|
|move|p2a: Alakazam|Psychic|p1a: Chansey
|-damage|p1a: Chansey|319\/703 par
|move|p1a: Chansey|Soft-Boiled|p1a: Chansey
|-heal|p1a: Chansey|670\/703 par
|
|turn|35
|choice|move 1|move 1
|
|move|p2a: Alakazam|Psychic|p1a: Chansey
|-crit|p1a: Chansey
|-damage|p1a: Chansey|435\/703 par
|move|p1a: Chansey|Ice Beam|p2a: Alakazam
|-damage|p2a: Alakazam|255\/313 par
|
|turn|36
|choice|move 3|switch 6
|
|switch|p2a: Exeggutor|Exeggutor|121\/393
|move|p1a: Chansey|Soft-Boiled|p1a: Chansey
|-heal|p1a: Chansey|703\/703 par
|
|turn|37
|choice|move 1|move 2
|
|move|p2a: Exeggutor|Explosion|p1a: Chansey
|-damage|p1a: Chansey|0 fnt
|faint|p1a: Chansey
|faint|p2a: Exeggutor
|choice|switch 3|switch 4
|
|switch|p2a: Tauros|Tauros|353\/353
|switch|p1a: Tauros|Tauros|353\/353 par
|turn|38
|choice|move 1|move 1
|
|move|p2a: Tauros|Body Slam|p1a: Tauros
|-damage|p1a: Tauros|250\/353 par
|move|p1a: Tauros|Body Slam|p2a: Tauros
|-damage|p2a: Tauros|255\/353
|
|turn|39
|J|MoxieInfinite
|choice|move 2|move 1
|
|move|p2a: Tauros|Body Slam|p1a: Tauros
|-crit|p1a: Tauros
|-damage|p1a: Tauros|56\/353 par
|move|p1a: Tauros|Hyper Beam|p2a: Tauros
|-damage|p2a: Tauros|87\/353
|
|turn|40
|-mustrecharge|p1a: Tauros
|-mustrecharge|p1a: Tauros
|choice|move 1|move 1
|
|move|p2a: Tauros|Body Slam|p1a: Tauros
|-crit|p1a: Tauros
|-damage|p1a: Tauros|0 fnt
|faint|p1a: Tauros
|choice|switch 6|
|
|switch|p1a: Zapdos|Zapdos|383\/383
|turn|41
|L|kleiner junge
|c|+MoxieInfinite|burd
|choice|move 3|move 1
|
|move|p2a: Tauros|Body Slam|p1a: Zapdos
|-crit|p1a: Zapdos
|-damage|p1a: Zapdos|163\/383
|move|p1a: Zapdos|Thunderbolt|p2a: Tauros
|-damage|p2a: Tauros|0 fnt
|faint|p2a: Tauros
|L|fjeoe
|choice||switch 3
|
|switch|p2a: Jolteon|Jolteon|333\/333
|turn|42
|c|★Beds|that's not a chansey
|choice|move 1|move 4
|
|move|p2a: Jolteon|Thunderbolt|p1a: Zapdos
|-damage|p1a: Zapdos|64\/383
|move|p1a: Zapdos|Thunder Wave|p2a: Jolteon
|-status|p2a: Jolteon|par
|
|turn|43
|c|★Tesung|nah its not
|choice|move 2|move 4
|
|move|p1a: Zapdos|Thunder|p2a: Jolteon
|-resisted|p2a: Jolteon
|-damage|p2a: Jolteon|250\/333 par
|move|p2a: Jolteon|Thunderbolt|p1a: Zapdos
|-damage|p1a: Zapdos|0 fnt
|faint|p1a: Zapdos
|
|win|Tesung