|J|Alexander
|J|Slurmz
|player|p1|Alexander|101
|player|p2|Slurmz|#teamrocket
|gametype|singles
|gen|1
|tier|[Gen 1] OU
|seed|9546,17609,36512,7084
|rule|Sleep Clause Mod: Limit one foe put to sleep
|rule|Freeze Clause Mod: Limit one foe frozen
|rule|Species Clause: Limit one of each Pokémon
|rule|OHKO Clause: OHKO moves are banned
|rule|Evasion Moves Clause: Evasion moves are banned
|rule|HP Percentage Mod: HP is shown in percentages
|
|start
|switch|p1a: Gengar|Gengar|323\/323
|switch|p2a: PERCHE TI AMO|Jynx|333\/333
|turn|1
|choice|move 1|move 1
|
|move|p1a: Gengar|Hypnosis|p2a: PERCHE TI AMO
|-status|p2a: PERCHE TI AMO|slp
|cant|p2a: PERCHE TI AMO|slp
|
|turn|2
|choice|move 2|move 1
|
|move|p1a: Gengar|Night Shade|p2a: PERCHE TI AMO
|-damage|p2a: PERCHE TI AMO|233\/333 slp
|cant|p2a: PERCHE TI AMO|slp
|
|turn|3
|choice|move 2|switch 3
|
|switch|p2a: MORTO DE FIGA|Chansey|703\/703
|move|p1a: Gengar|Night Shade|p2a: MORTO DE FIGA
|-damage|p2a: MORTO DE FIGA|603\/703
|
|turn|4
|choice|switch 2|switch 3
|
|switch|p1a: Chansey|Chansey|703\/703
|switch|p2a: PERCHE TI AMO|Jynx|233\/333 slp
|
|turn|5
|choice|switch 6|move 1
|
|switch|p1a: Tauros|Tauros|353\/353
|-curestatus|p2a: PERCHE TI AMO|slp
|
|turn|6
|choice|move 1|switch 3
|
|switch|p2a: MORTO DE FIGA|Chansey|603\/703
|move|p1a: Tauros|Body Slam|p2a: MORTO DE FIGA
|-damage|p2a: MORTO DE FIGA|318\/703
|
|turn|7
|choice|move 4|move 4
|
|move|p1a: Tauros|Hyper Beam|p2a: MORTO DE FIGA
|-damage|p2a: MORTO DE FIGA|0 fnt
|faint|p2a: MORTO DE FIGA
|choice||switch 5
|
|switch|p2a: CANTO AL RITMO|Tauros|353\/353
|turn|8
|J|Ryum
|choice|move 1|move 1
|
|move|p2a: CANTO AL RITMO|Body Slam|p1a: Tauros
|-crit|p1a: Tauros
|-damage|p1a: Tauros|140\/353
|move|p1a: Tauros|Body Slam|p2a: CANTO AL RITMO
|-damage|p2a: CANTO AL RITMO|253\/353
|
|turn|9
|choice|switch 5|move 2
|
|switch|p1a: Snorlax|Snorlax|523\/523
|move|p2a: CANTO AL RITMO|Earthquake|p1a: Snorlax
|-crit|p1a: Snorlax
|-damage|p1a: Snorlax|310\/523
|
|turn|10
|choice|move 1|move 1
|
|move|p2a: CANTO AL RITMO|Body Slam|p1a: Snorlax
|-damage|p1a: Snorlax|171\/523
|move|p1a: Snorlax|Body Slam|p2a: CANTO AL RITMO
|-damage|p2a: CANTO AL RITMO|147\/353
|
|turn|11
|choice|switch 2|move 4
|
|switch|p1a: Gengar|Gengar|323\/323
|move|p2a: CANTO AL RITMO|Hyper Beam|p1a: Gengar
|-immune|p1a: Gengar|[msg]
|
|turn|12
|choice|move 3|move 2
|
|move|p2a: CANTO AL RITMO|Earthquake|p1a: Gengar
|-supereffective|p1a: Gengar
|-damage|p1a: Gengar|114\/323
|move|p1a: Gengar|Thunderbolt|p2a: CANTO AL RITMO
|-damage|p2a: CANTO AL RITMO|38\/353
|
|turn|13
|choice|move 3|move 2
|
|move|p1a: Gengar|Thunderbolt|p2a: CANTO AL RITMO
|-damage|p2a: CANTO AL RITMO|0 fnt
|faint|p2a: CANTO AL RITMO
|c|★Slurmz|gah
|choice||switch 6
|
|switch|p2a: CADA UNA STELLA|Starmie|323\/323
|turn|14
|choice|switch 6|move 2
|
|switch|p1a: Chansey|Chansey|703\/703
|move|p2a: CADA UNA STELLA|Thunderbolt|p1a: Chansey
|-crit|p1a: Chansey
|-damage|p1a: Chansey|559\/703
|
|turn|15
|choice|move 1|switch 3
|
|switch|p2a: PERCHE TI AMO|Jynx|233\/333
|move|p1a: Chansey|Sing|p2a: PERCHE TI AMO
|-status|p2a: PERCHE TI AMO|slp
|
|turn|16
|choice|move 3|switch 3
|
|switch|p2a: CADA UNA STELLA|Starmie|323\/323
|move|p1a: Chansey|Ice Beam|p2a: CADA UNA STELLA
|-resisted|p2a: CADA UNA STELLA
|-damage|p2a: CADA UNA STELLA|283\/323
|-status|p2a: CADA UNA STELLA|frz
|
|turn|17
|choice|move 3|switch 4
|
|switch|p2a: CHE TE NE FREGA|Exeggutor|393\/393
|move|p1a: Chansey|Ice Beam|p2a: CHE TE NE FREGA
|-crit|p2a: CHE TE NE FREGA
|-supereffective|p2a: CHE TE NE FREGA
|-damage|p2a: CHE TE NE FREGA|132\/393
|-message|Freeze Clause activated.
|
|turn|18
|c|★Slurmz|lol
|choice|switch 6|move 1
|
|switch|p1a: Gengar|Gengar|114\/323
|move|p2a: CHE TE NE FREGA|Sleep Powder|p1a: Gengar
|-status|p1a: Gengar|slp
|
|turn|19
|choice|move 4|move 2
|
|cant|p1a: Gengar|slp
|move|p2a: CHE TE NE FREGA|Stun Spore|p1a: Gengar
|-fail|p1a: Gengar
|
|turn|20
|choice|move 4|move 3
|
|cant|p1a: Gengar|slp
|move|p2a: CHE TE NE FREGA|Psychic|p1a: Gengar
|-supereffective|p1a: Gengar
|-damage|p1a: Gengar|0 fnt
|faint|p1a: Gengar
|choice|switch 3|
|
|switch|p1a: Cloyster|Cloyster|303\/303
|turn|21
|choice|move 1|switch 2
|
|switch|p2a: SE VEDE CHE TU|Snorlax|523\/523
|move|p1a: Cloyster|Blizzard|p2a: SE VEDE CHE TU
|-damage|p2a: SE VEDE CHE TU|345\/523
|
|turn|22
|choice|move 1|move 4
|
|move|p1a: Cloyster|Blizzard|p2a: SE VEDE CHE TU
|-damage|p2a: SE VEDE CHE TU|172\/523
|move|p2a: SE VEDE CHE TU|Self-Destruct|p1a: Cloyster
|-damage|p1a: Cloyster|89\/303
|faint|p2a: SE VEDE CHE TU
|choice||switch 4
|
|switch|p2a: CADA UNA STELLA|Starmie|283\/323 frz
|turn|23
|choice|move 1|move 2
|
|cant|p2a: CADA UNA STELLA|frz
|move|p1a: Cloyster|Blizzard|p2a: CADA UNA STELLA
|-resisted|p2a: CADA UNA STELLA
|-damage|p2a: CADA UNA STELLA|217\/323 frz
|
|turn|24
|c|★Slurmz|have fire move
|c|★Slurmz|yn
|c|★Slurmz|hp fire
|c|★Alexander|n :(
|choice|switch 5|move 2
|
|switch|p1a: Tauros|Tauros|140\/353
|cant|p2a: CADA UNA STELLA|frz
|
|turn|25
|c|★Slurmz|:(
|c|★Slurmz|\/me sad
|choice|move 1|move 3
|
|cant|p2a: CADA UNA STELLA|frz
|move|p1a: Tauros|Body Slam|p2a: CADA UNA STELLA
|-damage|p2a: CADA UNA STELLA|109\/323 frz
|
|turn|26
|c|★Slurmz|gg
|choice|move 1|move 3
|
|cant|p2a: CADA UNA STELLA|frz
|move|p1a: Tauros|Body Slam|p2a: CADA UNA STELLA
|-damage|p2a: CADA UNA STELLA|0 fnt
|faint|p2a: CADA UNA STELLA
|choice||switch 3
|
|switch|p2a: PERCHE TI AMO|Jynx|233\/333 slp
|turn|27
|c|★Alexander|gg
|choice|move 1|move 1
|
|move|p1a: Tauros|Body Slam|p2a: PERCHE TI AMO
|-crit|p2a: PERCHE TI AMO
|-damage|p2a: PERCHE TI AMO|0 fnt
|faint|p2a: PERCHE TI AMO
|choice||switch 2
|
|switch|p2a: CHE TE NE FREGA|Exeggutor|132\/393
|turn|28
|-message|Slurmz forfeited.
|
|win|Alexander