|J|Lusch
|J|Ortheore
|player|p1|Lusch|153
|player|p2|Ortheore|170
|gametype|singles
|gen|1
|tier|[Gen 1] OU
|seed|14514,39173,31171,51276
|rule|Sleep Clause Mod: Limit one foe put to sleep
|rule|Freeze Clause Mod: Limit one foe frozen
|rule|Species Clause: Limit one of each Pokémon
|rule|OHKO Clause: OHKO moves are banned
|rule|Evasion Moves Clause: Evasion moves are banned
|rule|HP Percentage Mod: HP is shown in percentages
|
|start
|switch|p1a: Clefable|Clefable|393\/393
|switch|p2a: Mr. Mime|Mr. Mime|283\/283
|turn|1
|choice|move 1|move 2
|
|move|p2a: Mr. Mime|Thunder Wave|p1a: Clefable
|-status|p1a: Clefable|par
|move|p1a: Clefable|Body Slam|p2a: Mr. Mime
|-damage|p2a: Mr. Mime|184\/283
|
|turn|2
|choice|move 1|move 1
|
|move|p2a: Mr. Mime|Psychic|p1a: Clefable
|-damage|p1a: Clefable|284\/393 par
|-unboost|p1a: Clefable|spd|1
|-unboost|p1a: Clefable|spa|1
|move|p1a: Clefable|Body Slam|p2a: Mr. Mime
|-damage|p2a: Mr. Mime|76\/283
|-status|p2a: Mr. Mime|par
|
|turn|3
|J|badaking
|choice|switch 3|move 1
|
|switch|p1a: Vaporeon|Vaporeon|463\/463
|move|p2a: Mr. Mime|Psychic|p1a: Vaporeon
|-damage|p1a: Vaporeon|370\/463
|
|turn|4
|J|LJDarkrai
|choice|move 1|move 2
|
|move|p1a: Vaporeon|Blizzard|p2a: Mr. Mime
|-damage|p2a: Mr. Mime|0 fnt
|faint|p2a: Mr. Mime
|choice||switch 4
|
|switch|p2a: Dewgong|Dewgong|383\/383
|turn|5
|choice|move 2|move 4
|
|move|p2a: Dewgong|Blizzard|p1a: Vaporeon
|-resisted|p1a: Vaporeon
|-damage|p1a: Vaporeon|312\/463
|-status|p1a: Vaporeon|frz
|cant|p1a: Vaporeon|frz
|
|turn|6
|c|★Lusch|rip
|J|BKC
|choice|move 2|move 4
|
|move|p2a: Dewgong|Blizzard|p1a: Vaporeon
|-resisted|p1a: Vaporeon
|-damage|p1a: Vaporeon|254\/463 frz
|cant|p1a: Vaporeon|frz
|
|turn|7
|choice|move 2|switch 3
|
|switch|p2a: Venusaur|Venusaur|363\/363
|cant|p1a: Vaporeon|frz
|
|turn|8
|choice|move 1|move 2
|
|move|p2a: Venusaur|Razor Leaf|p1a: Vaporeon
|-crit|p1a: Vaporeon
|-supereffective|p1a: Vaporeon
|-damage|p1a: Vaporeon|17\/463 frz
|cant|p1a: Vaporeon|frz
|
|turn|9
|choice|move 1|move 3
|
|move|p2a: Venusaur|Body Slam|p1a: Vaporeon
|-damage|p1a: Vaporeon|0 fnt
|faint|p1a: Vaporeon
|choice|switch 4|
|
|switch|p1a: Charizard|Charizard|359\/359
|turn|10
|choice|move 2|switch 6
|
|switch|p2a: Rapidash|Rapidash|333\/333
|move|p1a: Charizard|Fire Blast|p2a: Rapidash
|-resisted|p2a: Rapidash
|-damage|p2a: Rapidash|264\/333
|
|turn|11
|choice|move 1|move 4
|
|move|p2a: Rapidash|Fire Spin|p1a: Charizard
|-resisted|p1a: Charizard
|-damage|p1a: Charizard|351\/359
|-activate|p1a: Charizard|move: Fire Spin|[of] p2a: Rapidash
|cant|p1a: Charizard|partiallytrapped
|
|turn|12
|choice|switch 2|switch 3
|
|switch|p2a: Dewgong|Dewgong|383\/383
|switch|p1a: Venusaur|Venusaur|363\/363
|
|turn|13
|choice|move 4|switch 3
|
|switch|p2a: Rapidash|Rapidash|264\/333
|move|p1a: Venusaur|Sleep Powder|p2a: Rapidash
|-status|p2a: Rapidash|slp
|
|turn|14
|choice|switch 2|switch 6
|
|switch|p2a: Venusaur|Venusaur|363\/363
|switch|p1a: Charizard|Charizard|351\/359
|
|turn|15
|choice|move 2|switch 3
|
|switch|p2a: Dewgong|Dewgong|383\/383
|move|p1a: Charizard|Fire Blast|p2a: Dewgong
|-crit|p2a: Dewgong
|-damage|p2a: Dewgong|127\/383
|-status|p2a: Dewgong|brn
|
|turn|16
|J|Jayde
|L|Jayde
|choice|move 2|move 4
|
|move|p1a: Charizard|Fire Blast|p2a: Dewgong
|-damage|p2a: Dewgong|0 fnt
|faint|p2a: Dewgong
|choice||switch 5
|
|switch|p2a: Dugtrio|Dugtrio|273\/273
|turn|17
|choice|switch 2|move 2
|
|switch|p1a: Venusaur|Venusaur|363\/363
|move|p2a: Dugtrio|Rock Slide|p1a: Venusaur|[miss]
|-miss|p2a: Dugtrio
|
|turn|18
|choice|move 1|switch 3
|
|switch|p2a: Venusaur|Venusaur|363\/363
|move|p1a: Venusaur|Body Slam|p2a: Venusaur
|-crit|p2a: Venusaur
|-damage|p2a: Venusaur|242\/363
|
|turn|19
|J|qht
|choice|move 1|move 2
|
|move|p1a: Venusaur|Body Slam|p2a: Venusaur
|-damage|p2a: Venusaur|181\/363
|move|p2a: Venusaur|Razor Leaf|p1a: Venusaur|[miss]
|-miss|p2a: Venusaur
|
|turn|20
|choice|move 1|move 1
|
|move|p1a: Venusaur|Body Slam|p2a: Venusaur
|-damage|p2a: Venusaur|113\/363
|move|p2a: Venusaur|Sleep Powder|p1a: Venusaur
|-status|p1a: Venusaur|slp
|
|turn|21
|choice|switch 5|move 3
|
|switch|p1a: Gastly|Gastly|263\/263
|move|p2a: Venusaur|Body Slam|p1a: Gastly
|-immune|p1a: Gastly|[msg]
|
|turn|22
|choice|move 3|switch 3
|
|switch|p2a: Dugtrio|Dugtrio|273\/273
|move|p1a: Gastly|Psychic|p2a: Dugtrio
|-damage|p2a: Dugtrio|180\/273
|
|turn|23
|choice|switch 6|move 1
|
|switch|p1a: Sandslash|Sandslash|353\/353
|move|p2a: Dugtrio|Earthquake|p1a: Sandslash
|-damage|p1a: Sandslash|264\/353
|
|turn|24
|choice|move 2|switch 3
|
|switch|p2a: Venusaur|Venusaur|113\/363
|move|p1a: Sandslash|Earthquake|p2a: Venusaur
|-damage|p2a: Venusaur|0 fnt
|faint|p2a: Venusaur
|choice||switch 2
|
|switch|p2a: Clefable|Clefable|393\/393
|turn|25
|choice|switch 6|move 3
|
|switch|p1a: Gastly|Gastly|263\/263
|move|p2a: Clefable|Blizzard|p1a: Gastly
|-damage|p1a: Gastly|184\/263
|
|turn|26
|choice|move 2|switch 3
|
|switch|p2a: Dugtrio|Dugtrio|180\/273
|move|p1a: Gastly|Night Shade|p2a: Dugtrio
|-damage|p2a: Dugtrio|80\/273
|
|turn|27
|choice|switch 2|move 1
|
|switch|p1a: Charizard|Charizard|351\/359
|move|p2a: Dugtrio|Earthquake|p1a: Charizard
|-immune|p1a: Charizard|[msg]
|
|turn|28
|choice|switch 6|move 1
|
|switch|p1a: Sandslash|Sandslash|264\/353
|move|p2a: Dugtrio|Earthquake|p1a: Sandslash
|-damage|p1a: Sandslash|160\/353
|
|turn|29
|choice|move 2|move 1
|
|move|p2a: Dugtrio|Earthquake|p1a: Sandslash
|-damage|p1a: Sandslash|70\/353
|move|p1a: Sandslash|Earthquake|p2a: Dugtrio
|-damage|p2a: Dugtrio|0 fnt
|faint|p2a: Dugtrio
|choice||switch 3
|
|switch|p2a: Clefable|Clefable|393\/393
|turn|30
|choice|move 2|move 3
|
|move|p1a: Sandslash|Earthquake|p2a: Clefable
|-damage|p2a: Clefable|262\/393
|move|p2a: Clefable|Blizzard|p1a: Sandslash
|-supereffective|p1a: Sandslash
|-damage|p1a: Sandslash|0 fnt
|faint|p1a: Sandslash
|choice|switch 3|
|
|switch|p1a: Clefable|Clefable|284\/393 par
|turn|31
|choice|move 1|move 1
|
|move|p2a: Clefable|Body Slam|p1a: Clefable
|-damage|p1a: Clefable|182\/393 par
|move|p1a: Clefable|Body Slam|p2a: Clefable
|-damage|p2a: Clefable|164\/393
|
|turn|32
|choice|move 1|move 1
|
|move|p2a: Clefable|Body Slam|p1a: Clefable
|-damage|p1a: Clefable|81\/393 par
|move|p1a: Clefable|Body Slam|p2a: Clefable
|-damage|p2a: Clefable|60\/393
|
|turn|33
|choice|move 1|move 1
|
|move|p2a: Clefable|Body Slam|p1a: Clefable
|-damage|p1a: Clefable|0 fnt
|faint|p1a: Clefable
|choice|switch 6|
|
|switch|p1a: Charizard|Charizard|351\/359
|turn|34
|choice|move 1|move 3
|
|move|p1a: Charizard|Earthquake|p2a: Clefable
|-damage|p2a: Clefable|0 fnt
|faint|p2a: Clefable
|choice||switch 6
|
|switch|p2a: Rapidash|Rapidash|264\/333 slp
|turn|35
|choice|move 1|move 1
|
|cant|p2a: Rapidash|slp
|move|p1a: Charizard|Earthquake|p2a: Rapidash
|-supereffective|p2a: Rapidash
|-damage|p2a: Rapidash|98\/333 slp
|
|turn|36
|c|★Lusch|gg
|choice|move 1|move 3
|
|cant|p2a: Rapidash|slp
|move|p1a: Charizard|Earthquake|p2a: Rapidash
|-supereffective|p2a: Rapidash
|-damage|p2a: Rapidash|0 fnt
|faint|p2a: Rapidash
|
|win|Lusch