|inactive|Battle timer is ON: inactive players will automatically lose when time's up.
|J|Lusch
|J|f a p k i n g g
|player|p1|Lusch|153
|player|p2|f a p k i n g g|25
|gametype|singles
|gen|1
|tier|[Gen 1] OU
|seed|41240,57134,42517,22636
|rule|Sleep Clause Mod: Limit one foe put to sleep
|rule|Freeze Clause Mod: Limit one foe frozen
|rule|Species Clause: Limit one of each Pokémon
|rule|OHKO Clause: OHKO moves are banned
|rule|Evasion Moves Clause: Evasion moves are banned
|rule|HP Percentage Mod: HP is shown in percentages
|
|start
|switch|p1a: Gengar|Gengar|323\/323
|switch|p2a: Jynx|Jynx|333\/333
|turn|1
|J|negami
|J|OG le tou puisan
|c|★Lusch|gl hf
|L|OG le tou puisan
|J|Beds
|c|★f a p k i n g g|hf man!
|c|+Beds|hmmm who of you do i ghost now?!
|choice|move 2|move 1
|
|move|p1a: Gengar|Hypnosis|p2a: Jynx
|-status|p2a: Jynx|slp
|cant|p2a: Jynx|slp
|
|turn|2
|J|Alexander
|choice|move 3|switch 2
|
|switch|p2a: Chansey|Chansey|703\/703
|move|p1a: Gengar|Thunderbolt|p2a: Chansey
|-damage|p2a: Chansey|609\/703
|
|turn|3
|choice|switch 4|switch 2
|
|switch|p1a: Chansey|Chansey|703\/703
|switch|p2a: Jynx|Jynx|333\/333 slp
|
|turn|4
|choice|switch 5|move 3
|
|switch|p1a: Snorlax|Snorlax|523\/523
|cant|p2a: Jynx|slp
|
|turn|5
|choice|move 4|switch 3
|
|switch|p2a: Exeggutor|Exeggutor|393\/393
|move|p1a: Snorlax|Body Slam|p2a: Exeggutor
|-damage|p2a: Exeggutor|275\/393
|
|turn|6
|choice|switch 4|move 1
|
|switch|p1a: Gengar|Gengar|323\/323
|move|p2a: Exeggutor|Sleep Powder|p1a: Gengar|[miss]
|-miss|p2a: Exeggutor
|
|turn|7
|choice|move 1|switch 3
|
|switch|p2a: Jynx|Jynx|333\/333 slp
|move|p1a: Gengar|Night Shade|p2a: Jynx
|-damage|p2a: Jynx|233\/333 slp
|
|turn|8
|choice|move 1|switch 2
|
|switch|p2a: Chansey|Chansey|609\/703
|move|p1a: Gengar|Night Shade|p2a: Chansey
|-damage|p2a: Chansey|509\/703
|
|turn|9
|choice|move 4|switch 2
|
|switch|p2a: Jynx|Jynx|233\/333 slp
|move|p1a: Gengar|Explosion|p2a: Jynx
|-damage|p2a: Jynx|0 fnt
|faint|p2a: Jynx
|faint|p1a: Gengar
|choice|switch 3|switch 3
|
|switch|p1a: Zapdos|Zapdos|383\/383
|switch|p2a: Exeggutor|Exeggutor|275\/393
|turn|10
|choice|move 1|switch 6
|
|switch|p2a: Raichu|Raichu|323\/323
|move|p1a: Zapdos|Drill Peck|p2a: Raichu
|-resisted|p2a: Raichu
|-damage|p2a: Raichu|265\/323
|
|turn|11
|choice|switch 4|switch 6
|
|switch|p2a: Exeggutor|Exeggutor|275\/393
|switch|p1a: Snorlax|Snorlax|523\/523
|
|turn|12
|choice|switch 6|move 1
|
|switch|p1a: Exeggutor|Exeggutor|393\/393
|move|p2a: Exeggutor|Sleep Powder|p1a: Exeggutor|[miss]
|-miss|p2a: Exeggutor
|
|turn|13
|J|teal6
|choice|move 1|move 1
|
|move|p1a: Exeggutor|Sleep Powder|p2a: Exeggutor
|-status|p2a: Exeggutor|slp
|-curestatus|p2a: Exeggutor|slp
|
|turn|14
|L|negami
|choice|move 1|move 1
|
|move|p2a: Exeggutor|Sleep Powder|p1a: Exeggutor|[miss]
|-miss|p2a: Exeggutor
|move|p1a: Exeggutor|Sleep Powder|p2a: Exeggutor
|-status|p2a: Exeggutor|slp
|
|turn|15
|c|★f a p k i n g g|will i ever hit that move xp
|choice|move 2|move 1
|
|cant|p2a: Exeggutor|slp
|move|p1a: Exeggutor|Egg Bomb|p2a: Exeggutor|[miss]
|-miss|p1a: Exeggutor
|
|turn|16
|c|★Lusch|sorry
|choice|move 4|move 1
|
|move|p1a: Exeggutor|Psychic|p2a: Exeggutor
|-resisted|p2a: Exeggutor
|-damage|p2a: Exeggutor|221\/393 slp
|cant|p2a: Exeggutor|slp
|
|turn|17
|c|★f a p k i n g g|All good man
|choice|switch 4|move 1
|
|switch|p1a: Zapdos|Zapdos|383\/383
|-curestatus|p2a: Exeggutor|slp
|
|turn|18
|choice|move 1|switch 6
|
|switch|p2a: Raichu|Raichu|265\/323
|move|p1a: Zapdos|Drill Peck|p2a: Raichu
|-resisted|p2a: Raichu
|-damage|p2a: Raichu|202\/323
|
|turn|19
|choice|switch 4|move 1
|
|switch|p1a: Exeggutor|Exeggutor|393\/393
|move|p2a: Raichu|Thunder Wave|p1a: Exeggutor
|-status|p1a: Exeggutor|par
|
|turn|20
|choice|move 1|switch 2
|
|switch|p2a: Chansey|Chansey|509\/703
|cant|p1a: Exeggutor|par
|
|turn|21
|choice|switch 5|move 1
|
|switch|p1a: Chansey|Chansey|703\/703
|move|p2a: Chansey|Ice Beam|p1a: Chansey
|-damage|p1a: Chansey|626\/703
|
|turn|22
|choice|move 1|move 1
|
|move|p2a: Chansey|Ice Beam|p1a: Chansey
|-crit|p1a: Chansey
|-damage|p1a: Chansey|492\/703
|move|p1a: Chansey|Ice Beam|p2a: Chansey
|-damage|p2a: Chansey|429\/703
|
|turn|23
|choice|move 1|move 1
|
|move|p1a: Chansey|Ice Beam|p2a: Chansey
|-damage|p2a: Chansey|358\/703
|move|p2a: Chansey|Ice Beam|p1a: Chansey
|-crit|p1a: Chansey
|-damage|p1a: Chansey|337\/703
|
|turn|24
|choice|move 4|move 1
|
|move|p2a: Chansey|Ice Beam|p1a: Chansey
|-damage|p1a: Chansey|263\/703
|move|p1a: Chansey|Thunder Wave|p2a: Chansey
|-status|p2a: Chansey|par
|
|turn|25
|choice|move 3|move 3
|
|move|p1a: Chansey|Soft-Boiled|p1a: Chansey
|-heal|p1a: Chansey|614\/703
|move|p2a: Chansey|Soft-Boiled|p2a: Chansey
|-heal|p2a: Chansey|703\/703 par
|
|turn|26
|choice|switch 6|move 1
|
|switch|p1a: Snorlax|Snorlax|523\/523
|move|p2a: Chansey|Ice Beam|p1a: Snorlax
|-damage|p1a: Snorlax|427\/523
|
|turn|27
|choice|move 1|move 4
|
|move|p1a: Snorlax|Amnesia|p1a: Snorlax
|-boost|p1a: Snorlax|spd|2
|-boost|p1a: Snorlax|spa|2
|cant|p2a: Chansey|par
|
|turn|28
|choice|move 1|switch 6
|
|switch|p2a: Exeggutor|Exeggutor|221\/393
|move|p1a: Snorlax|Amnesia|p1a: Snorlax
|-boost|p1a: Snorlax|spd|2
|-boost|p1a: Snorlax|spa|2
|
|turn|29
|choice|switch 5|move 1
|
|switch|p1a: Exeggutor|Exeggutor|393\/393 par
|move|p2a: Exeggutor|Sleep Powder|p1a: Exeggutor|[miss]
|-miss|p2a: Exeggutor
|
|turn|30
|choice|switch 2|move 4
|
|switch|p1a: Rhydon|Rhydon|413\/413
|move|p2a: Exeggutor|Explosion|p1a: Rhydon
|-resisted|p1a: Rhydon
|-damage|p1a: Rhydon|296\/413
|faint|p2a: Exeggutor
|choice||switch 2
|
|switch|p2a: Raichu|Raichu|202\/323
|turn|31
|choice|switch 2|switch 6
|
|switch|p2a: Chansey|Chansey|703\/703 par
|switch|p1a: Exeggutor|Exeggutor|393\/393 par
|
|turn|32
|choice|move 3|move 1
|
|move|p1a: Exeggutor|Explosion|p2a: Chansey
|-damage|p2a: Chansey|0 fnt
|faint|p2a: Chansey
|faint|p1a: Exeggutor
|choice|switch 6|switch 5
|
|switch|p2a: Tauros|Tauros|353\/353
|switch|p1a: Chansey|Chansey|614\/703
|turn|33
|choice|move 4|switch 4
|
|switch|p2a: Snorlax|Snorlax|523\/523
|move|p1a: Chansey|Thunder Wave|p2a: Snorlax
|-status|p2a: Snorlax|par
|
|turn|34
|choice|move 1|move 1
|
|move|p1a: Chansey|Ice Beam|p2a: Snorlax
|-damage|p2a: Snorlax|428\/523 par
|move|p2a: Snorlax|Amnesia|p2a: Snorlax
|-boost|p2a: Snorlax|spd|2
|-boost|p2a: Snorlax|spa|2
|
|turn|35
|choice|move 1|move 3
|
|move|p1a: Chansey|Ice Beam|p2a: Snorlax
|-crit|p2a: Snorlax
|-damage|p2a: Snorlax|238\/523 par
|cant|p2a: Snorlax|par
|
|turn|36
|choice|move 1|move 3
|
|move|p1a: Chansey|Ice Beam|p2a: Snorlax
|-crit|p2a: Snorlax
|-damage|p2a: Snorlax|42\/523 par
|move|p2a: Snorlax|Reflect|p2a: Snorlax
|-start|p2a: Snorlax|Reflect
|
|turn|37
|choice|move 1|move 4
|
|move|p1a: Chansey|Ice Beam|p2a: Snorlax
|-damage|p2a: Snorlax|0 fnt
|faint|p2a: Snorlax
|choice||switch 4
|
|switch|p2a: Tauros|Tauros|353\/353
|turn|38
|choice|move 4|move 1
|
|move|p2a: Tauros|Body Slam|p1a: Chansey
|-damage|p1a: Chansey|345\/703
|move|p1a: Chansey|Thunder Wave|p2a: Tauros
|-status|p2a: Tauros|par
|
|turn|39
|choice|move 3|move 1
|
|move|p1a: Chansey|Soft-Boiled|p1a: Chansey
|-heal|p1a: Chansey|696\/703
|cant|p2a: Tauros|par
|
|turn|40
|L|teal6
|choice|move 2|move 1
|
|cant|p2a: Tauros|par
|move|p1a: Chansey|Counter|p2a: Tauros
|-damage|p2a: Tauros|0 fnt
|faint|p2a: Tauros
|choice||switch 6
|
|switch|p2a: Raichu|Raichu|202\/323
|turn|41
|c|★Lusch|gg
|choice|move 4|move 1
|
|move|p2a: Raichu|Thunder Wave|p1a: Chansey
|-status|p1a: Chansey|par
|cant|p1a: Chansey|par
|
|turn|42
|choice|move 4|move 4
|
|move|p2a: Raichu|Body Slam|p1a: Chansey
|-damage|p1a: Chansey|513\/703 par
|move|p1a: Chansey|Thunder Wave|p2a: Raichu
|-status|p2a: Raichu|par
|
|turn|43
|c|★f a p k i n g g|gg
|choice|move 2|move 4
|
|move|p2a: Raichu|Body Slam|p1a: Chansey
|-damage|p1a: Chansey|355\/703 par
|cant|p1a: Chansey|par
|
|turn|44
|choice|move 2|move 4
|
|move|p2a: Raichu|Body Slam|p1a: Chansey
|-damage|p1a: Chansey|192\/703 par
|move|p1a: Chansey|Counter|p2a: Raichu
|-damage|p2a: Raichu|0 fnt
|faint|p2a: Raichu
|
|win|Lusch