|inactive|Battle timer is ON: inactive players will automatically lose when time's up.
|J|TopLel TopKek
|J|pizzapiefuckmyeye
|player|p1|TopLel TopKek|80
|player|p2|pizzapiefuckmyeye|65
|gametype|singles
|gen|1
|tier|[Gen 1] OU
|seed|2614,13105,26589,7435
|rule|Sleep Clause Mod: Limit one foe put to sleep
|rule|Freeze Clause Mod: Limit one foe frozen
|rule|Species Clause: Limit one of each Pokémon
|rule|OHKO Clause: OHKO moves are banned
|rule|Evasion Moves Clause: Evasion moves are banned
|rule|HP Percentage Mod: HP is shown in percentages
|
|start
|switch|p1a: Starmie|Starmie|323\/323
|switch|p2a: Alakazam|Alakazam|313\/313
|turn|1
|J|Diick Suuck
|J|Raddical
|choice|switch 2|move 1
|
|switch|p1a: Chansey|Chansey|703\/703
|move|p2a: Alakazam|Thunder Wave|p1a: Chansey
|-status|p1a: Chansey|par
|
|turn|2
|choice|move 3|switch 4
|
|switch|p2a: Snorlax|Snorlax|523\/523
|cant|p1a: Chansey|par
|
|turn|3
|J|Beds
|J|fleggumfl
|choice|move 2|move 3
|
|move|p2a: Snorlax|Body Slam|p1a: Chansey
|-damage|p1a: Chansey|388\/703 par
|move|p1a: Chansey|Counter|p2a: Snorlax
|-damage|p2a: Snorlax|0 fnt
|faint|p2a: Snorlax
|choice||switch 5
|
|switch|p2a: Tauros|Tauros|353\/353
|turn|4
|J|Nails
|choice|switch 5|move 1
|
|switch|p1a: Exeggutor|Exeggutor|393\/393
|move|p2a: Tauros|Body Slam|p1a: Exeggutor
|-damage|p1a: Exeggutor|284\/393
|-status|p1a: Exeggutor|par
|
|turn|5
|choice|move 2|switch 4
|
|switch|p2a: Alakazam|Alakazam|313\/313
|move|p1a: Exeggutor|Stun Spore|p2a: Alakazam
|-status|p2a: Alakazam|par
|
|turn|6
|choice|switch 5|move 2
|
|switch|p1a: Chansey|Chansey|388\/703 par
|move|p2a: Alakazam|Psychic|p1a: Chansey
|-damage|p1a: Chansey|255\/703 par
|
|turn|7
|choice|move 1|move 2
|
|move|p2a: Alakazam|Psychic|p1a: Chansey
|-damage|p1a: Chansey|134\/703 par
|move|p1a: Chansey|Soft-Boiled|p1a: Chansey
|-heal|p1a: Chansey|485\/703 par
|
|turn|8
|choice|move 3|move 2
|
|move|p2a: Alakazam|Psychic|p1a: Chansey
|-crit|p1a: Chansey
|-damage|p1a: Chansey|233\/703 par
|-unboost|p1a: Chansey|spd|1
|-unboost|p1a: Chansey|spa|1
|cant|p1a: Chansey|par
|
|turn|9
|choice|switch 2|move 2
|
|switch|p1a: Starmie|Starmie|323\/323
|move|p2a: Alakazam|Psychic|p1a: Starmie
|-resisted|p1a: Starmie
|-damage|p1a: Starmie|258\/323
|
|turn|10
|choice|switch 4|move 2
|
|switch|p1a: Rhydon|Rhydon|413\/413
|cant|p2a: Alakazam|par
|
|turn|11
|choice|move 2|switch 3
|
|switch|p2a: Exeggutor|Exeggutor|393\/393
|move|p1a: Rhydon|Earthquake|p2a: Exeggutor
|-resisted|p2a: Exeggutor
|-damage|p2a: Exeggutor|319\/393
|
|turn|12
|choice|switch 5|move 3
|
|switch|p1a: Exeggutor|Exeggutor|284\/393 par
|move|p2a: Exeggutor|Psychic|p1a: Exeggutor
|-resisted|p1a: Exeggutor
|-damage|p1a: Exeggutor|234\/393 par
|-unboost|p1a: Exeggutor|spd|1
|-unboost|p1a: Exeggutor|spa|1
|
|turn|13
|choice|move 3|switch 3
|
|switch|p2a: Alakazam|Alakazam|313\/313 par
|move|p1a: Exeggutor|Explosion|p2a: Alakazam
|-damage|p2a: Alakazam|0 fnt
|faint|p2a: Alakazam
|faint|p1a: Exeggutor
|choice|switch 4|switch 4
|
|switch|p1a: Starmie|Starmie|258\/323
|switch|p2a: Tauros|Tauros|353\/353
|turn|14
|choice|move 3|switch 6
|
|switch|p2a: Chansey|Chansey|703\/703
|move|p1a: Starmie|Thunder Wave|p2a: Chansey
|-status|p2a: Chansey|par
|
|turn|15
|choice|switch 6|switch 6
|
|switch|p1a: Snorlax|Snorlax|523\/523
|switch|p2a: Tauros|Tauros|353\/353
|
|turn|16
|choice|move 2|switch 2
|
|switch|p2a: Gengar|Gengar|323\/323
|move|p1a: Snorlax|Body Slam|p2a: Gengar
|-immune|p2a: Gengar|[msg]
|
|turn|17
|choice|switch 5|move 4
|
|switch|p1a: Rhydon|Rhydon|413\/413
|move|p2a: Gengar|Psychic|p1a: Rhydon
|-damage|p1a: Rhydon|281\/413
|
|turn|18
|choice|move 4|move 3
|
|move|p2a: Gengar|Mega Drain|p1a: Rhydon
|-supereffective|p1a: Rhydon
|-damage|p1a: Rhydon|53\/413
|move|p1a: Rhydon|Substitute|p1a: Rhydon
|-fail|p1a: Rhydon|move: Substitute|[weak]
|
|turn|19
|choice|move 2|move 4
|
|move|p2a: Gengar|Psychic|p1a: Rhydon
|-damage|p1a: Rhydon|0 fnt
|faint|p1a: Rhydon
|choice|switch 5|
|
|switch|p1a: Snorlax|Snorlax|523\/523
|turn|20
|choice|move 3|switch 3
|
|switch|p2a: Exeggutor|Exeggutor|319\/393
|move|p1a: Snorlax|Earthquake|p2a: Exeggutor
|-resisted|p2a: Exeggutor
|-damage|p2a: Exeggutor|277\/393
|
|turn|21
|choice|switch 2|move 3
|
|switch|p1a: Chansey|Chansey|233\/703 par
|move|p2a: Exeggutor|Psychic|p1a: Chansey
|-damage|p1a: Chansey|118\/703 par
|-unboost|p1a: Chansey|spd|1
|-unboost|p1a: Chansey|spa|1
|
|turn|22
|choice|switch 6|move 3
|
|switch|p1a: Starmie|Starmie|258\/323
|move|p2a: Exeggutor|Psychic|p1a: Starmie
|-resisted|p1a: Starmie
|-damage|p1a: Starmie|195\/323
|
|turn|23
|choice|move 1|move 1
|
|move|p1a: Starmie|Blizzard|p2a: Exeggutor
|-supereffective|p2a: Exeggutor
|-damage|p2a: Exeggutor|114\/393
|move|p2a: Exeggutor|Sleep Powder|p1a: Starmie|[miss]
|-miss|p2a: Exeggutor
|
|turn|24
|choice|move 1|switch 6
|
|switch|p2a: Chansey|Chansey|703\/703 par
|move|p1a: Starmie|Blizzard|p2a: Chansey
|-damage|p2a: Chansey|609\/703 par
|
|turn|25
|choice|switch 2|move 3
|
|switch|p1a: Snorlax|Snorlax|523\/523
|move|p2a: Chansey|Thunderbolt|p1a: Snorlax
|-damage|p1a: Snorlax|419\/523
|
|turn|26
|choice|move 2|move 4
|
|move|p1a: Snorlax|Body Slam|p2a: Chansey
|-damage|p2a: Chansey|318\/703 par
|move|p2a: Chansey|Thunder Wave|p1a: Snorlax
|-status|p1a: Snorlax|par
|
|turn|27
|choice|switch 2|move 2
|
|switch|p1a: Starmie|Starmie|195\/323
|move|p2a: Chansey|Soft-Boiled|p2a: Chansey
|-heal|p2a: Chansey|669\/703 par
|
|turn|28
|choice|switch 6|move 3
|
|switch|p1a: Chansey|Chansey|118\/703 par
|move|p2a: Chansey|Thunderbolt|p1a: Chansey
|-damage|p1a: Chansey|42\/703 par
|
|turn|29
|J|IB-irever
|choice|move 1|switch 2
|
|switch|p2a: Tauros|Tauros|353\/353
|move|p1a: Chansey|Soft-Boiled|p1a: Chansey
|-heal|p1a: Chansey|393\/703 par
|
|turn|30
|choice|switch 6|move 1
|
|switch|p1a: Starmie|Starmie|195\/323
|move|p2a: Tauros|Body Slam|p1a: Starmie
|-damage|p1a: Starmie|93\/323
|
|turn|31
|choice|move 3|switch 2
|
|switch|p2a: Chansey|Chansey|669\/703 par
|move|p1a: Starmie|Thunder Wave|p2a: Chansey
|-fail|p2a: Chansey|par
|
|turn|32
|J|Hope'in Dugtrio
|choice|move 4|move 3
|
|move|p1a: Starmie|Recover|p1a: Starmie
|-heal|p1a: Starmie|254\/323
|cant|p2a: Chansey|par
|
|turn|33
|choice|switch 6|move 4
|
|switch|p1a: Chansey|Chansey|393\/703 par
|cant|p2a: Chansey|par
|
|turn|34
|choice|move 1|switch 6
|
|switch|p2a: Exeggutor|Exeggutor|114\/393
|move|p1a: Chansey|Soft-Boiled|p1a: Chansey
|-heal|p1a: Chansey|703\/703 par
|
|turn|35
|choice|switch 6|move 2
|
|switch|p1a: Starmie|Starmie|254\/323
|move|p2a: Exeggutor|Explosion|p1a: Starmie
|-damage|p1a: Starmie|0 fnt
|faint|p1a: Starmie
|faint|p2a: Exeggutor
|choice|switch 6|switch 3
|
|switch|p2a: Gengar|Gengar|323\/323
|switch|p1a: Chansey|Chansey|703\/703 par
|turn|36
|choice|move 3|move 4
|
|move|p2a: Gengar|Psychic|p1a: Chansey
|-damage|p1a: Chansey|622\/703 par
|move|p1a: Chansey|Thunder Wave|p2a: Gengar
|-status|p2a: Gengar|par
|
|turn|37
|choice|move 4|move 4
|
|move|p2a: Gengar|Psychic|p1a: Chansey
|-damage|p1a: Chansey|534\/703 par
|move|p1a: Chansey|Ice Beam|p2a: Gengar
|-damage|p2a: Gengar|260\/323 par
|
|turn|38
|choice|move 1|move 2
|
|cant|p2a: Gengar|par
|move|p1a: Chansey|Soft-Boiled|p1a: Chansey
|-heal|p1a: Chansey|703\/703 par
|
|turn|39
|choice|move 4|move 4
|
|move|p2a: Gengar|Psychic|p1a: Chansey
|-damage|p1a: Chansey|622\/703 par
|move|p1a: Chansey|Ice Beam|p2a: Gengar
|-damage|p2a: Gengar|194\/323 par
|
|turn|40
|choice|move 1|move 2
|
|move|p2a: Gengar|Explosion|p1a: Chansey
|-crit|p1a: Chansey
|-damage|p1a: Chansey|0 fnt
|faint|p1a: Chansey
|faint|p2a: Gengar
|choice|switch 3|switch 6
|
|switch|p1a: Dragonite|Dragonite|385\/385
|switch|p2a: Chansey|Chansey|669\/703 par
|turn|41
|choice|move 2|move 4
|
|move|p1a: Dragonite|Wrap|p2a: Chansey
|-damage|p2a: Chansey|628\/703 par
|-activate|p2a: Chansey|move: Wrap|[of] p1a: Dragonite
|cant|p2a: Chansey|partiallytrapped
|
|turn|42
|choice|move 2|move 4
|
|move|p1a: Dragonite|Wrap|p2a: Chansey
|-damage|p2a: Chansey|587\/703 par
|cant|p2a: Chansey|partiallytrapped
|
|turn|43
|choice|move 2|switch 2
|
|switch|p2a: Tauros|Tauros|353\/353
|move|p1a: Dragonite|Wrap|p2a: Tauros
|-damage|p2a: Tauros|338\/353
|-activate|p2a: Tauros|move: Wrap|[of] p1a: Dragonite
|
|turn|44
|choice|move 2|move 4
|
|cant|p2a: Tauros|partiallytrapped
|move|p1a: Dragonite|Wrap|p2a: Tauros
|-damage|p2a: Tauros|323\/353
|
|turn|45
|choice|move 2|move 4
|
|cant|p2a: Tauros|partiallytrapped
|move|p1a: Dragonite|Wrap|p2a: Tauros
|-damage|p2a: Tauros|308\/353
|
|-end|p2a: Tauros|Wrap|[partiallytrapped]
|turn|46
|choice|move 1|move 4
|
|move|p2a: Tauros|Blizzard|p1a: Dragonite
|-supereffective|p1a: Dragonite
|-damage|p1a: Dragonite|92\/385
|move|p1a: Dragonite|Agility|p1a: Dragonite
|-boost|p1a: Dragonite|spe|2
|
|turn|47
|choice|move 2|move 1
|
|move|p1a: Dragonite|Wrap|p2a: Tauros
|-damage|p2a: Tauros|292\/353
|-activate|p2a: Tauros|move: Wrap|[of] p1a: Dragonite
|cant|p2a: Tauros|partiallytrapped
|
|turn|48
|choice|move 2|move 1
|
|move|p1a: Dragonite|Wrap|p2a: Tauros
|-damage|p2a: Tauros|276\/353
|cant|p2a: Tauros|partiallytrapped
|
|-end|p2a: Tauros|Wrap|[partiallytrapped]
|turn|49
|choice|move 2|move 1
|
|move|p1a: Dragonite|Wrap|p2a: Tauros
|-damage|p2a: Tauros|262\/353
|-activate|p2a: Tauros|move: Wrap|[of] p1a: Dragonite
|cant|p2a: Tauros|partiallytrapped
|
|turn|50
|choice|move 2|move 1
|
|move|p1a: Dragonite|Wrap|p2a: Tauros
|-damage|p2a: Tauros|248\/353
|cant|p2a: Tauros|partiallytrapped
|
|-end|p2a: Tauros|Wrap|[partiallytrapped]
|turn|51
|choice|move 2|move 1
|
|move|p1a: Dragonite|Wrap|p2a: Tauros
|-damage|p2a: Tauros|233\/353
|-activate|p2a: Tauros|move: Wrap|[of] p1a: Dragonite
|cant|p2a: Tauros|partiallytrapped
|
|turn|52
|choice|move 2|move 1
|
|move|p1a: Dragonite|Wrap|p2a: Tauros
|-damage|p2a: Tauros|218\/353
|cant|p2a: Tauros|partiallytrapped
|
|-end|p2a: Tauros|Wrap|[partiallytrapped]
|turn|53
|choice|move 2|move 1
|
|move|p1a: Dragonite|Wrap|p2a: Tauros
|-damage|p2a: Tauros|202\/353
|-activate|p2a: Tauros|move: Wrap|[of] p1a: Dragonite
|cant|p2a: Tauros|partiallytrapped
|
|turn|54
|choice|move 2|move 1
|
|move|p1a: Dragonite|Wrap|p2a: Tauros
|-damage|p2a: Tauros|186\/353
|cant|p2a: Tauros|partiallytrapped
|
|-end|p2a: Tauros|Wrap|[partiallytrapped]
|turn|55
|choice|move 2|move 1
|
|move|p1a: Dragonite|Wrap|p2a: Tauros
|-damage|p2a: Tauros|171\/353
|-activate|p2a: Tauros|move: Wrap|[of] p1a: Dragonite
|cant|p2a: Tauros|partiallytrapped
|
|turn|56
|choice|move 2|move 1
|
|move|p1a: Dragonite|Wrap|p2a: Tauros
|-damage|p2a: Tauros|156\/353
|cant|p2a: Tauros|partiallytrapped
|
|turn|57
|choice|move 2|move 1
|
|move|p1a: Dragonite|Wrap|p2a: Tauros
|-damage|p2a: Tauros|141\/353
|cant|p2a: Tauros|partiallytrapped
|
|-end|p2a: Tauros|Wrap|[partiallytrapped]
|turn|58
|choice|move 2|move 1
|
|move|p1a: Dragonite|Wrap|p2a: Tauros
|-damage|p2a: Tauros|127\/353
|-activate|p2a: Tauros|move: Wrap|[of] p1a: Dragonite
|cant|p2a: Tauros|partiallytrapped
|
|turn|59
|choice|move 2|move 1
|
|move|p1a: Dragonite|Wrap|p2a: Tauros
|-damage|p2a: Tauros|113\/353
|cant|p2a: Tauros|partiallytrapped
|
|turn|60
|choice|move 2|move 1
|
|move|p1a: Dragonite|Wrap|p2a: Tauros
|-damage|p2a: Tauros|99\/353
|cant|p2a: Tauros|partiallytrapped
|
|-end|p2a: Tauros|Wrap|[partiallytrapped]
|turn|61
|choice|move 4|move 1
|
|move|p1a: Dragonite|Hyper Beam|p2a: Tauros
|-damage|p2a: Tauros|0 fnt
|faint|p2a: Tauros
|choice||switch 2
|
|switch|p2a: Chansey|Chansey|587\/703 par
|turn|62
|choice|move 2|move 1
|
|move|p1a: Dragonite|Wrap|p2a: Chansey
|-damage|p2a: Chansey|550\/703 par
|-activate|p2a: Chansey|move: Wrap|[of] p1a: Dragonite
|cant|p2a: Chansey|par
|
|turn|63
|choice|move 2|move 1
|
|move|p1a: Dragonite|Wrap|p2a: Chansey
|-damage|p2a: Chansey|513\/703 par
|cant|p2a: Chansey|partiallytrapped
|
|turn|64
|choice|move 2|move 1
|
|move|p1a: Dragonite|Wrap|p2a: Chansey
|-damage|p2a: Chansey|476\/703 par
|cant|p2a: Chansey|par
|
|-end|p2a: Chansey|Wrap|[partiallytrapped]
|turn|65
|choice|move 2|move 1
|
|move|p1a: Dragonite|Wrap|p2a: Chansey
|-damage|p2a: Chansey|433\/703 par
|-activate|p2a: Chansey|move: Wrap|[of] p1a: Dragonite
|cant|p2a: Chansey|partiallytrapped
|
|turn|66
|choice|move 2|move 1
|
|move|p1a: Dragonite|Wrap|p2a: Chansey
|-damage|p2a: Chansey|390\/703 par
|cant|p2a: Chansey|par
|
|turn|67
|choice|move 2|move 1
|
|move|p1a: Dragonite|Wrap|p2a: Chansey
|-damage|p2a: Chansey|347\/703 par
|cant|p2a: Chansey|partiallytrapped
|
|-end|p2a: Chansey|Wrap|[partiallytrapped]
|turn|68
|choice|move 4|move 1
|
|move|p1a: Dragonite|Hyper Beam|p2a: Chansey
|-damage|p2a: Chansey|0 fnt
|faint|p2a: Chansey
|
|win|TopLel TopKek