|J|Dice
|J|Isa
|player|p1|Dice|168
|player|p2|Isa|1
|gametype|singles
|gen|1
|tier|[Gen 1] OU
|seed|17134,60762,43797,33362
|rule|Sleep Clause Mod: Limit one foe put to sleep
|rule|Freeze Clause Mod: Limit one foe frozen
|rule|Species Clause: Limit one of each Pokémon
|rule|OHKO Clause: OHKO moves are banned
|rule|Evasion Moves Clause: Evasion moves are banned
|rule|HP Percentage Mod: HP is shown in percentages
|
|start
|switch|p1a: Jynx|Jynx|333\/333
|switch|p2a: Alakazam|Alakazam|313\/313
|turn|1
|J|BKC
|J|Ciele
|choice|move 4|move 3
|
|move|p2a: Alakazam|Seismic Toss|p1a: Jynx
|-damage|p1a: Jynx|233\/333
|move|p1a: Jynx|Blizzard|p2a: Alakazam
|-damage|p2a: Alakazam|193\/313
|
|turn|2
|c|★Dice|prepare ur ass
|c|★Dice|-ojama
|c|★Isa|ruh roh.
|choice|move 2|move 4
|
|move|p2a: Alakazam|Thunder Wave|p1a: Jynx
|-status|p1a: Jynx|par
|move|p1a: Jynx|Lovely Kiss|p2a: Alakazam|[miss]
|-miss|p1a: Jynx
|
|turn|3
|choice|move 2|move 3
|
|move|p2a: Alakazam|Seismic Toss|p1a: Jynx
|-damage|p1a: Jynx|133\/333 par
|move|p1a: Jynx|Lovely Kiss|p2a: Alakazam
|-status|p2a: Alakazam|slp
|
|turn|4
|choice|move 4|switch 5
|
|switch|p2a: Chansey|Chansey|703\/703
|cant|p1a: Jynx|par
|
|turn|5
|choice|move 3|move 2
|
|move|p2a: Chansey|Thunderbolt|p1a: Jynx
|-damage|p1a: Jynx|50\/333 par
|move|p1a: Jynx|Rest|p1a: Jynx
|-status|p1a: Jynx|slp
|-heal|p1a: Jynx|333\/333 slp|[silent]
|-status|p1a: Jynx|slp|[from] move: Rest
|
|turn|6
|J|user zf
|choice|switch 6|switch 4
|
|switch|p2a: Tauros|Tauros|353\/353
|switch|p1a: Chansey|Chansey|703\/703
|
|turn|7
|choice|move 1|switch 4
|
|switch|p2a: Chansey|Chansey|703\/703
|move|p1a: Chansey|Ice Beam|p2a: Chansey
|-damage|p2a: Chansey|627\/703
|
|turn|8
|choice|move 1|move 1
|
|move|p2a: Chansey|Ice Beam|p1a: Chansey
|-damage|p1a: Chansey|626\/703
|move|p1a: Chansey|Ice Beam|p2a: Chansey
|-damage|p2a: Chansey|557\/703
|-status|p2a: Chansey|frz
|
|turn|9
|J|New Durahan
|c|★Isa|gosh darn
|choice|move 1|switch 3
|
|switch|p2a: Snorlax|Snorlax|523\/523
|move|p1a: Chansey|Ice Beam|p2a: Snorlax
|-damage|p2a: Snorlax|429\/523
|
|turn|10
|c|★Dice|reyscarface taught me all i know
|choice|move 3|move 2
|
|move|p1a: Chansey|Thunder Wave|p2a: Snorlax
|-status|p2a: Snorlax|par
|cant|p2a: Snorlax|par
|
|turn|11
|choice|switch 4|move 1
|
|switch|p1a: Snorlax|Snorlax|523\/523
|move|p2a: Snorlax|Body Slam|p1a: Snorlax
|-damage|p1a: Snorlax|376\/523
|
|turn|12
|choice|move 4|switch 2
|
|switch|p2a: Exeggutor|Exeggutor|393\/393
|move|p1a: Snorlax|Reflect|p1a: Snorlax
|-start|p1a: Snorlax|Reflect
|
|turn|13
|choice|switch 6|move 1
|
|switch|p1a: Jynx|Jynx|333\/333 slp
|move|p2a: Exeggutor|Sleep Powder|p1a: Jynx
|-fail|p1a: Jynx|slp
|
|turn|14
|choice|switch 5|move 4
|
|switch|p1a: Exeggutor|Exeggutor|393\/393
|move|p2a: Exeggutor|Psychic|p1a: Exeggutor
|-resisted|p1a: Exeggutor
|-damage|p1a: Exeggutor|341\/393
|
|turn|15
|choice|move 4|move 1
|
|move|p1a: Exeggutor|Stun Spore|p2a: Exeggutor|[miss]
|-miss|p1a: Exeggutor
|move|p2a: Exeggutor|Sleep Powder|p1a: Exeggutor|[miss]
|-miss|p2a: Exeggutor
|
|turn|16
|choice|switch 5|move 1
|
|switch|p1a: Jynx|Jynx|333\/333 slp
|move|p2a: Exeggutor|Sleep Powder|p1a: Jynx|[miss]
|-miss|p2a: Exeggutor
|
|turn|17
|c|★Isa|i take that
|choice|move 4|move 4
|
|cant|p1a: Jynx|slp
|move|p2a: Exeggutor|Psychic|p1a: Jynx
|-crit|p1a: Jynx
|-resisted|p1a: Jynx
|-damage|p1a: Jynx|211\/333 slp
|
|turn|18
|choice|move 4|move 1
|
|-curestatus|p1a: Jynx|slp
|move|p2a: Exeggutor|Sleep Powder|p1a: Jynx|[miss]
|-miss|p2a: Exeggutor
|
|turn|19
|c|★Isa|ok that was worse though
|choice|move 4|switch 3
|
|switch|p2a: Chansey|Chansey|557\/703 frz
|move|p1a: Jynx|Blizzard|p2a: Chansey
|-damage|p2a: Chansey|426\/703 frz
|
|turn|20
|c|★Dice|go jynx u can do it girl
|L|New Durahan
|choice|move 1|move 3
|
|move|p1a: Jynx|Psychic|p2a: Chansey
|-damage|p2a: Chansey|328\/703 frz
|cant|p2a: Chansey|frz
|
|turn|21
|choice|move 1|move 3
|
|move|p1a: Jynx|Psychic|p2a: Chansey
|-damage|p2a: Chansey|232\/703 frz
|cant|p2a: Chansey|frz
|
|turn|22
|choice|move 1|move 3
|
|move|p1a: Jynx|Psychic|p2a: Chansey
|-damage|p2a: Chansey|132\/703 frz
|cant|p2a: Chansey|frz
|
|turn|23
|choice|switch 6|move 3
|
|switch|p1a: Snorlax|Snorlax|376\/523
|cant|p2a: Chansey|frz
|
|turn|24
|choice|move 1|move 2
|
|cant|p2a: Chansey|frz
|move|p1a: Snorlax|Body Slam|p2a: Chansey
|-damage|p2a: Chansey|0 fnt
|faint|p2a: Chansey
|choice||switch 3
|
|switch|p2a: Exeggutor|Exeggutor|393\/393
|turn|25
|c|★Isa|third time is the charm
|choice|switch 6|move 1
|
|switch|p1a: Jynx|Jynx|211\/333
|move|p2a: Exeggutor|Sleep Powder|p1a: Jynx|[miss]
|-miss|p2a: Exeggutor
|
|turn|26
|c|★Isa|nope
|c|★Dice|nope.
|choice|move 4|move 1
|
|move|p1a: Jynx|Blizzard|p2a: Exeggutor
|-supereffective|p2a: Exeggutor
|-damage|p2a: Exeggutor|149\/393
|move|p2a: Exeggutor|Sleep Powder|p1a: Jynx
|-status|p1a: Jynx|slp
|
|turn|27
|c|★Isa|fourth was.
|c|★Isa|rip egg tank
|choice|move 4|move 2
|
|cant|p1a: Jynx|slp
|move|p2a: Exeggutor|Stun Spore|p1a: Jynx|[miss]
|-miss|p2a: Exeggutor
|
|turn|28
|c|★Isa|predict me
|c|★Isa|do ti
|choice|move 4|switch 4
|
|switch|p2a: Tauros|Tauros|353\/353
|cant|p1a: Jynx|slp
|
|turn|29
|c|★Dice|ugh
|c|★Dice|i almost did
|c|★Dice|i pussed out hto
|c|★Isa|y
|choice|switch 5|move 1
|
|switch|p1a: Exeggutor|Exeggutor|341\/393
|move|p2a: Tauros|Body Slam|p1a: Exeggutor
|-crit|p1a: Exeggutor
|-damage|p1a: Exeggutor|124\/393
|
|turn|30
|c|★Isa|thanks bull
|choice|switch 6|move 4
|
|switch|p1a: Snorlax|Snorlax|376\/523
|move|p2a: Tauros|Hyper Beam|p1a: Snorlax
|-crit|p1a: Snorlax
|-damage|p1a: Snorlax|0 fnt
|faint|p1a: Snorlax
|c|★Isa|thanks bull
|c|★Dice|fk
|choice|switch 3|
|
|switch|p1a: Tauros|Tauros|353\/353
|turn|31
|c|★Dice|.tiba
|c|★Isa|oo
|c|★Isa|kentauros
|c|%BKC|bullshit! xD
|choice|move 1|move 1
|
|move|p2a: Tauros|Body Slam|p1a: Tauros
|-damage|p1a: Tauros|247\/353
|move|p1a: Tauros|Body Slam|p2a: Tauros
|-damage|p2a: Tauros|244\/353
|
|turn|32
|choice|move 1|move 1
|
|move|p2a: Tauros|Body Slam|p1a: Tauros
|-crit|p1a: Tauros
|-damage|p1a: Tauros|35\/353
|move|p1a: Tauros|Body Slam|p2a: Tauros
|-damage|p2a: Tauros|143\/353
|
|turn|33
|c|★Isa|gottem
|choice|move 4|switch 6
|
|switch|p2a: Golem|Golem|363\/363
|move|p1a: Tauros|Hyper Beam|p2a: Golem
|-resisted|p2a: Golem
|-damage|p2a: Golem|296\/363
|
|turn|34
|-mustrecharge|p1a: Tauros
|c|★Dice|its ok i win tie
|c|★Dice|oh.
|c|★Isa|h3h3
|c|★Dice|hey that's rude
|-mustrecharge|p1a: Tauros
|choice|move 1|move 1
|
|cant|p1a: Tauros|recharge
|move|p2a: Golem|Earthquake|p1a: Tauros
|-damage|p1a: Tauros|0 fnt
|faint|p1a: Tauros
|choice|switch 6|
|
|switch|p1a: Exeggutor|Exeggutor|124\/393
|turn|35
|choice|move 1|switch 5
|
|switch|p2a: Alakazam|Alakazam|193\/313 slp
|move|p1a: Exeggutor|Psychic|p2a: Alakazam
|-resisted|p2a: Alakazam
|-damage|p2a: Alakazam|140\/313 slp
|-unboost|p2a: Alakazam|spd|1
|-unboost|p2a: Alakazam|spa|1
|
|turn|36
|c|%BKC|this isa problem for dice
|c|★Dice|stfu
|c|★Isa|,
|choice|move 1|move 3
|
|cant|p2a: Alakazam|slp
|move|p1a: Exeggutor|Psychic|p2a: Alakazam
|-resisted|p2a: Alakazam
|-damage|p2a: Alakazam|61\/313 slp
|-unboost|p2a: Alakazam|spd|1
|-unboost|p2a: Alakazam|spa|1
|
|turn|37
|choice|move 1|move 3
|
|cant|p2a: Alakazam|slp
|move|p1a: Exeggutor|Psychic|p2a: Alakazam
|-crit|p2a: Alakazam
|-resisted|p2a: Alakazam
|-damage|p2a: Alakazam|0 fnt
|faint|p2a: Alakazam
|choice||switch 6
|
|switch|p2a: Tauros|Tauros|143\/353
|turn|38
|choice|switch 2|move 3
|
|switch|p1a: Zapdos|Zapdos|383\/383
|move|p2a: Tauros|Blizzard|p1a: Zapdos
|-crit|p1a: Zapdos
|-supereffective|p1a: Zapdos
|-damage|p1a: Zapdos|146\/383
|
|turn|39
|c|★Isa|all i do is crit
|c|★Isa|hmm.
|c|★Dice|ur tauros was valedictorian
|c|★Isa|ye
|c|★Isa|shoutouts
|choice|switch 2|move 1
|
|switch|p1a: Exeggutor|Exeggutor|124\/393
|move|p2a: Tauros|Body Slam|p1a: Exeggutor
|-damage|p1a: Exeggutor|15\/393
|
|turn|40
|c|★Dice|gay
|c|★Dice|gg
|c|★Isa|thought youd go chansey on hbeam
|choice|move 1|move 1
|
|move|p2a: Tauros|Body Slam|p1a: Exeggutor
|-damage|p1a: Exeggutor|0 fnt
|faint|p1a: Exeggutor
|choice|switch 2|
|
|switch|p1a: Zapdos|Zapdos|146\/383
|turn|41
|choice|move 1|switch 5
|
|switch|p2a: Golem|Golem|296\/363
|move|p1a: Zapdos|Thunderbolt|p2a: Golem
|-immune|p2a: Golem|[msg]
|
|turn|42
|choice|switch 4|move 2
|
|switch|p1a: Chansey|Chansey|626\/703
|move|p2a: Golem|Rock Slide|p1a: Chansey
|-damage|p1a: Chansey|369\/703
|
|turn|43
|choice|move 1|switch 2
|
|switch|p2a: Snorlax|Snorlax|429\/523 par
|move|p1a: Chansey|Ice Beam|p2a: Snorlax
|-damage|p2a: Snorlax|333\/523 par
|
|turn|44
|choice|move 2|move 1
|
|move|p1a: Chansey|Soft-Boiled|p1a: Chansey
|-heal|p1a: Chansey|703\/703
|cant|p2a: Snorlax|par
|
|turn|45
|choice|move 1|move 1
|
|move|p1a: Chansey|Ice Beam|p2a: Snorlax
|-damage|p2a: Snorlax|229\/523 par
|cant|p2a: Snorlax|par
|
|turn|46
|choice|switch 5|move 4
|
|switch|p1a: Jynx|Jynx|211\/333 slp
|move|p2a: Snorlax|Self-Destruct|p1a: Jynx
|-crit|p1a: Jynx
|-damage|p1a: Jynx|0 fnt
|faint|p1a: Jynx
|faint|p2a: Snorlax
|c|★Isa|u got me good
|c|★Dice|h2owned -mdragon
|J|Century Express
|choice|switch 5|switch 4
|
|switch|p2a: Exeggutor|Exeggutor|149\/393
|switch|p1a: Chansey|Chansey|703\/703
|turn|47
|c|★Dice|ok this is where u miss
|c|★Isa|pls n
|choice|move 3|move 1
|
|move|p2a: Exeggutor|Sleep Powder|p1a: Chansey|[miss]
|-miss|p2a: Exeggutor
|move|p1a: Chansey|Thunder Wave|p2a: Exeggutor
|-status|p2a: Exeggutor|par
|
|turn|48
|choice|move 1|move 3
|
|move|p1a: Chansey|Ice Beam|p2a: Exeggutor
|-supereffective|p2a: Exeggutor
|-damage|p2a: Exeggutor|11\/393 par
|cant|p2a: Exeggutor|par
|
|turn|49
|c|★Isa|lol
|c|★Dice|vamos
|c|★Isa|fear of reflect
|c|★Isa|did me in
|choice|move 1|move 3
|
|move|p1a: Chansey|Ice Beam|p2a: Exeggutor
|-supereffective|p2a: Exeggutor
|-damage|p2a: Exeggutor|0 fnt
|faint|p2a: Exeggutor
|choice||switch 2
|
|switch|p2a: Golem|Golem|296\/363
|turn|50
|choice|move 1|move 1
|
|move|p1a: Chansey|Ice Beam|p2a: Golem
|-supereffective|p2a: Golem
|-damage|p2a: Golem|82\/363
|move|p2a: Golem|Earthquake|p1a: Chansey
|-crit|p1a: Chansey
|-damage|p1a: Chansey|50\/703
|
|turn|51
|c|★Dice|NO
|c|★Isa|ay
|choice|move 2|move 1
|
|move|p1a: Chansey|Soft-Boiled|p1a: Chansey
|-heal|p1a: Chansey|401\/703
|move|p2a: Golem|Earthquake|p1a: Chansey
|-damage|p1a: Chansey|79\/703
|
|turn|52
|c|★Dice|ok miss
|choice|move 2|move 1
|
|move|p1a: Chansey|Soft-Boiled|p1a: Chansey
|-heal|p1a: Chansey|430\/703
|move|p2a: Golem|Earthquake|p1a: Chansey
|-damage|p1a: Chansey|78\/703
|
|turn|53
|c|★Dice|liketwice
|c|★Isa|pls n
|choice|move 2|move 1
|
|move|p1a: Chansey|Soft-Boiled|p1a: Chansey
|-heal|p1a: Chansey|429\/703
|move|p2a: Golem|Earthquake|p1a: Chansey
|-damage|p1a: Chansey|73\/703
|
|turn|54
|c|★Isa|max rolls pls
|choice|move 2|move 1
|
|move|p1a: Chansey|Soft-Boiled|p1a: Chansey
|-heal|p1a: Chansey|424\/703
|move|p2a: Golem|Earthquake|p1a: Chansey
|-crit|p1a: Chansey
|-damage|p1a: Chansey|0 fnt
|faint|p1a: Chansey
|choice|switch 4|
|
|switch|p1a: Zapdos|Zapdos|146\/383
|turn|55
|c|★Isa|gg
|choice|move 2|move 4
|
|move|p1a: Zapdos|Agility|p1a: Zapdos
|-boost|p1a: Zapdos|spe|2
|move|p2a: Golem|Explosion|p1a: Zapdos
|-damage|p1a: Zapdos|0 fnt
|faint|p1a: Zapdos
|faint|p2a: Golem
|
|win|Isa