|inactive|Battle timer is ON: inactive players will automatically lose when time's up.
|J|marcoasd
|J|Malekith
|player|p1|marcoasd|265
|player|p2|Malekith|269
|gametype|singles
|gen|1
|tier|[Gen 1] OU
|rule|Sleep Clause Mod: Limit one foe put to sleep
|rule|Freeze Clause Mod: Limit one foe frozen
|rule|Species Clause: Limit one of each Pokémon
|rule|OHKO Clause: OHKO moves are banned
|rule|Evasion Moves Clause: Evasion moves are banned
|rule|HP Percentage Mod: HP is shown in percentages
|
|start
|switch|p1a: Jynx|Jynx|333\/333
|switch|p2a: Starmie|Starmie|323\/323
|turn|1
|c|★Malekith|gl
|J|Sapientia
|c|★marcoasd|nl
|c|★marcoasd|neutral luck
|J|yohoE
|J|Alexander
|
|move|p2a: Starmie|Thunderbolt|p1a: Jynx
|-damage|p1a: Jynx|260\/333
|move|p1a: Jynx|Lovely Kiss|p2a: Starmie
|-status|p2a: Starmie|slp
|
|turn|2
|
|switch|p2a: Lapras|Lapras|463\/463
|move|p1a: Jynx|Blizzard|p2a: Lapras|[miss]
|-miss|p1a: Jynx
|
|turn|3
|
|move|p1a: Jynx|Psychic|p2a: Lapras
|-damage|p2a: Lapras|358\/463
|-unboost|p2a: Lapras|spd|1
|-unboost|p2a: Lapras|spa|1
|move|p2a: Lapras|Confuse Ray|p1a: Jynx
|-start|p1a: Jynx|confusion
|
|turn|4
|
|-activate|p1a: Jynx|confusion
|-damage|p1a: Jynx|219\/333|[from] confusion
|move|p2a: Lapras|Body Slam|p1a: Jynx
|-damage|p1a: Jynx|105\/333
|-status|p1a: Jynx|par
|
|turn|5
|J|Frochtejoghurt
|
|switch|p1a: Chansey|Chansey|703\/703
|move|p2a: Lapras|Blizzard|p1a: Chansey
|-damage|p1a: Chansey|612\/703
|
|turn|6
|
|switch|p2a: Chansey|Chansey|703\/703
|move|p1a: Chansey|Thunder Wave|p2a: Chansey
|-status|p2a: Chansey|par
|
|turn|7
|
|switch|p1a: Jynx|Jynx|105\/333 par
|switch|p2a: Lapras|Lapras|358\/463
|
|turn|8
|
|switch|p1a: Chansey|Chansey|612\/703
|move|p2a: Lapras|Confuse Ray|p1a: Chansey|[miss]
|-miss|p2a: Lapras
|
|turn|9
|
|move|p2a: Lapras|Blizzard|p1a: Chansey
|-damage|p1a: Chansey|476\/703
|move|p1a: Chansey|Seismic Toss|p2a: Lapras
|-damage|p2a: Lapras|258\/463
|
|turn|10
|
|switch|p2a: Chansey|Chansey|703\/703 par
|move|p1a: Chansey|Soft-Boiled|p1a: Chansey
|-heal|p1a: Chansey|703\/703
|
|turn|11
|J|SoulWind
|
|switch|p1a: Snorlax|Snorlax|523\/523
|switch|p2a: Exeggutor|Exeggutor|393\/393
|
|turn|12
|J|BKC
|J|Disaster Area
|
|switch|p1a: Exeggutor|Exeggutor|393\/393
|move|p2a: Exeggutor|Psychic|p1a: Exeggutor
|-resisted|p1a: Exeggutor
|-damage|p1a: Exeggutor|336\/393
|
|turn|13
|
|switch|p1a: Jynx|Jynx|105\/333 par
|move|p2a: Exeggutor|Sleep Powder|p1a: Jynx
|-fail|p1a: Jynx
|
|turn|14
|J|tesung
|
|switch|p1a: Starmie|Starmie|323\/323
|move|p2a: Exeggutor|Egg Bomb|p1a: Starmie
|-damage|p1a: Starmie|243\/323
|
|turn|15
|
|move|p1a: Starmie|Thunder Wave|p2a: Exeggutor
|-status|p2a: Exeggutor|par
|move|p2a: Exeggutor|Sleep Powder|p1a: Starmie
|-status|p1a: Starmie|slp
|
|turn|16
|
|switch|p1a: Exeggutor|Exeggutor|336\/393
|move|p2a: Exeggutor|Egg Bomb|p1a: Exeggutor
|-damage|p1a: Exeggutor|246\/393
|
|turn|17
|J|hellpowna
|
|move|p1a: Exeggutor|Psychic|p2a: Exeggutor
|-resisted|p2a: Exeggutor
|-damage|p2a: Exeggutor|339\/393 par
|-unboost|p2a: Exeggutor|spd|1
|-unboost|p2a: Exeggutor|spa|1
|move|p2a: Exeggutor|Egg Bomb|p1a: Exeggutor
|-damage|p1a: Exeggutor|156\/393
|
|turn|18
|
|move|p1a: Exeggutor|Psychic|p2a: Exeggutor
|-resisted|p2a: Exeggutor
|-damage|p2a: Exeggutor|265\/393 par
|move|p2a: Exeggutor|Egg Bomb|p1a: Exeggutor|[miss]
|-miss|p2a: Exeggutor
|
|turn|19
|
|move|p1a: Exeggutor|Psychic|p2a: Exeggutor
|-resisted|p2a: Exeggutor
|-damage|p2a: Exeggutor|184\/393 par
|move|p2a: Exeggutor|Egg Bomb|p1a: Exeggutor
|-damage|p1a: Exeggutor|76\/393
|
|turn|20
|
|move|p1a: Exeggutor|Psychic|p2a: Exeggutor
|-resisted|p2a: Exeggutor
|-damage|p2a: Exeggutor|100\/393 par
|move|p2a: Exeggutor|Egg Bomb|p1a: Exeggutor
|-damage|p1a: Exeggutor|0 fnt
|faint|p1a: Exeggutor
|
|switch|p1a: Tauros|Tauros|353\/353
|turn|21
|L|yohoE
|
|move|p1a: Tauros|Body Slam|p2a: Exeggutor
|-damage|p2a: Exeggutor|0 fnt
|faint|p2a: Exeggutor
|
|switch|p2a: Lapras|Lapras|258\/463
|turn|22
|
|switch|p1a: Jynx|Jynx|105\/333 par
|move|p2a: Lapras|Blizzard|p1a: Jynx
|-resisted|p1a: Jynx
|-damage|p1a: Jynx|38\/333 par
|
|turn|23
|
|switch|p1a: Chansey|Chansey|703\/703
|move|p2a: Lapras|Body Slam|p1a: Chansey
|-damage|p1a: Chansey|539\/703
|
|turn|24
|
|switch|p2a: Chansey|Chansey|703\/703 par
|move|p1a: Chansey|Thunder Wave|p2a: Chansey
|-fail|p2a: Chansey|par
|
|turn|25
|
|move|p1a: Chansey|Seismic Toss|p2a: Chansey
|-damage|p2a: Chansey|603\/703 par
|cant|p2a: Chansey|par
|
|turn|26
|
|switch|p1a: Jynx|Jynx|38\/333 par
|move|p2a: Chansey|Ice Beam|p1a: Jynx
|-resisted|p1a: Jynx
|-damage|p1a: Jynx|0 fnt
|faint|p1a: Jynx
|
|switch|p1a: Snorlax|Snorlax|523\/523
|turn|27
|
|move|p1a: Snorlax|Earthquake|p2a: Chansey
|-damage|p2a: Chansey|357\/703 par
|move|p2a: Chansey|Counter|p1a: Snorlax
|-fail|p2a: Chansey
|
|turn|28
|
|switch|p2a: Golem|Golem|363\/363
|move|p1a: Snorlax|Earthquake|p2a: Golem
|-supereffective|p2a: Golem
|-damage|p2a: Golem|232\/363
|
|turn|29
|
|switch|p1a: Chansey|Chansey|539\/703
|move|p2a: Golem|Substitute|p2a: Golem
|-start|p2a: Golem|Substitute
|-damage|p2a: Golem|142\/363
|
|turn|30
|
|move|p1a: Chansey|Reflect|p1a: Chansey
|-start|p1a: Chansey|Reflect
|move|p2a: Golem|Earthquake|p1a: Chansey
|-damage|p1a: Chansey|380\/703
|
|turn|31
|
|move|p1a: Chansey|Seismic Toss|p2a: Golem
|-end|p2a: Golem|Substitute
|move|p2a: Golem|Earthquake|p1a: Chansey
|-damage|p1a: Chansey|202\/703
|
|turn|32
|
|switch|p2a: Chansey|Chansey|357\/703 par
|move|p1a: Chansey|Soft-Boiled|p1a: Chansey
|-heal|p1a: Chansey|553\/703
|
|turn|33
|
|switch|p1a: Snorlax|Snorlax|523\/523
|cant|p2a: Chansey|par
|
|turn|34
|
|move|p1a: Snorlax|Earthquake|p2a: Chansey
|-damage|p2a: Chansey|138\/703 par
|move|p2a: Chansey|Soft-Boiled|p2a: Chansey
|-heal|p2a: Chansey|489\/703 par
|
|turn|35
|L|Sapientia
|
|switch|p2a: Golem|Golem|142\/363
|move|p1a: Snorlax|Earthquake|p2a: Golem
|-supereffective|p2a: Golem
|-damage|p2a: Golem|5\/363
|
|turn|36
|
|switch|p1a: Starmie|Starmie|243\/323 slp
|move|p2a: Golem|Explosion|p1a: Starmie
|-damage|p1a: Starmie|0 fnt
|faint|p1a: Starmie
|faint|p2a: Golem
|J|skup
|
|switch|p2a: Lapras|Lapras|258\/463
|switch|p1a: Chansey|Chansey|553\/703
|turn|37
|
|switch|p2a: Chansey|Chansey|489\/703 par
|move|p1a: Chansey|Seismic Toss|p2a: Chansey
|-damage|p2a: Chansey|389\/703 par
|
|turn|38
|
|switch|p1a: Snorlax|Snorlax|523\/523
|move|p2a: Chansey|Soft-Boiled|p2a: Chansey
|-heal|p2a: Chansey|703\/703 par
|
|turn|39
|
|switch|p1a: Chansey|Chansey|553\/703
|move|p2a: Chansey|Thunder Wave|p1a: Chansey
|-status|p1a: Chansey|par
|
|turn|40
|
|switch|p2a: Lapras|Lapras|258\/463
|cant|p1a: Chansey|par
|
|turn|41
|
|move|p2a: Lapras|Confuse Ray|p1a: Chansey
|-start|p1a: Chansey|confusion
|-activate|p1a: Chansey|confusion
|move|p1a: Chansey|Thunder Wave|p2a: Lapras
|-status|p2a: Lapras|par
|
|turn|42
|L|tesung
|
|move|p2a: Lapras|Body Slam|p1a: Chansey
|-damage|p1a: Chansey|377\/703 par
|-activate|p1a: Chansey|confusion
|-damage|p1a: Chansey|342\/703 par|[from] confusion
|
|turn|43
|J|Feenstaub
|L|Feenstaub
|
|move|p2a: Lapras|Body Slam|p1a: Chansey
|-damage|p1a: Chansey|184\/703 par
|-activate|p1a: Chansey|confusion
|-damage|p1a: Chansey|149\/703 par|[from] confusion
|
|turn|44
|
|cant|p2a: Lapras|par
|cant|p1a: Chansey|par
|
|turn|45
|
|switch|p1a: Snorlax|Snorlax|523\/523
|move|p2a: Lapras|Body Slam|p1a: Snorlax
|-damage|p1a: Snorlax|442\/523
|
|turn|46
|
|move|p1a: Snorlax|Body Slam|p2a: Lapras
|-damage|p2a: Lapras|143\/463 par
|move|p2a: Lapras|Blizzard|p1a: Snorlax
|-damage|p1a: Snorlax|269\/523
|-status|p1a: Snorlax|frz
|
|turn|47
|c|+Disaster Area|dio cane!
|c|★marcoasd|lol
|c|★marcoasd|chansey and lax
|J|M Dragon
|c|★marcoasd|haxed
|
|cant|p1a: Snorlax|frz
|move|p2a: Lapras|Confuse Ray|p1a: Snorlax
|-start|p1a: Snorlax|confusion
|
|turn|48
|c|+Disaster Area|you only rly needed to get off like
|
|switch|p2a: Starmie|Starmie|323\/323 slp
|cant|p1a: Snorlax|frz
|
|turn|49
|c|+Disaster Area|one hit w\/ chansey didn't u?
|
|switch|p2a: Tauros|Tauros|353\/353
|switch|p1a: Chansey|Chansey|149\/703 par
|
|turn|50
|L|skup
|
|switch|p1a: Snorlax|Snorlax|269\/523 frz
|move|p2a: Tauros|Body Slam|p1a: Snorlax
|-damage|p1a: Snorlax|132\/523 frz
|
|turn|51
|c|★marcoasd|fp'd reflect on the switch into lapras
|c|★marcoasd|rip
|
|move|p2a: Tauros|Body Slam|p1a: Snorlax
|-damage|p1a: Snorlax|13\/523 frz
|cant|p1a: Snorlax|frz
|
|turn|52
|
|move|p2a: Tauros|Body Slam|p1a: Snorlax
|-crit|p1a: Snorlax
|-damage|p1a: Snorlax|0 fnt
|faint|p1a: Snorlax
|
|switch|p1a: Tauros|Tauros|353\/353
|turn|53
|
|move|p1a: Tauros|Body Slam|p2a: Tauros
|-damage|p2a: Tauros|252\/353
|move|p2a: Tauros|Body Slam|p1a: Tauros
|-damage|p1a: Tauros|248\/353
|
|turn|54
|
|move|p2a: Tauros|Body Slam|p1a: Tauros
|-damage|p1a: Tauros|153\/353
|move|p1a: Tauros|Body Slam|p2a: Tauros
|-damage|p2a: Tauros|155\/353
|
|turn|55
|
|switch|p1a: Chansey|Chansey|149\/703 par
|move|p2a: Tauros|Hyper Beam|p1a: Chansey
|-damage|p1a: Chansey|0 fnt
|faint|p1a: Chansey
|
|switch|p1a: Tauros|Tauros|153\/353
|turn|56
|
|switch|p2a: Lapras|Lapras|143\/463 par
|move|p1a: Tauros|Hyper Beam|p2a: Lapras
|-crit|p2a: Lapras
|-damage|p2a: Lapras|0 fnt
|faint|p2a: Lapras
|
|switch|p2a: Chansey|Chansey|703\/703 par
|turn|57
|
|move|p1a: Tauros|Earthquake|p2a: Chansey
|-damage|p2a: Chansey|506\/703 par
|move|p2a: Chansey|Thunder Wave|p1a: Tauros|[miss]
|-miss|p2a: Chansey
|
|turn|58
|c|+Alexander|the 255
|c|+Alexander|is hele
|c|+Disaster Area|dio stronzo
|
|move|p1a: Tauros|Body Slam|p2a: Chansey
|-damage|p2a: Chansey|223\/703 par
|cant|p2a: Chansey|par
|
|turn|59
|c|+Disaster Area|che giocatore
|c|★Malekith|lol
|
|move|p1a: Tauros|Body Slam|p2a: Chansey
|-damage|p2a: Chansey|0 fnt
|faint|p2a: Chansey
|c|★marcoasd|i've been haxed so damn hard beforehand
|c|+Disaster Area|lol
|c|★marcoasd|reflect chansey would've swept alone
|c|★Malekith|chansey wasnt haxed
|c|★marcoasd|it was
|c|★Malekith|para + confuse is 30% of moving
|J|Cronenberg
|
|switch|p2a: Tauros|Tauros|155\/353
|turn|60
|c|★marcoasd|reflect on the switch
|c|★marcoasd|obv fp'd
|c|★marcoasd|para'd lapras doesn't usually get over chansey
|c|+Disaster Area|+ lapras not fp'ing whatsoever (apart from when both fp)
|c|★marcoasd|rng will decide
|c|★marcoasd|gg
|
|move|p2a: Tauros|Hyper Beam|p1a: Tauros
|-damage|p1a: Tauros|0 fnt
|faint|p1a: Tauros
|
|win|Malekith