|J|Vileman
|J|Nails
|player|p1|Vileman|165
|player|p2|Nails|169
|gametype|singles
|gen|1
|tier|[Gen 1] OU
|seed|50384,41480,1429,20634
|rule|Sleep Clause Mod: Limit one foe put to sleep
|rule|Freeze Clause Mod: Limit one foe frozen
|rule|Species Clause: Limit one of each Pokémon
|rule|OHKO Clause: OHKO moves are banned
|rule|Evasion Moves Clause: Evasion moves are banned
|rule|HP Percentage Mod: HP is shown in percentages
|
|start
|switch|p1a: Gengar|Gengar|323\/323
|switch|p2a: Jolteon|Jolteon|333\/333
|turn|1
|choice|move 1|move 4
|
|move|p2a: Jolteon|Thunder Wave|p1a: Gengar
|-status|p1a: Gengar|par
|cant|p1a: Gengar|par
|
|turn|2
|choice|move 1|move 1
|
|move|p2a: Jolteon|Thunderbolt|p1a: Gengar
|-damage|p1a: Gengar|227\/323 par
|move|p1a: Gengar|Hypnosis|p2a: Jolteon
|-status|p2a: Jolteon|slp
|
|turn|3
|J|SLURMZ
|J|choollio
|choice|move 3|switch 5
|
|switch|p2a: Dragonite|Dragonite|385\/385
|cant|p1a: Gengar|par
|
|turn|4
|choice|move 4|move 3
|
|move|p2a: Dragonite|Blizzard|p1a: Gengar
|-damage|p1a: Gengar|155\/323 par
|cant|p1a: Gengar|par
|
|turn|5
|c|★Nails|man
|choice|move 4|switch 6
|
|switch|p2a: Alakazam|Alakazam|313\/313
|move|p1a: Gengar|Explosion|p2a: Alakazam
|-damage|p2a: Alakazam|0 fnt
|faint|p2a: Alakazam
|faint|p1a: Gengar
|c|★Nails|i wanted
|c|★Nails|to tank the boom with nite
|c|★Nails|zzz
|c|★Vileman|why did u not stay in then
|c|★Vileman|?_?
|c|★Nails|because i thought you were ice punching
|c|+SLURMZ|ice punch
|c|+SLURMZ|don't exist
|c|★Vileman|doesnt gar gets ice punch only in tradebacks
|c|+SLURMZ|homie
|c|★Vileman|^
|c|★Nails|\/me shrug
|c|★Vileman|lol
|c|★Nails|i learned somethin
|c|★Nails|today
|choice|switch 2|switch 6
|
|switch|p2a: Dragonite|Dragonite|385\/385
|switch|p1a: Chansey|Chansey|703\/703
|turn|6
|c|★Nails|!
|c|+SLURMZ|last slot is
|c|+SLURMZ|night shade
|c|★Vileman|wraps broken
|c|★Vileman|yn
|c|★Nails|y
|c|+SLURMZ|mega drain
|choice|move 4|move 1
|
|move|p2a: Dragonite|Wrap|p1a: Chansey
|-damage|p1a: Chansey|665\/703
|-activate|p1a: Chansey|move: Wrap|[of] p2a: Dragonite
|cant|p1a: Chansey|partiallytrapped
|
|turn|7
|c|+SLURMZ|or confuse ray
|choice|switch 4|move 1
|
|switch|p1a: Slowbro|Slowbro|393\/393
|move|p2a: Dragonite|Wrap|p1a: Slowbro
|-damage|p1a: Slowbro|379\/393
|-activate|p1a: Slowbro|move: Wrap|[of] p2a: Dragonite
|
|turn|8
|c|+SLURMZ|LOL
|c|+SLURMZ|HES DOING IT
|choice|switch 4|move 1
|
|switch|p1a: Chansey|Chansey|665\/703
|move|p2a: Dragonite|Wrap|p1a: Chansey|[miss]
|-miss|p2a: Dragonite
|
|turn|9
|c|+SLURMZ|FROM TURN 6
|c|+SLURMZ|HELP
|choice|move 4|move 1
|
|move|p2a: Dragonite|Wrap|p1a: Chansey
|-damage|p1a: Chansey|622\/703
|-activate|p1a: Chansey|move: Wrap|[of] p2a: Dragonite
|cant|p1a: Chansey|partiallytrapped
|
|turn|10
|choice|switch 4|move 1
|
|switch|p1a: Slowbro|Slowbro|379\/393
|move|p2a: Dragonite|Wrap|p1a: Slowbro
|-damage|p1a: Slowbro|364\/393
|-activate|p1a: Slowbro|move: Wrap|[of] p2a: Dragonite
|
|turn|11
|choice|switch 6|move 1
|
|switch|p1a: Zapdos|Zapdos|383\/383
|move|p2a: Dragonite|Wrap|p1a: Zapdos
|-damage|p1a: Zapdos|365\/383
|-activate|p1a: Zapdos|move: Wrap|[of] p2a: Dragonite
|
|turn|12
|choice|move 4|move 1
|
|cant|p1a: Zapdos|partiallytrapped
|move|p2a: Dragonite|Wrap|p1a: Zapdos
|-damage|p1a: Zapdos|347\/383
|
|turn|13
|choice|move 4|move 1
|
|cant|p1a: Zapdos|partiallytrapped
|move|p2a: Dragonite|Wrap|p1a: Zapdos
|-damage|p1a: Zapdos|329\/383
|
|-end|p1a: Zapdos|Wrap|[partiallytrapped]
|turn|14
|choice|move 4|move 4
|
|move|p1a: Zapdos|Thunder Wave|p2a: Dragonite
|-status|p2a: Dragonite|par
|move|p2a: Dragonite|Thunder Wave|p1a: Zapdos
|-status|p1a: Zapdos|par
|
|turn|15
|c|★Vileman|zapper.
|choice|move 1|move 3
|
|move|p1a: Zapdos|Drill Peck|p2a: Dragonite
|-damage|p2a: Dragonite|290\/385 par
|move|p2a: Dragonite|Blizzard|p1a: Zapdos
|-supereffective|p1a: Zapdos
|-damage|p1a: Zapdos|168\/383 par
|
|turn|16
|choice|move 1|move 3
|
|move|p1a: Zapdos|Drill Peck|p2a: Dragonite
|-damage|p2a: Dragonite|201\/385 par
|cant|p2a: Dragonite|par
|
|turn|17
|c|★Vileman|where are da criticos
|choice|move 1|move 3
|
|cant|p1a: Zapdos|par
|move|p2a: Dragonite|Blizzard|p1a: Zapdos|[miss]
|-miss|p2a: Dragonite
|
|turn|18
|choice|move 2|switch 4
|
|switch|p2a: Tauros|Tauros|353\/353
|move|p1a: Zapdos|Thunder|p2a: Tauros
|-damage|p2a: Tauros|150\/353
|
|turn|19
|c|★Nails|rude af
|c|★Vileman|8)
|choice|switch 6|move 1
|
|switch|p1a: Slowbro|Slowbro|364\/393
|move|p2a: Tauros|Body Slam|p1a: Slowbro
|-damage|p1a: Slowbro|263\/393
|-status|p1a: Slowbro|par
|
|turn|20
|c|★Nails|noice
|c|★Vileman|haxo
|choice|move 3|switch 4
|
|switch|p2a: Dragonite|Dragonite|201\/385 par
|move|p1a: Slowbro|Thunder Wave|p2a: Dragonite
|-fail|p2a: Dragonite|par
|
|turn|21
|choice|switch 4|move 1
|
|switch|p1a: Chansey|Chansey|622\/703
|move|p2a: Dragonite|Wrap|p1a: Chansey
|-crit|p1a: Chansey
|-damage|p1a: Chansey|544\/703
|-activate|p1a: Chansey|move: Wrap|[of] p2a: Dragonite
|
|turn|22
|choice|move 1|move 1
|
|cant|p1a: Chansey|partiallytrapped
|move|p2a: Dragonite|Wrap|p1a: Chansey
|-damage|p1a: Chansey|466\/703
|
|turn|23
|choice|move 1|move 1
|
|cant|p1a: Chansey|partiallytrapped
|move|p2a: Dragonite|Wrap|p1a: Chansey
|-damage|p1a: Chansey|388\/703
|
|turn|24
|choice|move 1|switch 3
|
|switch|p2a: Snorlax|Snorlax|523\/523
|cant|p1a: Chansey|partiallytrapped
|
|-end|p1a: Chansey|Wrap|[partiallytrapped]
|turn|25
|c|+SLURMZ|just wait it out
|c|+SLURMZ|good vileman
|c|★Vileman|shut UP slurmz
|choice|move 3|move 1
|
|move|p2a: Snorlax|Body Slam|p1a: Chansey
|-damage|p1a: Chansey|112\/703
|move|p1a: Chansey|Counter|p2a: Snorlax
|-damage|p2a: Snorlax|0 fnt
|faint|p2a: Snorlax
|c|★Vileman|boom
|choice||switch 4
|
|switch|p2a: Tauros|Tauros|150\/353
|turn|26
|c|★Vileman|worth
|c|★Vileman|yn
|c|★Nails|0 respect for the beam
|c|★Nails|imo
|choice|switch 5|move 1
|
|switch|p1a: Snorlax|Snorlax|523\/523
|move|p2a: Tauros|Body Slam|p1a: Snorlax
|-damage|p1a: Snorlax|401\/523
|
|turn|27
|c|+SLURMZ|is this
|c|+SLURMZ|counter lax too
|c|+SLURMZ|yn
|c|★Vileman|n
|c|★Vileman|._.
|choice|move 3|switch 3
|
|switch|p2a: Dragonite|Dragonite|201\/385 par
|move|p1a: Snorlax|Reflect|p1a: Snorlax
|-start|p1a: Snorlax|Reflect
|
|turn|28
|choice|move 2|move 4
|
|move|p1a: Snorlax|Hyper Beam|p2a: Dragonite
|-damage|p2a: Dragonite|23\/385 par
|move|p2a: Dragonite|Thunder Wave|p1a: Snorlax
|-status|p1a: Snorlax|par
|
|turn|29
|-mustrecharge|p1a: Snorlax
|c|★Vileman|blaargh
|c|★Vileman|wtf
|c|★Vileman|doesnt blends
|-mustrecharge|p1a: Snorlax
|choice|move 1|switch 2
|
|switch|p2a: Cloyster|Cloyster|303\/303
|cant|p1a: Snorlax|recharge
|
|turn|30
|c|★Vileman|both wrap and clamp
|c|★Nails|my strategy is ready
|c|★Nails|imo
|c|★Vileman|x_x
|choice|move 1|move 1
|
|move|p2a: Cloyster|Clamp|p1a: Snorlax
|-crit|p1a: Snorlax
|-damage|p1a: Snorlax|301\/523 par
|-activate|p1a: Snorlax|move: Clamp|[of] p2a: Cloyster
|cant|p1a: Snorlax|par
|
|turn|31
|choice|switch 4|move 1
|
|switch|p1a: Slowbro|Slowbro|263\/393 par
|move|p2a: Cloyster|Clamp|p1a: Slowbro|[miss]
|-miss|p2a: Cloyster
|
|turn|32
|choice|move 3|move 1
|
|move|p2a: Cloyster|Clamp|p1a: Slowbro
|-resisted|p1a: Slowbro
|-damage|p1a: Slowbro|240\/393 par
|-activate|p1a: Slowbro|move: Clamp|[of] p2a: Cloyster
|cant|p1a: Slowbro|partiallytrapped
|
|turn|33
|choice|switch 6|move 1
|
|switch|p1a: Zapdos|Zapdos|168\/383 par
|move|p2a: Cloyster|Clamp|p1a: Zapdos
|-damage|p1a: Zapdos|136\/383 par
|-activate|p1a: Zapdos|move: Clamp|[of] p2a: Cloyster
|
|turn|34
|choice|switch 6|move 1
|
|switch|p1a: Slowbro|Slowbro|240\/393 par
|move|p2a: Cloyster|Clamp|p1a: Slowbro
|-resisted|p1a: Slowbro
|-damage|p1a: Slowbro|217\/393 par
|-activate|p1a: Slowbro|move: Clamp|[of] p2a: Cloyster
|
|turn|35
|choice|switch 6|move 1
|
|switch|p1a: Zapdos|Zapdos|136\/383 par
|move|p2a: Cloyster|Clamp|p1a: Zapdos|[miss]
|-miss|p2a: Cloyster
|
|turn|36
|choice|switch 6|move 2
|
|switch|p1a: Slowbro|Slowbro|217\/393 par
|move|p2a: Cloyster|Blizzard|p1a: Slowbro
|-resisted|p1a: Slowbro
|-damage|p1a: Slowbro|140\/393 par
|
|turn|37
|choice|move 4|move 1
|
|move|p2a: Cloyster|Clamp|p1a: Slowbro
|-resisted|p1a: Slowbro
|-damage|p1a: Slowbro|120\/393 par
|-activate|p1a: Slowbro|move: Clamp|[of] p2a: Cloyster
|cant|p1a: Slowbro|partiallytrapped
|
|turn|38
|choice|switch 6|move 1
|
|switch|p1a: Zapdos|Zapdos|136\/383 par
|move|p2a: Cloyster|Clamp|p1a: Zapdos|[miss]
|-miss|p2a: Cloyster
|
|turn|39
|c|★Vileman|@_@'
|c|★Nails|nice..
|c|★Vileman|nice???....NOT lol x_X
|choice|switch 6|move 2
|
|switch|p1a: Slowbro|Slowbro|120\/393 par
|move|p2a: Cloyster|Blizzard|p1a: Slowbro
|-resisted|p1a: Slowbro
|-damage|p1a: Slowbro|47\/393 par
|
|turn|40
|choice|move 4|move 2
|
|move|p2a: Cloyster|Blizzard|p1a: Slowbro
|-crit|p1a: Slowbro
|-resisted|p1a: Slowbro
|-damage|p1a: Slowbro|0 fnt
|faint|p1a: Slowbro
|c|★Nails|oyster :)
|choice|switch 3|
|
|switch|p1a: Tauros|Tauros|353\/353
|turn|41
|c|★Vileman|9.9
|choice|move 1|move 2
|
|move|p1a: Tauros|Body Slam|p2a: Cloyster
|-crit|p2a: Cloyster
|-damage|p2a: Cloyster|173\/303
|move|p2a: Cloyster|Blizzard|p1a: Tauros
|-damage|p1a: Tauros|203\/353
|
|turn|42
|choice|move 1|move 1
|
|move|p1a: Tauros|Body Slam|p2a: Cloyster
|-damage|p2a: Cloyster|105\/303
|move|p2a: Cloyster|Clamp|p1a: Tauros
|-damage|p1a: Tauros|153\/353
|-activate|p1a: Tauros|move: Clamp|[of] p2a: Cloyster
|
|turn|43
|c|+SLURMZ|nice team
|choice|move 2|move 1
|
|cant|p1a: Tauros|partiallytrapped
|move|p2a: Cloyster|Clamp|p1a: Tauros
|-damage|p1a: Tauros|103\/353
|
|-end|p1a: Tauros|Clamp|[partiallytrapped]
|turn|44
|c|+SLURMZ|nails
|c|★Nails|ty.
|choice|switch 5|switch 2
|
|switch|p1a: Chansey|Chansey|112\/703
|switch|p2a: Dragonite|Dragonite|23\/385 par
|
|turn|45
|c|★Vileman|im a lord
|c|★Nails|drats
|choice|move 1|move 4
|
|move|p1a: Chansey|Soft-Boiled|p1a: Chansey
|-heal|p1a: Chansey|463\/703
|cant|p2a: Dragonite|par
|
|turn|46
|c|★Vileman|neat
|choice|move 2|move 4
|
|move|p1a: Chansey|Ice Beam|p2a: Dragonite
|-crit|p2a: Dragonite
|-supereffective|p2a: Dragonite
|-damage|p2a: Dragonite|0 fnt
|faint|p2a: Dragonite
|choice||switch 2
|
|switch|p2a: Cloyster|Cloyster|105\/303
|turn|47
|choice|move 1|move 1
|
|move|p2a: Cloyster|Clamp|p1a: Chansey
|-damage|p1a: Chansey|423\/703
|-activate|p1a: Chansey|move: Clamp|[of] p2a: Cloyster
|cant|p1a: Chansey|partiallytrapped
|
|turn|48
|choice|switch 6|move 1
|
|switch|p1a: Zapdos|Zapdos|136\/383 par
|move|p2a: Cloyster|Clamp|p1a: Zapdos|[miss]
|-miss|p2a: Cloyster
|
|turn|49
|choice|switch 6|move 2
|
|switch|p1a: Chansey|Chansey|423\/703
|move|p2a: Cloyster|Blizzard|p1a: Chansey
|-damage|p1a: Chansey|308\/703
|
|turn|50
|choice|move 1|move 1
|
|move|p2a: Cloyster|Clamp|p1a: Chansey
|-crit|p1a: Chansey
|-damage|p1a: Chansey|235\/703
|-activate|p1a: Chansey|move: Clamp|[of] p2a: Cloyster
|cant|p1a: Chansey|partiallytrapped
|
|turn|51
|choice|switch 6|move 1
|
|switch|p1a: Zapdos|Zapdos|136\/383 par
|move|p2a: Cloyster|Clamp|p1a: Zapdos|[miss]
|-miss|p2a: Cloyster
|
|turn|52
|choice|switch 4|move 2
|
|switch|p1a: Snorlax|Snorlax|301\/523 par
|move|p2a: Cloyster|Blizzard|p1a: Snorlax
|-damage|p1a: Snorlax|137\/523 par
|
|turn|53
|choice|move 1|move 2
|
|move|p2a: Cloyster|Blizzard|p1a: Snorlax
|-damage|p1a: Snorlax|0 fnt
|faint|p1a: Snorlax
|choice|switch 5|
|
|switch|p1a: Tauros|Tauros|103\/353
|turn|54
|choice|move 2|switch 5
|
|switch|p2a: Jolteon|Jolteon|333\/333 slp
|move|p1a: Tauros|Hyper Beam|p2a: Jolteon
|-damage|p2a: Jolteon|102\/333 slp
|
|turn|55
|-mustrecharge|p1a: Tauros
|c|★Vileman|stay sleepin
|-mustrecharge|p1a: Tauros
|c|★Vileman|pls?
|choice|move 1|move 1
|
|-curestatus|p2a: Jolteon|slp
|cant|p1a: Tauros|recharge
|
|turn|56
|c|★Vileman|bad boy
|c|★Nails|nice af
|choice|move 3|move 2
|
|move|p2a: Jolteon|Double Kick|p1a: Tauros
|-crit|p1a: Tauros
|-supereffective|p1a: Tauros
|-damage|p1a: Tauros|24\/353
|-damage|p1a: Tauros|0 fnt
|-hitcount|p1a: Tauros|2
|faint|p1a: Tauros
|c|★Vileman|f*ck
|c|★Nails|.kickin
|choice|switch 4|
|
|switch|p1a: Zapdos|Zapdos|136\/383 par
|turn|57
|choice|move 2|move 1
|
|move|p2a: Jolteon|Thunderbolt|p1a: Zapdos
|-crit|p1a: Zapdos
|-damage|p1a: Zapdos|0 fnt
|faint|p1a: Zapdos
|choice|switch 6|
|
|switch|p1a: Chansey|Chansey|235\/703
|turn|58
|choice|move 4|move 4
|
|move|p2a: Jolteon|Thunder Wave|p1a: Chansey
|-status|p1a: Chansey|par
|move|p1a: Chansey|Thunder Wave|p2a: Jolteon
|-status|p2a: Jolteon|par
|
|turn|59
|choice|move 1|move 2
|
|cant|p2a: Jolteon|par
|move|p1a: Chansey|Soft-Boiled|p1a: Chansey
|-heal|p1a: Chansey|586\/703 par
|
|turn|60
|c|★Vileman|yes yes
|c|★Vileman|let the yellow magic
|c|★Vileman|do the job
|choice|move 2|move 2
|
|move|p2a: Jolteon|Double Kick|p1a: Chansey
|-supereffective|p1a: Chansey
|-damage|p1a: Chansey|486\/703 par
|-damage|p1a: Chansey|386\/703 par
|-hitcount|p1a: Chansey|2
|cant|p1a: Chansey|par
|
|turn|61
|choice|move 1|move 2
|
|move|p2a: Jolteon|Double Kick|p1a: Chansey
|-supereffective|p1a: Chansey
|-damage|p1a: Chansey|280\/703 par
|-damage|p1a: Chansey|174\/703 par
|-hitcount|p1a: Chansey|2
|move|p1a: Chansey|Soft-Boiled|p1a: Chansey
|-heal|p1a: Chansey|525\/703 par
|
|turn|62
|choice|move 2|move 2
|
|move|p2a: Jolteon|Double Kick|p1a: Chansey
|-supereffective|p1a: Chansey
|-damage|p1a: Chansey|416\/703 par
|-damage|p1a: Chansey|307\/703 par
|-hitcount|p1a: Chansey|2
|move|p1a: Chansey|Ice Beam|p2a: Jolteon
|-damage|p2a: Jolteon|31\/333 par
|
|turn|63
|choice|move 1|move 2
|
|move|p2a: Jolteon|Double Kick|p1a: Chansey
|-supereffective|p1a: Chansey
|-damage|p1a: Chansey|199\/703 par
|-damage|p1a: Chansey|91\/703 par
|-hitcount|p1a: Chansey|2
|cant|p1a: Chansey|par
|
|turn|64
|choice|move 1|switch 5
|
|switch|p2a: Cloyster|Cloyster|105\/303
|cant|p1a: Chansey|par
|
|turn|65
|c|★Vileman|GG
|choice|move 4|move 4
|
|move|p2a: Cloyster|Explosion|p1a: Chansey
|-damage|p1a: Chansey|0 fnt
|faint|p1a: Chansey
|faint|p2a: Cloyster
|
|win|Nails