|J|scald
|J|teal6
|player|p1|scald|1
|player|p2|teal6|102
|gametype|singles
|gen|1
|tier|[Gen 1] OU
|seed|51673,5945,51206,40183
|rule|Sleep Clause Mod: Limit one foe put to sleep
|rule|Freeze Clause Mod: Limit one foe frozen
|rule|Species Clause: Limit one of each Pokémon
|rule|OHKO Clause: OHKO moves are banned
|rule|Evasion Moves Clause: Evasion moves are banned
|rule|HP Percentage Mod: HP is shown in percentages
|
|start
|switch|p1a: Jynx|Jynx|333\/333
|switch|p2a: Jynx|Jynx|333\/333
|turn|1
|choice|move 3|move 2
|
|move|p2a: Jynx|Lovely Kiss|p1a: Jynx
|-status|p1a: Jynx|slp
|cant|p1a: Jynx|slp
|
|turn|2
|choice|switch 3|move 1
|
|switch|p1a: Chansey|Chansey|703\/703
|move|p2a: Jynx|Psychic|p1a: Chansey
|-crit|p1a: Chansey
|-damage|p1a: Chansey|501\/703
|
|turn|3
|choice|move 2|move 4
|
|move|p2a: Jynx|Blizzard|p1a: Chansey|[miss]
|-miss|p2a: Jynx
|move|p1a: Chansey|Thunder Wave|p2a: Jynx
|-status|p2a: Jynx|par
|
|turn|4
|choice|move 3|move 4
|
|move|p1a: Chansey|Thunderbolt|p2a: Jynx
|-damage|p2a: Jynx|258\/333 par
|cant|p2a: Jynx|par
|
|turn|5
|choice|move 3|move 4
|
|move|p1a: Chansey|Thunderbolt|p2a: Jynx
|-damage|p2a: Jynx|180\/333 par
|move|p2a: Jynx|Blizzard|p1a: Chansey
|-damage|p1a: Chansey|373\/703
|
|turn|6
|choice|move 1|move 4
|
|move|p1a: Chansey|Soft-Boiled|p1a: Chansey
|-heal|p1a: Chansey|703\/703
|move|p2a: Jynx|Blizzard|p1a: Chansey
|-damage|p1a: Chansey|575\/703
|
|turn|7
|choice|switch 3|move 4
|
|switch|p1a: Jynx|Jynx|333\/333 slp
|move|p2a: Jynx|Blizzard|p1a: Jynx
|-resisted|p1a: Jynx
|-damage|p1a: Jynx|260\/333 slp
|
|turn|8
|choice|move 1|move 1
|
|cant|p1a: Jynx|slp
|cant|p2a: Jynx|par
|
|turn|9
|choice|move 1|move 1
|
|cant|p1a: Jynx|slp
|move|p2a: Jynx|Psychic|p1a: Jynx
|-resisted|p1a: Jynx
|-damage|p1a: Jynx|204\/333 slp
|
|turn|10
|J|EV Umbreon
|L|EV Umbreon
|choice|move 1|move 1
|
|-curestatus|p1a: Jynx|slp
|move|p2a: Jynx|Psychic|p1a: Jynx
|-resisted|p1a: Jynx
|-damage|p1a: Jynx|156\/333
|
|turn|11
|choice|move 1|move 2
|
|move|p1a: Jynx|Blizzard|p2a: Jynx
|-crit|p2a: Jynx
|-resisted|p2a: Jynx
|-damage|p2a: Jynx|52\/333 par
|move|p2a: Jynx|Lovely Kiss|p1a: Jynx
|-status|p1a: Jynx|slp
|
|turn|12
|choice|move 1|move 3
|
|cant|p1a: Jynx|slp
|move|p2a: Jynx|Rest|p2a: Jynx
|-status|p2a: Jynx|slp
|-heal|p2a: Jynx|333\/333 slp|[silent]
|-status|p2a: Jynx|slp|[from] move: Rest
|
|turn|13
|choice|move 1|move 1
|
|cant|p1a: Jynx|slp
|cant|p2a: Jynx|slp
|
|turn|14
|choice|move 4|move 1
|
|cant|p1a: Jynx|slp
|-curestatus|p2a: Jynx|slp
|
|turn|15
|choice|move 4|move 1
|
|cant|p1a: Jynx|slp
|move|p2a: Jynx|Psychic|p1a: Jynx
|-resisted|p1a: Jynx
|-damage|p1a: Jynx|101\/333 slp
|
|turn|16
|choice|move 3|move 1
|
|-curestatus|p1a: Jynx|slp
|move|p2a: Jynx|Psychic|p1a: Jynx
|-resisted|p1a: Jynx
|-damage|p1a: Jynx|49\/333
|-unboost|p1a: Jynx|spd|1
|-unboost|p1a: Jynx|spa|1
|
|turn|17
|choice|move 3|move 1
|
|move|p1a: Jynx|Lovely Kiss|p2a: Jynx
|-status|p2a: Jynx|slp
|cant|p2a: Jynx|slp
|
|turn|18
|choice|move 4|move 1
|
|move|p1a: Jynx|Rest|p1a: Jynx
|-status|p1a: Jynx|slp
|-heal|p1a: Jynx|333\/333 slp|[silent]
|-status|p1a: Jynx|slp|[from] move: Rest
|cant|p2a: Jynx|slp
|
|turn|19
|choice|move 1|switch 3
|
|switch|p2a: Tauros|Tauros|353\/353
|cant|p1a: Jynx|slp
|
|turn|20
|choice|switch 6|move 1
|
|switch|p1a: Snorlax|Snorlax|523\/523
|move|p2a: Tauros|Body Slam|p1a: Snorlax
|-damage|p1a: Snorlax|390\/523
|
|turn|21
|choice|move 1|move 3
|
|move|p2a: Tauros|Earthquake|p1a: Snorlax
|-damage|p1a: Snorlax|281\/523
|move|p1a: Snorlax|Body Slam|p2a: Tauros
|-damage|p2a: Tauros|242\/353
|
|turn|22
|choice|move 4|move 1
|
|move|p2a: Tauros|Body Slam|p1a: Snorlax
|-crit|p1a: Snorlax
|-damage|p1a: Snorlax|21\/523
|move|p1a: Snorlax|Rest|p1a: Snorlax
|-status|p1a: Snorlax|slp
|-heal|p1a: Snorlax|523\/523 slp|[silent]
|-status|p1a: Snorlax|slp|[from] move: Rest
|
|turn|23
|choice|move 1|move 1
|
|move|p2a: Tauros|Body Slam|p1a: Snorlax
|-damage|p1a: Snorlax|396\/523 slp
|cant|p1a: Snorlax|slp
|
|turn|24
|choice|move 1|move 1
|
|move|p2a: Tauros|Body Slam|p1a: Snorlax
|-damage|p1a: Snorlax|263\/523 slp
|-curestatus|p1a: Snorlax|slp
|
|turn|25
|choice|move 3|move 1
|
|move|p2a: Tauros|Body Slam|p1a: Snorlax
|-damage|p1a: Snorlax|144\/523
|move|p1a: Snorlax|Reflect|p1a: Snorlax
|-start|p1a: Snorlax|Reflect
|
|turn|26
|choice|move 4|move 1
|
|move|p2a: Tauros|Body Slam|p1a: Snorlax
|-crit|p1a: Snorlax
|-damage|p1a: Snorlax|0 fnt
|faint|p1a: Snorlax
|c|★scald|epic 
|choice|switch 5|
|
|switch|p1a: Tauros|Tauros|353\/353
|turn|27
|choice|move 1|switch 6
|
|switch|p2a: Chansey|Chansey|703\/703
|move|p1a: Tauros|Body Slam|p2a: Chansey
|-crit|p2a: Chansey
|-damage|p2a: Chansey|213\/703
|
|turn|28
|choice|move 1|switch 4
|
|switch|p2a: Snorlax|Snorlax|523\/523
|move|p1a: Tauros|Body Slam|p2a: Snorlax
|-damage|p2a: Snorlax|402\/523
|
|turn|29
|choice|move 1|move 1
|
|move|p1a: Tauros|Body Slam|p2a: Snorlax
|-damage|p2a: Snorlax|278\/523
|move|p2a: Snorlax|Body Slam|p1a: Tauros
|-crit|p1a: Tauros
|-damage|p1a: Tauros|139\/353
|
|turn|30
|choice|move 1|move 3
|
|move|p1a: Tauros|Body Slam|p2a: Snorlax
|-damage|p2a: Snorlax|146\/523
|move|p2a: Snorlax|Hyper Beam|p1a: Tauros
|-damage|p1a: Tauros|0 fnt
|faint|p1a: Tauros
|choice|switch 4|
|
|switch|p1a: Exeggutor|Exeggutor|393\/393
|turn|31
|J|MiltankMilk
|choice|move 2|move 4
|
|move|p1a: Exeggutor|Stun Spore|p2a: Snorlax
|-status|p2a: Snorlax|par
|move|p2a: Snorlax|Self-Destruct|p1a: Exeggutor
|-damage|p1a: Exeggutor|41\/393
|faint|p2a: Snorlax
|choice||switch 6
|
|switch|p2a: Tauros|Tauros|242\/353
|turn|32
|c|+MiltankMilk|scald is ass 
|choice|move 4|move 1
|
|move|p2a: Tauros|Body Slam|p1a: Exeggutor
|-damage|p1a: Exeggutor|0 fnt
|faint|p1a: Exeggutor
|choice|switch 2|
|
|switch|p1a: Starmie|Starmie|323\/323
|turn|33
|choice|move 3|switch 3
|
|switch|p2a: Jynx|Jynx|333\/333 slp
|move|p1a: Starmie|Thunder Wave|p2a: Jynx
|-fail|p2a: Jynx
|
|turn|34
|choice|switch 3|move 2
|
|switch|p1a: Chansey|Chansey|575\/703
|cant|p2a: Jynx|slp
|
|turn|35
|choice|move 3|move 2
|
|cant|p2a: Jynx|slp
|move|p1a: Chansey|Thunderbolt|p2a: Jynx
|-damage|p2a: Jynx|259\/333 slp
|
|turn|36
|choice|move 3|move 2
|
|cant|p2a: Jynx|slp
|move|p1a: Chansey|Thunderbolt|p2a: Jynx
|-damage|p2a: Jynx|174\/333 slp
|
|turn|37
|choice|move 3|move 2
|
|-curestatus|p2a: Jynx|slp
|move|p1a: Chansey|Thunderbolt|p2a: Jynx
|-crit|p2a: Jynx
|-damage|p2a: Jynx|22\/333
|
|turn|38
|choice|move 3|move 2
|
|move|p2a: Jynx|Lovely Kiss|p1a: Chansey
|-status|p1a: Chansey|slp
|cant|p1a: Chansey|slp
|
|turn|39
|choice|move 3|switch 4
|
|switch|p2a: Chansey|Chansey|213\/703
|cant|p1a: Chansey|slp
|
|turn|40
|choice|move 2|move 2
|
|move|p2a: Chansey|Soft-Boiled|p2a: Chansey
|-heal|p2a: Chansey|564\/703
|cant|p1a: Chansey|slp
|
|turn|41
|choice|move 2|switch 4
|
|switch|p2a: Jynx|Jynx|22\/333
|cant|p1a: Chansey|slp
|
|turn|42
|J|Conflict
|choice|move 3|move 1
|
|move|p2a: Jynx|Psychic|p1a: Chansey
|-crit|p1a: Chansey
|-damage|p1a: Chansey|384\/703 slp
|-curestatus|p1a: Chansey|slp
|
|turn|43
|choice|move 3|move 2
|
|move|p2a: Jynx|Lovely Kiss|p1a: Chansey
|-status|p1a: Chansey|slp
|cant|p1a: Chansey|slp
|
|turn|44
|choice|switch 3|move 1
|
|switch|p1a: Starmie|Starmie|323\/323
|move|p2a: Jynx|Psychic|p1a: Starmie
|-crit|p1a: Starmie
|-resisted|p1a: Starmie
|-damage|p1a: Starmie|217\/323
|-unboost|p1a: Starmie|spd|1
|-unboost|p1a: Starmie|spa|1
|
|turn|45
|choice|move 1|move 1
|
|move|p1a: Starmie|Blizzard|p2a: Jynx
|-resisted|p2a: Jynx
|-damage|p2a: Jynx|0 fnt
|faint|p2a: Jynx
|choice||switch 2
|
|switch|p2a: Zapdos|Zapdos|383\/383
|turn|46
|choice|move 1|move 1
|
|move|p1a: Starmie|Blizzard|p2a: Zapdos
|-supereffective|p2a: Zapdos
|-damage|p2a: Zapdos|279\/383
|move|p2a: Zapdos|Thunderbolt|p1a: Starmie
|-crit|p1a: Starmie
|-supereffective|p1a: Starmie
|-damage|p1a: Starmie|0 fnt
|faint|p1a: Starmie
|choice|switch 6|
|
|switch|p1a: Jynx|Jynx|333\/333 slp
|turn|47
|choice|move 1|move 1
|
|move|p2a: Zapdos|Thunderbolt|p1a: Jynx
|-damage|p1a: Jynx|190\/333 slp
|-curestatus|p1a: Jynx|slp
|
|turn|48
|choice|move 3|move 4
|
|move|p2a: Zapdos|Thunder Wave|p1a: Jynx
|-status|p1a: Jynx|par
|cant|p1a: Jynx|par
|
|turn|49
|choice|move 3|move 3
|
|move|p2a: Zapdos|Drill Peck|p1a: Jynx
|-damage|p1a: Jynx|44\/333 par
|cant|p1a: Jynx|par
|
|turn|50
|L|Conflict
|J|Conflict
|choice|move 1|move 3
|
|move|p2a: Zapdos|Drill Peck|p1a: Jynx
|-crit|p1a: Jynx
|-damage|p1a: Jynx|0 fnt
|faint|p1a: Jynx
|-message|scald forfeited.
|
|win|teal6