|inactive|Battle timer is ON: inactive players will automatically lose when time's up.
|J|Earthworm
|J|Dice
|player|p1|Earthworm|102
|player|p2|Dice|168
|gametype|singles
|gen|1
|tier|[Gen 1] OU
|seed|40690,36262,27918,55036
|rule|Sleep Clause Mod: Limit one foe put to sleep
|rule|Freeze Clause Mod: Limit one foe frozen
|rule|Species Clause: Limit one of each Pokémon
|rule|OHKO Clause: OHKO moves are banned
|rule|Evasion Moves Clause: Evasion moves are banned
|rule|HP Percentage Mod: HP is shown in percentages
|
|start
|switch|p1a: Jynx|Jynx|333\/333
|switch|p2a: Starmie|Starmie|323\/323
|turn|1
|J|Luckstard.
|choice|move 3|move 4
|
|move|p2a: Starmie|Thunder Wave|p1a: Jynx
|-status|p1a: Jynx|par
|move|p1a: Jynx|Lovely Kiss|p2a: Starmie
|-status|p2a: Starmie|slp
|
|turn|2
|L|Luckstard.
|J|tennis
|choice|move 2|move 3
|
|cant|p2a: Starmie|slp
|move|p1a: Jynx|Toxic|p2a: Starmie
|-fail|p2a: Starmie
|
|turn|3
|choice|switch 3|move 3
|
|switch|p1a: Tauros|Tauros|353\/353
|-curestatus|p2a: Starmie|slp
|
|turn|4
|c|★Dice|hax
|c|★Dice|yn
|choice|switch 3|move 3
|
|switch|p1a: Jynx|Jynx|333\/333 par
|move|p2a: Starmie|Psychic|p1a: Jynx
|-resisted|p1a: Jynx
|-damage|p1a: Jynx|283\/333 par
|-unboost|p1a: Jynx|spd|1
|-unboost|p1a: Jynx|spa|1
|
|turn|5
|J|e7e
|choice|move 3|move 3
|
|move|p2a: Starmie|Psychic|p1a: Jynx
|-resisted|p1a: Jynx
|-damage|p1a: Jynx|196\/333 par
|-unboost|p1a: Jynx|spd|1
|-unboost|p1a: Jynx|spa|1
|move|p1a: Jynx|Lovely Kiss|p2a: Starmie
|-status|p2a: Starmie|slp
|
|turn|6
|choice|switch 3|switch 6
|
|switch|p2a: Snorlax|Snorlax|523\/523
|switch|p1a: Tauros|Tauros|353\/353
|
|turn|7
|choice|switch 6|move 1
|
|switch|p1a: Chansey|Chansey|703\/703
|move|p2a: Snorlax|Body Slam|p1a: Chansey
|-damage|p1a: Chansey|418\/703
|
|turn|8
|choice|move 4|move 1
|
|move|p1a: Chansey|Soft-Boiled|p1a: Chansey
|-heal|p1a: Chansey|703\/703
|move|p2a: Snorlax|Body Slam|p1a: Chansey
|-damage|p1a: Chansey|430\/703
|
|turn|9
|choice|move 1|switch 4
|
|switch|p2a: Chansey|Chansey|703\/703
|move|p1a: Chansey|Toxic|p2a: Chansey
|-status|p2a: Chansey|tox
|
|turn|10
|J|River Martini
|choice|move 4|move 2
|
|move|p2a: Chansey|Ice Beam|p1a: Chansey
|-damage|p1a: Chansey|353\/703
|-damage|p2a: Chansey|660\/703 tox|[from] tox|[of] p1a: Chansey
|move|p1a: Chansey|Soft-Boiled|p1a: Chansey
|-heal|p1a: Chansey|703\/703
|
|turn|11
|choice|switch 3|switch 3
|
|switch|p2a: Exeggutor|Exeggutor|393\/393
|switch|p1a: Jynx|Jynx|196\/333 par
|
|turn|12
|choice|switch 6|switch 3
|
|switch|p2a: Chansey|Chansey|660\/703 tox
|-status|p2a: Chansey|psn
|-damage|p2a: Chansey|617\/703 psn|[from] psn
|switch|p1a: Tauros|Tauros|353\/353
|
|turn|13
|choice|switch 3|switch 3
|
|switch|p1a: Chansey|Chansey|703\/703
|switch|p2a: Exeggutor|Exeggutor|393\/393
|
|turn|14
|choice|move 2|move 1
|
|move|p2a: Exeggutor|Psychic|p1a: Chansey
|-damage|p1a: Chansey|592\/703
|move|p1a: Chansey|Ice Beam|p2a: Exeggutor
|-supereffective|p2a: Exeggutor
|-damage|p2a: Exeggutor|270\/393
|
|turn|15
|choice|switch 6|move 2
|
|switch|p1a: Jynx|Jynx|196\/333 par
|move|p2a: Exeggutor|Mega Drain|p1a: Jynx
|-damage|p1a: Jynx|143\/333 par
|-heal|p2a: Exeggutor|296\/393|[from] drain|[of] p1a: Jynx
|
|turn|16
|choice|switch 3|switch 3
|
|switch|p2a: Chansey|Chansey|617\/703 psn
|-damage|p2a: Chansey|574\/703 psn|[from] psn
|switch|p1a: Tauros|Tauros|353\/353
|
|turn|17
|choice|move 2|switch 4
|
|switch|p2a: Snorlax|Snorlax|523\/523
|move|p1a: Tauros|Body Slam|p2a: Snorlax
|-damage|p2a: Snorlax|399\/523
|
|turn|18
|choice|switch 6|move 1
|
|switch|p1a: Chansey|Chansey|592\/703
|move|p2a: Snorlax|Body Slam|p1a: Chansey
|-damage|p1a: Chansey|312\/703
|
|turn|19
|L|River Martini
|choice|move 4|move 1
|
|move|p1a: Chansey|Soft-Boiled|p1a: Chansey
|-heal|p1a: Chansey|663\/703
|move|p2a: Snorlax|Body Slam|p1a: Chansey
|-damage|p1a: Chansey|388\/703
|
|turn|20
|choice|move 4|switch 3
|
|switch|p2a: Exeggutor|Exeggutor|296\/393
|move|p1a: Chansey|Soft-Boiled|p1a: Chansey
|-heal|p1a: Chansey|703\/703
|
|turn|21
|choice|switch 3|switch 5
|
|switch|p2a: Tauros|Tauros|353\/353
|switch|p1a: Jynx|Jynx|143\/333 par
|
|turn|22
|choice|switch 4|move 1
|
|switch|p1a: Exeggutor|Exeggutor|393\/393
|move|p2a: Tauros|Body Slam|p1a: Exeggutor
|-damage|p1a: Exeggutor|283\/393
|
|turn|23
|choice|move 2|switch 6
|
|switch|p2a: Starmie|Starmie|323\/323 slp
|move|p1a: Exeggutor|Toxic|p2a: Starmie
|-fail|p2a: Starmie
|
|turn|24
|choice|move 4|switch 5
|
|switch|p2a: Exeggutor|Exeggutor|296\/393
|move|p1a: Exeggutor|Psychic|p2a: Exeggutor
|-resisted|p2a: Exeggutor
|-damage|p2a: Exeggutor|241\/393
|-unboost|p2a: Exeggutor|spd|1
|-unboost|p2a: Exeggutor|spa|1
|
|turn|25
|choice|switch 4|move 3
|
|switch|p1a: Jynx|Jynx|143\/333 par
|move|p2a: Exeggutor|Sleep Powder|p1a: Jynx
|-fail|p1a: Jynx
|
|turn|26
|choice|switch 6|switch 4
|
|switch|p2a: Chansey|Chansey|574\/703 psn
|-damage|p2a: Chansey|531\/703 psn|[from] psn
|switch|p1a: Tauros|Tauros|353\/353
|
|turn|27
|choice|move 2|switch 2
|
|switch|p2a: Golem|Golem|363\/363
|move|p1a: Tauros|Body Slam|p2a: Golem
|-crit|p2a: Golem
|-resisted|p2a: Golem
|-damage|p2a: Golem|278\/363
|-status|p2a: Golem|par
|
|turn|28
|choice|move 3|move 2
|
|move|p1a: Tauros|Blizzard|p2a: Golem
|-supereffective|p2a: Golem
|-damage|p2a: Golem|66\/363 par
|cant|p2a: Golem|par
|
|turn|29
|c|★Dice|.
|choice|move 3|move 2
|
|move|p1a: Tauros|Blizzard|p2a: Golem
|-supereffective|p2a: Golem
|-damage|p2a: Golem|0 fnt
|faint|p2a: Golem
|choice||switch 4
|
|switch|p2a: Exeggutor|Exeggutor|241\/393
|turn|30
|choice|switch 6|move 2
|
|switch|p1a: Jynx|Jynx|143\/333 par
|move|p2a: Exeggutor|Mega Drain|p1a: Jynx
|-damage|p1a: Jynx|88\/333 par
|-heal|p2a: Exeggutor|268\/393|[from] drain|[of] p1a: Jynx
|
|turn|31
|choice|move 1|switch 2
|
|switch|p2a: Chansey|Chansey|531\/703 psn
|-damage|p2a: Chansey|488\/703 psn|[from] psn
|move|p1a: Jynx|Blizzard|p2a: Chansey
|-damage|p2a: Chansey|361\/703 psn
|
|turn|32
|choice|switch 2|move 3
|
|switch|p1a: Dragonite|Dragonite|385\/385
|move|p2a: Chansey|Soft-Boiled|p2a: Chansey
|-heal|p2a: Chansey|703\/703 psn
|-damage|p2a: Chansey|660\/703 psn|[from] psn
|
|turn|33
|choice|move 3|switch 5
|
|switch|p2a: Starmie|Starmie|323\/323 slp
|move|p1a: Dragonite|Wrap|p2a: Starmie
|-damage|p2a: Starmie|306\/323 slp
|-activate|p2a: Starmie|move: Wrap|[of] p1a: Dragonite
|
|turn|34
|choice|switch 6|switch 2
|
|switch|p2a: Exeggutor|Exeggutor|268\/393
|switch|p1a: Tauros|Tauros|353\/353
|
|turn|35
|L|tennis
|choice|move 1|move 2
|
|move|p1a: Tauros|Fire Blast|p2a: Exeggutor
|-supereffective|p2a: Exeggutor
|-damage|p2a: Exeggutor|136\/393
|move|p2a: Exeggutor|Mega Drain|p1a: Tauros
|-damage|p1a: Tauros|277\/353
|-heal|p2a: Exeggutor|174\/393|[from] drain|[of] p1a: Tauros
|
|turn|36
|choice|move 4|move 2
|
|move|p1a: Tauros|Hyper Beam|p2a: Exeggutor
|-damage|p2a: Exeggutor|0 fnt
|faint|p2a: Exeggutor
|choice||switch 6
|
|switch|p2a: Tauros|Tauros|353\/353
|turn|37
|choice|move 1|move 1
|
|move|p1a: Tauros|Fire Blast|p2a: Tauros
|-damage|p2a: Tauros|254\/353
|move|p2a: Tauros|Body Slam|p1a: Tauros
|-crit|p1a: Tauros
|-damage|p1a: Tauros|91\/353
|
|turn|38
|choice|switch 2|move 1
|
|switch|p1a: Jynx|Jynx|88\/333 par
|move|p2a: Tauros|Body Slam|p1a: Jynx
|-damage|p1a: Jynx|0 fnt
|faint|p1a: Jynx
|choice|switch 5|
|
|switch|p1a: Alakazam|Alakazam|313\/313
|turn|39
|choice|move 1|switch 5
|
|switch|p2a: Chansey|Chansey|660\/703 psn
|-damage|p2a: Chansey|617\/703 psn|[from] psn
|move|p1a: Alakazam|Psychic|p2a: Chansey
|-crit|p2a: Chansey
|-damage|p2a: Chansey|353\/703 psn
|
|turn|40
|choice|switch 3|move 3
|
|switch|p1a: Chansey|Chansey|703\/703
|move|p2a: Chansey|Soft-Boiled|p2a: Chansey
|-heal|p2a: Chansey|703\/703 psn
|-damage|p2a: Chansey|660\/703 psn|[from] psn
|
|turn|41
|choice|move 2|move 2
|
|move|p1a: Chansey|Ice Beam|p2a: Chansey
|-damage|p2a: Chansey|583\/703 psn
|move|p2a: Chansey|Ice Beam|p1a: Chansey
|-damage|p1a: Chansey|630\/703
|-damage|p2a: Chansey|540\/703 psn|[from] psn|[of] p1a: Chansey
|
|turn|42
|choice|switch 3|move 2
|
|switch|p1a: Alakazam|Alakazam|313\/313
|move|p2a: Chansey|Ice Beam|p1a: Alakazam
|-damage|p1a: Alakazam|247\/313
|-damage|p2a: Chansey|497\/703 psn|[from] psn|[of] p1a: Alakazam
|
|turn|43
|choice|move 1|move 3
|
|move|p1a: Alakazam|Psychic|p2a: Chansey
|-damage|p2a: Chansey|372\/703 psn
|move|p2a: Chansey|Soft-Boiled|p2a: Chansey
|-heal|p2a: Chansey|703\/703 psn
|-damage|p2a: Chansey|660\/703 psn|[from] psn
|
|turn|44
|choice|switch 3|move 2
|
|switch|p1a: Chansey|Chansey|630\/703
|move|p2a: Chansey|Ice Beam|p1a: Chansey
|-damage|p1a: Chansey|557\/703
|-damage|p2a: Chansey|617\/703 psn|[from] psn|[of] p1a: Chansey
|
|turn|45
|choice|move 2|move 2
|
|move|p1a: Chansey|Ice Beam|p2a: Chansey
|-damage|p2a: Chansey|541\/703 psn
|move|p2a: Chansey|Ice Beam|p1a: Chansey
|-damage|p1a: Chansey|487\/703
|-damage|p2a: Chansey|498\/703 psn|[from] psn|[of] p1a: Chansey
|
|turn|46
|choice|switch 3|move 2
|
|switch|p1a: Alakazam|Alakazam|247\/313
|move|p2a: Chansey|Ice Beam|p1a: Alakazam
|-damage|p1a: Alakazam|189\/313
|-damage|p2a: Chansey|455\/703 psn|[from] psn|[of] p1a: Alakazam
|
|turn|47
|choice|move 1|move 2
|
|move|p1a: Alakazam|Psychic|p2a: Chansey
|-damage|p2a: Chansey|337\/703 psn
|-unboost|p2a: Chansey|spd|1
|-unboost|p2a: Chansey|spa|1
|move|p2a: Chansey|Ice Beam|p1a: Alakazam
|-damage|p1a: Alakazam|147\/313
|-damage|p2a: Chansey|294\/703 psn|[from] psn|[of] p1a: Alakazam
|
|turn|48
|choice|move 1|move 3
|
|move|p1a: Alakazam|Psychic|p2a: Chansey|[miss]
|-miss|p1a: Alakazam
|move|p2a: Chansey|Soft-Boiled|p2a: Chansey
|-heal|p2a: Chansey|645\/703 psn
|-damage|p2a: Chansey|602\/703 psn|[from] psn
|
|turn|49
|choice|move 4|switch 2
|
|switch|p2a: Starmie|Starmie|306\/323 slp
|move|p1a: Alakazam|Seismic Toss|p2a: Starmie
|-damage|p2a: Starmie|206\/323 slp
|
|turn|50
|choice|switch 6|move 1
|
|switch|p1a: Dragonite|Dragonite|385\/385
|cant|p2a: Starmie|slp
|
|turn|51
|choice|move 2|move 2
|
|cant|p2a: Starmie|slp
|move|p1a: Dragonite|Agility|p1a: Dragonite
|-boost|p1a: Dragonite|spe|2
|
|turn|52
|J|Bloody Laffitte
|choice|move 3|move 4
|
|move|p1a: Dragonite|Wrap|p2a: Starmie
|-damage|p2a: Starmie|189\/323 slp
|-activate|p2a: Starmie|move: Wrap|[of] p1a: Dragonite
|-curestatus|p2a: Starmie|slp
|
|turn|53
|choice|move 3|move 2
|
|move|p1a: Dragonite|Wrap|p2a: Starmie
|-damage|p2a: Starmie|172\/323
|cant|p2a: Starmie|partiallytrapped
|
|-end|p2a: Starmie|Wrap|[partiallytrapped]
|turn|54
|choice|move 3|move 2
|
|move|p1a: Dragonite|Wrap|p2a: Starmie
|-crit|p2a: Starmie
|-damage|p2a: Starmie|138\/323
|-activate|p2a: Starmie|move: Wrap|[of] p1a: Dragonite
|cant|p2a: Starmie|partiallytrapped
|
|turn|55
|choice|move 3|move 2
|
|move|p1a: Dragonite|Wrap|p2a: Starmie
|-damage|p2a: Starmie|104\/323
|cant|p2a: Starmie|partiallytrapped
|
|turn|56
|c|★Dice|fuk
|choice|move 3|move 2
|
|move|p1a: Dragonite|Wrap|p2a: Starmie
|-damage|p2a: Starmie|70\/323
|cant|p2a: Starmie|partiallytrapped
|
|-end|p2a: Starmie|Wrap|[partiallytrapped]
|turn|57
|choice|move 1|move 2
|
|move|p1a: Dragonite|Hyper Beam|p2a: Starmie
|-damage|p2a: Starmie|0 fnt
|faint|p2a: Starmie
|choice||switch 3
|
|switch|p2a: Snorlax|Snorlax|399\/523
|turn|58
|c|+e7e|man
|c|+e7e|dragonite is gay af
|choice|switch 3|move 4
|
|switch|p1a: Chansey|Chansey|487\/703
|move|p2a: Snorlax|Self-Destruct|p1a: Chansey
|-damage|p1a: Chansey|0 fnt
|faint|p1a: Chansey
|faint|p2a: Snorlax
|choice|switch 4|switch 2
|
|switch|p1a: Exeggutor|Exeggutor|283\/393
|switch|p2a: Chansey|Chansey|602\/703 psn
|turn|59
|choice|move 3|move 2
|
|move|p1a: Exeggutor|Explosion|p2a: Chansey
|-damage|p2a: Chansey|0 fnt
|faint|p2a: Chansey
|faint|p1a: Exeggutor
|c|★Dice|miss twave
|c|★Dice|yn
|choice|switch 6|switch 5
|
|switch|p1a: Alakazam|Alakazam|147\/313
|switch|p2a: Tauros|Tauros|254\/353
|turn|60
|choice|move 3|move 1
|
|move|p1a: Alakazam|Thunder Wave|p2a: Tauros
|-status|p2a: Tauros|par
|cant|p2a: Tauros|par
|
|turn|61
|c|★Dice|gg
|choice|move 1|move 1
|
|move|p1a: Alakazam|Psychic|p2a: Tauros
|-crit|p2a: Tauros
|-damage|p2a: Tauros|0 fnt
|faint|p2a: Tauros
|
|win|Earthworm