|J|Nails
|J|Tesung
|player|p1|Nails|282
|player|p2|Tesung|265
|gametype|singles
|gen|1
|tier|[Gen 1] OU
|seed|
|rule|Sleep Clause Mod: Limit one foe put to sleep
|rule|Freeze Clause Mod: Limit one foe frozen
|rule|Species Clause: Limit one of each Pokémon
|rule|OHKO Clause: OHKO moves are banned
|rule|Evasion Moves Clause: Evasion moves are banned
|rule|HP Percentage Mod: HP is shown in percentages
|
|start
|switch|p1a: Alakazam|Alakazam|100\/100
|switch|p2a: Starmie|Starmie|100\/100
|turn|1
|choice||
|
|move|p1a: Alakazam|Thunder Wave|p2a: Starmie
|-status|p2a: Starmie|par
|move|p2a: Starmie|Blizzard|p1a: Alakazam
|-damage|p1a: Alakazam|77\/100
|
|turn|2
|J|LeInf
|choice||
|
|switch|p2a: Exeggutor|Exeggutor|100\/100
|move|p1a: Alakazam|Seismic Toss|p2a: Exeggutor
|-damage|p2a: Exeggutor|75\/100
|
|turn|3
|choice||
|
|move|p1a: Alakazam|Thunder Wave|p2a: Exeggutor
|-status|p2a: Exeggutor|par
|move|p2a: Exeggutor|Sleep Powder|p1a: Alakazam
|-status|p1a: Alakazam|slp
|
|turn|4
|choice||
|
|cant|p1a: Alakazam|slp
|cant|p2a: Exeggutor|par
|
|turn|5
|choice||
|
|switch|p1a: Snorlax|Snorlax|100\/100
|move|p2a: Exeggutor|Psychic|p1a: Snorlax
|-damage|p1a: Snorlax|70\/100
|
|turn|6
|choice||
|
|move|p1a: Snorlax|Body Slam|p2a: Exeggutor
|-damage|p2a: Exeggutor|43\/100 par
|move|p2a: Exeggutor|Psychic|p1a: Snorlax
|-damage|p1a: Snorlax|42\/100
|-unboost|p1a: Snorlax|spd|1
|-unboost|p1a: Snorlax|spa|1
|
|turn|7
|choice||
|
|switch|p2a: Snorlax|Snorlax|100\/100
|move|p1a: Snorlax|Body Slam|p2a: Snorlax
|-damage|p2a: Snorlax|75\/100
|
|turn|8
|choice||
|
|move|p2a: Snorlax|Hyper Beam|p1a: Snorlax
|-damage|p1a: Snorlax|0 fnt
|faint|p1a: Snorlax
|c|★Nails|drats
|choice||
|
|switch|p1a: Rhydon|Rhydon|100\/100
|turn|9
|choice||
|
|move|p1a: Rhydon|Earthquake|p2a: Snorlax
|-damage|p2a: Snorlax|42\/100
|move|p2a: Snorlax|Earthquake|p1a: Rhydon
|-supereffective|p1a: Rhydon
|-damage|p1a: Rhydon|66\/100
|
|turn|10
|choice||
|
|switch|p1a: Dragonite|Dragonite|100\/100
|switch|p2a: Exeggutor|Exeggutor|43\/100 par
|
|turn|11
|choice||
|
|switch|p2a: Starmie|Starmie|100\/100 par
|move|p1a: Dragonite|Wrap|p2a: Starmie
|-damage|p2a: Starmie|96\/100 par
|
|turn|12
|choice||
|
|switch|p2a: Chansey|Chansey|100\/100
|move|p1a: Dragonite|Wrap|p2a: Chansey
|-damage|p2a: Chansey|95\/100
|
|turn|13
|choice||
|
|switch|p2a: Starmie|Starmie|96\/100 par
|move|p1a: Dragonite|Wrap|p2a: Starmie
|-damage|p2a: Starmie|90\/100 par
|
|turn|14
|choice||
|
|switch|p2a: Chansey|Chansey|95\/100
|move|p1a: Dragonite|Wrap|p2a: Chansey
|-damage|p2a: Chansey|89\/100
|
|turn|15
|choice||
|
|switch|p2a: Starmie|Starmie|90\/100 par
|move|p1a: Dragonite|Wrap|p2a: Starmie
|-damage|p2a: Starmie|85\/100 par
|
|turn|16
|choice||
|
|switch|p2a: Chansey|Chansey|89\/100
|move|p1a: Dragonite|Wrap|p2a: Chansey
|-damage|p2a: Chansey|83\/100
|
|turn|17
|choice||
|
|switch|p2a: Starmie|Starmie|85\/100 par
|move|p1a: Dragonite|Wrap|p2a: Starmie
|-damage|p2a: Starmie|80\/100 par
|
|turn|18
|choice||
|
|switch|p2a: Chansey|Chansey|83\/100
|move|p1a: Dragonite|Wrap|p2a: Chansey
|-damage|p2a: Chansey|78\/100
|
|turn|19
|J|BlackWeed
|choice||
|
|switch|p2a: Starmie|Starmie|80\/100 par
|move|p1a: Dragonite|Wrap|p2a: Starmie
|-damage|p2a: Starmie|75\/100 par
|
|turn|20
|L|BlackWeed
|choice||
|
|switch|p2a: Chansey|Chansey|78\/100
|move|p1a: Dragonite|Wrap|p2a: Chansey|[miss]
|-miss|p1a: Dragonite
|
|turn|21
|choice||
|
|move|p1a: Dragonite|Wrap|p2a: Chansey
|-damage|p2a: Chansey|72\/100
|cant|p2a: Chansey|partiallytrapped
|
|turn|22
|choice||
|
|switch|p2a: Starmie|Starmie|75\/100 par
|move|p1a: Dragonite|Wrap|p2a: Starmie|[miss]
|-miss|p1a: Dragonite
|
|turn|23
|choice||
|
|move|p1a: Dragonite|Wrap|p2a: Starmie
|-damage|p2a: Starmie|69\/100 par
|cant|p2a: Starmie|partiallytrapped
|
|turn|24
|c|★Tesung|whats wrap acc
|c|★Tesung|85?
|choice||
|
|switch|p2a: Chansey|Chansey|72\/100
|move|p1a: Dragonite|Wrap|p2a: Chansey|[miss]
|-miss|p1a: Dragonite
|
|turn|25
|c|★Nails|85
|choice||
|
|move|p1a: Dragonite|Wrap|p2a: Chansey
|-damage|p2a: Chansey|66\/100
|cant|p2a: Chansey|partiallytrapped
|
|turn|26
|choice||
|
|switch|p2a: Starmie|Starmie|69\/100 par
|move|p1a: Dragonite|Wrap|p2a: Starmie
|-damage|p2a: Starmie|64\/100 par
|
|turn|27
|choice||
|
|switch|p2a: Exeggutor|Exeggutor|43\/100 par
|move|p1a: Dragonite|Wrap|p2a: Exeggutor
|-damage|p2a: Exeggutor|38\/100 par
|
|turn|28
|choice||
|
|switch|p2a: Starmie|Starmie|64\/100 par
|move|p1a: Dragonite|Wrap|p2a: Starmie
|-damage|p2a: Starmie|59\/100 par
|
|turn|29
|choice||
|
|switch|p2a: Chansey|Chansey|66\/100
|move|p1a: Dragonite|Wrap|p2a: Chansey
|-damage|p2a: Chansey|60\/100
|
|turn|30
|choice||
|
|switch|p2a: Exeggutor|Exeggutor|38\/100 par
|move|p1a: Dragonite|Wrap|p2a: Exeggutor
|-damage|p2a: Exeggutor|34\/100 par
|
|turn|31
|choice||
|
|move|p1a: Dragonite|Wrap|p2a: Exeggutor|[from]Wrap
|-damage|p2a: Exeggutor|30\/100 par
|cant|p2a: Exeggutor|partiallytrapped
|
|turn|32
|choice||
|
|switch|p2a: Alakazam|Alakazam|100\/100
|move|p1a: Dragonite|Blizzard|p2a: Alakazam
|-damage|p2a: Alakazam|77\/100
|
|turn|33
|c|★Tesung|wtf am i doing
|c|★Tesung|i forgot u hadnt
|c|★Tesung|agilitied
|c|★Tesung|LOL
|c|★Nails|^
|c|★Nails|team gettin **chunked**
|choice||
|
|move|p2a: Alakazam|Thunder Wave|p1a: Dragonite
|-status|p1a: Dragonite|par
|move|p1a: Dragonite|Thunder Wave|p2a: Alakazam
|-status|p2a: Alakazam|par
|
|turn|34
|choice||
|
|move|p2a: Alakazam|Reflect|p2a: Alakazam
|-start|p2a: Alakazam|Reflect
|move|p1a: Dragonite|Agility|p1a: Dragonite
|-boost|p1a: Dragonite|spe|2
|
|turn|35
|c|★Tesung|-
|J|sidita rikito
|choice||
|
|move|p1a: Dragonite|Wrap|p2a: Alakazam|[miss]
|-miss|p1a: Dragonite
|move|p2a: Alakazam|Recover|p2a: Alakazam
|-heal|p2a: Alakazam|100\/100 par
|
|turn|36
|choice||
|
|move|p1a: Dragonite|Wrap|p2a: Alakazam
|-damage|p2a: Alakazam|96\/100 par
|cant|p2a: Alakazam|partiallytrapped
|
|turn|37
|choice||
|
|switch|p2a: Exeggutor|Exeggutor|30\/100 par
|move|p1a: Dragonite|Wrap|p2a: Exeggutor
|-crit|p2a: Exeggutor
|-damage|p2a: Exeggutor|22\/100 par
|
|turn|38
|c|★Nails|rap game dnite
|choice||
|
|switch|p2a: Chansey|Chansey|60\/100
|move|p1a: Dragonite|Wrap|p2a: Chansey
|-crit|p2a: Chansey
|-damage|p2a: Chansey|49\/100
|
|turn|39
|choice||
|
|switch|p2a: Starmie|Starmie|59\/100 par
|move|p1a: Dragonite|Wrap|p2a: Starmie
|-damage|p2a: Starmie|54\/100 par
|
|turn|40
|choice||
|
|switch|p2a: Exeggutor|Exeggutor|22\/100 par
|move|p1a: Dragonite|Wrap|p2a: Exeggutor|[miss]
|-miss|p1a: Dragonite
|
|turn|41
|choice||
|
|switch|p2a: Starmie|Starmie|54\/100 par
|move|p1a: Dragonite|Blizzard|p2a: Starmie
|-resisted|p2a: Starmie
|-damage|p2a: Starmie|39\/100 par
|
|turn|42
|choice||
|
|move|p1a: Dragonite|Wrap|p2a: Starmie
|-damage|p2a: Starmie|33\/100 par
|cant|p2a: Starmie|partiallytrapped
|
|turn|43
|choice||
|
|switch|p2a: Alakazam|Alakazam|96\/100 par
|move|p1a: Dragonite|Wrap|p2a: Alakazam
|-damage|p2a: Alakazam|89\/100 par
|
|turn|44
|choice||
|
|switch|p2a: Starmie|Starmie|33\/100 par
|move|p1a: Dragonite|Wrap|p2a: Starmie
|-damage|p2a: Starmie|28\/100 par
|
|turn|45
|choice||
|
|switch|p2a: Exeggutor|Exeggutor|22\/100 par
|move|p1a: Dragonite|Wrap|p2a: Exeggutor|[miss]
|-miss|p1a: Dragonite
|
|turn|46
|choice||
|
|switch|p2a: Starmie|Starmie|28\/100 par
|cant|p1a: Dragonite|par
|
|turn|47
|choice||
|
|move|p1a: Dragonite|Wrap|p2a: Starmie
|-damage|p2a: Starmie|23\/100 par
|cant|p2a: Starmie|partiallytrapped
|
|turn|48
|choice||
|
|switch|p2a: Chansey|Chansey|49\/100
|move|p1a: Dragonite|Wrap|p2a: Chansey
|-damage|p2a: Chansey|43\/100
|
|html|<div class="broadcast-red">Dragonite is in an endless loop.<\/div>
|turn|49
|choice||
|
|move|p1a: Dragonite|Wrap|p2a: Chansey|[from]Wrap
|-damage|p2a: Chansey|37\/100
|cant|p2a: Chansey|partiallytrapped
|
|turn|50
|c|★Tesung|HUH
|L|sidita rikito
|c|★Nails|got the reset
|c|★Tesung|WTF
|c|★Tesung|can u explain
|c|★Tesung|thise mecs
|choice||
|
|switch|p2a: Exeggutor|Exeggutor|22\/100 par
|move|p1a: Dragonite|Wrap|p2a: Exeggutor
|-damage|p2a: Exeggutor|18\/100 par
|
|turn|51
|c|★Nails|if u switch on the last wrap
|c|★Tesung|damn
|c|★Tesung|good to know
|c|★Nails|it makes u go -1 pp
|c|★Nails|but since ur on 0
|c|★Nails|it underflows to 63
|c|★Nails|.balance
|c|★Tesung|LOL
|choice||
|
|move|p1a: Dragonite|Wrap|p2a: Exeggutor|[from]Wrap
|-damage|p2a: Exeggutor|13\/100 par
|cant|p2a: Exeggutor|partiallytrapped
|
|turn|52
|choice||
|
|move|p1a: Dragonite|Wrap|p2a: Exeggutor|[from]Wrap
|-damage|p2a: Exeggutor|8\/100 par
|cant|p2a: Exeggutor|partiallytrapped
|
|turn|53
|choice||
|
|move|p1a: Dragonite|Blizzard|p2a: Exeggutor
|-supereffective|p2a: Exeggutor
|-damage|p2a: Exeggutor|0 fnt
|faint|p2a: Exeggutor
|choice||
|
|switch|p2a: Tauros|Tauros|100\/100
|turn|54
|c|★Tesung|this is aids oml
|choice||
|
|move|p1a: Dragonite|Thunder Wave|p2a: Tauros
|-status|p2a: Tauros|par
|move|p2a: Tauros|Blizzard|p1a: Dragonite
|-supereffective|p1a: Dragonite
|-damage|p1a: Dragonite|24\/100 par
|
|turn|55
|choice||
|
|cant|p1a: Dragonite|par
|move|p2a: Tauros|Body Slam|p1a: Dragonite
|-crit|p1a: Dragonite
|-damage|p1a: Dragonite|0 fnt
|faint|p1a: Dragonite
|c|★Tesung|jesus christ
|c|★Tesung|fianlly
|choice||
|
|switch|p1a: Starmie|Starmie|100\/100
|turn|56
|choice||
|
|switch|p2a: Chansey|Chansey|37\/100
|move|p1a: Starmie|Psychic|p2a: Chansey
|-damage|p2a: Chansey|23\/100
|
|turn|57
|choice||
|
|move|p1a: Starmie|Thunder Wave|p2a: Chansey
|-status|p2a: Chansey|par
|cant|p2a: Chansey|par
|
|turn|58
|choice||
|
|move|p1a: Starmie|Psychic|p2a: Chansey
|-crit|p2a: Chansey
|-damage|p2a: Chansey|0 fnt
|faint|p2a: Chansey
|c|★Nails|lmao
|c|★Tesung|RIp
|choice||
|
|switch|p2a: Alakazam|Alakazam|89\/100 par
|turn|59
|choice||
|
|switch|p1a: Rhydon|Rhydon|66\/100
|cant|p2a: Alakazam|par
|
|turn|60
|c|★Tesung|hng
|c|★Tesung|flected
|choice||
|
|switch|p2a: Starmie|Starmie|23\/100 par
|move|p1a: Rhydon|Earthquake|p2a: Starmie
|-damage|p2a: Starmie|0 fnt
|faint|p2a: Starmie
|choice||
|
|switch|p2a: Tauros|Tauros|100\/100 par
|turn|61
|choice||
|
|switch|p1a: Starmie|Starmie|100\/100
|move|p2a: Tauros|Blizzard|p1a: Starmie|[miss]
|-miss|p2a: Tauros
|
|turn|62
|choice||
|
|switch|p2a: Alakazam|Alakazam|89\/100 par
|move|p1a: Starmie|Psychic|p2a: Alakazam
|-resisted|p2a: Alakazam
|-damage|p2a: Alakazam|75\/100 par
|
|turn|63
|choice||
|
|move|p1a: Starmie|Thunderbolt|p2a: Alakazam
|-crit|p2a: Alakazam
|-damage|p2a: Alakazam|35\/100 par
|move|p2a: Alakazam|Reflect|p2a: Alakazam
|-start|p2a: Alakazam|Reflect
|
|turn|64
|choice||
|
|move|p1a: Starmie|Thunderbolt|p2a: Alakazam
|-damage|p2a: Alakazam|16\/100 par
|move|p2a: Alakazam|Recover|p2a: Alakazam
|-heal|p2a: Alakazam|66\/100 par
|
|turn|65
|choice||
|
|move|p1a: Starmie|Psychic|p2a: Alakazam
|-resisted|p2a: Alakazam
|-damage|p2a: Alakazam|53\/100 par
|-unboost|p2a: Alakazam|spd|1
|-unboost|p2a: Alakazam|spa|1
|move|p2a: Alakazam|Thunder Wave|p1a: Starmie
|-status|p1a: Starmie|par
|
|turn|66
|choice||
|
|move|p1a: Starmie|Psychic|p2a: Alakazam
|-resisted|p2a: Alakazam
|-damage|p2a: Alakazam|32\/100 par
|-unboost|p2a: Alakazam|spd|1
|-unboost|p2a: Alakazam|spa|1
|cant|p2a: Alakazam|par
|
|turn|67
|c|★Tesung|jeuss
|choice||
|
|move|p1a: Starmie|Psychic|p2a: Alakazam
|-crit|p2a: Alakazam
|-resisted|p2a: Alakazam
|-damage|p2a: Alakazam|7\/100 par
|-unboost|p2a: Alakazam|spd|1
|-unboost|p2a: Alakazam|spa|1
|move|p2a: Alakazam|Recover|p2a: Alakazam
|-heal|p2a: Alakazam|57\/100 par
|
|turn|68
|c|★Nails|u thought u could luck ME
|c|★Tesung|LOL
|choice||
|
|switch|p2a: Snorlax|Snorlax|42\/100
|move|p1a: Starmie|Psychic|p2a: Snorlax
|-crit|p2a: Snorlax
|-damage|p2a: Snorlax|0 fnt
|faint|p2a: Snorlax
|choice||
|
|switch|p2a: Alakazam|Alakazam|57\/100 par
|turn|69
|c|★Nails|it is i
|c|★Nails|who gets the luck
|choice||
|
|move|p2a: Alakazam|Recover|p2a: Alakazam
|-heal|p2a: Alakazam|100\/100 par
|move|p1a: Starmie|Psychic|p2a: Alakazam
|-resisted|p2a: Alakazam
|-damage|p2a: Alakazam|87\/100 par
|
|turn|70
|choice||
|
|cant|p2a: Alakazam|par
|move|p1a: Starmie|Psychic|p2a: Alakazam
|-resisted|p2a: Alakazam
|-damage|p2a: Alakazam|74\/100 par
|-unboost|p2a: Alakazam|spd|1
|-unboost|p2a: Alakazam|spa|1
|
|turn|71
|c|★Nails|see
|choice||
|
|cant|p1a: Starmie|par
|move|p2a: Alakazam|Reflect|p2a: Alakazam
|-start|p2a: Alakazam|Reflect
|
|turn|72
|choice||
|
|move|p1a: Starmie|Thunderbolt|p2a: Alakazam
|-damage|p2a: Alakazam|46\/100 par
|move|p2a: Alakazam|Recover|p2a: Alakazam
|-heal|p2a: Alakazam|95\/100 par
|
|turn|73
|c|★Nails|i swear i'm hugo sometimes
|choice||
|
|cant|p1a: Starmie|par
|move|p2a: Alakazam|Psychic|p1a: Starmie
|-resisted|p1a: Starmie
|-damage|p1a: Starmie|88\/100 par
|-unboost|p1a: Starmie|spd|1
|-unboost|p1a: Starmie|spa|1
|
|turn|74
|choice||
|
|switch|p1a: Alakazam|Alakazam|77\/100 slp
|move|p2a: Alakazam|Psychic|p1a: Alakazam
|-crit|p1a: Alakazam
|-resisted|p1a: Alakazam
|-damage|p1a: Alakazam|42\/100 slp
|
|turn|75
|choice||
|
|switch|p2a: Tauros|Tauros|100\/100 par
|cant|p1a: Alakazam|slp
|
|turn|76
|choice||
|
|switch|p1a: Starmie|Starmie|88\/100 par
|move|p2a: Tauros|Body Slam|p1a: Starmie
|-crit|p1a: Starmie
|-damage|p1a: Starmie|21\/100 par
|
|turn|77
|choice||
|
|cant|p1a: Starmie|par
|move|p2a: Tauros|Body Slam|p1a: Starmie
|-damage|p1a: Starmie|0 fnt
|faint|p1a: Starmie
|choice||
|
|switch|p1a: Tauros|Tauros|100\/100
|turn|78
|c|★Tesung|goo
|choice||
|
|move|p1a: Tauros|Body Slam|p2a: Tauros
|-damage|p2a: Tauros|71\/100 par
|move|p2a: Tauros|Blizzard|p1a: Tauros|[miss]
|-miss|p2a: Tauros
|
|turn|79
|choice||
|
|move|p1a: Tauros|Body Slam|p2a: Tauros
|-damage|p2a: Tauros|44\/100 par
|move|p2a: Tauros|Hyper Beam|p1a: Tauros
|-damage|p1a: Tauros|49\/100
|
|turn|80
|-mustrecharge|p2a: Tauros
|-mustrecharge|p2a: Tauros
|choice||
|
|move|p1a: Tauros|Body Slam|p2a: Tauros
|-damage|p2a: Tauros|17\/100 par
|cant|p2a: Tauros|recharge
|
|turn|81
|choice||
|
|move|p1a: Tauros|Body Slam|p2a: Tauros
|-damage|p2a: Tauros|0 fnt
|faint|p2a: Tauros
|choice||
|
|switch|p2a: Alakazam|Alakazam|95\/100 par
|turn|82
|choice||
|
|move|p1a: Tauros|Body Slam|p2a: Alakazam
|-damage|p2a: Alakazam|41\/100 par
|move|p2a: Alakazam|Thunder Wave|p1a: Tauros
|-status|p1a: Tauros|par
|
|turn|83
|choice||
|
|move|p2a: Alakazam|Recover|p2a: Alakazam
|-heal|p2a: Alakazam|91\/100 par
|cant|p1a: Tauros|par
|
|turn|84
|c|★Tesung|gooo
|choice||
|
|move|p2a: Alakazam|Reflect|p2a: Alakazam
|-start|p2a: Alakazam|Reflect
|move|p1a: Tauros|Body Slam|p2a: Alakazam
|-damage|p2a: Alakazam|64\/100 par
|
|turn|85
|choice||
|
|move|p2a: Alakazam|Psychic|p1a: Tauros
|-crit|p1a: Tauros
|-damage|p1a: Tauros|0 fnt
|faint|p1a: Tauros
|choice||
|
|switch|p1a: Rhydon|Rhydon|66\/100
|turn|86
|c|★Nails|the don
|c|★Nails|is in
|choice||
|
|move|p1a: Rhydon|Earthquake|p2a: Alakazam
|-damage|p2a: Alakazam|26\/100 par
|cant|p2a: Alakazam|par
|
|turn|87
|c|★Tesung|gg
|c|★Nails|gg
|choice||
|
|move|p1a: Rhydon|Earthquake|p2a: Alakazam
|-damage|p2a: Alakazam|0 fnt
|faint|p2a: Alakazam
|
|win|Nails
|player|p1
|player|p2
|L|LeInf