|J|Nails
|J|Tesung
|player|p1|Nails|282
|player|p2|Tesung|169
|gametype|singles
|gen|1
|tier|[Gen 1] OU
|seed|
|rule|Sleep Clause Mod: Limit one foe put to sleep
|rule|Freeze Clause Mod: Limit one foe frozen
|rule|Species Clause: Limit one of each Pokémon
|rule|OHKO Clause: OHKO moves are banned
|rule|Evasion Moves Clause: Evasion moves are banned
|rule|HP Percentage Mod: HP is shown in percentages
|
|start
|switch|p1a: Exeggutor|Exeggutor|100\/100
|switch|p2a: Alakazam|Alakazam|100\/100
|turn|1
|choice||
|
|move|p2a: Alakazam|Thunder Wave|p1a: Exeggutor
|-status|p1a: Exeggutor|par
|move|p1a: Exeggutor|Sleep Powder|p2a: Alakazam|[miss]
|-miss|p1a: Exeggutor
|
|turn|2
|c|★Tesung|who uses egg lead
|choice||
|
|move|p2a: Alakazam|Seismic Toss|p1a: Exeggutor
|-damage|p1a: Exeggutor|75\/100 par
|move|p1a: Exeggutor|Sleep Powder|p2a: Alakazam
|-status|p2a: Alakazam|slp
|
|turn|3
|c|★Nails|random tobes team
|c|★Nails|get outled
|c|★Nails|-
|c|★Tesung|lol
|choice||
|
|switch|p1a: Tauros|Tauros|100\/100
|cant|p2a: Alakazam|slp
|
|turn|4
|J|passion
|choice||
|
|switch|p2a: Snorlax|Snorlax|100\/100
|move|p1a: Tauros|Body Slam|p2a: Snorlax
|-damage|p2a: Snorlax|75\/100
|
|turn|5
|choice||
|
|switch|p1a: Chansey|Chansey|100\/100
|move|p2a: Snorlax|Body Slam|p1a: Chansey
|-damage|p1a: Chansey|58\/100
|
|turn|6
|choice||
|
|switch|p2a: Exeggutor|Exeggutor|100\/100
|move|p1a: Chansey|Soft-Boiled|p1a: Chansey
|-heal|p1a: Chansey|100\/100
|
|turn|7
|choice||
|
|switch|p1a: Exeggutor|Exeggutor|75\/100 par
|move|p2a: Exeggutor|Double-Edge|p1a: Exeggutor
|-damage|p1a: Exeggutor|52\/100 par
|-damage|p2a: Exeggutor|95\/100|[from] recoil|[of] p1a: Exeggutor
|
|turn|8
|J|Dice
|choice||
|
|move|p2a: Exeggutor|Double-Edge|p1a: Exeggutor
|-crit|p1a: Exeggutor
|-damage|p1a: Exeggutor|10\/100 par
|-damage|p2a: Exeggutor|85\/100|[from] recoil|[of] p1a: Exeggutor
|cant|p1a: Exeggutor|par
|
|turn|9
|c|★Nails|fuk
|c|★Tesung|boom?
|c|★Nails|stun
|choice||
|
|switch|p1a: Chansey|Chansey|100\/100
|move|p2a: Exeggutor|Psychic|p1a: Chansey
|-crit|p1a: Chansey
|-damage|p1a: Chansey|68\/100
|-unboost|p1a: Chansey|spd|1
|-unboost|p1a: Chansey|spa|1
|
|turn|10
|choice||
|
|move|p2a: Exeggutor|Sleep Powder|p1a: Chansey|[miss]
|-miss|p2a: Exeggutor
|move|p1a: Chansey|Thunder Wave|p2a: Exeggutor
|-status|p2a: Exeggutor|par
|
|turn|11
|choice||
|
|switch|p1a: Exeggutor|Exeggutor|10\/100 par
|move|p2a: Exeggutor|Sleep Powder|p1a: Exeggutor|[miss]
|-miss|p2a: Exeggutor
|
|turn|12
|choice||
|
|switch|p2a: Alakazam|Alakazam|100\/100 slp
|move|p1a: Exeggutor|Explosion|p2a: Alakazam
|-damage|p2a: Alakazam|0 fnt
|faint|p2a: Alakazam
|faint|p1a: Exeggutor
|c|★Nails|ok nice.
|choice||
|
|switch|p2a: Exeggutor|Exeggutor|85\/100 par
|switch|p1a: Chansey|Chansey|68\/100
|turn|13
|choice||
|
|move|p1a: Chansey|Ice Beam|p2a: Exeggutor
|-supereffective|p2a: Exeggutor
|-damage|p2a: Exeggutor|50\/100 par
|move|p2a: Exeggutor|Sleep Powder|p1a: Chansey
|-status|p1a: Chansey|slp
|
|turn|14
|c|★Nails|hax
|c|★Tesung|y
|choice||
|
|-curestatus|p1a: Chansey|slp
|cant|p2a: Exeggutor|par
|
|turn|15
|choice||
|
|move|p1a: Chansey|Ice Beam|p2a: Exeggutor
|-supereffective|p2a: Exeggutor
|-damage|p2a: Exeggutor|14\/100 par
|move|p2a: Exeggutor|Sleep Powder|p1a: Chansey
|-status|p1a: Chansey|slp
|
|turn|16
|c|★Tesung|hax
|c|★Nails|more hax
|c|★Nails|sigh.
|choice||
|
|cant|p1a: Chansey|slp
|move|p2a: Exeggutor|Explosion|p1a: Chansey
|-damage|p1a: Chansey|0 fnt
|faint|p1a: Chansey
|faint|p2a: Exeggutor
|choice||
|
|switch|p2a: Chansey|Chansey|100\/100
|switch|p1a: Slowbro|Slowbro|100\/100
|turn|17
|choice||
|
|move|p2a: Chansey|Thunderbolt|p1a: Slowbro
|-supereffective|p1a: Slowbro
|-damage|p1a: Slowbro|55\/100
|move|p1a: Slowbro|Thunder Wave|p2a: Chansey
|-status|p2a: Chansey|par
|
|turn|18
|L|passion
|choice||
|
|move|p1a: Slowbro|Amnesia|p1a: Slowbro
|-boost|p1a: Slowbro|spd|2
|-boost|p1a: Slowbro|spa|2
|cant|p2a: Chansey|par
|
|turn|19
|choice||
|
|move|p1a: Slowbro|Amnesia|p1a: Slowbro
|-boost|p1a: Slowbro|spd|2
|-boost|p1a: Slowbro|spa|2
|cant|p2a: Chansey|par
|
|turn|20
|choice||
|
|move|p1a: Slowbro|Amnesia|p1a: Slowbro
|-boost|p1a: Slowbro|spd|2
|-boost|p1a: Slowbro|spa|2
|move|p2a: Chansey|Thunder Wave|p1a: Slowbro
|-status|p1a: Slowbro|par
|
|turn|21
|J|Omfuga
|choice||
|
|move|p1a: Slowbro|Surf|p2a: Chansey
|-damage|p2a: Chansey|51\/100 par
|move|p2a: Chansey|Thunderbolt|p1a: Slowbro
|-supereffective|p1a: Slowbro
|-damage|p1a: Slowbro|44\/100 par
|
|turn|22
|choice||
|
|cant|p1a: Slowbro|par
|move|p2a: Chansey|Soft-Boiled|p2a: Chansey
|-heal|p2a: Chansey|100\/100 par
|
|turn|23
|choice||
|
|cant|p1a: Slowbro|par
|move|p2a: Chansey|Thunderbolt|p1a: Slowbro
|-supereffective|p1a: Slowbro
|-damage|p1a: Slowbro|32\/100 par
|
|turn|24
|choice||
|
|move|p1a: Slowbro|Surf|p2a: Chansey
|-damage|p2a: Chansey|45\/100 par
|move|p2a: Chansey|Thunderbolt|p1a: Slowbro
|-supereffective|p1a: Slowbro
|-damage|p1a: Slowbro|20\/100 par
|
|turn|25
|choice||
|
|move|p1a: Slowbro|Rest|p1a: Slowbro
|-status|p1a: Slowbro|slp
|-heal|p1a: Slowbro|100\/100 slp|[silent]
|-status|p1a: Slowbro|slp|[from] move: Rest
|move|p2a: Chansey|Thunderbolt|p1a: Slowbro
|-supereffective|p1a: Slowbro
|-damage|p1a: Slowbro|88\/100 slp
|
|turn|26
|J|Mambo
|choice||
|
|cant|p1a: Slowbro|slp
|move|p2a: Chansey|Thunderbolt|p1a: Slowbro
|-supereffective|p1a: Slowbro
|-damage|p1a: Slowbro|75\/100 slp
|
|turn|27
|c|★Tesung|crit
|c|★Tesung|oo
|choice||
|
|-curestatus|p1a: Slowbro|slp
|move|p2a: Chansey|Soft-Boiled|p2a: Chansey
|-heal|p2a: Chansey|95\/100 par
|
|turn|28
|c|★Nails|para
|c|★Nails|oo
|choice||
|
|move|p1a: Slowbro|Surf|p2a: Chansey
|-damage|p2a: Chansey|42\/100 par
|move|p2a: Chansey|Thunder Wave|p1a: Slowbro
|-status|p1a: Slowbro|par
|
|turn|29
|choice||
|
|move|p1a: Slowbro|Surf|p2a: Chansey
|-damage|p2a: Chansey|0 fnt
|faint|p2a: Chansey
|c|★Nails|hax
|choice||
|
|switch|p2a: Snorlax|Snorlax|75\/100
|turn|30
|c|★Nails|.I.
|choice||
|
|switch|p1a: Golem|Golem|100\/100
|move|p2a: Snorlax|Body Slam|p1a: Golem
|-resisted|p1a: Golem
|-damage|p1a: Golem|88\/100
|
|turn|31
|choice||
|
|move|p1a: Golem|Earthquake|p2a: Snorlax
|-damage|p2a: Snorlax|41\/100
|move|p2a: Snorlax|Reflect|p2a: Snorlax
|-start|p2a: Snorlax|Reflect
|
|turn|32
|choice||
|
|move|p1a: Golem|Earthquake|p2a: Snorlax
|-damage|p2a: Snorlax|25\/100
|move|p2a: Snorlax|Rest|p2a: Snorlax
|-status|p2a: Snorlax|slp
|-heal|p2a: Snorlax|100\/100 slp|[silent]
|-status|p2a: Snorlax|slp|[from] move: Rest
|
|turn|33
|L|Mambo
|J|xTSR
|choice||
|
|switch|p1a: Slowbro|Slowbro|75\/100 par
|cant|p2a: Snorlax|slp
|
|turn|34
|choice||
|
|-curestatus|p2a: Snorlax|slp
|move|p1a: Slowbro|Thunder Wave|p2a: Snorlax
|-status|p2a: Snorlax|par
|
|turn|35
|choice||
|
|move|p2a: Snorlax|Body Slam|p1a: Slowbro
|-damage|p1a: Slowbro|50\/100 par
|move|p1a: Slowbro|Amnesia|p1a: Slowbro
|-boost|p1a: Slowbro|spd|2
|-boost|p1a: Slowbro|spa|2
|
|turn|36
|choice||
|
|switch|p2a: Tauros|Tauros|100\/100
|move|p1a: Slowbro|Surf|p2a: Tauros
|-damage|p2a: Tauros|28\/100
|
|turn|37
|c|★Tesung|n1
|c|★Nails|ty
|J|BKC
|choice||
|
|move|p2a: Tauros|Hyper Beam|p1a: Slowbro
|-damage|p1a: Slowbro|10\/100 par
|move|p1a: Slowbro|Surf|p2a: Tauros
|-damage|p2a: Tauros|0 fnt
|faint|p2a: Tauros
|choice||
|
|switch|p2a: Persian|Persian|100\/100
|turn|38
|c|★Nails|n1
|c|★Tesung|go
|c|★Tesung|persian
|c|★Tesung|!
|choice||
|
|move|p2a: Persian|Slash|p1a: Slowbro
|-crit|p1a: Slowbro
|-damage|p1a: Slowbro|0 fnt
|faint|p1a: Slowbro
|c|★Nails|hax
|c|★Tesung|y
|choice||
|
|switch|p1a: Tauros|Tauros|100\/100
|turn|39
|choice||
|
|move|p2a: Persian|Slash|p1a: Tauros
|-crit|p1a: Tauros
|-damage|p1a: Tauros|61\/100
|move|p1a: Tauros|Body Slam|p2a: Persian
|-crit|p2a: Persian
|-damage|p2a: Persian|25\/100
|
|turn|40
|c|★Nails|stop critting me
|L|xTSR
|choice||
|
|move|p2a: Persian|Hyper Beam|p1a: Tauros
|-damage|p1a: Tauros|22\/100
|move|p1a: Tauros|Body Slam|p2a: Persian
|-crit|p2a: Persian
|-damage|p2a: Persian|0 fnt
|faint|p2a: Persian
|choice||
|
|switch|p2a: Snorlax|Snorlax|100\/100 par
|turn|41
|c|★Tesung|go laxer
|choice||
|
|switch|p1a: Golem|Golem|88\/100
|move|p2a: Snorlax|Reflect|p2a: Snorlax
|-start|p2a: Snorlax|Reflect
|
|turn|42
|choice||
|
|move|p1a: Golem|Earthquake|p2a: Snorlax
|-damage|p2a: Snorlax|85\/100 par
|cant|p2a: Snorlax|par
|
|turn|43
|choice||
|
|move|p1a: Golem|Earthquake|p2a: Snorlax
|-crit|p2a: Snorlax
|-damage|p2a: Snorlax|20\/100 par
|cant|p2a: Snorlax|par
|
|turn|44
|c|★Tesung|bad laxer
|c|★Nails|gg.
|c|★Tesung|gg
|choice||
|
|move|p1a: Golem|Explosion|p2a: Snorlax
|-damage|p2a: Snorlax|0 fnt
|faint|p2a: Snorlax
|faint|p1a: Golem
|
|win|Nails