|inactive|Battle timer is ON: inactive players will automatically lose when time's up.
|J|smilzo
|J|soTsoT
|player|p1|smilzo|157
|player|p2|soTsoT|267
|gametype|singles
|gen|1
|tier|[Gen 1] OU
|rule|Sleep Clause Mod: Limit one foe put to sleep
|rule|Freeze Clause Mod: Limit one foe frozen
|rule|Species Clause: Limit one of each Pokémon
|rule|OHKO Clause: OHKO moves are banned
|rule|Evasion Moves Clause: Evasion moves are banned
|rule|HP Percentage Mod: HP is shown in percentages
|
|start
|switch|p1a: Alakazam|Alakazam|313\/313
|switch|p2a: Alakazam|Alakazam|313\/313
|turn|1
|c|★smilzo|hf
|c|★soTsoT|u2
|
|move|p2a: Alakazam|Thunder Wave|p1a: Alakazam
|-status|p1a: Alakazam|par
|move|p1a: Alakazam|Thunder Wave|p2a: Alakazam
|-status|p2a: Alakazam|par
|
|turn|2
|
|cant|p2a: Alakazam|par
|cant|p1a: Alakazam|par
|
|turn|3
|
|move|p1a: Alakazam|Seismic Toss|p2a: Alakazam
|-damage|p2a: Alakazam|213\/313 par
|move|p2a: Alakazam|Seismic Toss|p1a: Alakazam
|-damage|p1a: Alakazam|213\/313 par
|
|turn|4
|
|switch|p1a: Chansey|Chansey|703\/703
|move|p2a: Alakazam|Seismic Toss|p1a: Chansey
|-damage|p1a: Chansey|603\/703
|
|turn|5
|
|switch|p2a: Zapdos|Zapdos|383\/383
|move|p1a: Chansey|Seismic Toss|p2a: Zapdos
|-damage|p2a: Zapdos|283\/383
|
|turn|6
|
|move|p2a: Zapdos|Drill Peck|p1a: Chansey
|-crit|p1a: Chansey
|-damage|p1a: Chansey|172\/703
|move|p1a: Chansey|Sing|p2a: Zapdos|[miss]
|-miss|p1a: Chansey
|
|turn|7
|
|switch|p1a: Snorlax|Snorlax|523\/523
|move|p2a: Zapdos|Drill Peck|p1a: Snorlax
|-damage|p1a: Snorlax|413\/523
|
|turn|8
|
|move|p2a: Zapdos|Thunderbolt|p1a: Snorlax
|-damage|p1a: Snorlax|243\/523
|move|p1a: Snorlax|Body Slam|p2a: Zapdos
|-damage|p2a: Zapdos|168\/383
|
|turn|9
|
|move|p2a: Zapdos|Thunderbolt|p1a: Snorlax
|-damage|p1a: Snorlax|65\/523
|move|p1a: Snorlax|Body Slam|p2a: Zapdos
|-damage|p2a: Zapdos|55\/383
|-status|p2a: Zapdos|par
|
|turn|10
|
|move|p1a: Snorlax|Body Slam|p2a: Zapdos
|-damage|p2a: Zapdos|0 fnt
|faint|p2a: Zapdos
|
|switch|p2a: Exeggutor|Exeggutor|393\/393
|turn|11
|
|switch|p1a: Alakazam|Alakazam|213\/313 par
|move|p2a: Exeggutor|Psychic|p1a: Alakazam
|-resisted|p1a: Alakazam
|-damage|p1a: Alakazam|161\/313 par
|
|turn|12
|
|move|p2a: Exeggutor|Double-Edge|p1a: Alakazam
|-damage|p1a: Alakazam|39\/313 par
|-damage|p2a: Exeggutor|363\/393|[from] recoil|[of] p1a: Alakazam
|move|p1a: Alakazam|Recover|p1a: Alakazam
|-heal|p1a: Alakazam|195\/313 par
|
|turn|13
|
|switch|p2a: Tauros|Tauros|353\/353
|move|p1a: Alakazam|Thunder Wave|p2a: Tauros
|-status|p2a: Tauros|par
|
|turn|14
|
|switch|p1a: Exeggutor|Exeggutor|393\/393
|move|p2a: Tauros|Body Slam|p1a: Exeggutor
|-damage|p1a: Exeggutor|280\/393
|-status|p1a: Exeggutor|par
|
|turn|15
|
|move|p2a: Tauros|Blizzard|p1a: Exeggutor
|-supereffective|p1a: Exeggutor
|-damage|p1a: Exeggutor|143\/393 par
|cant|p1a: Exeggutor|par
|
|turn|16
|
|move|p2a: Tauros|Blizzard|p1a: Exeggutor
|-supereffective|p1a: Exeggutor
|-damage|p1a: Exeggutor|6\/393 par
|move|p1a: Exeggutor|Explosion|p2a: Tauros
|-damage|p2a: Tauros|83\/353 par
|faint|p1a: Exeggutor
|
|switch|p1a: Snorlax|Snorlax|65\/523
|turn|17
|
|move|p1a: Snorlax|Body Slam|p2a: Tauros
|-damage|p2a: Tauros|0 fnt
|faint|p2a: Tauros
|
|switch|p2a: Exeggutor|Exeggutor|363\/393
|turn|18
|
|move|p2a: Exeggutor|Double-Edge|p1a: Snorlax
|-damage|p1a: Snorlax|0 fnt
|-damage|p2a: Exeggutor|347\/393|[from] recoil|[of] p1a: Snorlax
|faint|p1a: Snorlax
|
|switch|p1a: Alakazam|Alakazam|195\/313 par
|turn|19
|
|move|p2a: Exeggutor|Double-Edge|p1a: Alakazam
|-crit|p1a: Alakazam
|-damage|p1a: Alakazam|0 fnt
|-damage|p2a: Exeggutor|299\/393|[from] recoil|[of] p1a: Alakazam
|faint|p1a: Alakazam
|
|switch|p1a: Starmie|Starmie|323\/323
|turn|20
|
|move|p1a: Starmie|Blizzard|p2a: Exeggutor
|-supereffective|p2a: Exeggutor
|-damage|p2a: Exeggutor|146\/393
|-status|p2a: Exeggutor|frz
|cant|p2a: Exeggutor|frz
|
|turn|21
|
|switch|p1a: Chansey|Chansey|172\/703
|cant|p2a: Exeggutor|frz
|
|turn|22
|
|cant|p2a: Exeggutor|frz
|move|p1a: Chansey|Soft-Boiled|p1a: Chansey
|-heal|p1a: Chansey|523\/703
|
|turn|23
|
|cant|p2a: Exeggutor|frz
|move|p1a: Chansey|Soft-Boiled|p1a: Chansey
|-heal|p1a: Chansey|703\/703
|
|turn|24
|
|cant|p2a: Exeggutor|frz
|move|p1a: Chansey|Seismic Toss|p2a: Exeggutor
|-damage|p2a: Exeggutor|46\/393 frz
|
|turn|25
|
|cant|p2a: Exeggutor|frz
|move|p1a: Chansey|Seismic Toss|p2a: Exeggutor
|-damage|p2a: Exeggutor|0 fnt
|faint|p2a: Exeggutor
|
|switch|p2a: Chansey|Chansey|703\/703
|turn|26
|
|move|p1a: Chansey|Sing|p2a: Chansey
|-status|p2a: Chansey|slp
|cant|p2a: Chansey|slp
|
|turn|27
|
|switch|p1a: Tauros|Tauros|353\/353
|cant|p2a: Chansey|slp
|-curestatus|p2a: Chansey|slp
|
|turn|28
|
|switch|p1a: Chansey|Chansey|703\/703
|move|p2a: Chansey|Counter|p1a: Chansey
|-fail|p2a: Chansey
|
|turn|29
|
|move|p2a: Chansey|Ice Beam|p1a: Chansey
|-damage|p1a: Chansey|634\/703
|move|p1a: Chansey|Sing|p2a: Chansey
|-status|p2a: Chansey|slp
|
|turn|30
|
|switch|p1a: Tauros|Tauros|353\/353
|cant|p2a: Chansey|slp
|
|turn|31
|
|move|p1a: Tauros|Body Slam|p2a: Chansey
|-damage|p2a: Chansey|442\/703 slp
|cant|p2a: Chansey|slp
|
|turn|32
|
|switch|p2a: Alakazam|Alakazam|213\/313 par
|move|p1a: Tauros|Body Slam|p2a: Alakazam
|-crit|p2a: Alakazam
|-damage|p2a: Alakazam|0 fnt
|faint|p2a: Alakazam
|
|switch|p2a: Jynx|Jynx|333\/333
|turn|33
|
|switch|p1a: Starmie|Starmie|323\/323
|move|p2a: Jynx|Blizzard|p1a: Starmie
|-resisted|p1a: Starmie
|-damage|p1a: Starmie|253\/323
|
|turn|34
|
|move|p1a: Starmie|Thunder Wave|p2a: Jynx
|-status|p2a: Jynx|par
|move|p2a: Jynx|Blizzard|p1a: Starmie
|-resisted|p1a: Starmie
|-damage|p1a: Starmie|189\/323
|
|turn|35
|
|move|p1a: Starmie|Thunderbolt|p2a: Jynx
|-crit|p2a: Jynx
|-damage|p2a: Jynx|185\/333 par
|cant|p2a: Jynx|par
|
|turn|36
|
|switch|p2a: Chansey|Chansey|442\/703 slp
|move|p1a: Starmie|Thunderbolt|p2a: Chansey
|-damage|p2a: Chansey|371\/703 slp
|
|turn|37
|
|switch|p1a: Tauros|Tauros|353\/353
|cant|p2a: Chansey|slp
|
|turn|38
|
|move|p1a: Tauros|Hyper Beam|p2a: Chansey
|-damage|p2a: Chansey|0 fnt
|faint|p2a: Chansey
|
|switch|p2a: Jynx|Jynx|185\/333 par
|turn|39
|
|move|p1a: Tauros|Hyper Beam|p2a: Jynx
|-damage|p2a: Jynx|0 fnt
|faint|p2a: Jynx
|
|win|smilzo