|inactive|Battle timer is ON: inactive players will automatically lose when time's up.
|J|xJoelituh
|J|Ortheore
|player|p1|xJoelituh|134
|player|p2|Ortheore|101
|gametype|singles
|gen|1
|tier|[Gen 1] OU
|rule|Sleep Clause Mod: Limit one foe put to sleep
|rule|Freeze Clause Mod: Limit one foe frozen
|rule|Species Clause: Limit one of each Pokémon
|rule|OHKO Clause: OHKO moves are banned
|rule|Evasion Moves Clause: Evasion moves are banned
|rule|HP Percentage Mod: HP is shown in percentages
|
|start
|switch|p1a: Starmie|Starmie|323\/323
|switch|p2a: Gengar|Gengar|323\/323
|turn|1
|
|switch|p2a: Chansey|Chansey|703\/703
|move|p1a: Starmie|Thunder Wave|p2a: Chansey
|-status|p2a: Chansey|par
|
|turn|2
|
|move|p1a: Starmie|Psychic|p2a: Chansey
|-damage|p2a: Chansey|609\/703 par
|-unboost|p2a: Chansey|spd|1
|-unboost|p2a: Chansey|spa|1
|move|p2a: Chansey|Thunderbolt|p1a: Starmie
|-supereffective|p1a: Starmie
|-damage|p1a: Starmie|214\/323
|
|turn|3
|
|switch|p1a: Rhydon|Rhydon|413\/413
|move|p2a: Chansey|Thunder Wave|p1a: Rhydon
|-immune|p1a: Rhydon|[msg]
|
|turn|4
|
|switch|p2a: Exeggutor|Exeggutor|393\/393
|move|p1a: Rhydon|Substitute|p1a: Rhydon
|-start|p1a: Rhydon|Substitute
|-damage|p1a: Rhydon|310\/413
|
|turn|5
|
|move|p2a: Exeggutor|Sleep Powder|p1a: Rhydon
|-status|p1a: Rhydon|slp
|cant|p1a: Rhydon|slp
|
|turn|6
|
|move|p2a: Exeggutor|Psychic|p1a: Rhydon
|-crit|p1a: Rhydon
|-end|p1a: Rhydon|Substitute
|cant|p1a: Rhydon|slp
|
|turn|7
|
|switch|p1a: Starmie|Starmie|214\/323
|move|p2a: Exeggutor|Stun Spore|p1a: Starmie
|-status|p1a: Starmie|par
|
|turn|8
|
|switch|p2a: Chansey|Chansey|609\/703 par
|cant|p1a: Starmie|par
|
|turn|9
|
|move|p1a: Starmie|Blizzard|p2a: Chansey
|-crit|p2a: Chansey
|-damage|p2a: Chansey|439\/703 par
|cant|p2a: Chansey|par
|
|turn|10
|
|switch|p1a: Rhydon|Rhydon|310\/413 slp
|cant|p2a: Chansey|par
|
|turn|11
|
|-curestatus|p1a: Rhydon|slp
|move|p2a: Chansey|Soft-Boiled|p2a: Chansey
|-heal|p2a: Chansey|703\/703 par
|
|turn|12
|
|switch|p2a: Exeggutor|Exeggutor|393\/393
|move|p1a: Rhydon|Earthquake|p2a: Exeggutor
|-resisted|p2a: Exeggutor
|-damage|p2a: Exeggutor|310\/393
|
|turn|13
|
|switch|p2a: Chansey|Chansey|703\/703 par
|switch|p1a: Exeggutor|Exeggutor|393\/393
|
|turn|14
|
|move|p1a: Exeggutor|Psychic|p2a: Chansey
|-damage|p2a: Chansey|581\/703 par
|move|p2a: Chansey|Ice Beam|p1a: Exeggutor
|-supereffective|p1a: Exeggutor
|-damage|p1a: Exeggutor|259\/393
|
|turn|15
|
|move|p1a: Exeggutor|Explosion|p2a: Chansey
|-damage|p2a: Chansey|0 fnt
|faint|p2a: Chansey
|faint|p1a: Exeggutor
|
|switch|p2a: Exeggutor|Exeggutor|310\/393
|switch|p1a: Starmie|Starmie|214\/323 par
|turn|16
|
|switch|p2a: Slowbro|Slowbro|393\/393
|cant|p1a: Starmie|par
|
|turn|17
|
|move|p2a: Slowbro|Amnesia|p2a: Slowbro
|-boost|p2a: Slowbro|spd|2
|-boost|p2a: Slowbro|spa|2
|move|p1a: Starmie|Blizzard|p2a: Slowbro
|-resisted|p2a: Slowbro
|-damage|p2a: Slowbro|366\/393
|
|turn|18
|
|move|p2a: Slowbro|Amnesia|p2a: Slowbro
|-boost|p2a: Slowbro|spd|2
|-boost|p2a: Slowbro|spa|2
|move|p1a: Starmie|Blizzard|p2a: Slowbro
|-resisted|p2a: Slowbro
|-damage|p2a: Slowbro|348\/393
|
|turn|19
|
|move|p2a: Slowbro|Surf|p1a: Starmie
|-resisted|p1a: Starmie
|-damage|p1a: Starmie|75\/323 par
|move|p1a: Starmie|Blizzard|p2a: Slowbro
|-resisted|p2a: Slowbro
|-damage|p2a: Slowbro|328\/393
|
|turn|20
|
|move|p2a: Slowbro|Surf|p1a: Starmie|[miss]
|-miss|p2a: Slowbro
|move|p1a: Starmie|Blizzard|p2a: Slowbro
|-crit|p2a: Slowbro
|-resisted|p2a: Slowbro
|-damage|p2a: Slowbro|222\/393
|
|turn|21
|
|move|p2a: Slowbro|Surf|p1a: Starmie
|-resisted|p1a: Starmie
|-damage|p1a: Starmie|0 fnt
|faint|p1a: Starmie
|
|switch|p1a: Chansey|Chansey|703\/703
|turn|22
|
|move|p1a: Chansey|Thunder Wave|p2a: Slowbro
|-status|p2a: Slowbro|par
|cant|p2a: Slowbro|par
|
|turn|23
|
|move|p1a: Chansey|Seismic Toss|p2a: Slowbro
|-damage|p2a: Slowbro|122\/393 par
|cant|p2a: Slowbro|par
|
|turn|24
|
|move|p1a: Chansey|Seismic Toss|p2a: Slowbro
|-damage|p2a: Slowbro|22\/393 par
|move|p2a: Slowbro|Rest|p2a: Slowbro
|-status|p2a: Slowbro|slp
|-heal|p2a: Slowbro|393\/393 slp|[silent]
|-status|p2a: Slowbro|slp|[from] move: Rest
|
|turn|25
|
|switch|p2a: Exeggutor|Exeggutor|310\/393
|move|p1a: Chansey|Seismic Toss|p2a: Exeggutor
|-damage|p2a: Exeggutor|210\/393
|
|turn|26
|
|switch|p1a: Rhydon|Rhydon|310\/413
|move|p2a: Exeggutor|Sleep Powder|p1a: Rhydon|[miss]
|-miss|p2a: Exeggutor
|
|turn|27
|
|move|p2a: Exeggutor|Sleep Powder|p1a: Rhydon
|-status|p1a: Rhydon|slp
|cant|p1a: Rhydon|slp
|
|turn|28
|
|switch|p1a: Tauros|Tauros|353\/353
|move|p2a: Exeggutor|Stun Spore|p1a: Tauros
|-status|p1a: Tauros|par
|
|turn|29
|
|switch|p2a: Gengar|Gengar|323\/323
|move|p1a: Tauros|Blizzard|p2a: Gengar
|-damage|p2a: Gengar|260\/323
|
|turn|30
|
|move|p2a: Gengar|Thunderbolt|p1a: Tauros
|-damage|p1a: Tauros|235\/353 par
|move|p1a: Tauros|Earthquake|p2a: Gengar
|-supereffective|p2a: Gengar
|-damage|p2a: Gengar|60\/323
|
|turn|31
|
|move|p2a: Gengar|Explosion|p1a: Tauros
|-damage|p1a: Tauros|32\/353 par
|faint|p2a: Gengar
|
|switch|p2a: Tauros|Tauros|353\/353
|turn|32
|
|move|p2a: Tauros|Body Slam|p1a: Tauros
|-damage|p1a: Tauros|0 fnt
|faint|p1a: Tauros
|
|switch|p1a: Chansey|Chansey|703\/703
|turn|33
|
|switch|p2a: Exeggutor|Exeggutor|210\/393
|move|p1a: Chansey|Reflect|p1a: Chansey
|-start|p1a: Chansey|Reflect
|
|turn|34
|
|move|p2a: Exeggutor|Sleep Powder|p1a: Chansey
|-message|Sleep Clause Mod activated.
|move|p1a: Chansey|Thunder Wave|p2a: Exeggutor
|-status|p2a: Exeggutor|par
|
|turn|35
|c|★xJoelituh|lol
|
|move|p1a: Chansey|Seismic Toss|p2a: Exeggutor
|-damage|p2a: Exeggutor|110\/393 par
|move|p2a: Exeggutor|Stun Spore|p1a: Chansey|[miss]
|-miss|p2a: Exeggutor
|
|turn|36
|
|move|p1a: Chansey|Seismic Toss|p2a: Exeggutor
|-damage|p2a: Exeggutor|10\/393 par
|move|p2a: Exeggutor|Explosion|p1a: Chansey
|-damage|p1a: Chansey|326\/703
|faint|p2a: Exeggutor
|
|switch|p2a: Tauros|Tauros|353\/353
|turn|37
|
|move|p2a: Tauros|Body Slam|p1a: Chansey
|-damage|p1a: Chansey|182\/703
|move|p1a: Chansey|Thunder Wave|p2a: Tauros
|-status|p2a: Tauros|par
|
|turn|38
|
|move|p1a: Chansey|Soft-Boiled|p1a: Chansey
|-heal|p1a: Chansey|533\/703
|cant|p2a: Tauros|par
|
|turn|39
|
|move|p1a: Chansey|Thunder Wave|p2a: Tauros
|-fail|p2a: Tauros|par
|move|p2a: Tauros|Body Slam|p1a: Chansey
|-crit|p1a: Chansey
|-damage|p1a: Chansey|0 fnt
|faint|p1a: Chansey
|
|switch|p1a: Rhydon|Rhydon|310\/413 slp
|turn|40
|
|cant|p1a: Rhydon|slp
|cant|p2a: Tauros|par
|
|turn|41
|
|cant|p1a: Rhydon|slp
|move|p2a: Tauros|Blizzard|p1a: Rhydon
|-supereffective|p1a: Rhydon
|-damage|p1a: Rhydon|63\/413 slp
|
|turn|42
|
|cant|p1a: Rhydon|slp
|move|p2a: Tauros|Blizzard|p1a: Rhydon
|-supereffective|p1a: Rhydon
|-damage|p1a: Rhydon|0 fnt
|faint|p1a: Rhydon
|
|switch|p1a: Articuno|Articuno|383\/383
|turn|43
|
|switch|p2a: Slowbro|Slowbro|393\/393 slp
|move|p1a: Articuno|Sky Attack|p2a: Slowbro|[still]
|-prepare|p1a: Articuno|Sky Attack|p2a: Slowbro
|
|turn|44
|
|move|p1a: Articuno|Sky Attack|p2a: Slowbro
|-damage|p2a: Slowbro|261\/393 slp
|cant|p2a: Slowbro|slp
|
|turn|45
|
|move|p1a: Articuno|Blizzard|p2a: Slowbro
|-crit|p2a: Slowbro
|-resisted|p2a: Slowbro
|-damage|p2a: Slowbro|82\/393 slp
|-curestatus|p2a: Slowbro|slp
|
|turn|46
|
|move|p1a: Articuno|Blizzard|p2a: Slowbro
|-resisted|p2a: Slowbro
|-damage|p2a: Slowbro|0 fnt
|faint|p2a: Slowbro
|
|switch|p2a: Tauros|Tauros|353\/353 par
|turn|47
|
|move|p1a: Articuno|Blizzard|p2a: Tauros
|-damage|p2a: Tauros|158\/353 par
|move|p2a: Tauros|Body Slam|p1a: Articuno
|-damage|p1a: Articuno|276\/383
|
|turn|48
|
|move|p1a: Articuno|Blizzard|p2a: Tauros
|-damage|p2a: Tauros|0 fnt
|faint|p2a: Tauros
|
|switch|p2a: Rhydon|Rhydon|413\/413
|turn|49
|
|move|p1a: Articuno|Blizzard|p2a: Rhydon
|-supereffective|p2a: Rhydon
|-damage|p2a: Rhydon|0 fnt
|faint|p2a: Rhydon
|
|win|xJoelituh
|c|★xJoelituh|gg! ^^