|inactive|Battle timer is ON: inactive players will automatically lose when time's up.
|J|SunnyORAS
|J|marcoasd
|player|p1|SunnyORAS|102
|player|p2|marcoasd|1
|gametype|singles
|gen|1
|tier|[Gen 1] OU
|rule|Sleep Clause Mod: Limit one foe put to sleep
|rule|Freeze Clause Mod: Limit one foe frozen
|rule|Species Clause: Limit one of each Pokémon
|rule|OHKO Clause: OHKO moves are banned
|rule|Evasion Moves Clause: Evasion moves are banned
|rule|HP Percentage Mod: HP is shown in percentages
|
|start
|switch|p1a: Alakazam|Alakazam|313\/313
|switch|p2a: Alakazam|Alakazam|313\/313
|turn|1
|
|move|p2a: Alakazam|Thunder Wave|p1a: Alakazam
|-status|p1a: Alakazam|par
|move|p1a: Alakazam|Thunder Wave|p2a: Alakazam
|-status|p2a: Alakazam|par
|
|turn|2
|
|move|p1a: Alakazam|Seismic Toss|p2a: Alakazam
|-damage|p2a: Alakazam|213\/313 par
|move|p2a: Alakazam|Seismic Toss|p1a: Alakazam
|-damage|p1a: Alakazam|213\/313 par
|
|turn|3
|
|switch|p2a: Snorlax|Snorlax|523\/523
|move|p1a: Alakazam|Recover|p1a: Alakazam
|-heal|p1a: Alakazam|313\/313 par
|
|turn|4
|
|switch|p1a: Rhydon|Rhydon|413\/413
|move|p2a: Snorlax|Body Slam|p1a: Rhydon
|-resisted|p1a: Rhydon
|-damage|p1a: Rhydon|365\/413
|
|turn|5
|
|switch|p1a: Snorlax|Snorlax|523\/523
|switch|p2a: Exeggutor|Exeggutor|393\/393
|
|turn|6
|
|switch|p1a: Alakazam|Alakazam|313\/313 par
|move|p2a: Exeggutor|Psychic|p1a: Alakazam
|-resisted|p1a: Alakazam
|-damage|p1a: Alakazam|265\/313 par
|
|turn|7
|
|switch|p2a: Rhydon|Rhydon|413\/413
|switch|p1a: Snorlax|Snorlax|523\/523
|
|turn|8
|c|★SunnyORAS|MEH
|c|★SunnyORAS|*HEH
|
|switch|p2a: Exeggutor|Exeggutor|393\/393
|switch|p1a: Exeggutor|Exeggutor|393\/393
|
|turn|9
|c|★SunnyORAS|we both have rhydon <3
|
|switch|p1a: Alakazam|Alakazam|265\/313 par
|switch|p2a: Alakazam|Alakazam|213\/313 par
|
|turn|10
|J|Vinc2612
|c|★marcoasd|lol
|
|switch|p1a: Exeggutor|Exeggutor|393\/393
|move|p2a: Alakazam|Recover|p2a: Alakazam
|-heal|p2a: Alakazam|313\/313 par
|
|turn|11
|
|move|p1a: Exeggutor|Leech Seed|p2a: Alakazam
|-start|p2a: Alakazam|move: Leech Seed
|move|p2a: Alakazam|Psychic|p1a: Exeggutor
|-crit|p1a: Exeggutor
|-resisted|p1a: Exeggutor
|-damage|p1a: Exeggutor|279\/393
|-unboost|p1a: Exeggutor|spd|1
|-unboost|p1a: Exeggutor|spa|1
|-damage|p2a: Alakazam|294\/313 par|[from] Leech Seed|[of] p1a: Exeggutor
|-heal|p1a: Exeggutor|298\/393|[silent]
|
|turn|12
|
|switch|p2a: Exeggutor|Exeggutor|393\/393
|move|p1a: Exeggutor|Stun Spore|p2a: Exeggutor
|-status|p2a: Exeggutor|par
|
|turn|13
|
|switch|p1a: Alakazam|Alakazam|265\/313 par
|switch|p2a: Slowbro|Slowbro|393\/393
|
|turn|14
|
|switch|p1a: Exeggutor|Exeggutor|298\/393
|move|p2a: Slowbro|Amnesia|p2a: Slowbro
|-boost|p2a: Slowbro|spd|2
|-boost|p2a: Slowbro|spa|2
|
|turn|15
|
|move|p1a: Exeggutor|Leech Seed|p2a: Slowbro
|-start|p2a: Slowbro|move: Leech Seed
|move|p2a: Slowbro|Thunder Wave|p1a: Exeggutor
|-status|p1a: Exeggutor|par
|-damage|p2a: Slowbro|369\/393|[from] Leech Seed|[of] p1a: Exeggutor
|-heal|p1a: Exeggutor|322\/393 par|[silent]
|
|turn|16
|
|move|p2a: Slowbro|Amnesia|p2a: Slowbro
|-boost|p2a: Slowbro|spd|2
|-boost|p2a: Slowbro|spa|2
|-damage|p2a: Slowbro|345\/393|[from] Leech Seed|[of] p1a: Exeggutor
|-heal|p1a: Exeggutor|346\/393 par|[silent]
|move|p1a: Exeggutor|Psychic|p2a: Slowbro
|-resisted|p2a: Slowbro
|-damage|p2a: Slowbro|319\/393
|
|turn|17
|
|move|p2a: Slowbro|Psychic|p1a: Exeggutor
|-resisted|p1a: Exeggutor
|-damage|p1a: Exeggutor|237\/393 par
|-damage|p2a: Slowbro|295\/393|[from] Leech Seed|[of] p1a: Exeggutor
|-heal|p1a: Exeggutor|261\/393 par|[silent]
|move|p1a: Exeggutor|Stun Spore|p2a: Slowbro
|-status|p2a: Slowbro|par
|
|turn|18
|
|cant|p2a: Slowbro|par
|-damage|p2a: Slowbro|271\/393 par|[from] Leech Seed|[of] p1a: Exeggutor
|-heal|p1a: Exeggutor|285\/393 par|[silent]
|move|p1a: Exeggutor|Rest|p1a: Exeggutor
|-status|p1a: Exeggutor|slp
|-heal|p1a: Exeggutor|393\/393 slp|[silent]
|-status|p1a: Exeggutor|slp|[from] move: Rest
|
|turn|19
|J|ReshiRampage
|
|switch|p1a: Alakazam|Alakazam|265\/313 par
|move|p2a: Slowbro|Psychic|p1a: Alakazam
|-resisted|p1a: Alakazam
|-damage|p1a: Alakazam|151\/313 par
|-damage|p2a: Slowbro|247\/393 par|[from] Leech Seed|[of] p1a: Alakazam
|-heal|p1a: Alakazam|175\/313 par|[silent]
|
|turn|20
|
|cant|p1a: Alakazam|par
|move|p2a: Slowbro|Amnesia|p2a: Slowbro
|-boost|p2a: Slowbro|spd|2
|-boost|p2a: Slowbro|spa|2
|-damage|p2a: Slowbro|223\/393 par|[from] Leech Seed|[of] p1a: Alakazam
|-heal|p1a: Alakazam|199\/313 par|[silent]
|
|turn|21
|
|move|p2a: Slowbro|Psychic|p1a: Alakazam
|-resisted|p1a: Alakazam
|-damage|p1a: Alakazam|51\/313 par
|-unboost|p1a: Alakazam|spd|1
|-unboost|p1a: Alakazam|spa|1
|-damage|p2a: Slowbro|199\/393 par|[from] Leech Seed|[of] p1a: Alakazam
|-heal|p1a: Alakazam|75\/313 par|[silent]
|move|p1a: Alakazam|Recover|p1a: Alakazam
|-heal|p1a: Alakazam|231\/313 par
|
|turn|22
|
|move|p2a: Slowbro|Psychic|p1a: Alakazam
|-resisted|p1a: Alakazam
|-damage|p1a: Alakazam|0 fnt
|faint|p1a: Alakazam
|
|switch|p1a: Snorlax|Snorlax|523\/523
|turn|23
|L|ReshiRampage
|J|During Summer
|
|move|p1a: Snorlax|Body Slam|p2a: Slowbro
|-damage|p2a: Slowbro|102\/393 par
|move|p2a: Slowbro|Psychic|p1a: Snorlax
|-damage|p1a: Snorlax|33\/523
|-unboost|p1a: Snorlax|spd|1
|-unboost|p1a: Snorlax|spa|1
|-damage|p2a: Slowbro|78\/393 par|[from] Leech Seed|[of] p1a: Snorlax
|-heal|p1a: Snorlax|57\/523|[silent]
|
|turn|24
|c|★SunnyORAS|SMH
|c|★SunnyORAS|i did it agian
|c|★SunnyORAS|:<
|
|switch|p2a: Rhydon|Rhydon|413\/413
|move|p1a: Snorlax|Body Slam|p2a: Rhydon
|-resisted|p2a: Rhydon
|-damage|p2a: Rhydon|364\/413
|-status|p2a: Rhydon|par
|
|turn|25
|
|switch|p1a: Exeggutor|Exeggutor|393\/393 slp
|switch|p2a: Snorlax|Snorlax|523\/523
|
|turn|26
|
|switch|p1a: Rhydon|Rhydon|365\/413
|move|p2a: Snorlax|Amnesia|p2a: Snorlax
|-boost|p2a: Snorlax|spd|2
|-boost|p2a: Snorlax|spa|2
|
|turn|27
|
|switch|p1a: Chansey|Chansey|703\/703
|move|p2a: Snorlax|Blizzard|p1a: Chansey
|-damage|p1a: Chansey|567\/703
|
|turn|28
|
|switch|p1a: Jynx|Jynx|333\/333
|move|p2a: Snorlax|Amnesia|p2a: Snorlax
|-boost|p2a: Snorlax|spd|2
|-boost|p2a: Snorlax|spa|2
|
|turn|29
|
|switch|p2a: Slowbro|Slowbro|78\/393 par
|move|p1a: Jynx|Lovely Kiss|p2a: Slowbro
|-fail|p2a: Slowbro
|
|turn|30
|
|move|p1a: Jynx|Blizzard|p2a: Slowbro
|-resisted|p2a: Slowbro
|-damage|p2a: Slowbro|0 fnt
|faint|p2a: Slowbro
|
|switch|p2a: Alakazam|Alakazam|294\/313 par
|turn|31
|
|switch|p1a: Exeggutor|Exeggutor|393\/393 slp
|cant|p2a: Alakazam|par
|
|turn|32
|
|switch|p2a: Snorlax|Snorlax|523\/523
|cant|p1a: Exeggutor|slp
|
|turn|33
|
|switch|p1a: Jynx|Jynx|333\/333
|move|p2a: Snorlax|Amnesia|p2a: Snorlax
|-boost|p2a: Snorlax|spd|2
|-boost|p2a: Snorlax|spa|2
|
|turn|34
|
|move|p1a: Jynx|Lovely Kiss|p2a: Snorlax
|-status|p2a: Snorlax|slp
|cant|p2a: Snorlax|slp
|
|turn|35
|
|move|p1a: Jynx|Psychic|p2a: Snorlax
|-crit|p2a: Snorlax
|-damage|p2a: Snorlax|284\/523 slp
|cant|p2a: Snorlax|slp
|
|turn|36
|c|★SunnyORAS|tauros last spot prolly
|
|switch|p2a: Chansey|Chansey|703\/703
|move|p1a: Jynx|Psychic|p2a: Chansey
|-damage|p2a: Chansey|598\/703
|-unboost|p2a: Chansey|spd|1
|-unboost|p2a: Chansey|spa|1
|
|turn|37
|
|move|p1a: Jynx|Blizzard|p2a: Chansey
|-damage|p2a: Chansey|402\/703
|move|p2a: Chansey|Thunder Wave|p1a: Jynx
|-status|p1a: Jynx|par
|
|turn|38
|
|switch|p2a: Alakazam|Alakazam|294\/313 par
|cant|p1a: Jynx|par
|
|turn|39
|
|switch|p1a: Exeggutor|Exeggutor|393\/393 slp
|move|p2a: Alakazam|Seismic Toss|p1a: Exeggutor
|-damage|p1a: Exeggutor|293\/393 slp
|
|turn|40
|
|-curestatus|p1a: Exeggutor|slp
|move|p2a: Alakazam|Seismic Toss|p1a: Exeggutor
|-damage|p1a: Exeggutor|193\/393
|
|turn|41
|
|move|p1a: Exeggutor|Rest|p1a: Exeggutor
|-status|p1a: Exeggutor|slp
|-heal|p1a: Exeggutor|393\/393 slp|[silent]
|-status|p1a: Exeggutor|slp|[from] move: Rest
|cant|p2a: Alakazam|par
|
|turn|42
|
|switch|p2a: Chansey|Chansey|402\/703
|cant|p1a: Exeggutor|slp
|
|turn|43
|
|switch|p1a: Jynx|Jynx|333\/333 par
|move|p2a: Chansey|Soft-Boiled|p2a: Chansey
|-heal|p2a: Chansey|703\/703
|
|turn|44
|
|switch|p2a: Alakazam|Alakazam|294\/313 par
|switch|p1a: Exeggutor|Exeggutor|393\/393 slp
|
|turn|45
|
|-curestatus|p1a: Exeggutor|slp
|move|p2a: Alakazam|Seismic Toss|p1a: Exeggutor
|-damage|p1a: Exeggutor|293\/393
|
|turn|46
|
|move|p1a: Exeggutor|Leech Seed|p2a: Alakazam
|-start|p2a: Alakazam|move: Leech Seed
|move|p2a: Alakazam|Psychic|p1a: Exeggutor
|-resisted|p1a: Exeggutor
|-damage|p1a: Exeggutor|239\/393
|-unboost|p1a: Exeggutor|spd|1
|-unboost|p1a: Exeggutor|spa|1
|-damage|p2a: Alakazam|275\/313 par|[from] Leech Seed|[of] p1a: Exeggutor
|-heal|p1a: Exeggutor|258\/393|[silent]
|
|turn|47
|
|switch|p1a: Jynx|Jynx|333\/333 par
|switch|p2a: Exeggutor|Exeggutor|393\/393 par
|
|turn|48
|
|switch|p2a: Chansey|Chansey|703\/703
|move|p1a: Jynx|Blizzard|p2a: Chansey
|-damage|p2a: Chansey|565\/703
|
|turn|49
|
|switch|p1a: Snorlax|Snorlax|57\/523
|move|p2a: Chansey|Seismic Toss|p1a: Snorlax
|-damage|p1a: Snorlax|0 fnt
|faint|p1a: Snorlax
|
|switch|p1a: Jynx|Jynx|333\/333 par
|turn|50
|
|switch|p2a: Alakazam|Alakazam|275\/313 par
|move|p1a: Jynx|Blizzard|p2a: Alakazam
|-damage|p2a: Alakazam|168\/313 par
|
|turn|51
|c|★SunnyORAS|:x
|
|switch|p1a: Rhydon|Rhydon|365\/413
|move|p2a: Alakazam|Recover|p2a: Alakazam
|-heal|p2a: Alakazam|313\/313 par
|
|turn|52
|
|switch|p2a: Exeggutor|Exeggutor|393\/393 par
|move|p1a: Rhydon|Body Slam|p2a: Exeggutor
|-damage|p2a: Exeggutor|304\/393 par
|
|turn|53
|
|switch|p1a: Jynx|Jynx|333\/333 par
|move|p2a: Exeggutor|Psychic|p1a: Jynx
|-resisted|p1a: Jynx
|-damage|p1a: Jynx|274\/333 par
|
|turn|54
|
|switch|p1a: Rhydon|Rhydon|365\/413
|switch|p2a: Alakazam|Alakazam|313\/313 par
|
|turn|55
|
|switch|p2a: Exeggutor|Exeggutor|304\/393 par
|move|p1a: Rhydon|Earthquake|p2a: Exeggutor
|-resisted|p2a: Exeggutor
|-damage|p2a: Exeggutor|226\/393 par
|
|turn|56
|
|switch|p1a: Chansey|Chansey|567\/703
|move|p2a: Exeggutor|Explosion|p1a: Chansey
|-damage|p1a: Chansey|0 fnt
|faint|p1a: Chansey
|faint|p2a: Exeggutor
|
|switch|p1a: Exeggutor|Exeggutor|258\/393
|switch|p2a: Chansey|Chansey|565\/703
|turn|57
|
|switch|p2a: Alakazam|Alakazam|313\/313 par
|move|p1a: Exeggutor|Leech Seed|p2a: Alakazam
|-start|p2a: Alakazam|move: Leech Seed
|
|turn|58
|J|ADVERSARY SLAYS
|
|switch|p1a: Rhydon|Rhydon|365\/413
|move|p2a: Alakazam|Seismic Toss|p1a: Rhydon
|-damage|p1a: Rhydon|265\/413
|-damage|p2a: Alakazam|294\/313 par|[from] Leech Seed|[of] p1a: Rhydon
|-heal|p1a: Rhydon|284\/413|[silent]
|
|turn|59
|
|move|p1a: Rhydon|Earthquake|p2a: Alakazam
|-damage|p2a: Alakazam|59\/313 par
|move|p2a: Alakazam|Psychic|p1a: Rhydon
|-damage|p1a: Rhydon|86\/413
|-unboost|p1a: Rhydon|spd|1
|-unboost|p1a: Rhydon|spa|1
|-damage|p2a: Alakazam|40\/313 par|[from] Leech Seed|[of] p1a: Rhydon
|-heal|p1a: Rhydon|105\/413|[silent]
|
|turn|60
|
|move|p1a: Rhydon|Substitute|p1a: Rhydon
|-start|p1a: Rhydon|Substitute
|-damage|p1a: Rhydon|2\/413
|move|p2a: Alakazam|Psychic|p1a: Rhydon
|-end|p1a: Rhydon|Substitute
|-damage|p2a: Alakazam|21\/313 par|[from] Leech Seed|[of] p1a: Rhydon
|-heal|p1a: Rhydon|21\/413|[silent]
|
|turn|61
|c|★SunnyORAS|eh had to try
|
|move|p1a: Rhydon|Earthquake|p2a: Alakazam
|-damage|p2a: Alakazam|0 fnt
|faint|p2a: Alakazam
|
|switch|p2a: Chansey|Chansey|565\/703
|turn|62
|
|switch|p1a: Exeggutor|Exeggutor|258\/393
|move|p2a: Chansey|Seismic Toss|p1a: Exeggutor
|-damage|p1a: Exeggutor|158\/393
|
|turn|63
|
|switch|p2a: Rhydon|Rhydon|364\/413 par
|move|p1a: Exeggutor|Leech Seed|p2a: Rhydon
|-start|p2a: Rhydon|move: Leech Seed
|
|turn|64
|
|move|p1a: Exeggutor|Rest|p1a: Exeggutor
|-status|p1a: Exeggutor|slp
|-heal|p1a: Exeggutor|393\/393 slp|[silent]
|-status|p1a: Exeggutor|slp|[from] move: Rest
|move|p2a: Rhydon|Body Slam|p1a: Exeggutor
|-damage|p1a: Exeggutor|300\/393 slp
|-damage|p2a: Rhydon|339\/413 par|[from] Leech Seed|[of] p1a: Exeggutor
|-heal|p1a: Exeggutor|325\/393 slp|[silent]
|
|turn|65
|
|switch|p2a: Chansey|Chansey|565\/703
|cant|p1a: Exeggutor|slp
|
|turn|66
|
|-curestatus|p1a: Exeggutor|slp
|move|p2a: Chansey|Thunder Wave|p1a: Exeggutor
|-status|p1a: Exeggutor|par
|
|turn|67
|
|move|p2a: Chansey|Seismic Toss|p1a: Exeggutor
|-damage|p1a: Exeggutor|225\/393 par
|move|p1a: Exeggutor|Leech Seed|p2a: Chansey
|-start|p2a: Chansey|move: Leech Seed
|
|turn|68
|L|ADVERSARY SLAYS
|
|move|p2a: Chansey|Seismic Toss|p1a: Exeggutor
|-damage|p1a: Exeggutor|125\/393 par
|-damage|p2a: Chansey|522\/703|[from] Leech Seed|[of] p1a: Exeggutor
|-heal|p1a: Exeggutor|168\/393 par|[silent]
|move|p1a: Exeggutor|Stun Spore|p2a: Chansey|[miss]
|-miss|p1a: Exeggutor
|
|turn|69
|
|switch|p2a: Rhydon|Rhydon|339\/413 par
|move|p1a: Exeggutor|Stun Spore|p2a: Rhydon
|-fail|p2a: Rhydon|par
|
|turn|70
|
|switch|p2a: Chansey|Chansey|522\/703
|cant|p1a: Exeggutor|par
|
|turn|71
|
|move|p2a: Chansey|Seismic Toss|p1a: Exeggutor
|-damage|p1a: Exeggutor|68\/393 par
|move|p1a: Exeggutor|Rest|p1a: Exeggutor
|-status|p1a: Exeggutor|slp
|-heal|p1a: Exeggutor|393\/393 slp|[silent]
|-status|p1a: Exeggutor|slp|[from] move: Rest
|
|turn|72
|
|move|p2a: Chansey|Seismic Toss|p1a: Exeggutor
|-damage|p1a: Exeggutor|293\/393 slp
|cant|p1a: Exeggutor|slp
|
|turn|73
|
|move|p2a: Chansey|Seismic Toss|p1a: Exeggutor
|-damage|p1a: Exeggutor|193\/393 slp
|-curestatus|p1a: Exeggutor|slp
|
|turn|74
|
|move|p2a: Chansey|Thunder Wave|p1a: Exeggutor
|-status|p1a: Exeggutor|par
|cant|p1a: Exeggutor|par
|
|turn|75
|c|★SunnyORAS|;-;
|
|move|p2a: Chansey|Seismic Toss|p1a: Exeggutor
|-damage|p1a: Exeggutor|93\/393 par
|move|p1a: Exeggutor|Rest|p1a: Exeggutor
|-status|p1a: Exeggutor|slp
|-heal|p1a: Exeggutor|393\/393 slp|[silent]
|-status|p1a: Exeggutor|slp|[from] move: Rest
|
|turn|76
|
|move|p2a: Chansey|Seismic Toss|p1a: Exeggutor
|-damage|p1a: Exeggutor|293\/393 slp
|cant|p1a: Exeggutor|slp
|
|turn|77
|
|move|p2a: Chansey|Seismic Toss|p1a: Exeggutor
|-damage|p1a: Exeggutor|193\/393 slp
|-curestatus|p1a: Exeggutor|slp
|
|turn|78
|
|move|p2a: Chansey|Seismic Toss|p1a: Exeggutor
|-damage|p1a: Exeggutor|93\/393
|move|p1a: Exeggutor|Stun Spore|p2a: Chansey
|-status|p2a: Chansey|par
|
|turn|79
|
|switch|p2a: Snorlax|Snorlax|284\/523 slp
|move|p1a: Exeggutor|Rest|p1a: Exeggutor
|-status|p1a: Exeggutor|slp
|-heal|p1a: Exeggutor|393\/393 slp|[silent]
|-status|p1a: Exeggutor|slp|[from] move: Rest
|
|turn|80
|
|switch|p1a: Rhydon|Rhydon|21\/413
|-curestatus|p2a: Snorlax|slp
|
|turn|81
|
|move|p1a: Rhydon|Earthquake|p2a: Snorlax
|-damage|p2a: Snorlax|90\/523
|move|p2a: Snorlax|Body Slam|p1a: Rhydon
|-crit|p1a: Rhydon
|-resisted|p1a: Rhydon
|-damage|p1a: Rhydon|0 fnt
|faint|p1a: Rhydon
|
|switch|p1a: Jynx|Jynx|274\/333 par
|turn|82
|
|switch|p2a: Chansey|Chansey|522\/703 par
|move|p1a: Jynx|Psychic|p2a: Chansey
|-damage|p2a: Chansey|421\/703 par
|
|turn|83
|
|cant|p1a: Jynx|par
|move|p2a: Chansey|Soft-Boiled|p2a: Chansey
|-heal|p2a: Chansey|703\/703 par
|
|turn|84
|
|move|p1a: Jynx|Psychic|p2a: Chansey
|-crit|p2a: Chansey
|-damage|p2a: Chansey|522\/703 par
|move|p2a: Chansey|Seismic Toss|p1a: Jynx
|-damage|p1a: Jynx|174\/333 par
|
|turn|85
|
|switch|p1a: Exeggutor|Exeggutor|393\/393 slp
|move|p2a: Chansey|Seismic Toss|p1a: Exeggutor
|-damage|p1a: Exeggutor|293\/393 slp
|
|turn|86
|
|cant|p1a: Exeggutor|slp
|move|p2a: Chansey|Seismic Toss|p1a: Exeggutor
|-damage|p1a: Exeggutor|193\/393 slp
|
|turn|87
|
|-curestatus|p1a: Exeggutor|slp
|move|p2a: Chansey|Thunder Wave|p1a: Exeggutor
|-status|p1a: Exeggutor|par
|
|turn|88
|
|move|p1a: Exeggutor|Leech Seed|p2a: Chansey
|-start|p2a: Chansey|move: Leech Seed
|cant|p2a: Chansey|par
|-damage|p2a: Chansey|479\/703 par|[from] Leech Seed|[of] p1a: Exeggutor
|-heal|p1a: Exeggutor|236\/393 par|[silent]
|
|turn|89
|
|move|p1a: Exeggutor|Psychic|p2a: Chansey
|-damage|p2a: Chansey|366\/703 par
|move|p2a: Chansey|Soft-Boiled|p2a: Chansey
|-heal|p2a: Chansey|703\/703 par
|-damage|p2a: Chansey|660\/703 par|[from] Leech Seed|[of] p1a: Exeggutor
|-heal|p1a: Exeggutor|279\/393 par|[silent]
|
|turn|90
|
|move|p1a: Exeggutor|Psychic|p2a: Chansey
|-damage|p2a: Chansey|534\/703 par
|cant|p2a: Chansey|par
|-damage|p2a: Chansey|491\/703 par|[from] Leech Seed|[of] p1a: Exeggutor
|-heal|p1a: Exeggutor|322\/393 par|[silent]
|
|turn|91
|
|move|p1a: Exeggutor|Psychic|p2a: Chansey
|-damage|p2a: Chansey|374\/703 par
|move|p2a: Chansey|Soft-Boiled|p2a: Chansey
|-heal|p2a: Chansey|703\/703 par
|-damage|p2a: Chansey|660\/703 par|[from] Leech Seed|[of] p1a: Exeggutor
|-heal|p1a: Exeggutor|365\/393 par|[silent]
|
|turn|92
|
|move|p1a: Exeggutor|Psychic|p2a: Chansey
|-damage|p2a: Chansey|550\/703 par
|-unboost|p2a: Chansey|spd|1
|-unboost|p2a: Chansey|spa|1
|cant|p2a: Chansey|par
|-damage|p2a: Chansey|507\/703 par|[from] Leech Seed|[of] p1a: Exeggutor
|-heal|p1a: Exeggutor|393\/393 par|[silent]
|
|turn|93
|c|★SunnyORAS|eggy we kin do dis
|
|switch|p2a: Rhydon|Rhydon|339\/413 par
|move|p1a: Exeggutor|Psychic|p2a: Rhydon
|-crit|p2a: Rhydon
|-damage|p2a: Rhydon|0 fnt
|faint|p2a: Rhydon
|c|★SunnyORAS|right there n____n
|
|switch|p2a: Snorlax|Snorlax|90\/523
|turn|94
|
|move|p2a: Snorlax|Self-Destruct|p1a: Exeggutor
|-damage|p1a: Exeggutor|15\/393 par
|faint|p2a: Snorlax
|
|switch|p2a: Chansey|Chansey|507\/703 par
|turn|95
|
|move|p1a: Exeggutor|Leech Seed|p2a: Chansey
|-start|p2a: Chansey|move: Leech Seed
|move|p2a: Chansey|Seismic Toss|p1a: Exeggutor
|-damage|p1a: Exeggutor|0 fnt
|faint|p1a: Exeggutor
|
|switch|p1a: Jynx|Jynx|174\/333 par
|turn|96
|
|move|p1a: Jynx|Rest|p1a: Jynx
|-status|p1a: Jynx|slp
|-heal|p1a: Jynx|333\/333 slp|[silent]
|-status|p1a: Jynx|slp|[from] move: Rest
|move|p2a: Chansey|Seismic Toss|p1a: Jynx
|-damage|p1a: Jynx|233\/333 slp
|-damage|p2a: Chansey|464\/703 par|[from] Leech Seed|[of] p1a: Jynx
|-heal|p1a: Jynx|276\/333 slp|[silent]
|
|turn|97
|c|★SunnyORAS|hello n____n
|c|★SunnyORAS|i'm bad and use rest jynx
|
|cant|p1a: Jynx|slp
|move|p2a: Chansey|Seismic Toss|p1a: Jynx
|-damage|p1a: Jynx|176\/333 slp
|-damage|p2a: Chansey|421\/703 par|[from] Leech Seed|[of] p1a: Jynx
|-heal|p1a: Jynx|219\/333 slp|[silent]
|
|turn|98
|c|★marcoasd|rest jynx is fine
|
|-curestatus|p1a: Jynx|slp
|move|p2a: Chansey|Soft-Boiled|p2a: Chansey
|-heal|p2a: Chansey|703\/703 par
|-damage|p2a: Chansey|660\/703 par|[from] Leech Seed|[of] p1a: Jynx
|-heal|p1a: Jynx|262\/333|[silent]
|
|turn|99
|c|★SunnyORAS|o
|c|★marcoasd|losing to leech seed egg is terrible though XD
|c|★SunnyORAS|:x
|
|move|p1a: Jynx|Psychic|p2a: Chansey
|-damage|p2a: Chansey|555\/703 par
|-unboost|p2a: Chansey|spd|1
|-unboost|p2a: Chansey|spa|1
|move|p2a: Chansey|Thunder Wave|p1a: Jynx
|-status|p1a: Jynx|par
|-damage|p2a: Chansey|512\/703 par|[from] Leech Seed|[of] p1a: Jynx
|-heal|p1a: Jynx|305\/333 par|[silent]
|
|turn|100
|
|move|p1a: Jynx|Psychic|p2a: Chansey
|-damage|p2a: Chansey|369\/703 par
|-unboost|p2a: Chansey|spd|1
|-unboost|p2a: Chansey|spa|1
|move|p2a: Chansey|Soft-Boiled|p2a: Chansey
|-heal|p2a: Chansey|703\/703 par
|-damage|p2a: Chansey|660\/703 par|[from] Leech Seed|[of] p1a: Jynx
|-heal|p1a: Jynx|333\/333 par|[silent]
|
|turn|101
|
|move|p1a: Jynx|Psychic|p2a: Chansey
|-crit|p2a: Chansey
|-damage|p2a: Chansey|478\/703 par
|cant|p2a: Chansey|par
|-damage|p2a: Chansey|435\/703 par|[from] Leech Seed|[of] p1a: Jynx
|
|turn|102
|
|move|p1a: Jynx|Psychic|p2a: Chansey
|-damage|p2a: Chansey|236\/703 par
|-unboost|p2a: Chansey|spd|1
|-unboost|p2a: Chansey|spa|1
|move|p2a: Chansey|Soft-Boiled|p2a: Chansey
|-heal|p2a: Chansey|587\/703 par
|-damage|p2a: Chansey|544\/703 par|[from] Leech Seed|[of] p1a: Jynx
|
|turn|103
|
|cant|p1a: Jynx|par
|move|p2a: Chansey|Seismic Toss|p1a: Jynx
|-damage|p1a: Jynx|233\/333 par
|-damage|p2a: Chansey|501\/703 par|[from] Leech Seed|[of] p1a: Jynx
|-heal|p1a: Jynx|276\/333 par|[silent]
|
|turn|104
|
|move|p1a: Jynx|Rest|p1a: Jynx
|-status|p1a: Jynx|slp
|-heal|p1a: Jynx|333\/333 slp|[silent]
|-status|p1a: Jynx|slp|[from] move: Rest
|cant|p2a: Chansey|par
|-damage|p2a: Chansey|458\/703 par|[from] Leech Seed|[of] p1a: Jynx
|
|turn|105
|J|Mono Luce
|
|cant|p1a: Jynx|slp
|move|p2a: Chansey|Seismic Toss|p1a: Jynx
|-damage|p1a: Jynx|233\/333 slp
|-damage|p2a: Chansey|415\/703 par|[from] Leech Seed|[of] p1a: Jynx
|-heal|p1a: Jynx|276\/333 slp|[silent]
|
|turn|106
|
|-curestatus|p1a: Jynx|slp
|move|p2a: Chansey|Soft-Boiled|p2a: Chansey
|-heal|p2a: Chansey|703\/703 par
|-damage|p2a: Chansey|660\/703 par|[from] Leech Seed|[of] p1a: Jynx
|-heal|p1a: Jynx|319\/333|[silent]
|
|turn|107
|
|move|p1a: Jynx|Psychic|p2a: Chansey
|-damage|p2a: Chansey|413\/703 par
|move|p2a: Chansey|Thunder Wave|p1a: Jynx
|-status|p1a: Jynx|par
|-damage|p2a: Chansey|370\/703 par|[from] Leech Seed|[of] p1a: Jynx
|-heal|p1a: Jynx|333\/333 par|[silent]
|
|turn|108
|
|move|p1a: Jynx|Psychic|p2a: Chansey
|-damage|p2a: Chansey|123\/703 par
|-unboost|p2a: Chansey|spd|1
|-unboost|p2a: Chansey|spa|1
|move|p2a: Chansey|Soft-Boiled|p2a: Chansey
|-heal|p2a: Chansey|474\/703 par
|-damage|p2a: Chansey|431\/703 par|[from] Leech Seed|[of] p1a: Jynx
|
|turn|109
|J|yuruuu
|
|move|p1a: Jynx|Rest|p1a: Jynx
|-fail|p1a: Jynx
|move|p2a: Chansey|Soft-Boiled|p2a: Chansey
|-heal|p2a: Chansey|703\/703 par
|-damage|p2a: Chansey|660\/703 par|[from] Leech Seed|[of] p1a: Jynx
|
|turn|110
|c|★marcoasd|gg
|c|+During Summer|lool
|c|★marcoasd|brb
|c|★SunnyORAS|gg
|c|★marcoasd|for g3
|c|★marcoasd|lol
|-message|marcoasd forfeited.
|
|win|SunnyORAS