|J|HANTSUKI
|J|Nails
|player|p1|HANTSUKI|70
|player|p2|Nails|2
|gametype|singles
|gen|1
|tier|[Gen 1] OU
|seed|17961,27341,1379,32748
|rule|Sleep Clause Mod: Limit one foe put to sleep
|rule|Freeze Clause Mod: Limit one foe frozen
|rule|Species Clause: Limit one of each Pokémon
|rule|OHKO Clause: OHKO moves are banned
|rule|Evasion Moves Clause: Evasion moves are banned
|rule|HP Percentage Mod: HP is shown in percentages
|
|start
|switch|p1a: Jace|Alakazam|313\/313
|switch|p2a: Gengar|Gengar|323\/323
|turn|1
|choice|move 1|switch 2
|
|switch|p2a: Exeggutor|Exeggutor|393\/393
|move|p1a: Jace|Psychic|p2a: Exeggutor
|-resisted|p2a: Exeggutor
|-damage|p2a: Exeggutor|334\/393
|
|turn|2
|J|BKC
|choice|switch 4|move 2
|
|switch|p1a: Lucky Star|Starmie|323\/323
|move|p2a: Exeggutor|Sleep Powder|p1a: Lucky Star
|-status|p1a: Lucky Star|slp
|
|turn|3
|J|papai noel
|choice|move 1|switch 3
|
|switch|p2a: Snorlax|Snorlax|523\/523
|cant|p1a: Lucky Star|slp
|
|turn|4
|choice|switch 6|move 1
|
|switch|p1a: CHONSEY|Chansey|703\/703
|move|p2a: Snorlax|Body Slam|p1a: CHONSEY
|-damage|p1a: CHONSEY|424\/703
|
|turn|5
|J|Ren-chon
|choice|move 4|move 2
|
|move|p1a: CHONSEY|Soft-Boiled|p1a: CHONSEY
|-heal|p1a: CHONSEY|703\/703
|move|p2a: Snorlax|Earthquake|p1a: CHONSEY
|-damage|p1a: CHONSEY|456\/703
|
|turn|6
|choice|move 3|switch 5
|
|switch|p2a: Golem|Golem|363\/363
|move|p1a: CHONSEY|Sing|p2a: Golem
|-status|p2a: Golem|slp
|
|turn|7
|J|tamahome
|choice|move 4|switch 3
|
|switch|p2a: Exeggutor|Exeggutor|334\/393
|move|p1a: CHONSEY|Soft-Boiled|p1a: CHONSEY
|-heal|p1a: CHONSEY|703\/703
|
|turn|8
|choice|move 1|move 3
|
|move|p2a: Exeggutor|Stun Spore|p1a: CHONSEY
|-status|p1a: CHONSEY|par
|cant|p1a: CHONSEY|par
|
|turn|9
|choice|move 1|switch 5
|
|switch|p2a: Snorlax|Snorlax|523\/523
|move|p1a: CHONSEY|Ice Beam|p2a: Snorlax
|-damage|p2a: Snorlax|423\/523
|
|turn|10
|choice|move 2|move 2
|
|move|p2a: Snorlax|Earthquake|p1a: CHONSEY
|-damage|p1a: CHONSEY|488\/703 par
|move|p1a: CHONSEY|Counter|p2a: Snorlax
|-fail|p1a: CHONSEY
|
|turn|11
|c|★HANTSUKI|sing chonsey shouldn't have counter
|c|★Nails|?
|c|★HANTSUKI|u should have bs'd
|c|★HANTSUKI|:(
|c|★Nails|i thought
|c|★Nails|that the play was you switch into hyper beam, sing, then get a free kill
|choice|move 2|move 2
|
|move|p2a: Snorlax|Earthquake|p1a: CHONSEY
|-damage|p1a: CHONSEY|272\/703 par
|move|p1a: CHONSEY|Counter|p2a: Snorlax
|-fail|p1a: CHONSEY
|
|turn|12
|c|★HANTSUKI|hahaha
|c|★HANTSUKI|rip me
|c|★Nails|is that not the play
|choice|switch 2|move 1
|
|switch|p1a: Megidolaon|Exeggutor|393\/393
|move|p2a: Snorlax|Body Slam|p1a: Megidolaon
|-crit|p1a: Megidolaon
|-damage|p1a: Megidolaon|180\/393
|
|turn|13
|c|★HANTSUKI|RIP ME
|c|★Nails|:]
|choice|move 2|move 1
|
|move|p1a: Megidolaon|Psychic|p2a: Snorlax
|-damage|p2a: Snorlax|260\/523
|move|p2a: Snorlax|Body Slam|p1a: Megidolaon
|-damage|p1a: Megidolaon|63\/393
|-status|p1a: Megidolaon|par
|
|turn|14
|c|★Nails|RIP YOU
|c|★Nails|yn
|c|★HANTSUKI|y
|choice|move 4|move 1
|
|move|p2a: Snorlax|Body Slam|p1a: Megidolaon
|-damage|p1a: Megidolaon|0 fnt
|faint|p1a: Megidolaon
|choice|switch 4|
|
|switch|p1a: Jace|Alakazam|313\/313
|turn|15
|choice|move 1|move 4
|
|move|p1a: Jace|Psychic|p2a: Snorlax
|-damage|p2a: Snorlax|101\/523
|-unboost|p2a: Snorlax|spd|1
|-unboost|p2a: Snorlax|spa|1
|move|p2a: Snorlax|Self-Destruct|p1a: Jace
|-damage|p1a: Jace|0 fnt
|faint|p1a: Jace
|faint|p2a: Snorlax
|c|★Nails|in
|c|★Nails|lax is a baller
|c|★Nails|imo
|c|★Nails|and ball-shaped
|choice|switch 3|switch 5
|
|switch|p2a: Exeggutor|Exeggutor|334\/393
|switch|p1a: BORIS|Snorlax|523\/523
|turn|16
|choice|move 1|move 1
|
|move|p2a: Exeggutor|Psychic|p1a: BORIS
|-damage|p1a: BORIS|370\/523
|move|p1a: BORIS|Body Slam|p2a: Exeggutor
|-damage|p2a: Exeggutor|222\/393
|
|turn|17
|choice|move 1|move 4
|
|move|p2a: Exeggutor|Explosion|p1a: BORIS
|-damage|p1a: BORIS|1\/523
|faint|p2a: Exeggutor
|choice||switch 2
|
|switch|p2a: Gengar|Gengar|323\/323
|turn|18
|choice|switch 6|move 1
|
|switch|p1a: Lucky Star|Starmie|323\/323 slp
|move|p2a: Gengar|Thunderbolt|p1a: Lucky Star
|-supereffective|p1a: Lucky Star
|-damage|p1a: Lucky Star|134\/323 slp
|
|turn|19
|choice|switch 2|move 1
|
|switch|p1a: CHONSEY|Chansey|272\/703 par
|move|p2a: Gengar|Thunderbolt|p1a: CHONSEY
|-damage|p1a: CHONSEY|180\/703 par
|
|turn|20
|choice|move 4|move 3
|
|move|p2a: Gengar|Confuse Ray|p1a: CHONSEY
|-start|p1a: CHONSEY|confusion
|cant|p1a: CHONSEY|par
|
|turn|21
|choice|move 4|move 1
|
|move|p2a: Gengar|Thunderbolt|p1a: CHONSEY
|-damage|p1a: CHONSEY|100\/703 par
|-activate|p1a: CHONSEY|confusion
|move|p1a: CHONSEY|Soft-Boiled|p1a: CHONSEY
|-heal|p1a: CHONSEY|451\/703 par
|
|turn|22
|c|★HANTSUKI|confuse ray
|c|★HANTSUKI|halp
|choice|move 4|move 1
|
|move|p2a: Gengar|Thunderbolt|p1a: CHONSEY
|-damage|p1a: CHONSEY|359\/703 par
|-activate|p1a: CHONSEY|confusion
|move|p1a: CHONSEY|Soft-Boiled|p1a: CHONSEY
|-heal|p1a: CHONSEY|703\/703 par
|
|turn|23
|c|★Nails|darn got outplayed
|c|★HANTSUKI|y
|c|★HANTSUKI|solid plays
|choice|move 1|move 1
|
|move|p2a: Gengar|Thunderbolt|p1a: CHONSEY
|-damage|p1a: CHONSEY|612\/703 par
|-activate|p1a: CHONSEY|confusion
|move|p1a: CHONSEY|Ice Beam|p2a: Gengar
|-crit|p2a: Gengar
|-damage|p2a: Gengar|203\/323
|
|turn|24
|choice|move 1|move 4
|
|move|p2a: Gengar|Explosion|p1a: CHONSEY
|-damage|p1a: CHONSEY|49\/703 par
|faint|p2a: Gengar
|choice||switch 6
|
|switch|p2a: Tauros|Tauros|353\/353
|turn|25
|choice|move 1|move 1
|
|move|p2a: Tauros|Body Slam|p1a: CHONSEY
|-damage|p1a: CHONSEY|0 fnt
|faint|p1a: CHONSEY
|choice|switch 5|
|
|switch|p1a: Ziodyne|Jolteon|333\/333
|turn|26
|c|★Nails|that's not
|c|★Nails|a tauros.
|c|★Nails|you went easy on my yn
|c|★HANTSUKI|y
|choice|move 4|move 4
|
|move|p1a: Ziodyne|Thunder Wave|p2a: Tauros
|-status|p2a: Tauros|par
|move|p2a: Tauros|Earthquake|p1a: Ziodyne
|-crit|p1a: Ziodyne
|-supereffective|p1a: Ziodyne
|-damage|p1a: Ziodyne|0 fnt
|faint|p1a: Ziodyne
|c|★HANTSUKI|jolteon
|c|★HANTSUKI|good mon
|c|★Nails|y
|choice|switch 6|
|
|switch|p1a: BORIS|Snorlax|1\/523
|turn|27
|choice|move 1|switch 3
|
|switch|p2a: Golem|Golem|363\/363 slp
|move|p1a: BORIS|Body Slam|p2a: Golem
|-resisted|p2a: Golem
|-damage|p2a: Golem|318\/363 slp
|
|turn|28
|choice|move 3|switch 4
|
|switch|p2a: Cloyster|Cloyster|303\/303
|move|p1a: BORIS|Surf|p2a: Cloyster
|-resisted|p2a: Cloyster
|-damage|p2a: Cloyster|270\/303
|
|turn|29
|choice|move 4|move 3
|
|move|p2a: Cloyster|Hyper Beam|p1a: BORIS|[miss]
|-miss|p2a: Cloyster
|move|p1a: BORIS|Self-Destruct|p2a: Cloyster
|-damage|p2a: Cloyster|43\/303
|faint|p1a: BORIS
|c|★Nails|xd
|choice|switch 2|
|
|switch|p1a: Lucky Star|Starmie|134\/323 slp
|turn|30
|choice|move 4|move 3
|
|cant|p1a: Lucky Star|slp
|move|p2a: Cloyster|Hyper Beam|p1a: Lucky Star
|-damage|p1a: Lucky Star|0 fnt
|faint|p1a: Lucky Star
|
|win|Nails