|J|Beds
|J|Dice
|player|p1|Beds|252
|player|p2|Dice|168
|gametype|singles
|gen|1
|tier|[Gen 1] OU
|seed|58184,40192,46215,42803
|rule|Sleep Clause Mod: Limit one foe put to sleep
|rule|Freeze Clause Mod: Limit one foe frozen
|rule|Species Clause: Limit one of each Pokémon
|rule|OHKO Clause: OHKO moves are banned
|rule|Evasion Moves Clause: Evasion moves are banned
|rule|HP Percentage Mod: HP is shown in percentages
|
|start
|switch|p1a: Jynx|Jynx|333\/333
|switch|p2a: Jolteon|Jolteon|333\/333
|turn|1
|J|SLuRmZ♥
|J|Arifeen
|J|choollio
|J|Nails
|c|★Beds|dice more like
|J|Yogiras
|c|★Beds|nice
|J|BKC
|c|+SLuRmZ♥|**zoom**
|c|+Nails|posting to disagree
|choice|move 1|move 2
|
|move|p2a: Jolteon|Thunderbolt|p1a: Jynx
|-damage|p1a: Jynx|217\/333
|move|p1a: Jynx|Lovely Kiss|p2a: Jolteon
|-status|p2a: Jolteon|slp
|
|turn|2
|c|%BKC|dice more like diliketoblowguysce
|choice|move 2|switch 6
|
|switch|p2a: Chansey|Chansey|703\/703
|move|p1a: Jynx|Blizzard|p2a: Chansey
|-damage|p2a: Chansey|572\/703
|
|turn|3
|c|+SLuRmZ♥|LOL
|choice|move 2|move 3
|
|move|p1a: Jynx|Blizzard|p2a: Chansey
|-damage|p2a: Chansey|444\/703
|move|p2a: Chansey|Thunder Wave|p1a: Jynx
|-status|p1a: Jynx|par
|
|turn|4
|choice|move 2|move 2
|
|move|p2a: Chansey|Soft-Boiled|p2a: Chansey
|-heal|p2a: Chansey|703\/703
|cant|p1a: Jynx|par
|
|turn|5
|choice|move 2|switch 3
|
|switch|p2a: Snorlax|Snorlax|523\/523
|move|p1a: Jynx|Blizzard|p2a: Snorlax
|-damage|p2a: Snorlax|358\/523
|-status|p2a: Snorlax|frz
|
|turn|6
|c|%BKC|brutal
|choice|switch 2|switch 3
|
|switch|p2a: Chansey|Chansey|703\/703
|switch|p1a: Exeggutor|Exeggutor|393\/393
|
|turn|7
|c|+SLuRmZ♥|Bop
|choice|move 2|move 1
|
|move|p1a: Exeggutor|Stun Spore|p2a: Chansey|[miss]
|-miss|p1a: Exeggutor
|move|p2a: Chansey|Ice Beam|p1a: Exeggutor
|-crit|p1a: Exeggutor
|-supereffective|p1a: Exeggutor
|-damage|p1a: Exeggutor|141\/393
|
|turn|8
|choice|move 4|switch 6
|
|switch|p2a: Jolteon|Jolteon|333\/333 slp
|move|p1a: Exeggutor|Explosion|p2a: Jolteon
|-damage|p2a: Jolteon|0 fnt
|faint|p2a: Jolteon
|faint|p1a: Exeggutor
|c|★Beds|fuckit
|c|★Dice|gay
|choice|switch 4|switch 2
|
|switch|p2a: Exeggutor|Exeggutor|393\/393
|switch|p1a: Chansey|Chansey|703\/703
|turn|9
|choice|switch 2|move 1
|
|switch|p1a: Jynx|Jynx|217\/333 par
|move|p2a: Exeggutor|Sleep Powder|p1a: Jynx|[miss]
|-miss|p2a: Exeggutor
|
|turn|10
|choice|move 2|switch 6
|
|switch|p2a: Chansey|Chansey|703\/703
|cant|p1a: Jynx|par
|
|turn|11
|J|wish klller
|choice|switch 2|move 1
|
|switch|p1a: Chansey|Chansey|703\/703
|move|p2a: Chansey|Ice Beam|p1a: Chansey
|-damage|p1a: Chansey|632\/703
|
|turn|12
|choice|move 1|move 1
|
|move|p1a: Chansey|Thunder Wave|p2a: Chansey
|-status|p2a: Chansey|par
|move|p2a: Chansey|Ice Beam|p1a: Chansey
|-damage|p1a: Chansey|559\/703
|
|turn|13
|choice|switch 3|switch 5
|
|switch|p1a: Snorlax|Snorlax|523\/523
|switch|p2a: Tauros|Tauros|353\/353
|
|turn|14
|c|+wish klller|Dice...
|J|3ballsandnoshaft
|choice|move 3|switch 6
|
|switch|p2a: Exeggutor|Exeggutor|393\/393
|move|p1a: Snorlax|Counter|p2a: Exeggutor
|-fail|p1a: Snorlax
|
|turn|15
|c|+wish klller|Did you quitted IRC...
|choice|move 1|move 2
|
|move|p2a: Exeggutor|Psychic|p1a: Snorlax
|-damage|p1a: Snorlax|358\/523
|move|p1a: Snorlax|Body Slam|p2a: Exeggutor
|-damage|p2a: Exeggutor|279\/393
|
|turn|16
|choice|switch 2|move 2
|
|switch|p1a: Jynx|Jynx|217\/333 par
|move|p2a: Exeggutor|Psychic|p1a: Jynx
|-resisted|p1a: Jynx
|-damage|p1a: Jynx|150\/333 par
|-unboost|p1a: Jynx|spd|1
|-unboost|p1a: Jynx|spa|1
|
|turn|17
|choice|switch 2|switch 5
|
|switch|p2a: Chansey|Chansey|703\/703 par
|switch|p1a: Snorlax|Snorlax|358\/523
|
|turn|18
|choice|move 1|move 3
|
|move|p1a: Snorlax|Body Slam|p2a: Chansey
|-damage|p2a: Chansey|401\/703 par
|move|p2a: Chansey|Thunder Wave|p1a: Snorlax
|-status|p1a: Snorlax|par
|
|turn|19
|choice|move 4|move 2
|
|cant|p2a: Chansey|par
|cant|p1a: Snorlax|par
|
|turn|20
|choice|move 4|move 2
|
|move|p2a: Chansey|Soft-Boiled|p2a: Chansey
|-heal|p2a: Chansey|703\/703 par
|move|p1a: Snorlax|Self-Destruct|p2a: Chansey
|-damage|p2a: Chansey|0 fnt
|faint|p2a: Chansey
|faint|p1a: Snorlax
|choice|switch 3|switch 5
|
|switch|p2a: Exeggutor|Exeggutor|279\/393
|switch|p1a: Chansey|Chansey|559\/703
|turn|21
|J|Bad Ass
|choice|move 1|switch 6
|
|switch|p2a: Tauros|Tauros|353\/353
|move|p1a: Chansey|Thunder Wave|p2a: Tauros
|-status|p2a: Tauros|par
|
|turn|22
|c|★Dice|fuk me
|c|★Beds|ayy
|choice|move 2|switch 6
|
|switch|p2a: Exeggutor|Exeggutor|279\/393
|move|p1a: Chansey|Ice Beam|p2a: Exeggutor
|-supereffective|p2a: Exeggutor
|-damage|p2a: Exeggutor|150\/393
|
|turn|23
|c|%BKC|kobe
|choice|switch 2|move 2
|
|switch|p1a: Jynx|Jynx|150\/333 par
|move|p2a: Exeggutor|Psychic|p1a: Jynx
|-resisted|p1a: Jynx
|-damage|p1a: Jynx|83\/333 par
|
|turn|24
|choice|move 2|switch 6
|
|switch|p2a: Tauros|Tauros|353\/353 par
|cant|p1a: Jynx|par
|
|turn|25
|choice|move 2|move 1
|
|cant|p2a: Tauros|par
|move|p1a: Jynx|Blizzard|p2a: Tauros
|-damage|p2a: Tauros|177\/353 par
|
|turn|26
|choice|move 2|move 1
|
|move|p2a: Tauros|Body Slam|p1a: Jynx
|-damage|p1a: Jynx|0 fnt
|faint|p1a: Jynx
|c|%BKC|kobayyyy lmao
|choice|switch 5|
|
|switch|p1a: Tauros|Tauros|353\/353
|turn|27
|L|Yogiras
|choice|move 1|move 2
|
|move|p1a: Tauros|Body Slam|p2a: Tauros
|-damage|p2a: Tauros|66\/353 par
|move|p2a: Tauros|Hyper Beam|p1a: Tauros
|-damage|p1a: Tauros|184\/353
|
|turn|28
|-mustrecharge|p2a: Tauros
|-mustrecharge|p2a: Tauros
|choice|move 1|move 1
|
|move|p1a: Tauros|Body Slam|p2a: Tauros
|-crit|p2a: Tauros
|-damage|p2a: Tauros|0 fnt
|faint|p2a: Tauros
|choice||switch 4
|
|switch|p2a: Cloyster|Cloyster|303\/303
|turn|29
|choice|move 1|move 2
|
|move|p1a: Tauros|Body Slam|p2a: Cloyster
|-damage|p2a: Cloyster|242\/303
|move|p2a: Cloyster|Blizzard|p1a: Tauros
|-damage|p1a: Tauros|19\/353
|
|turn|30
|choice|move 4|move 1
|
|move|p1a: Tauros|Hyper Beam|p2a: Cloyster|[miss]
|-miss|p1a: Tauros
|move|p2a: Cloyster|Clamp|p1a: Tauros
|-damage|p1a: Tauros|0 fnt
|faint|p1a: Tauros
|c|★Beds|that damage would've been quite helpful
|c|★Dice|starmie?????
|choice|switch 6|
|
|switch|p1a: Persian|Persian|333\/333
|turn|31
|c|★Dice|o
|choice|move 4|move 4
|
|move|p1a: Persian|Thunder|p2a: Cloyster
|-supereffective|p2a: Cloyster
|-damage|p2a: Cloyster|90\/303
|-status|p2a: Cloyster|par
|move|p2a: Cloyster|Explosion|p1a: Persian
|-damage|p1a: Persian|8\/333
|faint|p2a: Cloyster
|choice||switch 6
|
|switch|p2a: Exeggutor|Exeggutor|150\/393
|turn|32
|c|★Dice|no crit slash
|c|★Dice|??
|c|★Dice|no hyper beam??
|c|★Dice|miss
|c|%BKC|slash will miss before it doesnt crit, fam
|choice|move 2|move 2
|
|move|p1a: Persian|Hyper Beam|p2a: Exeggutor
|-crit|p2a: Exeggutor
|-damage|p2a: Exeggutor|0 fnt
|faint|p2a: Exeggutor
|choice||switch 3
|
|switch|p2a: Snorlax|Snorlax|358\/523 frz
|turn|33
|c|★Beds|jajaja
|c|★Beds|gg
|c|★Dice|gg
|choice|move 1|move 1
|
|move|p1a: Persian|Slash|p2a: Snorlax
|-crit|p2a: Snorlax
|-damage|p2a: Snorlax|177\/523 frz
|cant|p2a: Snorlax|frz
|
|turn|34
|c|%BKC|yo
|c|★Dice|y0
|c|%BKC|you know what i wanna see someday
|c|★Dice|no
|choice|move 1|move 1
|
|move|p1a: Persian|Slash|p2a: Snorlax
|-crit|p2a: Snorlax
|-damage|p2a: Snorlax|18\/523 frz
|cant|p2a: Snorlax|frz
|
|turn|35
|c|%BKC|i want a frozen poke to outstall an entire team
|choice|move 1|move 1
|
|move|p1a: Persian|Slash|p2a: Snorlax
|-crit|p2a: Snorlax
|-damage|p2a: Snorlax|0 fnt
|faint|p2a: Snorlax
|
|win|Beds