|J|Dice
|J|smurfer
|player|p1|Dice|2
|player|p2|smurfer|164
|gametype|singles
|gen|1
|tier|[Gen 1] OU
|seed|62258,24083,57618,48029
|rule|Sleep Clause Mod: Limit one foe put to sleep
|rule|Freeze Clause Mod: Limit one foe frozen
|rule|Species Clause: Limit one of each Pokémon
|rule|OHKO Clause: OHKO moves are banned
|rule|Evasion Moves Clause: Evasion moves are banned
|rule|HP Percentage Mod: HP is shown in percentages
|
|start
|switch|p1a: Gengar|Gengar|323\/323
|switch|p2a: Gengar|Gengar, M|323\/323
|turn|1
|choice|move 4|move 4
|
|move|p1a: Gengar|Hypnosis|p2a: Gengar
|-status|p2a: Gengar|slp
|cant|p2a: Gengar|slp
|
|turn|2
|choice|move 1|move 4
|
|cant|p2a: Gengar|slp
|move|p1a: Gengar|Night Shade|p2a: Gengar
|-damage|p2a: Gengar|223\/323 slp
|
|turn|3
|choice|move 1|move 4
|
|move|p1a: Gengar|Night Shade|p2a: Gengar
|-damage|p2a: Gengar|123\/323 slp
|cant|p2a: Gengar|slp
|
|turn|4
|choice|move 3|move 4
|
|cant|p2a: Gengar|slp
|move|p1a: Gengar|Thunderbolt|p2a: Gengar
|-crit|p2a: Gengar
|-damage|p2a: Gengar|0 fnt
|faint|p2a: Gengar
|J|zoroarkforever
|choice||switch 3
|
|switch|p2a: Alakazam|Alakazam, M|313\/313
|turn|5
|choice|switch 3|move 2
|
|switch|p1a: Exeggutor|Exeggutor|393\/393
|move|p2a: Alakazam|Psychic|p1a: Exeggutor
|-crit|p1a: Exeggutor
|-resisted|p1a: Exeggutor
|-damage|p1a: Exeggutor|287\/393
|
|turn|6
|choice|move 4|move 3
|
|move|p2a: Alakazam|Thunder Wave|p1a: Exeggutor
|-status|p1a: Exeggutor|par
|move|p1a: Exeggutor|Sleep Powder|p2a: Alakazam
|-status|p2a: Alakazam|slp
|
|turn|7
|J|Omfuga
|choice|switch 4|move 2
|
|switch|p1a: Snorlax|Snorlax|523\/523
|cant|p2a: Alakazam|slp
|
|turn|8
|choice|move 1|switch 6
|
|switch|p2a: Poliwrath|Poliwrath, M|383\/383
|move|p1a: Snorlax|Body Slam|p2a: Poliwrath
|-damage|p2a: Poliwrath|275\/383
|
|turn|9
|choice|switch 3|move 1
|
|switch|p1a: Gengar|Gengar|323\/323
|move|p2a: Poliwrath|Hypnosis|p1a: Gengar
|-status|p1a: Gengar|slp
|
|turn|10
|choice|switch 4|move 2
|
|switch|p1a: Exeggutor|Exeggutor|287\/393 par
|move|p2a: Poliwrath|Amnesia|p2a: Poliwrath
|-boost|p2a: Poliwrath|spd|2
|-boost|p2a: Poliwrath|spa|2
|
|turn|11
|choice|move 1|move 3
|
|move|p2a: Poliwrath|Blizzard|p1a: Exeggutor
|-supereffective|p1a: Exeggutor
|-damage|p1a: Exeggutor|49\/393 par
|move|p1a: Exeggutor|Stun Spore|p2a: Poliwrath
|-status|p2a: Poliwrath|par
|
|turn|12
|J|Lord Mur
|choice|switch 2|move 3
|
|switch|p1a: Lapras|Lapras|463\/463
|move|p2a: Poliwrath|Blizzard|p1a: Lapras
|-resisted|p1a: Lapras
|-damage|p1a: Lapras|423\/463
|
|turn|13
|c|★smurfer|sif that doesnt kill
|choice|move 2|move 2
|
|move|p1a: Lapras|Thunderbolt|p2a: Poliwrath
|-supereffective|p2a: Poliwrath
|-damage|p2a: Poliwrath|180\/383 par
|move|p2a: Poliwrath|Amnesia|p2a: Poliwrath
|-boost|p2a: Poliwrath|spd|2
|-boost|p2a: Poliwrath|spa|2
|
|turn|14
|choice|move 4|move 4
|
|move|p1a: Lapras|Confuse Ray|p2a: Poliwrath
|-start|p2a: Poliwrath|confusion
|-activate|p2a: Poliwrath|confusion
|move|p2a: Poliwrath|Rest|p2a: Poliwrath
|-status|p2a: Poliwrath|slp
|-heal|p2a: Poliwrath|383\/383 slp|[silent]
|-status|p2a: Poliwrath|slp|[from] move: Rest
|
|turn|15
|choice|move 2|switch 4
|
|switch|p2a: Electabuzz|Electabuzz, M|333\/333
|move|p1a: Lapras|Thunderbolt|p2a: Electabuzz
|-resisted|p2a: Electabuzz
|-damage|p2a: Electabuzz|291\/333
|
|turn|16
|choice|switch 5|move 2
|
|switch|p1a: Chansey|Chansey|703\/703
|move|p2a: Electabuzz|Thunderbolt|p1a: Chansey|[miss]
|-miss|p2a: Electabuzz
|
|turn|17
|J|qsns
|c|★smurfer|wot
|L|qsns
|c|★smurfer|gtfo of here
|c|★smurfer|this sim sucks dicks
|choice|move 4|move 3
|
|move|p2a: Electabuzz|Thunder Wave|p1a: Chansey
|-status|p1a: Chansey|par
|cant|p1a: Chansey|par
|
|turn|18
|c|★Dice|jaja
|c|+zoroarkforever|rby ..-..
|choice|move 4|move 2
|
|move|p2a: Electabuzz|Thunderbolt|p1a: Chansey
|-damage|p1a: Chansey|602\/703 par
|move|p1a: Chansey|Thunder Wave|p2a: Electabuzz
|-status|p2a: Electabuzz|par
|
|turn|19
|choice|move 2|move 2
|
|move|p2a: Electabuzz|Thunderbolt|p1a: Chansey
|-damage|p1a: Chansey|508\/703 par
|move|p1a: Chansey|Soft-Boiled|p1a: Chansey
|-heal|p1a: Chansey|703\/703 par
|
|turn|20
|choice|move 1|move 2
|
|move|p2a: Electabuzz|Thunderbolt|p1a: Chansey
|-damage|p1a: Chansey|603\/703 par
|move|p1a: Chansey|Ice Beam|p2a: Electabuzz
|-damage|p2a: Electabuzz|207\/333 par
|
|turn|21
|choice|move 2|move 2
|
|cant|p2a: Electabuzz|par
|move|p1a: Chansey|Soft-Boiled|p1a: Chansey
|-heal|p1a: Chansey|703\/703 par
|
|turn|22
|choice|move 1|move 4
|
|cant|p2a: Electabuzz|par
|move|p1a: Chansey|Ice Beam|p2a: Electabuzz
|-damage|p2a: Electabuzz|127\/333 par
|
|turn|23
|choice|move 1|move 1
|
|move|p2a: Electabuzz|Seismic Toss|p1a: Chansey
|-damage|p1a: Chansey|603\/703 par
|cant|p1a: Chansey|par
|
|turn|24
|choice|move 1|move 1
|
|move|p2a: Electabuzz|Seismic Toss|p1a: Chansey
|-damage|p1a: Chansey|503\/703 par
|move|p1a: Chansey|Ice Beam|p2a: Electabuzz
|-damage|p2a: Electabuzz|38\/333 par
|
|turn|25
|choice|move 2|move 1
|
|move|p2a: Electabuzz|Seismic Toss|p1a: Chansey
|-damage|p1a: Chansey|403\/703 par
|cant|p1a: Chansey|par
|
|turn|26
|choice|move 2|move 2
|
|move|p2a: Electabuzz|Thunderbolt|p1a: Chansey
|-crit|p1a: Chansey
|-damage|p1a: Chansey|215\/703 par
|move|p1a: Chansey|Soft-Boiled|p1a: Chansey
|-heal|p1a: Chansey|566\/703 par
|
|turn|27
|choice|move 2|move 2
|
|move|p2a: Electabuzz|Thunderbolt|p1a: Chansey
|-damage|p1a: Chansey|467\/703 par
|move|p1a: Chansey|Soft-Boiled|p1a: Chansey
|-heal|p1a: Chansey|703\/703 par
|
|turn|28
|choice|move 1|move 4
|
|move|p2a: Electabuzz|Psychic|p1a: Chansey
|-damage|p1a: Chansey|642\/703 par
|move|p1a: Chansey|Ice Beam|p2a: Electabuzz
|-damage|p2a: Electabuzz|0 fnt
|faint|p2a: Electabuzz
|choice||switch 5
|
|switch|p2a: Moltres|Moltres|383\/383
|turn|29
|choice|move 4|move 4
|
|move|p2a: Moltres|Fire Spin|p1a: Chansey|[miss]
|-miss|p2a: Moltres
|move|p1a: Chansey|Thunder Wave|p2a: Moltres
|-status|p2a: Moltres|par
|
|turn|30
|choice|switch 5|move 4
|
|switch|p1a: Lapras|Lapras|423\/463
|move|p2a: Moltres|Fire Spin|p1a: Lapras|[miss]
|-miss|p2a: Moltres
|
|turn|31
|choice|move 2|move 3
|
|move|p1a: Lapras|Thunderbolt|p2a: Moltres
|-supereffective|p2a: Moltres
|-damage|p2a: Moltres|258\/383 par
|move|p2a: Moltres|Fire Blast|p1a: Lapras
|-damage|p1a: Lapras|265\/463
|
|turn|32
|choice|move 2|move 4
|
|move|p1a: Lapras|Thunderbolt|p2a: Moltres
|-supereffective|p2a: Moltres
|-damage|p2a: Moltres|139\/383 par
|move|p2a: Moltres|Fire Spin|p1a: Lapras|[miss]
|-miss|p2a: Moltres
|
|turn|33
|choice|move 4|move 4
|
|move|p1a: Lapras|Confuse Ray|p2a: Moltres
|-start|p2a: Moltres|confusion
|-activate|p2a: Moltres|confusion
|move|p2a: Moltres|Fire Spin|p1a: Lapras
|-damage|p1a: Lapras|240\/463
|-activate|p1a: Lapras|move: Fire Spin|[of] p2a: Moltres
|
|turn|34
|c|★smurfer|.
|choice|switch 3|move 4
|
|switch|p1a: Snorlax|Snorlax|523\/523
|-activate|p2a: Moltres|confusion
|move|p2a: Moltres|Fire Spin|p1a: Snorlax
|-damage|p1a: Snorlax|495\/523
|-activate|p1a: Snorlax|move: Fire Spin|[of] p2a: Moltres
|
|turn|35
|choice|switch 3|move 4
|
|switch|p1a: Lapras|Lapras|240\/463
|-end|p2a: Moltres|confusion
|move|p2a: Moltres|Fire Spin|p1a: Lapras
|-damage|p1a: Lapras|216\/463
|-activate|p1a: Lapras|move: Fire Spin|[of] p2a: Moltres
|
|turn|36
|c|★smurfer|how come u arnt trapped
|choice|move 2|move 4
|
|cant|p1a: Lapras|partiallytrapped
|cant|p2a: Moltres|par
|
|-end|p1a: Lapras|Fire Spin|[partiallytrapped]
|turn|37
|c|★Dice|it doesnt trap
|c|★smurfer|wot
|choice|move 2|move 3
|
|move|p1a: Lapras|Thunderbolt|p2a: Moltres
|-supereffective|p2a: Moltres
|-damage|p2a: Moltres|4\/383 par
|move|p2a: Moltres|Fire Blast|p1a: Lapras
|-crit|p1a: Lapras
|-damage|p1a: Lapras|0 fnt
|faint|p1a: Lapras
|choice|switch 6|
|
|switch|p1a: Tauros|Tauros|353\/353
|turn|38
|choice|move 1|move 3
|
|move|p1a: Tauros|Body Slam|p2a: Moltres
|-damage|p2a: Moltres|0 fnt
|faint|p2a: Moltres
|c|★smurfer|is it wrap im thinking of
|choice||switch 2
|
|switch|p2a: Articuno|Articuno|383\/383
|turn|39
|c|★Dice|neither of them trap
|choice|move 1|move 2
|
|move|p1a: Tauros|Body Slam|p2a: Articuno
|-damage|p2a: Articuno|280\/383
|-status|p2a: Articuno|par
|move|p2a: Articuno|Agility|p2a: Articuno
|-boost|p2a: Articuno|spe|2
|
|turn|40
|c|★smurfer|this gen
|c|★smurfer|is aids
|choice|move 1|move 1
|
|cant|p2a: Articuno|par
|move|p1a: Tauros|Body Slam|p2a: Articuno
|-damage|p2a: Articuno|178\/383 par
|
|turn|41
|choice|move 1|move 1
|
|move|p2a: Articuno|Blizzard|p1a: Tauros
|-crit|p1a: Tauros
|-damage|p1a: Tauros|0 fnt
|faint|p1a: Tauros
|choice|switch 3|
|
|switch|p1a: Snorlax|Snorlax|495\/523
|turn|42
|choice|move 3|move 4
|
|move|p2a: Articuno|Hyper Beam|p1a: Snorlax
|-damage|p1a: Snorlax|350\/523
|move|p1a: Snorlax|Hyper Beam|p2a: Articuno
|-damage|p2a: Articuno|0 fnt
|faint|p2a: Articuno
|choice||switch 4
|
|switch|p2a: Poliwrath|Poliwrath, M|383\/383 slp
|turn|43
|choice|move 1|move 2
|
|cant|p2a: Poliwrath|slp
|move|p1a: Snorlax|Body Slam|p2a: Poliwrath
|-damage|p2a: Poliwrath|269\/383 slp
|
|turn|44
|choice|move 1|move 2
|
|-curestatus|p2a: Poliwrath|slp
|move|p1a: Snorlax|Body Slam|p2a: Poliwrath
|-damage|p2a: Poliwrath|151\/383
|
|turn|45
|choice|move 1|move 2
|
|move|p2a: Poliwrath|Amnesia|p2a: Poliwrath
|-boost|p2a: Poliwrath|spd|2
|-boost|p2a: Poliwrath|spa|2
|move|p1a: Snorlax|Body Slam|p2a: Poliwrath
|-damage|p2a: Poliwrath|36\/383
|-status|p2a: Poliwrath|par
|
|turn|46
|c|★smurfer|.
|c|★smurfer|gg
|-message|smurfer forfeited.
|
|win|Dice