|J|Dice
|J|Stratos
|player|p1|Dice|168
|player|p2|Stratos|1
|gametype|singles
|gen|1
|tier|[Gen 1] OU
|seed|63178,21734,41657,39129
|rule|Sleep Clause Mod: Limit one foe put to sleep
|rule|Freeze Clause Mod: Limit one foe frozen
|rule|Species Clause: Limit one of each Pokémon
|rule|OHKO Clause: OHKO moves are banned
|rule|Evasion Moves Clause: Evasion moves are banned
|rule|HP Percentage Mod: HP is shown in percentages
|
|start
|switch|p1a: Gengar|Gengar|323\/323
|switch|p2a: Jynx|Jynx|333\/333
|turn|1
|J|The Goomy
|J|Queenzz
|J|Alexander
|c|★Stratos|faster sleep lead
|c|★Stratos|thats cheating
|J|Tenshi Zeno
|c|★Dice|=\/
|choice|move 1|move 1
|
|move|p1a: Gengar|Hypnosis|p2a: Jynx|[miss]
|-miss|p1a: Gengar
|move|p2a: Jynx|Lovely Kiss|p1a: Gengar
|-status|p1a: Gengar|slp
|
|turn|2
|J|rob
|c|★Stratos|easy
|choice|switch 4|move 3
|
|switch|p1a: Chansey|Chansey|703\/703
|move|p2a: Jynx|Blizzard|p1a: Chansey
|-damage|p1a: Chansey|574\/703
|
|turn|3
|L|rob
|choice|move 4|move 3
|
|move|p2a: Jynx|Blizzard|p1a: Chansey
|-damage|p1a: Chansey|433\/703
|move|p1a: Chansey|Thunder Wave|p2a: Jynx
|-status|p2a: Jynx|par
|
|turn|4
|choice|move 3|switch 3
|
|switch|p2a: Chansey|Chansey|703\/703
|move|p1a: Chansey|Thunderbolt|p2a: Chansey
|-damage|p2a: Chansey|630\/703
|
|turn|5
|L|Tenshi Zeno
|J|SparksBlade
|choice|move 2|move 2
|
|move|p2a: Chansey|Ice Beam|p1a: Chansey
|-crit|p1a: Chansey
|-damage|p1a: Chansey|281\/703
|move|p1a: Chansey|Ice Beam|p2a: Chansey
|-damage|p2a: Chansey|553\/703
|
|turn|6
|J|choollio
|choice|move 1|move 2
|
|move|p2a: Chansey|Ice Beam|p1a: Chansey
|-damage|p1a: Chansey|208\/703
|move|p1a: Chansey|Soft-Boiled|p1a: Chansey
|-heal|p1a: Chansey|559\/703
|
|turn|7
|choice|move 4|move 2
|
|move|p2a: Chansey|Ice Beam|p1a: Chansey
|-crit|p1a: Chansey
|-damage|p1a: Chansey|422\/703
|move|p1a: Chansey|Thunder Wave|p2a: Chansey
|-status|p2a: Chansey|par
|
|turn|8
|choice|move 1|move 3
|
|move|p1a: Chansey|Soft-Boiled|p1a: Chansey
|-heal|p1a: Chansey|703\/703
|move|p2a: Chansey|Thunderbolt|p1a: Chansey
|-damage|p1a: Chansey|630\/703
|
|turn|9
|choice|switch 6|move 2
|
|switch|p1a: Snorlax|Snorlax|523\/523
|move|p2a: Chansey|Ice Beam|p1a: Snorlax
|-damage|p1a: Snorlax|430\/523
|
|turn|10
|choice|move 1|switch 5
|
|switch|p2a: Exeggutor|Exeggutor|393\/393
|move|p1a: Snorlax|Body Slam|p2a: Exeggutor
|-damage|p2a: Exeggutor|282\/393
|
|turn|11
|choice|move 1|move 2
|
|move|p2a: Exeggutor|Stun Spore|p1a: Snorlax
|-status|p1a: Snorlax|par
|cant|p1a: Snorlax|par
|
|turn|12
|choice|move 1|move 3
|
|move|p2a: Exeggutor|Psychic|p1a: Snorlax
|-damage|p1a: Snorlax|275\/523 par
|move|p1a: Snorlax|Body Slam|p2a: Exeggutor
|-damage|p2a: Exeggutor|169\/393
|-status|p2a: Exeggutor|par
|
|turn|13
|choice|switch 4|move 4
|
|switch|p1a: Gengar|Gengar|323\/323 slp
|cant|p2a: Exeggutor|par
|
|turn|14
|choice|switch 3|move 3
|
|switch|p1a: Starmie|Starmie|323\/323
|move|p2a: Exeggutor|Psychic|p1a: Starmie
|-resisted|p1a: Starmie
|-damage|p1a: Starmie|265\/323
|
|turn|15
|choice|move 1|switch 5
|
|switch|p2a: Chansey|Chansey|553\/703 par
|move|p1a: Starmie|Blizzard|p2a: Chansey
|-damage|p2a: Chansey|459\/703 par
|
|turn|16
|choice|move 2|move 2
|
|move|p1a: Starmie|Psychic|p2a: Chansey
|-damage|p2a: Chansey|348\/703 par
|-unboost|p2a: Chansey|spd|1
|-unboost|p2a: Chansey|spa|1
|move|p2a: Chansey|Ice Beam|p1a: Starmie
|-crit|p1a: Starmie
|-resisted|p1a: Starmie
|-damage|p1a: Starmie|187\/323
|
|turn|17
|choice|move 2|move 1
|
|move|p1a: Starmie|Psychic|p2a: Chansey
|-damage|p2a: Chansey|183\/703 par
|-unboost|p2a: Chansey|spd|1
|-unboost|p2a: Chansey|spa|1
|move|p2a: Chansey|Soft-Boiled|p2a: Chansey
|-heal|p2a: Chansey|534\/703 par
|
|turn|18
|choice|move 2|switch 2
|
|switch|p2a: Starmie|Starmie|323\/323
|move|p1a: Starmie|Psychic|p2a: Starmie
|-resisted|p2a: Starmie
|-damage|p2a: Starmie|274\/323
|-unboost|p2a: Starmie|spd|1
|-unboost|p2a: Starmie|spa|1
|
|turn|19
|choice|move 3|switch 2
|
|switch|p2a: Chansey|Chansey|534\/703 par
|move|p1a: Starmie|Thunder Wave|p2a: Chansey
|-fail|p2a: Chansey|par
|
|turn|20
|choice|move 4|move 4
|
|move|p1a: Starmie|Recover|p1a: Starmie
|-heal|p1a: Starmie|323\/323
|move|p2a: Chansey|Thunder Wave|p1a: Starmie
|-status|p1a: Starmie|par
|
|turn|21
|choice|switch 4|move 4
|
|switch|p1a: Snorlax|Snorlax|275\/523 par
|cant|p2a: Chansey|par
|
|turn|22
|choice|move 1|switch 5
|
|switch|p2a: Exeggutor|Exeggutor|169\/393 par
|move|p1a: Snorlax|Body Slam|p2a: Exeggutor
|-damage|p2a: Exeggutor|45\/393 par
|
|turn|23
|choice|switch 4|move 3
|
|switch|p1a: Starmie|Starmie|323\/323 par
|cant|p2a: Exeggutor|par
|
|turn|24
|c|★Stratos|ahhh
|choice|move 2|move 4
|
|move|p1a: Starmie|Psychic|p2a: Exeggutor
|-resisted|p2a: Exeggutor
|-damage|p2a: Exeggutor|0 fnt
|faint|p2a: Exeggutor
|choice||switch 5
|
|switch|p2a: Chansey|Chansey|534\/703 par
|turn|25
|choice|move 2|move 3
|
|cant|p1a: Starmie|par
|move|p2a: Chansey|Thunderbolt|p1a: Starmie
|-supereffective|p1a: Starmie
|-damage|p1a: Starmie|173\/323 par
|
|turn|26
|choice|move 4|switch 6
|
|switch|p2a: Tauros|Tauros|353\/353
|cant|p1a: Starmie|par
|
|turn|27
|choice|move 3|move 4
|
|move|p2a: Tauros|Hyper Beam|p1a: Starmie
|-damage|p1a: Starmie|0 fnt
|faint|p1a: Starmie
|choice|switch 6|
|
|switch|p1a: Chansey|Chansey|630\/703
|turn|28
|choice|switch 4|switch 6
|
|switch|p2a: Chansey|Chansey|534\/703 par
|switch|p1a: Snorlax|Snorlax|275\/523 par
|
|turn|29
|choice|move 4|move 1
|
|cant|p2a: Chansey|par
|move|p1a: Snorlax|Self-Destruct|p2a: Chansey
|-damage|p2a: Chansey|0 fnt
|faint|p2a: Chansey
|faint|p1a: Snorlax
|choice|switch 5|switch 2
|
|switch|p2a: Starmie|Starmie|274\/323
|switch|p1a: Tauros|Tauros|353\/353
|turn|30
|choice|move 1|move 3
|
|move|p2a: Starmie|Thunder Wave|p1a: Tauros
|-status|p1a: Tauros|par
|cant|p1a: Tauros|par
|
|turn|31
|choice|move 1|move 1
|
|move|p2a: Starmie|Blizzard|p1a: Tauros|[miss]
|-miss|p2a: Starmie
|move|p1a: Tauros|Body Slam|p2a: Starmie
|-crit|p2a: Starmie
|-damage|p2a: Starmie|66\/323
|
|turn|32
|choice|move 1|move 4
|
|move|p2a: Starmie|Recover|p2a: Starmie
|-heal|p2a: Starmie|227\/323
|move|p1a: Tauros|Body Slam|p2a: Starmie
|-damage|p2a: Starmie|125\/323
|
|turn|33
|choice|move 1|move 4
|
|move|p2a: Starmie|Recover|p2a: Starmie
|-heal|p2a: Starmie|286\/323
|move|p1a: Tauros|Body Slam|p2a: Starmie
|-crit|p2a: Starmie
|-damage|p2a: Starmie|87\/323
|
|turn|34
|choice|move 1|move 4
|
|move|p2a: Starmie|Recover|p2a: Starmie
|-heal|p2a: Starmie|248\/323
|move|p1a: Tauros|Body Slam|p2a: Starmie
|-damage|p2a: Starmie|132\/323
|
|turn|35
|choice|move 1|move 4
|
|move|p2a: Starmie|Recover|p2a: Starmie
|-heal|p2a: Starmie|293\/323
|move|p1a: Tauros|Body Slam|p2a: Starmie
|-crit|p2a: Starmie
|-damage|p2a: Starmie|96\/323
|
|turn|36
|choice|move 1|move 4
|
|move|p2a: Starmie|Recover|p2a: Starmie
|-heal|p2a: Starmie|257\/323
|move|p1a: Tauros|Body Slam|p2a: Starmie
|-damage|p2a: Starmie|140\/323
|
|turn|37
|c|★Stratos|til starmie is normal type
|choice|move 1|move 4
|
|move|p2a: Starmie|Recover|p2a: Starmie
|-heal|p2a: Starmie|301\/323
|move|p1a: Tauros|Body Slam|p2a: Starmie
|-damage|p2a: Starmie|188\/323
|
|turn|38
|choice|move 1|move 4
|
|move|p2a: Starmie|Recover|p2a: Starmie
|-heal|p2a: Starmie|323\/323
|cant|p1a: Tauros|par
|
|turn|39
|c|+Alexander|reflect type?
|c|★Stratos|nah i was just makin a joke on how i took like 8 bslams w\/o getting parad
|choice|switch 4|move 2
|
|switch|p1a: Chansey|Chansey|630\/703
|move|p2a: Starmie|Thunderbolt|p1a: Chansey
|-damage|p1a: Chansey|553\/703
|
|turn|40
|choice|move 3|switch 3
|
|switch|p2a: Jynx|Jynx|333\/333 par
|move|p1a: Chansey|Thunderbolt|p2a: Jynx
|-damage|p2a: Jynx|250\/333 par
|
|turn|41
|c|+Alexander|i know lol
|choice|move 3|move 3
|
|move|p1a: Chansey|Thunderbolt|p2a: Jynx
|-damage|p2a: Jynx|173\/333 par
|move|p2a: Jynx|Blizzard|p1a: Chansey
|-damage|p1a: Chansey|417\/703
|
|turn|42
|choice|move 3|switch 4
|
|switch|p2a: Snorlax|Snorlax|523\/523
|move|p1a: Chansey|Thunderbolt|p2a: Snorlax
|-damage|p2a: Snorlax|425\/523
|
|turn|43
|L|Queenzz
|choice|move 4|move 1
|
|move|p1a: Chansey|Thunder Wave|p2a: Snorlax
|-status|p2a: Snorlax|par
|move|p2a: Snorlax|Reflect|p2a: Snorlax
|-start|p2a: Snorlax|Reflect
|
|turn|44
|c|★Stratos|that didnt work out
|choice|move 3|move 2
|
|move|p1a: Chansey|Thunderbolt|p2a: Snorlax
|-damage|p2a: Snorlax|318\/523 par
|move|p2a: Snorlax|Body Slam|p1a: Chansey
|-damage|p1a: Chansey|123\/703
|
|turn|45
|choice|move 1|switch 6
|
|switch|p2a: Tauros|Tauros|353\/353
|move|p1a: Chansey|Soft-Boiled|p1a: Chansey
|-heal|p1a: Chansey|474\/703
|
|turn|46
|choice|switch 3|move 4
|
|switch|p1a: Gengar|Gengar|323\/323 slp
|move|p2a: Tauros|Hyper Beam|p1a: Gengar
|-immune|p1a: Gengar|[msg]
|
|turn|47
|choice|switch 2|move 3
|
|switch|p1a: Articuno|Articuno|383\/383
|move|p2a: Tauros|Earthquake|p1a: Articuno
|-immune|p1a: Articuno|[msg]
|
|turn|48
|c|★Stratos|artiwhat
|choice|move 2|switch 3
|
|switch|p2a: Starmie|Starmie|323\/323
|move|p1a: Articuno|Ice Beam|p2a: Starmie
|-crit|p2a: Starmie
|-resisted|p2a: Starmie
|-damage|p2a: Starmie|191\/323
|-status|p2a: Starmie|frz
|
|turn|49
|choice|move 2|switch 4
|
|switch|p2a: Jynx|Jynx|173\/333 par
|move|p1a: Articuno|Ice Beam|p2a: Jynx
|-resisted|p2a: Jynx
|-damage|p2a: Jynx|106\/333 par
|
|turn|50
|choice|move 4|move 2
|
|move|p1a: Articuno|Hyper Beam|p2a: Jynx
|-damage|p2a: Jynx|0 fnt
|faint|p2a: Jynx
|choice||switch 6
|
|switch|p2a: Snorlax|Snorlax|318\/523 par
|turn|51
|choice|switch 2|move 2
|
|switch|p1a: Gengar|Gengar|323\/323 slp
|move|p2a: Snorlax|Body Slam|p1a: Gengar
|-immune|p1a: Gengar|[msg]
|
|turn|52
|choice|switch 3|move 3
|
|switch|p1a: Chansey|Chansey|474\/703
|move|p2a: Snorlax|Earthquake|p1a: Chansey
|-damage|p1a: Chansey|239\/703
|
|turn|53
|choice|move 1|move 2
|
|move|p1a: Chansey|Soft-Boiled|p1a: Chansey
|-heal|p1a: Chansey|590\/703
|move|p2a: Snorlax|Body Slam|p1a: Chansey
|-damage|p1a: Chansey|294\/703
|
|turn|54
|choice|move 1|move 2
|
|move|p1a: Chansey|Soft-Boiled|p1a: Chansey
|-heal|p1a: Chansey|645\/703
|move|p2a: Snorlax|Body Slam|p1a: Chansey
|-damage|p1a: Chansey|353\/703
|
|turn|55
|choice|move 1|move 2
|
|move|p1a: Chansey|Soft-Boiled|p1a: Chansey
|-heal|p1a: Chansey|703\/703
|cant|p2a: Snorlax|par
|
|turn|56
|choice|move 3|move 2
|
|move|p1a: Chansey|Thunderbolt|p2a: Snorlax
|-crit|p2a: Snorlax
|-damage|p2a: Snorlax|136\/523 par
|move|p2a: Snorlax|Body Slam|p1a: Chansey
|-damage|p1a: Chansey|435\/703
|
|turn|57
|choice|switch 2|move 1
|
|switch|p1a: Articuno|Articuno|383\/383
|move|p2a: Snorlax|Reflect|p2a: Snorlax
|-start|p2a: Snorlax|Reflect
|
|turn|58
|J|Mizuhime
|choice|move 1|move 4
|
|move|p1a: Articuno|Blizzard|p2a: Snorlax
|-crit|p2a: Snorlax
|-damage|p2a: Snorlax|0 fnt
|faint|p2a: Snorlax
|choice||switch 3
|
|switch|p2a: Tauros|Tauros|353\/353
|turn|59
|choice|move 2|move 2
|
|move|p2a: Tauros|Body Slam|p1a: Articuno
|-crit|p1a: Articuno
|-damage|p1a: Articuno|183\/383
|-status|p1a: Articuno|par
|move|p1a: Articuno|Ice Beam|p2a: Tauros
|-damage|p2a: Tauros|180\/353
|
|turn|60
|choice|move 1|move 4
|
|move|p2a: Tauros|Hyper Beam|p1a: Articuno
|-damage|p1a: Articuno|11\/383 par
|cant|p1a: Articuno|par
|
|turn|61
|-mustrecharge|p2a: Tauros
|-mustrecharge|p2a: Tauros
|choice|move 2|move 1
|
|cant|p2a: Tauros|recharge
|move|p1a: Articuno|Ice Beam|p2a: Tauros
|-damage|p2a: Tauros|20\/353
|
|turn|62
|c|★Stratos|oops
|choice|move 2|move 2
|
|move|p2a: Tauros|Body Slam|p1a: Articuno
|-crit|p1a: Articuno
|-damage|p1a: Articuno|0 fnt
|faint|p1a: Articuno
|choice|switch 4|
|
|switch|p1a: Tauros|Tauros|353\/353 par
|turn|63
|c|★Stratos|i believe in the para
|choice|move 1|move 2
|
|move|p2a: Tauros|Body Slam|p1a: Tauros
|-damage|p1a: Tauros|251\/353 par
|move|p1a: Tauros|Body Slam|p2a: Tauros
|-damage|p2a: Tauros|0 fnt
|faint|p2a: Tauros
|c|★Stratos|gg
|-message|Stratos forfeited.
|
|win|Dice