|J|teal6
|J|another onee
|player|p1|teal6|138
|player|p2|another onee|96
|gametype|singles
|gen|1
|tier|[Gen 1] OU
|seed|30298,29432,18619,59282
|rule|Sleep Clause Mod: Limit one foe put to sleep
|rule|Freeze Clause Mod: Limit one foe frozen
|rule|Species Clause: Limit one of each Pokémon
|rule|OHKO Clause: OHKO moves are banned
|rule|Evasion Moves Clause: Evasion moves are banned
|rule|HP Percentage Mod: HP is shown in percentages
|
|start
|switch|p1a: Jynx|Jynx|333\/333
|switch|p2a: Gengar|Gengar|323\/323
|turn|1
|c|★another onee|hf
|c|★teal6|you too man
|choice|move 1|move 1
|
|move|p2a: Gengar|Hypnosis|p1a: Jynx
|-status|p1a: Jynx|slp
|cant|p1a: Jynx|slp
|
|turn|2
|J|gladiator movies
|J|Alexander
|choice|switch 5|move 2
|
|switch|p1a: Exeggutor|Exeggutor|393\/393
|move|p2a: Gengar|Night Shade|p1a: Exeggutor
|-damage|p1a: Exeggutor|293\/393
|
|turn|3
|c|+Alexander|ah
|choice|switch 5|move 2
|
|switch|p1a: Jynx|Jynx|333\/333 slp
|move|p2a: Gengar|Night Shade|p1a: Jynx
|-damage|p1a: Jynx|233\/333 slp
|
|turn|4
|choice|switch 4|move 2
|
|switch|p1a: Snorlax|Snorlax|523\/523
|move|p2a: Gengar|Night Shade|p1a: Snorlax
|-damage|p1a: Snorlax|423\/523
|
|turn|5
|J|DG9
|choice|move 2|switch 3
|
|switch|p2a: Exeggutor|Exeggutor|393\/393
|move|p1a: Snorlax|Earthquake|p2a: Exeggutor
|-resisted|p2a: Exeggutor
|-damage|p2a: Exeggutor|346\/393
|
|turn|6
|choice|switch 5|switch 3
|
|switch|p2a: Gengar|Gengar|323\/323
|switch|p1a: Exeggutor|Exeggutor|293\/393
|
|turn|7
|choice|move 2|move 4
|
|move|p2a: Gengar|Explosion|p1a: Exeggutor
|-damage|p1a: Exeggutor|46\/393
|faint|p2a: Gengar
|choice||switch 6
|
|switch|p2a: Tauros|Tauros|353\/353
|turn|8
|choice|switch 2|move 1
|
|switch|p1a: Zapdos|Zapdos|383\/383
|move|p2a: Tauros|Body Slam|p1a: Zapdos
|-damage|p1a: Zapdos|279\/383
|
|turn|9
|J|Whis
|choice|switch 2|switch 4
|
|switch|p2a: Chansey|Chansey|703\/703
|switch|p1a: Exeggutor|Exeggutor|46\/393
|
|turn|10
|choice|move 2|switch 3
|
|switch|p2a: Exeggutor|Exeggutor|346\/393
|move|p1a: Exeggutor|Sleep Powder|p2a: Exeggutor
|-status|p2a: Exeggutor|slp
|
|turn|11
|choice|move 4|move 2
|
|cant|p2a: Exeggutor|slp
|move|p1a: Exeggutor|Stun Spore|p2a: Exeggutor
|-fail|p2a: Exeggutor
|
|turn|12
|choice|switch 2|move 3
|
|switch|p1a: Zapdos|Zapdos|279\/383
|cant|p2a: Exeggutor|slp
|
|turn|13
|choice|move 3|switch 2
|
|switch|p2a: Jolteon|Jolteon|333\/333
|move|p1a: Zapdos|Drill Peck|p2a: Jolteon
|-resisted|p2a: Jolteon
|-damage|p2a: Jolteon|273\/333
|
|turn|14
|choice|switch 6|move 1
|
|switch|p1a: Chansey|Chansey|703\/703
|move|p2a: Jolteon|Thunder Wave|p1a: Chansey
|-status|p1a: Chansey|par
|
|turn|15
|choice|move 1|switch 3
|
|switch|p2a: Chansey|Chansey|703\/703
|move|p1a: Chansey|Ice Beam|p2a: Chansey
|-damage|p2a: Chansey|634\/703
|-status|p2a: Chansey|frz
|
|turn|16
|choice|move 3|switch 5
|
|switch|p2a: Snorlax|Snorlax|523\/523
|move|p1a: Chansey|Thunder Wave|p2a: Snorlax
|-status|p2a: Snorlax|par
|
|turn|17
|choice|switch 5|move 3
|
|switch|p1a: Snorlax|Snorlax|423\/523
|cant|p2a: Snorlax|par
|
|turn|18
|choice|move 1|move 1
|
|move|p1a: Snorlax|Body Slam|p2a: Snorlax
|-damage|p2a: Snorlax|393\/523 par
|move|p2a: Snorlax|Body Slam|p1a: Snorlax
|-damage|p1a: Snorlax|288\/523
|
|turn|19
|choice|move 1|move 1
|
|move|p1a: Snorlax|Body Slam|p2a: Snorlax
|-damage|p2a: Snorlax|249\/523 par
|move|p2a: Snorlax|Body Slam|p1a: Snorlax
|-damage|p1a: Snorlax|153\/523
|
|turn|20
|choice|move 3|switch 5
|
|switch|p2a: Chansey|Chansey|634\/703 frz
|move|p1a: Snorlax|Hyper Beam|p2a: Chansey
|-damage|p2a: Chansey|140\/703 frz
|
|turn|21
|-mustrecharge|p1a: Snorlax
|-mustrecharge|p1a: Snorlax
|choice|move 1|switch 3
|
|switch|p2a: Jolteon|Jolteon|273\/333
|cant|p1a: Snorlax|recharge
|
|turn|22
|choice|switch 5|switch 5
|
|switch|p2a: Snorlax|Snorlax|249\/523 par
|switch|p1a: Chansey|Chansey|703\/703 par
|
|turn|23
|choice|switch 4|move 1
|
|switch|p1a: Jynx|Jynx|233\/333 slp
|cant|p2a: Snorlax|par
|
|turn|24
|choice|move 1|move 1
|
|-curestatus|p1a: Jynx|slp
|move|p2a: Snorlax|Body Slam|p1a: Jynx
|-damage|p1a: Jynx|36\/333
|
|turn|25
|choice|move 4|switch 3
|
|switch|p2a: Chansey|Chansey|140\/703 frz
|move|p1a: Jynx|Blizzard|p2a: Chansey
|-crit|p2a: Chansey
|-damage|p2a: Chansey|0 fnt
|faint|p2a: Chansey
|choice||switch 4
|
|switch|p2a: Tauros|Tauros|353\/353
|turn|26
|choice|move 2|move 1
|
|move|p2a: Tauros|Body Slam|p1a: Jynx
|-crit|p1a: Jynx
|-damage|p1a: Jynx|0 fnt
|faint|p1a: Jynx
|choice|switch 6|
|
|switch|p1a: Zapdos|Zapdos|279\/383
|turn|27
|choice|switch 5|switch 5
|
|switch|p2a: Jolteon|Jolteon|273\/333
|switch|p1a: Snorlax|Snorlax|153\/523
|
|turn|28
|choice|switch 4|move 4
|
|switch|p1a: Chansey|Chansey|703\/703 par
|move|p2a: Jolteon|Double Kick|p1a: Chansey
|-supereffective|p1a: Chansey
|-damage|p1a: Chansey|598\/703 par
|-damage|p1a: Chansey|493\/703 par
|-hitcount|p1a: Chansey|2
|
|turn|29
|J|bouff
|choice|switch 4|move 4
|
|switch|p1a: Snorlax|Snorlax|153\/523
|move|p2a: Jolteon|Double Kick|p1a: Snorlax
|-supereffective|p1a: Snorlax
|-damage|p1a: Snorlax|104\/523
|-damage|p1a: Snorlax|55\/523
|-hitcount|p1a: Snorlax|2
|
|turn|30
|choice|switch 4|move 4
|
|switch|p1a: Chansey|Chansey|493\/703 par
|move|p2a: Jolteon|Double Kick|p1a: Chansey
|-crit|p1a: Chansey
|-supereffective|p1a: Chansey
|-damage|p1a: Chansey|288\/703 par
|-damage|p1a: Chansey|83\/703 par
|-hitcount|p1a: Chansey|2
|
|turn|31
|choice|move 2|move 2
|
|move|p2a: Jolteon|Thunderbolt|p1a: Chansey
|-crit|p1a: Chansey
|-damage|p1a: Chansey|0 fnt
|faint|p1a: Chansey
|choice|switch 3|
|
|switch|p1a: Tauros|Tauros|353\/353
|turn|32
|choice|move 3|move 2
|
|move|p2a: Jolteon|Thunderbolt|p1a: Tauros
|-damage|p1a: Tauros|207\/353
|move|p1a: Tauros|Earthquake|p2a: Jolteon
|-supereffective|p2a: Jolteon
|-damage|p2a: Jolteon|48\/333
|
|turn|33
|choice|move 1|switch 2
|
|switch|p2a: Exeggutor|Exeggutor|346\/393 slp
|move|p1a: Tauros|Body Slam|p2a: Exeggutor
|-crit|p2a: Exeggutor
|-damage|p2a: Exeggutor|141\/393 slp
|
|turn|34
|choice|move 1|move 3
|
|move|p1a: Tauros|Body Slam|p2a: Exeggutor
|-crit|p2a: Exeggutor
|-damage|p2a: Exeggutor|0 fnt
|faint|p2a: Exeggutor
|choice||switch 5
|
|switch|p2a: Tauros|Tauros|353\/353
|turn|35
|choice|switch 2|move 4
|
|switch|p1a: Exeggutor|Exeggutor|46\/393
|move|p2a: Tauros|Blizzard|p1a: Exeggutor
|-supereffective|p1a: Exeggutor
|-damage|p1a: Exeggutor|0 fnt
|faint|p1a: Exeggutor
|choice|switch 5|
|
|switch|p1a: Zapdos|Zapdos|279\/383
|turn|36
|c|+bouff|teal oO
|choice|move 4|move 4
|
|move|p2a: Tauros|Blizzard|p1a: Zapdos
|-supereffective|p1a: Zapdos
|-damage|p1a: Zapdos|153\/383
|move|p1a: Zapdos|Thunder Wave|p2a: Tauros
|-status|p2a: Tauros|par
|
|turn|37
|choice|move 1|move 2
|
|move|p1a: Zapdos|Thunderbolt|p2a: Tauros
|-crit|p2a: Tauros
|-damage|p2a: Tauros|37\/353 par
|move|p2a: Tauros|Hyper Beam|p1a: Zapdos|[miss]
|-miss|p2a: Tauros
|
|turn|38
|J|KratosMana
|choice|move 3|move 2
|
|move|p1a: Zapdos|Drill Peck|p2a: Tauros
|-damage|p2a: Tauros|0 fnt
|faint|p2a: Tauros
|choice||switch 2
|
|switch|p2a: Jolteon|Jolteon|48\/333
|turn|39
|choice|move 1|move 2
|
|move|p2a: Jolteon|Thunderbolt|p1a: Zapdos
|-damage|p1a: Zapdos|56\/383
|move|p1a: Zapdos|Thunderbolt|p2a: Jolteon
|-crit|p2a: Jolteon
|-resisted|p2a: Jolteon
|-damage|p2a: Jolteon|0 fnt
|faint|p2a: Jolteon
|choice||switch 3
|
|switch|p2a: Snorlax|Snorlax|249\/523 par
|turn|40
|choice|move 1|move 1
|
|move|p1a: Zapdos|Thunderbolt|p2a: Snorlax
|-crit|p2a: Snorlax
|-damage|p2a: Snorlax|0 fnt
|faint|p2a: Snorlax
|
|win|teal6