|inactive|Battle timer is ON: inactive players will automatically lose when time's up.
|J|Lutra
|J|Agammemnon
|player|p1|Lutra|281
|player|p2|Agammemnon|220
|gametype|singles
|gen|1
|tier|[Gen 1] OU
|seed|28313,29224,7069,60126
|rule|Sleep Clause Mod: Limit one foe put to sleep
|rule|Freeze Clause Mod: Limit one foe frozen
|rule|Species Clause: Limit one of each Pokémon
|rule|OHKO Clause: OHKO moves are banned
|rule|Evasion Moves Clause: Evasion moves are banned
|rule|HP Percentage Mod: HP is shown in percentages
|
|start
|switch|p1a: Starmie|Starmie|323\/323
|switch|p2a: Alakazam|Alakazam|313\/313
|turn|1
|J|Genesis7
|J|reiku
|J|xTSR
|J|tamahome
|J|cafelewowhero
|J|Nunno
|J|Soulgazer
|J|frappok ing
|J|LJDarkrai
|J|noname4505
|J|Fireburn
|J|Starmaster
|J|Isa
|J|FLCL
|J|KyleCole
|J|the pdc show
|J|jvl101993
|c|+Starmaster|go lutra
|J|giara
|J|Gadhzj
|J|ReshiRampage
|J|Vinc2612
|J|TDK
|raw|<div class="broadcast-red"><b>Moderated chat was set to @!<\/b><br \/>Only users of rank @ and higher can talk.<\/div>
|J|Lord Mur
|J|butterbluemchen
|J|Confide
|J|Prankster
|J|Shadestep
|J|King Tsunami
|J|SupremeSentret
|choice|move 1|move 1
|
|move|p2a: Alakazam|Thunder Wave|p1a: Starmie
|-status|p1a: Starmie|par
|move|p1a: Starmie|Blizzard|p2a: Alakazam
|-damage|p2a: Alakazam|235\/313
|-status|p2a: Alakazam|frz
|
|turn|2
|J|Siloban
|J|Heysup
|J|Ojama
|J|Tirander
|J|zedpi
|J|liptonic
|c|★Agammemnon|ok
|J|Double01
|J|CrashinBoomBang
|J|Void
|L|zedpi
|J|Despotar274
|J|LavaboStylos
|J|Henry
|J|Updated Kanto
|J|Shubaki
|J|ABR
|J|Raekkiiii
|J|zoroarkforever
|J|Lusch
|L|Starmaster
|choice|switch 4|switch 4
|
|switch|p2a: Chansey|Chansey|703\/703
|switch|p1a: Exeggutor|Exeggutor|393\/393
|
|turn|3
|J|road 4000LBLOL
|J|Nova
|J|Gee Mick
|J|reeeeeeeeeweeeee
|J|KratosMana
|J|Kit10
|J|Nachos
|J|TTFTW
|choice|move 4|move 1
|
|move|p1a: Exeggutor|Sleep Powder|p2a: Chansey
|-status|p2a: Chansey|slp
|-curestatus|p2a: Chansey|slp
|
|turn|4
|J|EG Posho
|L|cafelewowhero
|choice|move 4|move 1
|
|move|p1a: Exeggutor|Sleep Powder|p2a: Chansey
|-status|p2a: Chansey|slp
|cant|p2a: Chansey|slp
|
|turn|5
|J|Reymedy
|J|Purrl
|choice|move 3|move 1
|
|move|p1a: Exeggutor|Psychic|p2a: Chansey
|-damage|p2a: Chansey|582\/703 slp
|cant|p2a: Chansey|slp
|
|turn|6
|L|Tirander
|J|Tirander
|choice|move 3|switch 2
|
|switch|p2a: Exeggutor|Exeggutor|393\/393
|move|p1a: Exeggutor|Psychic|p2a: Exeggutor
|-resisted|p2a: Exeggutor
|-damage|p2a: Exeggutor|340\/393
|-unboost|p2a: Exeggutor|spd|1
|-unboost|p2a: Exeggutor|spa|1
|
|turn|7
|J|Sam
|J|Sapientia
|choice|switch 4|move 3
|
|switch|p1a: Starmie|Starmie|323\/323 par
|move|p2a: Exeggutor|Sleep Powder|p1a: Starmie
|-fail|p1a: Starmie
|
|turn|8
|J|jira
|choice|move 2|switch 2
|
|switch|p2a: Chansey|Chansey|582\/703 slp
|cant|p1a: Starmie|par
|
|turn|9
|J|cafelewowhero
|choice|switch 5|move 1
|
|switch|p1a: Tauros|Tauros|353\/353
|cant|p2a: Chansey|slp
|
|turn|10
|J|Starmaster
|J|Colchonero
|choice|move 2|switch 3
|
|switch|p2a: Snorlax|Snorlax|523\/523
|move|p1a: Tauros|Body Slam|p2a: Snorlax
|-crit|p2a: Snorlax
|-damage|p2a: Snorlax|282\/523
|
|turn|11
|J|Clefaboule
|J|hyogafodex
|L|Shadestep
|L|EG Posho
|J|Sken
|choice|move 3|move 2
|
|move|p1a: Tauros|Earthquake|p2a: Snorlax
|-damage|p2a: Snorlax|177\/523
|move|p2a: Snorlax|Self-Destruct|p1a: Tauros
|-damage|p1a: Tauros|4\/353
|faint|p2a: Snorlax
|choice||switch 5
|
|switch|p2a: ಠ_ಠ|Tauros|353\/353
|turn|12
|choice|move 4|move 1
|
|move|p1a: Tauros|Hyper Beam|p2a: ಠ_ಠ
|-crit|p2a: ಠ_ಠ
|-damage|p2a: ಠ_ಠ|19\/353
|move|p2a: ಠ_ಠ|Body Slam|p1a: Tauros
|-damage|p1a: Tauros|0 fnt
|faint|p1a: Tauros
|J|HellPowna
|J|tubby the lord
|J|rozes
|J|Jurishit
|J|Quite Quiet
|J|celebitrainer36
|J|bugzinator RC
|choice|switch 3|
|
|switch|p1a: Snorlax|Snorlax|523\/523
|turn|13
|J|MrAldoPls
|choice|move 1|move 3
|
|move|p2a: ಠ_ಠ|Blizzard|p1a: Snorlax
|-damage|p1a: Snorlax|422\/523
|move|p1a: Snorlax|Body Slam|p2a: ಠ_ಠ
|-damage|p2a: ಠ_ಠ|0 fnt
|faint|p2a: ಠ_ಠ
|choice||switch 2
|
|switch|p2a: Exeggutor|Exeggutor|340\/393
|turn|14
|L|Starmaster
|choice|switch 5|move 1
|
|switch|p1a: Starmie|Starmie|323\/323 par
|move|p2a: Exeggutor|Psychic|p1a: Starmie
|-resisted|p1a: Starmie
|-damage|p1a: Starmie|263\/323 par
|
|turn|15
|J|Tobes
|J|Tarkhred(oyo)
|J|The Goomy
|J|Hyssou
|L|HellPowna
|choice|move 1|switch 3
|
|switch|p2a: Chansey|Chansey|582\/703 slp
|move|p1a: Starmie|Blizzard|p2a: Chansey
|-damage|p2a: Chansey|499\/703 slp
|
|turn|16
|choice|switch 4|switch 6
|
|switch|p2a: Zapdos|Zapdos|383\/383
|switch|p1a: Exeggutor|Exeggutor|393\/393
|
|turn|17
|L|Tarkhred(oyo)
|choice|move 3|switch 3
|
|switch|p2a: Exeggutor|Exeggutor|340\/393
|move|p1a: Exeggutor|Psychic|p2a: Exeggutor
|-resisted|p2a: Exeggutor
|-damage|p2a: Exeggutor|292\/393
|-unboost|p2a: Exeggutor|spd|1
|-unboost|p2a: Exeggutor|spa|1
|
|turn|18
|J|Biosci
|J|Sp00ky Sp0der
|L|Sp00ky Sp0der
|J|trc
|J|GOAO
|choice|switch 4|move 3
|
|switch|p1a: Starmie|Starmie|263\/323 par
|move|p2a: Exeggutor|Sleep Powder|p1a: Starmie|[miss]
|-miss|p2a: Exeggutor
|
|turn|19
|L|Jurishit
|J|Jurishit
|J|Starmaster
|L|Colchonero
|choice|move 2|switch 6
|
|switch|p2a: Chansey|Chansey|499\/703 slp
|cant|p1a: Starmie|par
|
|turn|20
|J|MikeDecIsHere
|choice|switch 6|move 2
|
|switch|p1a: Lapras|Lapras|463\/463
|cant|p2a: Chansey|slp
|
|turn|21
|J|Zamrock
|J|Alex Galchenyuk
|J|Greenkat
|choice|move 1|switch 4
|
|switch|p2a: Alakazam|Alakazam|235\/313 frz
|move|p1a: Lapras|Blizzard|p2a: Alakazam
|-damage|p2a: Alakazam|115\/313 frz
|
|turn|22
|J|DiggerSR
|choice|switch 2|move 3
|
|switch|p1a: Chansey|Chansey|703\/703
|cant|p2a: Alakazam|frz
|
|turn|23
|L|Nova
|choice|switch 5|move 3
|
|switch|p1a: Snorlax|Snorlax|422\/523
|cant|p2a: Alakazam|frz
|
|turn|24
|J|Sp00ky Sp0der
|choice|switch 5|switch 6
|
|switch|p2a: Exeggutor|Exeggutor|292\/393
|switch|p1a: Chansey|Chansey|703\/703
|
|turn|25
|J|Evuelf
|J|welliou
|choice|switch 6|switch 3
|
|switch|p2a: Zapdos|Zapdos|383\/383
|switch|p1a: Starmie|Starmie|263\/323 par
|
|turn|26
|J|Esteemed User
|L|Starmaster
|J|5n00py
|L|5n00py
|J|Starmaster
|J|HellPowna
|choice|move 1|move 3
|
|move|p2a: Zapdos|Drill Peck|p1a: Starmie
|-crit|p1a: Starmie
|-damage|p1a: Starmie|62\/323 par
|move|p1a: Starmie|Blizzard|p2a: Zapdos
|-supereffective|p2a: Zapdos
|-damage|p2a: Zapdos|219\/383
|
|turn|27
|choice|move 1|move 3
|
|move|p2a: Zapdos|Drill Peck|p1a: Starmie
|-crit|p1a: Starmie
|-damage|p1a: Starmie|0 fnt
|faint|p1a: Starmie
|J|im zero
|choice|switch 5|
|
|switch|p1a: Snorlax|Snorlax|422\/523
|turn|28
|choice|move 1|switch 6
|
|switch|p2a: Alakazam|Alakazam|115\/313 frz
|move|p1a: Snorlax|Body Slam|p2a: Alakazam
|-damage|p2a: Alakazam|0 fnt
|faint|p2a: Alakazam
|L|frappok ing
|choice||switch 3
|
|switch|p2a: Exeggutor|Exeggutor|292\/393
|turn|29
|J|ChillShadow
|choice|switch 4|move 3
|
|switch|p1a: Exeggutor|Exeggutor|393\/393
|move|p2a: Exeggutor|Sleep Powder|p1a: Exeggutor|[miss]
|-miss|p2a: Exeggutor
|
|turn|30
|choice|move 2|move 3
|
|move|p2a: Exeggutor|Sleep Powder|p1a: Exeggutor
|-status|p1a: Exeggutor|slp
|cant|p1a: Exeggutor|slp
|
|turn|31
|J|Cicada
|J|frappok ing
|J|Pohjoisat
|choice|switch 6|move 1
|
|switch|p1a: Chansey|Chansey|703\/703
|move|p2a: Exeggutor|Psychic|p1a: Chansey
|-damage|p1a: Chansey|576\/703
|-unboost|p1a: Chansey|spd|1
|-unboost|p1a: Chansey|spa|1
|
|turn|32
|choice|move 4|move 1
|
|move|p2a: Exeggutor|Psychic|p1a: Chansey
|-damage|p1a: Chansey|384\/703
|-unboost|p1a: Chansey|spd|1
|-unboost|p1a: Chansey|spa|1
|move|p1a: Chansey|Thunder Wave|p2a: Exeggutor
|-status|p2a: Exeggutor|par
|
|turn|33
|J|ludicrousman
|choice|switch 6|move 1
|
|switch|p1a: Exeggutor|Exeggutor|393\/393 slp
|move|p2a: Exeggutor|Psychic|p1a: Exeggutor
|-resisted|p1a: Exeggutor
|-damage|p1a: Exeggutor|344\/393 slp
|
|turn|34
|L|Sp00ky Sp0der
|J|Atoni
|choice|switch 6|switch 6
|
|switch|p1a: Chansey|Chansey|384\/703
|switch|p2a: Zapdos|Zapdos|219\/383
|
|turn|35
|J|hodor
|choice|move 2|move 3
|
|move|p2a: Zapdos|Drill Peck|p1a: Chansey
|-damage|p1a: Chansey|128\/703
|move|p1a: Chansey|Ice Beam|p2a: Zapdos
|-supereffective|p2a: Zapdos
|-damage|p2a: Zapdos|88\/383
|
|turn|36
|J|Exeggutor's Cry
|choice|move 2|move 3
|
|move|p2a: Zapdos|Drill Peck|p1a: Chansey
|-damage|p1a: Chansey|0 fnt
|faint|p1a: Chansey
|choice|switch 4|
|
|switch|p1a: Snorlax|Snorlax|422\/523
|turn|37
|J|GunnerRohan
|J|Ary
|J|Praj.pran
|J|CasedVictory
|L|Reymedy
|choice|move 1|switch 4
|
|switch|p2a: Chansey|Chansey|499\/703 slp
|move|p1a: Snorlax|Body Slam|p2a: Chansey
|-damage|p2a: Chansey|228\/703 slp
|
|turn|38
|J|choa the goddess
|L|choa the goddess
|J|alexander-
|choice|switch 2|move 2
|
|switch|p1a: Lapras|Lapras|463\/463
|-curestatus|p2a: Chansey|slp
|
|turn|39
|J|Triangles RSE
|J|zedpi
|J|zdrup
|J|Arcticblast
|J|choa the goddess
|choice|move 3|move 1
|
|move|p1a: Lapras|Hyper Beam|p2a: Chansey
|-damage|p2a: Chansey|0 fnt
|faint|p2a: Chansey
|J|MoxieInfinite
|choice||switch 4
|
|switch|p2a: Zapdos|Zapdos|88\/383
|turn|40
|c|★Agammemnon|YOLO
|L|tubby the lord
|L|Starmaster
|J|Starmaster
|c|★Agammemnon|If it crits, I'm renaming it to YOLOdos
|choice|move 1|move 2
|
|move|p2a: Zapdos|Thunderbolt|p1a: Lapras
|-supereffective|p1a: Lapras
|-damage|p1a: Lapras|184\/463
|move|p1a: Lapras|Blizzard|p2a: Zapdos
|-supereffective|p2a: Zapdos
|-damage|p2a: Zapdos|0 fnt
|faint|p2a: Zapdos
|choice||switch 6
|
|switch|p2a: Exeggutor|Exeggutor|292\/393 par
|turn|41
|L|Heysup
|choice|move 1|move 2
|
|move|p1a: Lapras|Blizzard|p2a: Exeggutor
|-supereffective|p2a: Exeggutor
|-damage|p2a: Exeggutor|74\/393 par
|move|p2a: Exeggutor|Explosion|p1a: Lapras
|-damage|p1a: Lapras|0 fnt
|faint|p1a: Lapras
|faint|p2a: Exeggutor
|
|win|Lutra