|inactive|Battle timer is ON: inactive players will automatically lose when time's up.
|J|CrapAtRBY
|J|Vileman
|player|p1|CrapAtRBY|2
|player|p2|Vileman|165
|gametype|singles
|gen|1
|tier|[Gen 1] OU
|seed|46187,64483,32556,62004
|rule|Sleep Clause Mod: Limit one foe put to sleep
|rule|Freeze Clause Mod: Limit one foe frozen
|rule|Species Clause: Limit one of each Pokémon
|rule|OHKO Clause: OHKO moves are banned
|rule|Evasion Moves Clause: Evasion moves are banned
|rule|HP Percentage Mod: HP is shown in percentages
|
|start
|switch|p1a: Jynx|Jynx|333\/333
|switch|p2a: DJKHALED|Gengar|323\/323
|turn|1
|c|★Vileman|gl hf
|choice|move 2|move 1
|
|move|p2a: DJKHALED|Hypnosis|p1a: Jynx
|-status|p1a: Jynx|slp
|cant|p1a: Jynx|slp
|
|turn|2
|c|★CrapAtRBY|You too
|choice|switch 2|move 4
|
|switch|p1a: Exeggutor|Exeggutor|393\/393
|move|p2a: DJKHALED|Night Shade|p1a: Exeggutor
|-damage|p1a: Exeggutor|293\/393
|
|turn|3
|choice|move 1|move 2
|
|move|p2a: DJKHALED|Explosion|p1a: Exeggutor
|-damage|p1a: Exeggutor|71\/393
|faint|p2a: DJKHALED
|J|Real FV13
|J|Shogarth
|L|Real FV13
|J|smilzo
|choice||switch 3
|
|switch|p2a: WIN WIN WIN|Starmie|323\/323
|turn|4
|L|smilzo
|J|Funkasaurus
|c|@Funkasaurus|OL
|choice|switch 3|move 1
|
|switch|p1a: Chansey|Chansey|703\/703
|move|p2a: WIN WIN WIN|Blizzard|p1a: Chansey
|-damage|p1a: Chansey|612\/703
|
|turn|5
|choice|move 1|switch 2
|
|switch|p2a: I CHANGED|Chansey|703\/703
|move|p1a: Chansey|Ice Beam|p2a: I CHANGED
|-damage|p2a: I CHANGED|633\/703
|
|turn|6
|choice|move 1|move 3
|
|move|p1a: Chansey|Ice Beam|p2a: I CHANGED
|-damage|p2a: I CHANGED|556\/703
|-status|p2a: I CHANGED|frz
|cant|p2a: I CHANGED|frz
|
|turn|7
|J|Finchinator
|choice|switch 3|switch 2
|
|switch|p2a: WIN WIN WIN|Starmie|323\/323
|switch|p1a: Exeggutor|Exeggutor|71\/393
|
|turn|8
|choice|switch 3|move 1
|
|switch|p1a: Chansey|Chansey|612\/703
|move|p2a: WIN WIN WIN|Blizzard|p1a: Chansey
|-damage|p1a: Chansey|523\/703
|
|turn|9
|choice|move 3|move 1
|
|move|p2a: WIN WIN WIN|Blizzard|p1a: Chansey
|-damage|p1a: Chansey|434\/703
|move|p1a: Chansey|Thunder Wave|p2a: WIN WIN WIN
|-status|p2a: WIN WIN WIN|par
|
|turn|10
|choice|move 4|move 1
|
|move|p1a: Chansey|Soft-Boiled|p1a: Chansey
|-heal|p1a: Chansey|703\/703
|move|p2a: WIN WIN WIN|Blizzard|p1a: Chansey
|-damage|p1a: Chansey|610\/703
|
|turn|11
|choice|move 2|move 4
|
|move|p1a: Chansey|Thunderbolt|p2a: WIN WIN WIN
|-supereffective|p2a: WIN WIN WIN
|-damage|p2a: WIN WIN WIN|165\/323 par
|move|p2a: WIN WIN WIN|Thunder Wave|p1a: Chansey
|-status|p1a: Chansey|par
|
|turn|12
|choice|move 2|switch 5
|
|switch|p2a: ALL I DO|Snorlax|523\/523
|move|p1a: Chansey|Thunderbolt|p2a: ALL I DO
|-damage|p2a: ALL I DO|427\/523
|
|turn|13
|choice|move 3|move 2
|
|move|p2a: ALL I DO|Body Slam|p1a: Chansey
|-damage|p1a: Chansey|295\/703 par
|cant|p1a: Chansey|par
|
|turn|14
|choice|switch 4|move 2
|
|switch|p1a: Snorlax|Snorlax|523\/523
|move|p2a: ALL I DO|Body Slam|p1a: Snorlax
|-damage|p1a: Snorlax|392\/523
|
|turn|15
|choice|move 3|switch 6
|
|switch|p2a: NO MATTER WHAT|Exeggutor|393\/393
|move|p1a: Snorlax|Reflect|p1a: Snorlax
|-start|p1a: Snorlax|Reflect
|
|turn|16
|choice|move 2|move 4
|
|move|p2a: NO MATTER WHAT|Stun Spore|p1a: Snorlax
|-status|p1a: Snorlax|par
|move|p1a: Snorlax|Amnesia|p1a: Snorlax
|-boost|p1a: Snorlax|spd|2
|-boost|p1a: Snorlax|spa|2
|
|turn|17
|choice|move 2|move 1
|
|move|p2a: NO MATTER WHAT|Psychic|p1a: Snorlax
|-damage|p1a: Snorlax|311\/523 par
|-unboost|p1a: Snorlax|spd|1
|-unboost|p1a: Snorlax|spa|1
|move|p1a: Snorlax|Amnesia|p1a: Snorlax
|-boost|p1a: Snorlax|spd|2
|-boost|p1a: Snorlax|spa|2
|
|turn|18
|choice|move 2|move 1
|
|move|p2a: NO MATTER WHAT|Psychic|p1a: Snorlax
|-damage|p1a: Snorlax|241\/523 par
|-unboost|p1a: Snorlax|spd|1
|-unboost|p1a: Snorlax|spa|1
|cant|p1a: Snorlax|par
|
|turn|19
|choice|move 2|move 1
|
|move|p2a: NO MATTER WHAT|Psychic|p1a: Snorlax
|-damage|p1a: Snorlax|165\/523 par
|move|p1a: Snorlax|Amnesia|p1a: Snorlax
|-boost|p1a: Snorlax|spd|2
|-boost|p1a: Snorlax|spa|2
|
|turn|20
|choice|move 2|move 3
|
|move|p2a: NO MATTER WHAT|Explosion|p1a: Snorlax
|-damage|p1a: Snorlax|0 fnt
|faint|p1a: Snorlax
|faint|p2a: NO MATTER WHAT
|choice|switch 5|switch 6
|
|switch|p1a: Tauros|Tauros|353\/353
|switch|p2a: ALL I DO|Snorlax|427\/523
|turn|21
|choice|move 1|move 4
|
|move|p1a: Tauros|Body Slam|p2a: ALL I DO
|-damage|p2a: ALL I DO|303\/523
|move|p2a: ALL I DO|Reflect|p2a: ALL I DO
|-start|p2a: ALL I DO|Reflect
|
|turn|22
|choice|move 1|move 2
|
|move|p1a: Tauros|Body Slam|p2a: ALL I DO
|-damage|p2a: ALL I DO|241\/523
|move|p2a: ALL I DO|Body Slam|p1a: Tauros
|-damage|p1a: Tauros|238\/353
|
|turn|23
|choice|move 1|move 2
|
|move|p1a: Tauros|Body Slam|p2a: ALL I DO
|-damage|p2a: ALL I DO|175\/523
|move|p2a: ALL I DO|Body Slam|p1a: Tauros
|-damage|p1a: Tauros|135\/353
|
|turn|24
|choice|move 1|move 3
|
|move|p1a: Tauros|Body Slam|p2a: ALL I DO
|-damage|p2a: ALL I DO|104\/523
|move|p2a: ALL I DO|Self-Destruct|p1a: Tauros
|-damage|p1a: Tauros|0 fnt
|faint|p1a: Tauros
|faint|p2a: ALL I DO
|J|AriiStella'♥
|choice|switch 6|switch 4
|
|switch|p2a: GOD IS GREAT|Tauros|353\/353
|switch|p1a: Lapras|Lapras|463\/463
|turn|25
|choice|move 3|switch 5
|
|switch|p2a: WIN WIN WIN|Starmie|165\/323 par
|move|p1a: Lapras|Confuse Ray|p2a: WIN WIN WIN
|-start|p2a: WIN WIN WIN|confusion
|
|turn|26
|choice|move 2|move 2
|
|move|p1a: Lapras|Thunderbolt|p2a: WIN WIN WIN
|-supereffective|p2a: WIN WIN WIN
|-damage|p2a: WIN WIN WIN|10\/323 par
|cant|p2a: WIN WIN WIN|par
|
|turn|27
|choice|move 2|move 4
|
|move|p1a: Lapras|Thunderbolt|p2a: WIN WIN WIN
|-supereffective|p2a: WIN WIN WIN
|-damage|p2a: WIN WIN WIN|0 fnt
|faint|p2a: WIN WIN WIN
|choice||switch 5
|
|switch|p2a: GOD IS GREAT|Tauros|353\/353
|turn|28
|c|★Vileman|alright rby
|c|★Vileman|show me the goods
|choice|move 3|move 1
|
|move|p2a: GOD IS GREAT|Body Slam|p1a: Lapras
|-damage|p1a: Lapras|338\/463
|-status|p1a: Lapras|par
|move|p1a: Lapras|Confuse Ray|p2a: GOD IS GREAT
|-start|p2a: GOD IS GREAT|confusion
|
|turn|29
|choice|move 1|move 1
|
|-activate|p2a: GOD IS GREAT|confusion
|move|p2a: GOD IS GREAT|Body Slam|p1a: Lapras
|-crit|p1a: Lapras
|-damage|p1a: Lapras|102\/463 par
|move|p1a: Lapras|Blizzard|p2a: GOD IS GREAT
|-crit|p2a: GOD IS GREAT
|-damage|p2a: GOD IS GREAT|39\/353
|
|turn|30
|c|★Vileman|can i do it
|c|★Vileman|can i
|choice|move 2|move 1
|
|-activate|p2a: GOD IS GREAT|confusion
|-damage|p2a: GOD IS GREAT|3\/353|[from] confusion
|cant|p1a: Lapras|par
|
|turn|31
|choice|move 2|move 1
|
|-activate|p2a: GOD IS GREAT|confusion
|-damage|p2a: GOD IS GREAT|0 fnt|[from] confusion
|faint|p2a: GOD IS GREAT
|c|★Vileman|no i cant
|c|★Vileman|darn
|-message|Vileman forfeited.
|
|win|CrapAtRBY