|inactive|Battle timer is ON: inactive players will automatically lose when time's up.
|J|Alexander
|J|Hack
|player|p1|Alexander|101
|player|p2|Hack|10
|gametype|singles
|gen|1
|tier|[Gen 1] OU
|rule|Sleep Clause Mod: Limit one foe put to sleep
|rule|Freeze Clause Mod: Limit one foe frozen
|rule|Species Clause: Limit one of each Pokémon
|rule|OHKO Clause: OHKO moves are banned
|rule|Evasion Moves Clause: Evasion moves are banned
|rule|HP Percentage Mod: HP is shown in percentages
|
|start
|switch|p1a: Jynx|Jynx|333\/333
|switch|p2a: Jolteon|Jolteon|333\/333
|turn|1
|c|★Hack|glhf
|J|sugarhigh
|L|sugarhigh
|J|LT3Q Livio
|J|jacob
|J|atomicllamas
|c|%atomicllamas|gooo hack !_!
|c|★Alexander|u2 :0
|c|+jacob|Alex *_*
|
|move|p2a: Jolteon|Thunder Wave|p1a: Jynx
|-status|p1a: Jynx|par
|move|p1a: Jynx|Lovely Kiss|p2a: Jolteon|[miss]
|-miss|p1a: Jynx
|
|turn|2
|
|move|p2a: Jolteon|Thunderbolt|p1a: Jynx
|-damage|p1a: Jynx|207\/333 par
|move|p1a: Jynx|Lovely Kiss|p2a: Jolteon
|-status|p2a: Jolteon|slp
|
|turn|3
|J|bugzinator RC
|J|Disaster Area
|J|spence
|
|switch|p2a: Chansey|Chansey|703\/703
|cant|p1a: Jynx|par
|
|turn|4
|
|switch|p2a: Snorlax|Snorlax|523\/523
|switch|p1a: Chansey|Chansey|703\/703
|
|turn|5
|J|Isa RC
|J|FireMage
|J|LT3I BKC
|
|switch|p2a: Jolteon|Jolteon|333\/333 slp
|move|p1a: Chansey|Thunder Wave|p2a: Jolteon
|-fail|p2a: Jolteon
|
|turn|6
|J|Specterito
|
|-curestatus|p2a: Jolteon|slp
|move|p1a: Chansey|Seismic Toss|p2a: Jolteon
|-damage|p2a: Jolteon|233\/333
|
|turn|7
|J|magnetica
|J|galbia
|J|WreckDra
|c|+galbia|ah i bet you would like a nice nidoking
|c|+galbia|for this jolteon
|
|switch|p2a: Chansey|Chansey|703\/703
|switch|p1a: Exeggutor|Exeggutor|393\/393
|
|turn|8
|
|switch|p2a: Jolteon|Jolteon|233\/333
|move|p1a: Exeggutor|Sleep Powder|p2a: Jolteon
|-status|p2a: Jolteon|slp
|
|turn|9
|J|groudon58
|J|Hot N Cold
|L|Hot N Cold
|
|switch|p2a: Exeggutor|Exeggutor|393\/393
|move|p1a: Exeggutor|Stun Spore|p2a: Exeggutor|[miss]
|-miss|p1a: Exeggutor
|
|turn|10
|J|groudon518
|c|+groudon518|is this match for anything?
|J|snagaa
|c|+Disaster Area|RoAPL
|c|+groudon518|ah
|c|+Specterito|go hack
|c|+Specterito|beat marcoasd
|c|+snagaa|whos team is hack on
|c|+Disaster Area|hack's on finch's team
|c|+Disaster Area|alexander's on my team
|c|+snagaa|go alexander
|c|+Isa RC|marcoasd is controlling the wheels yn
|c|+jacob|n
|J|Mister Tim
|
|move|p1a: Exeggutor|Stun Spore|p2a: Exeggutor
|-status|p2a: Exeggutor|par
|cant|p2a: Exeggutor|par
|
|turn|11
|J|Da Raikage
|J|Hot N Cold
|J|choollio
|
|switch|p1a: Jynx|Jynx|207\/333 par
|switch|p2a: Snorlax|Snorlax|523\/523
|
|turn|12
|c|+Isa RC|ay
|
|switch|p1a: Chansey|Chansey|703\/703
|move|p2a: Snorlax|Body Slam|p1a: Chansey
|-damage|p1a: Chansey|412\/703
|
|turn|13
|J|Keahi
|L|Keahi
|
|switch|p2a: Lapras|Lapras|463\/463
|move|p1a: Chansey|Soft-Boiled|p1a: Chansey
|-heal|p1a: Chansey|703\/703
|
|turn|14
|L|FireMage
|
|switch|p1a: Jynx|Jynx|207\/333 par
|move|p2a: Lapras|Sing|p1a: Jynx
|-fail|p1a: Jynx
|
|turn|15
|
|move|p2a: Lapras|Thunderbolt|p1a: Jynx
|-damage|p1a: Jynx|130\/333 par
|move|p1a: Jynx|Psychic|p2a: Lapras
|-damage|p2a: Lapras|361\/463
|
|turn|16
|
|switch|p1a: Chansey|Chansey|703\/703
|move|p2a: Lapras|Thunderbolt|p1a: Chansey
|-damage|p1a: Chansey|635\/703
|-status|p1a: Chansey|par
|
|turn|17
|c|★Hack|the para i deserve, but not the one i need
|c|+Specterito|..
|
|switch|p2a: Snorlax|Snorlax|523\/523
|move|p1a: Chansey|Reflect|p1a: Chansey
|-start|p1a: Chansey|Reflect
|
|turn|18
|c|+Disaster Area|praise RNGesus yn
|
|switch|p2a: Chansey|Chansey|703\/703
|move|p1a: Chansey|Thunder Wave|p2a: Chansey
|-status|p2a: Chansey|par
|
|turn|19
|
|cant|p2a: Chansey|par
|cant|p1a: Chansey|par
|
|turn|20
|
|move|p2a: Chansey|Ice Beam|p1a: Chansey
|-damage|p1a: Chansey|560\/703 par
|cant|p1a: Chansey|par
|
|turn|21
|
|move|p2a: Chansey|Ice Beam|p1a: Chansey
|-damage|p1a: Chansey|487\/703 par
|cant|p1a: Chansey|par
|
|turn|22
|
|switch|p2a: Snorlax|Snorlax|523\/523
|move|p1a: Chansey|Soft-Boiled|p1a: Chansey
|-heal|p1a: Chansey|703\/703 par
|
|turn|23
|
|move|p2a: Snorlax|Body Slam|p1a: Chansey
|-damage|p1a: Chansey|567\/703 par
|move|p1a: Chansey|Thunder Wave|p2a: Snorlax
|-status|p2a: Snorlax|par
|
|turn|24
|c|+Specterito|omg
|
|move|p1a: Chansey|Seismic Toss|p2a: Snorlax
|-damage|p2a: Snorlax|423\/523 par
|move|p2a: Snorlax|Body Slam|p1a: Chansey
|-damage|p1a: Chansey|420\/703 par
|
|turn|25
|
|cant|p1a: Chansey|par
|move|p2a: Snorlax|Body Slam|p1a: Chansey
|-damage|p1a: Chansey|283\/703 par
|
|turn|26
|
|move|p1a: Chansey|Soft-Boiled|p1a: Chansey
|-heal|p1a: Chansey|634\/703 par
|move|p2a: Snorlax|Body Slam|p1a: Chansey
|-damage|p1a: Chansey|495\/703 par
|
|turn|27
|
|move|p1a: Chansey|Soft-Boiled|p1a: Chansey
|-heal|p1a: Chansey|703\/703 par
|move|p2a: Snorlax|Body Slam|p1a: Chansey
|-damage|p1a: Chansey|567\/703 par
|
|turn|28
|
|move|p1a: Chansey|Seismic Toss|p2a: Snorlax
|-damage|p2a: Snorlax|323\/523 par
|move|p2a: Snorlax|Body Slam|p1a: Chansey
|-damage|p1a: Chansey|408\/703 par
|
|turn|29
|
|move|p1a: Chansey|Soft-Boiled|p1a: Chansey
|-heal|p1a: Chansey|703\/703 par
|move|p2a: Snorlax|Body Slam|p1a: Chansey
|-damage|p1a: Chansey|566\/703 par
|
|turn|30
|
|move|p1a: Chansey|Seismic Toss|p2a: Snorlax
|-damage|p2a: Snorlax|223\/523 par
|move|p2a: Snorlax|Body Slam|p1a: Chansey
|-damage|p1a: Chansey|428\/703 par
|
|turn|31
|
|move|p1a: Chansey|Soft-Boiled|p1a: Chansey
|-heal|p1a: Chansey|703\/703 par
|cant|p2a: Snorlax|par
|
|turn|32
|
|cant|p1a: Chansey|par
|move|p2a: Snorlax|Body Slam|p1a: Chansey
|-damage|p1a: Chansey|548\/703 par
|
|turn|33
|
|move|p1a: Chansey|Seismic Toss|p2a: Snorlax
|-damage|p2a: Snorlax|123\/523 par
|move|p2a: Snorlax|Body Slam|p1a: Chansey
|-damage|p1a: Chansey|401\/703 par
|
|turn|34
|
|move|p1a: Chansey|Soft-Boiled|p1a: Chansey
|-heal|p1a: Chansey|703\/703 par
|move|p2a: Snorlax|Self-Destruct|p1a: Chansey
|-damage|p1a: Chansey|262\/703 par
|faint|p2a: Snorlax
|
|switch|p2a: Lapras|Lapras|361\/463
|turn|35
|
|move|p2a: Lapras|Blizzard|p1a: Chansey
|-damage|p1a: Chansey|134\/703 par
|move|p1a: Chansey|Soft-Boiled|p1a: Chansey
|-heal|p1a: Chansey|485\/703 par
|
|turn|36
|
|switch|p2a: Exeggutor|Exeggutor|393\/393 par
|cant|p1a: Chansey|par
|
|turn|37
|
|move|p2a: Exeggutor|Psychic|p1a: Chansey
|-damage|p1a: Chansey|361\/703 par
|move|p1a: Chansey|Soft-Boiled|p1a: Chansey
|-heal|p1a: Chansey|703\/703 par
|
|turn|38
|
|move|p2a: Exeggutor|Psychic|p1a: Chansey
|-damage|p1a: Chansey|588\/703 par
|cant|p1a: Chansey|par
|
|turn|39
|
|cant|p2a: Exeggutor|par
|move|p1a: Chansey|Seismic Toss|p2a: Exeggutor
|-damage|p2a: Exeggutor|293\/393 par
|
|turn|40
|
|move|p2a: Exeggutor|Psychic|p1a: Chansey
|-crit|p1a: Chansey
|-damage|p1a: Chansey|373\/703 par
|move|p1a: Chansey|Seismic Toss|p2a: Exeggutor
|-damage|p2a: Exeggutor|193\/393 par
|
|turn|41
|
|move|p2a: Exeggutor|Psychic|p1a: Chansey
|-damage|p1a: Chansey|253\/703 par
|move|p1a: Chansey|Soft-Boiled|p1a: Chansey
|-heal|p1a: Chansey|604\/703 par
|
|turn|42
|
|move|p2a: Exeggutor|Psychic|p1a: Chansey
|-damage|p1a: Chansey|475\/703 par
|cant|p1a: Chansey|par
|
|turn|43
|
|cant|p2a: Exeggutor|par
|cant|p1a: Chansey|par
|
|turn|44
|
|move|p2a: Exeggutor|Psychic|p1a: Chansey
|-damage|p1a: Chansey|352\/703 par
|move|p1a: Chansey|Soft-Boiled|p1a: Chansey
|-heal|p1a: Chansey|703\/703 par
|
|turn|45
|
|move|p2a: Exeggutor|Psychic|p1a: Chansey
|-damage|p1a: Chansey|580\/703 par
|cant|p1a: Chansey|par
|
|turn|46
|
|move|p2a: Exeggutor|Psychic|p1a: Chansey
|-damage|p1a: Chansey|459\/703 par
|move|p1a: Chansey|Soft-Boiled|p1a: Chansey
|-heal|p1a: Chansey|703\/703 par
|
|turn|47
|
|switch|p1a: Jynx|Jynx|130\/333 par
|move|p2a: Exeggutor|Psychic|p1a: Jynx
|-resisted|p1a: Jynx
|-damage|p1a: Jynx|69\/333 par
|
|turn|48
|
|switch|p2a: Chansey|Chansey|703\/703 par
|move|p1a: Jynx|Psychic|p2a: Chansey
|-damage|p2a: Chansey|599\/703 par
|
|turn|49
|L|Hot N Cold
|L|atomicllamas
|
|switch|p1a: Snorlax|Snorlax|523\/523
|cant|p2a: Chansey|par
|
|turn|50
|
|move|p1a: Snorlax|Earthquake|p2a: Chansey
|-damage|p2a: Chansey|355\/703 par
|move|p2a: Chansey|Thunder Wave|p1a: Snorlax
|-status|p1a: Snorlax|par
|
|turn|51
|L|Specterito
|
|move|p2a: Chansey|Soft-Boiled|p2a: Chansey
|-heal|p2a: Chansey|703\/703 par
|move|p1a: Snorlax|Earthquake|p2a: Chansey
|-damage|p2a: Chansey|483\/703 par
|
|turn|52
|J|Specterito
|
|switch|p2a: Exeggutor|Exeggutor|193\/393 par
|cant|p1a: Snorlax|par
|
|turn|53
|
|switch|p1a: Jynx|Jynx|69\/333 par
|move|p2a: Exeggutor|Psychic|p1a: Jynx
|-resisted|p1a: Jynx
|-damage|p1a: Jynx|6\/333 par
|
|turn|54
|L|Specterito
|
|switch|p2a: Chansey|Chansey|483\/703 par
|move|p1a: Jynx|Rest|p1a: Jynx
|-status|p1a: Jynx|slp
|-heal|p1a: Jynx|333\/333 slp|[silent]
|-status|p1a: Jynx|slp|[from] move: Rest
|
|turn|55
|
|switch|p1a: Snorlax|Snorlax|523\/523 par
|cant|p2a: Chansey|par
|
|turn|56
|
|switch|p2a: Exeggutor|Exeggutor|193\/393 par
|move|p1a: Snorlax|Earthquake|p2a: Exeggutor
|-resisted|p2a: Exeggutor
|-damage|p2a: Exeggutor|148\/393 par
|
|turn|57
|
|switch|p1a: Jynx|Jynx|333\/333 slp
|move|p2a: Exeggutor|Explosion|p1a: Jynx
|-crit|p1a: Jynx
|-damage|p1a: Jynx|0 fnt
|faint|p1a: Jynx
|faint|p2a: Exeggutor
|
|switch|p2a: Lapras|Lapras|361\/463
|switch|p1a: Lapras|Lapras|463\/463
|turn|58
|
|switch|p1a: Chansey|Chansey|703\/703 par
|move|p2a: Lapras|Sing|p1a: Chansey|[miss]
|-miss|p2a: Lapras
|
|turn|59
|
|switch|p2a: Chansey|Chansey|483\/703 par
|move|p1a: Chansey|Seismic Toss|p2a: Chansey
|-damage|p2a: Chansey|383\/703 par
|
|turn|60
|
|switch|p1a: Snorlax|Snorlax|523\/523 par
|cant|p2a: Chansey|par
|
|turn|61
|
|move|p2a: Chansey|Soft-Boiled|p2a: Chansey
|-heal|p2a: Chansey|703\/703 par
|cant|p1a: Snorlax|par
|
|turn|62
|
|cant|p2a: Chansey|par
|move|p1a: Snorlax|Earthquake|p2a: Chansey
|-damage|p2a: Chansey|472\/703 par
|
|turn|63
|
|move|p2a: Chansey|Ice Beam|p1a: Snorlax
|-damage|p1a: Snorlax|416\/523 par
|move|p1a: Snorlax|Body Slam|p2a: Chansey
|-damage|p2a: Chansey|164\/703 par
|
|turn|64
|
|move|p2a: Chansey|Soft-Boiled|p2a: Chansey
|-heal|p2a: Chansey|515\/703 par
|move|p1a: Snorlax|Hyper Beam|p2a: Chansey
|-damage|p2a: Chansey|37\/703 par
|
|turn|65
|-mustrecharge|p1a: Snorlax
|-mustrecharge|p1a: Snorlax
|
|cant|p2a: Chansey|par
|cant|p1a: Snorlax|recharge
|
|turn|66
|J|bad ass
|J|WreckDra
|
|cant|p2a: Chansey|par
|cant|p1a: Snorlax|par
|
|turn|67
|
|move|p2a: Chansey|Soft-Boiled|p2a: Chansey
|-heal|p2a: Chansey|388\/703 par
|cant|p1a: Snorlax|par
|
|turn|68
|
|cant|p2a: Chansey|par
|move|p1a: Snorlax|Body Slam|p2a: Chansey
|-damage|p2a: Chansey|107\/703 par
|
|turn|69
|
|cant|p2a: Chansey|par
|move|p1a: Snorlax|Hyper Beam|p2a: Chansey
|-damage|p2a: Chansey|0 fnt
|faint|p2a: Chansey
|
|switch|p2a: Tauros|Tauros|353\/353
|turn|70
|
|move|p2a: Tauros|Hyper Beam|p1a: Snorlax
|-damage|p1a: Snorlax|194\/523 par
|move|p1a: Snorlax|Self-Destruct|p2a: Tauros
|-damage|p2a: Tauros|25\/353
|faint|p1a: Snorlax
|
|switch|p1a: Lapras|Lapras|463\/463
|turn|71
|-mustrecharge|p2a: Tauros
|-mustrecharge|p2a: Tauros
|
|cant|p2a: Tauros|recharge
|move|p1a: Lapras|Thunderbolt|p2a: Tauros
|-damage|p2a: Tauros|0 fnt
|faint|p2a: Tauros
|
|switch|p2a: Lapras|Lapras|361\/463
|turn|72
|
|switch|p1a: Chansey|Chansey|703\/703 par
|move|p2a: Lapras|Sing|p1a: Chansey
|-fail|p1a: Chansey
|
|turn|73
|
|move|p2a: Lapras|Hyper Beam|p1a: Chansey
|-crit|p1a: Chansey
|-damage|p1a: Chansey|156\/703 par
|cant|p1a: Chansey|par
|
|turn|74
|-mustrecharge|p2a: Lapras
|-mustrecharge|p2a: Lapras
|
|cant|p2a: Lapras|recharge
|cant|p1a: Chansey|par
|
|turn|75
|c|+Disaster Area|X_X
|
|move|p2a: Lapras|Hyper Beam|p1a: Chansey
|-damage|p1a: Chansey|0 fnt
|faint|p1a: Chansey
|
|switch|p1a: Exeggutor|Exeggutor|393\/393
|turn|76
|J|Not Troller
|
|switch|p2a: Jolteon|Jolteon|233\/333 slp
|move|p1a: Exeggutor|Stun Spore|p2a: Jolteon|[miss]
|-miss|p1a: Exeggutor
|
|turn|77
|
|cant|p2a: Jolteon|slp
|move|p1a: Exeggutor|Psychic|p2a: Jolteon
|-crit|p2a: Jolteon
|-damage|p2a: Jolteon|0 fnt
|faint|p2a: Jolteon
|
|switch|p2a: Lapras|Lapras|361\/463
|turn|78
|
|move|p2a: Lapras|Blizzard|p1a: Exeggutor
|-crit|p1a: Exeggutor
|-supereffective|p1a: Exeggutor
|-damage|p1a: Exeggutor|0 fnt
|faint|p1a: Exeggutor
|
|switch|p1a: Lapras|Lapras|463\/463
|turn|79
|L|bad ass
|L|Da Raikage
|c|★Hack|LOCH NESS
|c|+bugzinator RC|GO
|c|+bugzinator RC|FOR SCOTLAND
|J|AUTUMN LEAVES
|
|move|p1a: Lapras|Thunderbolt|p2a: Lapras
|-supereffective|p2a: Lapras
|-damage|p2a: Lapras|219\/463
|move|p2a: Lapras|Sing|p1a: Lapras|[miss]
|-miss|p2a: Lapras
|
|turn|80
|
|move|p1a: Lapras|Thunderbolt|p2a: Lapras
|-crit|p2a: Lapras
|-supereffective|p2a: Lapras
|-damage|p2a: Lapras|0 fnt
|faint|p2a: Lapras
|
|win|Alexander
|c|★Hack|gg marco
|L|bugzinator RC
|L|Hack
|player|p2
|c|★Alexander|gg isa
|L|jacob
|L|Isa RC
|L|LT3Q Livio
|L|Alexander
|player|p1
|L|AUTUMN LEAVES
|L|spence
|J|spence