|J|Nails
|J|Tesung
|player|p1|Nails|282
|player|p2|Tesung|265
|gametype|singles
|gen|1
|tier|[Gen 1] OU
|seed|
|rule|Sleep Clause Mod: Limit one foe put to sleep
|rule|Freeze Clause Mod: Limit one foe frozen
|rule|Species Clause: Limit one of each Pokémon
|rule|OHKO Clause: OHKO moves are banned
|rule|Evasion Moves Clause: Evasion moves are banned
|rule|HP Percentage Mod: HP is shown in percentages
|
|start
|switch|p1a: Alakazam|Alakazam|100\/100
|switch|p2a: Jynx|Jynx|100\/100
|turn|1
|J|Illusio
|J|sugarhigh
|J|dekzeh
|L|sugarhigh
|J|kamisama_no49
|L|kamisama_no49
|J|Disenchanted
|choice||
|
|move|p1a: Alakazam|Seismic Toss|p2a: Jynx
|-damage|p2a: Jynx|70\/100
|move|p2a: Jynx|Lovely Kiss|p1a: Alakazam
|-status|p1a: Alakazam|slp
|
|turn|2
|J|craing
|choice||
|
|switch|p1a: Chansey|Chansey|100\/100
|move|p2a: Jynx|Blizzard|p1a: Chansey
|-damage|p1a: Chansey|83\/100
|
|turn|3
|L|craing
|choice||
|
|move|p2a: Jynx|Blizzard|p1a: Chansey
|-damage|p1a: Chansey|65\/100
|move|p1a: Chansey|Seismic Toss|p2a: Jynx
|-damage|p2a: Jynx|40\/100
|
|turn|4
|L|Disenchanted
|choice||
|
|move|p2a: Jynx|Blizzard|p1a: Chansey
|-damage|p1a: Chansey|45\/100
|move|p1a: Chansey|Seismic Toss|p2a: Jynx
|-damage|p2a: Jynx|10\/100
|
|turn|5
|choice||
|
|move|p2a: Jynx|Blizzard|p1a: Chansey
|-damage|p1a: Chansey|28\/100
|move|p1a: Chansey|Soft-Boiled|p1a: Chansey
|-heal|p1a: Chansey|77\/100
|
|turn|6
|choice||
|
|move|p2a: Jynx|Rest|p2a: Jynx
|-status|p2a: Jynx|slp
|-heal|p2a: Jynx|100\/100 slp|[silent]
|-status|p2a: Jynx|slp|[from] move: Rest
|move|p1a: Chansey|Soft-Boiled|p1a: Chansey
|-heal|p1a: Chansey|100\/100
|
|turn|7
|choice||
|
|switch|p1a: Exeggutor|Exeggutor|100\/100
|cant|p2a: Jynx|slp
|
|turn|8
|choice||
|
|-curestatus|p2a: Jynx|slp
|move|p1a: Exeggutor|Sleep Powder|p2a: Jynx
|-status|p2a: Jynx|slp
|
|turn|9
|choice||
|
|switch|p1a: Snorlax|Snorlax|100\/100
|cant|p2a: Jynx|slp
|
|turn|10
|choice||
|
|switch|p2a: Chansey|Chansey|100\/100
|move|p1a: Snorlax|Body Slam|p2a: Chansey
|-damage|p2a: Chansey|59\/100
|
|turn|11
|choice||
|
|move|p2a: Chansey|Soft-Boiled|p2a: Chansey
|-heal|p2a: Chansey|100\/100
|move|p1a: Snorlax|Amnesia|p1a: Snorlax
|-boost|p1a: Snorlax|spd|2
|-boost|p1a: Snorlax|spa|2
|
|turn|12
|choice||
|
|move|p2a: Chansey|Thunder Wave|p1a: Snorlax
|-status|p1a: Snorlax|par
|move|p1a: Snorlax|Amnesia|p1a: Snorlax
|-boost|p1a: Snorlax|spd|2
|-boost|p1a: Snorlax|spa|2
|
|turn|13
|choice||
|
|move|p2a: Chansey|Seismic Toss|p1a: Snorlax
|-damage|p1a: Snorlax|81\/100 par
|cant|p1a: Snorlax|par
|
|turn|14
|choice||
|
|move|p2a: Chansey|Seismic Toss|p1a: Snorlax
|-damage|p1a: Snorlax|62\/100 par
|move|p1a: Snorlax|Body Slam|p2a: Chansey
|-damage|p2a: Chansey|60\/100
|
|turn|15
|choice||
|
|move|p2a: Chansey|Soft-Boiled|p2a: Chansey
|-heal|p2a: Chansey|100\/100
|move|p1a: Snorlax|Amnesia|p1a: Snorlax
|-boost|p1a: Snorlax|spd|2
|-boost|p1a: Snorlax|spa|2
|
|turn|16
|choice||
|
|move|p2a: Chansey|Seismic Toss|p1a: Snorlax
|-damage|p1a: Snorlax|43\/100 par
|move|p1a: Snorlax|Blizzard|p2a: Chansey
|-damage|p2a: Chansey|62\/100
|-status|p2a: Chansey|frz
|
|turn|17
|c|★Nails|ah..
|c|★Tesung|RIP
|choice||
|
|switch|p2a: Snorlax|Snorlax|100\/100
|move|p1a: Snorlax|Blizzard|p2a: Snorlax
|-damage|p2a: Snorlax|32\/100
|
|turn|18
|c|★Nails|dmg
|J|el dog de dog
|choice||
|
|switch|p1a: Chansey|Chansey|100\/100
|move|p2a: Snorlax|Body Slam|p1a: Chansey
|-damage|p1a: Chansey|59\/100
|
|turn|19
|choice||
|
|move|p1a: Chansey|Reflect|p1a: Chansey
|-start|p1a: Chansey|Reflect
|move|p2a: Snorlax|Self-Destruct|p1a: Chansey
|-damage|p1a: Chansey|0 fnt
|faint|p1a: Chansey
|faint|p2a: Snorlax
|choice||
|
|switch|p2a: Starmie|Starmie|100\/100
|switch|p1a: Exeggutor|Exeggutor|100\/100
|turn|20
|choice||
|
|switch|p2a: Chansey|Chansey|62\/100 frz
|move|p1a: Exeggutor|Stun Spore|p2a: Chansey|[miss]
|-miss|p1a: Exeggutor
|
|turn|21
|c|★Tesung|-
|choice||
|
|switch|p1a: Snorlax|Snorlax|43\/100 par
|switch|p2a: Jynx|Jynx|100\/100 slp
|
|turn|22
|choice||
|
|switch|p2a: Zapdos|Zapdos|100\/100
|move|p1a: Snorlax|Rest|p1a: Snorlax
|-status|p1a: Snorlax|slp
|-heal|p1a: Snorlax|100\/100 slp|[silent]
|-status|p1a: Snorlax|slp|[from] move: Rest
|
|turn|23
|choice||
|
|switch|p1a: Exeggutor|Exeggutor|100\/100
|move|p2a: Zapdos|Thunderbolt|p1a: Exeggutor
|-resisted|p1a: Exeggutor
|-damage|p1a: Exeggutor|86\/100
|
|turn|24
|choice||
|
|switch|p2a: Jynx|Jynx|100\/100 slp
|move|p1a: Exeggutor|Stun Spore|p2a: Jynx|[miss]
|-miss|p1a: Exeggutor
|
|turn|25
|choice||
|
|switch|p1a: Tauros|Tauros|100\/100
|cant|p2a: Jynx|slp
|
|turn|26
|choice||
|
|switch|p2a: Starmie|Starmie|100\/100
|move|p1a: Tauros|Body Slam|p2a: Starmie
|-damage|p2a: Starmie|67\/100
|
|turn|27
|choice||
|
|switch|p1a: Alakazam|Alakazam|100\/100 slp
|move|p2a: Starmie|Thunder Wave|p1a: Alakazam
|-fail|p1a: Alakazam
|
|turn|28
|choice||
|
|switch|p1a: KEVINHAHNREI|Zapdos|100\/100
|move|p2a: Starmie|Recover|p2a: Starmie
|-heal|p2a: Starmie|100\/100
|
|turn|29
|choice||
|
|switch|p1a: Alakazam|Alakazam|100\/100 slp
|move|p2a: Starmie|Thunder Wave|p1a: Alakazam
|-fail|p1a: Alakazam
|
|turn|30
|choice||
|
|switch|p2a: Tauros|Tauros|100\/100
|cant|p1a: Alakazam|slp
|
|turn|31
|choice||
|
|switch|p1a: Exeggutor|Exeggutor|86\/100
|move|p2a: Tauros|Body Slam|p1a: Exeggutor
|-damage|p1a: Exeggutor|57\/100
|
|turn|32
|choice||
|
|switch|p2a: Jynx|Jynx|100\/100 slp
|move|p1a: Exeggutor|Stun Spore|p2a: Jynx
|-fail|p2a: Jynx
|
|turn|33
|choice||
|
|switch|p2a: Chansey|Chansey|62\/100 frz
|switch|p1a: Tauros|Tauros|100\/100
|
|turn|34
|choice||
|
|switch|p2a: Starmie|Starmie|100\/100
|move|p1a: Tauros|Body Slam|p2a: Starmie
|-damage|p2a: Starmie|66\/100
|
|turn|35
|choice||
|
|move|p2a: Starmie|Recover|p2a: Starmie
|-heal|p2a: Starmie|100\/100
|move|p1a: Tauros|Body Slam|p2a: Starmie
|-crit|p2a: Starmie
|-damage|p2a: Starmie|32\/100
|-status|p2a: Starmie|par
|
|turn|36
|c|★Nails|nice..
|c|★Tesung|gg
|choice||
|
|move|p1a: Tauros|Body Slam|p2a: Starmie
|-crit|p2a: Starmie
|-damage|p2a: Starmie|0 fnt
|faint|p2a: Starmie
|J|IBIREVER
|choice||
|
|switch|p2a: Tauros|Tauros|100\/100
|turn|37
|J|TDK
|choice||
|
|move|p2a: Tauros|Blizzard|p1a: Tauros
|-crit|p1a: Tauros
|-damage|p1a: Tauros|50\/100
|move|p1a: Tauros|Body Slam|p2a: Tauros
|-damage|p2a: Tauros|69\/100
|
|turn|38
|choice||
|
|move|p2a: Tauros|Hyper Beam|p1a: Tauros
|-crit|p1a: Tauros
|-damage|p1a: Tauros|0 fnt
|faint|p1a: Tauros
|choice||
|
|switch|p1a: KEVINHAHNREI|Zapdos|100\/100
|turn|39
|choice||
|
|move|p2a: Tauros|Body Slam|p1a: KEVINHAHNREI
|-damage|p1a: KEVINHAHNREI|69\/100
|move|p1a: KEVINHAHNREI|Thunder Wave|p2a: Tauros
|-status|p2a: Tauros|par
|
|turn|40
|choice||
|
|move|p1a: KEVINHAHNREI|Thunderbolt|p2a: Tauros
|-damage|p2a: Tauros|26\/100 par
|move|p2a: Tauros|Body Slam|p1a: KEVINHAHNREI
|-damage|p1a: KEVINHAHNREI|39\/100
|-status|p1a: KEVINHAHNREI|par
|
|turn|41
|choice||
|
|move|p2a: Tauros|Hyper Beam|p1a: KEVINHAHNREI
|-damage|p1a: KEVINHAHNREI|0 fnt
|faint|p1a: KEVINHAHNREI
|choice||
|
|switch|p1a: Exeggutor|Exeggutor|57\/100
|turn|42
|choice||
|
|switch|p2a: Jynx|Jynx|100\/100 slp
|move|p1a: Exeggutor|Psychic|p2a: Jynx
|-resisted|p2a: Jynx
|-damage|p2a: Jynx|81\/100 slp
|-unboost|p2a: Jynx|spd|1
|-unboost|p2a: Jynx|spa|1
|
|turn|43
|choice||
|
|-curestatus|p2a: Jynx|slp
|move|p1a: Exeggutor|Psychic|p2a: Jynx
|-resisted|p2a: Jynx
|-damage|p2a: Jynx|54\/100
|-unboost|p2a: Jynx|spd|1
|-unboost|p2a: Jynx|spa|1
|
|turn|44
|choice||
|
|switch|p2a: Chansey|Chansey|62\/100 frz
|switch|p1a: Snorlax|Snorlax|100\/100 slp
|
|turn|45
|choice||
|
|switch|p2a: Jynx|Jynx|54\/100
|cant|p1a: Snorlax|slp
|
|turn|46
|choice||
|
|move|p2a: Jynx|Psychic|p1a: Snorlax
|-damage|p1a: Snorlax|76\/100 slp
|-unboost|p1a: Snorlax|spd|1
|-unboost|p1a: Snorlax|spa|1
|-curestatus|p1a: Snorlax|slp
|
|turn|47
|choice||
|
|move|p2a: Jynx|Blizzard|p1a: Snorlax|[miss]
|-miss|p2a: Jynx
|move|p1a: Snorlax|Amnesia|p1a: Snorlax
|-boost|p1a: Snorlax|spd|2
|-boost|p1a: Snorlax|spa|2
|
|turn|48
|choice||
|
|switch|p2a: Chansey|Chansey|62\/100 frz
|move|p1a: Snorlax|Body Slam|p2a: Chansey
|-damage|p2a: Chansey|20\/100 frz
|
|turn|49
|choice||
|
|switch|p2a: Zapdos|Zapdos|100\/100
|move|p1a: Snorlax|Amnesia|p1a: Snorlax
|-boost|p1a: Snorlax|spd|2
|-boost|p1a: Snorlax|spa|2
|
|turn|50
|choice||
|
|move|p2a: Zapdos|Thunder|p1a: Snorlax
|-crit|p1a: Snorlax
|-damage|p1a: Snorlax|0 fnt
|faint|p1a: Snorlax
|c|★Tesung|LOL
|choice||
|
|switch|p1a: Alakazam|Alakazam|100\/100 slp
|turn|51
|choice||
|
|cant|p1a: Alakazam|slp
|move|p2a: Zapdos|Drill Peck|p1a: Alakazam
|-damage|p1a: Alakazam|55\/100 slp
|
|turn|52
|choice||
|
|cant|p1a: Alakazam|slp
|move|p2a: Zapdos|Agility|p2a: Zapdos
|-boost|p2a: Zapdos|spe|2
|
|turn|53
|choice||
|
|move|p2a: Zapdos|Thunderbolt|p1a: Alakazam
|-damage|p1a: Alakazam|22\/100 slp
|cant|p1a: Alakazam|slp
|
|turn|54
|c|★Nails|g_g
|c|★Nails|i think u usually drop agility for thunder
|c|★Nails|but i dunno
|choice||
|
|move|p2a: Zapdos|Thunderbolt|p1a: Alakazam
|-damage|p1a: Alakazam|0 fnt
|faint|p1a: Alakazam
|c|★Tesung|idk
|choice||
|
|switch|p1a: Exeggutor|Exeggutor|57\/100
|turn|55
|c|★Tesung|anti gave me the team
|c|★Tesung|g
|c|★Tesung|g
|choice||
|
|move|p2a: Zapdos|Drill Peck|p1a: Exeggutor
|-supereffective|p1a: Exeggutor
|-damage|p1a: Exeggutor|6\/100
|move|p1a: Exeggutor|Sleep Powder|p2a: Zapdos
|-status|p2a: Zapdos|slp
|
|turn|56
|choice||
|
|cant|p2a: Zapdos|slp
|move|p1a: Exeggutor|Psychic|p2a: Zapdos
|-damage|p2a: Zapdos|74\/100 slp
|-unboost|p2a: Zapdos|spd|1
|-unboost|p2a: Zapdos|spa|1
|
|turn|57
|L|TDK
|choice||
|
|switch|p2a: Chansey|Chansey|20\/100 frz
|move|p1a: Exeggutor|Psychic|p2a: Chansey
|-damage|p2a: Chansey|1\/100 frz
|-unboost|p2a: Chansey|spd|1
|-unboost|p2a: Chansey|spa|1
|
|turn|58
|choice||
|
|move|p1a: Exeggutor|Psychic|p2a: Chansey
|-damage|p2a: Chansey|0 fnt
|faint|p2a: Chansey
|choice||
|
|switch|p2a: Jynx|Jynx|54\/100
|turn|59
|choice||
|
|move|p2a: Jynx|Psychic|p1a: Exeggutor
|-resisted|p1a: Exeggutor
|-damage|p1a: Exeggutor|0 fnt
|faint|p1a: Exeggutor
|
|win|Tesung