|J|Earthworm
|J|Dice
|player|p1|Earthworm|1
|player|p2|Dice|134
|gametype|singles
|gen|1
|tier|[Gen 1] OU
|seed|
|rule|Sleep Clause Mod: Limit one foe put to sleep
|rule|Freeze Clause Mod: Limit one foe frozen
|rule|Species Clause: Limit one of each Pokémon
|rule|OHKO Clause: OHKO moves are banned
|rule|Evasion Moves Clause: Evasion moves are banned
|rule|HP Percentage Mod: HP is shown in percentages
|
|start
|switch|p1a: Hypno|Hypno|100\/100
|switch|p2a: Starmie|Starmie|100\/100
|turn|1
|J|iplaytennislol
|J|smurfer
|L|iplaytennislol
|choice||
|
|move|p2a: Starmie|Thunder Wave|p1a: Hypno
|-status|p1a: Hypno|par
|move|p1a: Hypno|Hypnosis|p2a: Starmie
|-status|p2a: Starmie|slp
|
|turn|2
|choice||
|
|switch|p1a: Snorlax|Snorlax|100\/100
|cant|p2a: Starmie|slp
|
|turn|3
|L|smurfer
|choice||
|
|switch|p2a: Golem|Golem|100\/100
|move|p1a: Snorlax|Body Slam|p2a: Golem
|-resisted|p2a: Golem
|-damage|p2a: Golem|88\/100
|
|turn|4
|choice||
|
|switch|p1a: Exeggutor|Exeggutor|100\/100
|move|p2a: Golem|Body Slam|p1a: Exeggutor
|-damage|p1a: Exeggutor|81\/100
|
|turn|5
|choice||
|
|switch|p2a: Exeggutor|Exeggutor|100\/100
|move|p1a: Exeggutor|Psychic|p2a: Exeggutor
|-crit|p2a: Exeggutor
|-resisted|p2a: Exeggutor
|-damage|p2a: Exeggutor|76\/100
|
|turn|6
|choice||
|
|switch|p1a: Hypno|Hypno|100\/100 par
|move|p2a: Exeggutor|Psychic|p1a: Hypno
|-resisted|p1a: Hypno
|-damage|p1a: Hypno|86\/100 par
|-unboost|p1a: Hypno|spd|1
|-unboost|p1a: Hypno|spa|1
|
|turn|7
|choice||
|
|move|p2a: Exeggutor|Psychic|p1a: Hypno
|-crit|p1a: Hypno
|-resisted|p1a: Hypno
|-damage|p1a: Hypno|59\/100 par
|-unboost|p1a: Hypno|spd|1
|-unboost|p1a: Hypno|spa|1
|cant|p1a: Hypno|par
|
|turn|8
|choice||
|
|move|p2a: Exeggutor|Psychic|p1a: Hypno
|-resisted|p1a: Hypno
|-damage|p1a: Hypno|29\/100 par
|move|p1a: Hypno|Thunder Wave|p2a: Exeggutor
|-status|p2a: Exeggutor|par
|
|turn|9
|choice||
|
|move|p2a: Exeggutor|Psychic|p1a: Hypno
|-resisted|p1a: Hypno
|-damage|p1a: Hypno|0 fnt
|faint|p1a: Hypno
|choice||
|
|switch|p1a: Starmie|Starmie|100\/100
|turn|10
|choice||
|
|switch|p2a: Starmie|Starmie|100\/100 slp
|move|p1a: Starmie|Blizzard|p2a: Starmie
|-crit|p2a: Starmie
|-resisted|p2a: Starmie
|-damage|p2a: Starmie|74\/100 slp
|
|turn|11
|choice||
|
|switch|p2a: Snorlax|Snorlax|100\/100
|move|p1a: Starmie|Blizzard|p2a: Snorlax
|-damage|p2a: Snorlax|75\/100
|
|turn|12
|choice||
|
|move|p1a: Starmie|Thunder Wave|p2a: Snorlax
|-status|p2a: Snorlax|par
|move|p2a: Snorlax|Body Slam|p1a: Starmie
|-damage|p1a: Starmie|64\/100
|
|turn|13
|choice||
|
|switch|p1a: Snorlax|Snorlax|100\/100
|move|p2a: Snorlax|Body Slam|p1a: Snorlax
|-damage|p1a: Snorlax|75\/100
|
|turn|14
|choice||
|
|switch|p2a: Golem|Golem|88\/100
|move|p1a: Snorlax|Earthquake|p2a: Golem
|-supereffective|p2a: Golem
|-damage|p2a: Golem|50\/100
|
|turn|15
|choice||
|
|switch|p1a: Exeggutor|Exeggutor|81\/100
|move|p2a: Golem|Body Slam|p1a: Exeggutor
|-damage|p1a: Exeggutor|60\/100
|
|turn|16
|choice||
|
|switch|p2a: Exeggutor|Exeggutor|76\/100 par
|move|p1a: Exeggutor|Psychic|p2a: Exeggutor
|-crit|p2a: Exeggutor
|-resisted|p2a: Exeggutor
|-damage|p2a: Exeggutor|49\/100 par
|-unboost|p2a: Exeggutor|spd|1
|-unboost|p2a: Exeggutor|spa|1
|
|turn|17
|choice||
|
|move|p1a: Exeggutor|Psychic|p2a: Exeggutor
|-resisted|p2a: Exeggutor
|-damage|p2a: Exeggutor|28\/100 par
|move|p2a: Exeggutor|Sleep Powder|p1a: Exeggutor
|-status|p1a: Exeggutor|slp
|
|turn|18
|choice||
|
|switch|p2a: Tauros|Tauros|100\/100
|cant|p1a: Exeggutor|slp
|
|turn|19
|choice||
|
|move|p2a: Tauros|Body Slam|p1a: Exeggutor
|-crit|p1a: Exeggutor
|-damage|p1a: Exeggutor|9\/100 slp
|cant|p1a: Exeggutor|slp
|
|turn|20
|choice||
|
|move|p2a: Tauros|Body Slam|p1a: Exeggutor
|-damage|p1a: Exeggutor|0 fnt
|faint|p1a: Exeggutor
|choice||
|
|switch|p1a: Tauros|Tauros|100\/100
|turn|21
|choice||
|
|move|p1a: Tauros|Body Slam|p2a: Tauros
|-damage|p2a: Tauros|72\/100
|move|p2a: Tauros|Body Slam|p1a: Tauros
|-damage|p1a: Tauros|71\/100
|
|turn|22
|choice||
|
|move|p2a: Tauros|Body Slam|p1a: Tauros
|-damage|p1a: Tauros|43\/100
|move|p1a: Tauros|Body Slam|p2a: Tauros
|-crit|p2a: Tauros
|-damage|p2a: Tauros|12\/100
|
|turn|23
|choice||
|
|switch|p1a: Chansey|Chansey|100\/100
|move|p2a: Tauros|Hyper Beam|p1a: Chansey|[miss]
|-miss|p2a: Tauros
|
|turn|24
|choice||
|
|switch|p2a: Snorlax|Snorlax|75\/100 par
|move|p1a: Chansey|Ice Beam|p2a: Snorlax
|-damage|p2a: Snorlax|56\/100 par
|
|turn|25
|choice||
|
|switch|p1a: Snorlax|Snorlax|75\/100
|move|p2a: Snorlax|Body Slam|p1a: Snorlax
|-damage|p1a: Snorlax|49\/100
|
|turn|26
|choice||
|
|move|p1a: Snorlax|Headbutt|p2a: Snorlax
|-damage|p2a: Snorlax|33\/100 par
|cant|p2a: Snorlax|flinch
|
|turn|27
|choice||
|
|switch|p2a: Golem|Golem|50\/100
|move|p1a: Snorlax|Earthquake|p2a: Golem
|-supereffective|p2a: Golem
|-damage|p2a: Golem|12\/100
|
|turn|28
|choice||
|
|switch|p1a: Starmie|Starmie|64\/100
|move|p2a: Golem|Explosion|p1a: Starmie
|-damage|p1a: Starmie|0 fnt
|faint|p1a: Starmie
|faint|p2a: Golem
|choice||
|
|switch|p1a: Tauros|Tauros|43\/100
|switch|p2a: Lapras|Lapras|100\/100
|turn|29
|choice||
|
|switch|p1a: Chansey|Chansey|100\/100
|move|p2a: Lapras|Blizzard|p1a: Chansey
|-damage|p1a: Chansey|82\/100
|
|turn|30
|choice||
|
|move|p2a: Lapras|Confuse Ray|p1a: Chansey
|-start|p1a: Chansey|confusion
|-activate|p1a: Chansey|confusion
|move|p1a: Chansey|Ice Beam|p2a: Lapras
|-resisted|p2a: Lapras
|-damage|p2a: Lapras|96\/100
|
|turn|31
|choice||
|
|switch|p2a: Snorlax|Snorlax|33\/100 par
|-activate|p1a: Chansey|confusion
|move|p1a: Chansey|Thunder Wave|p2a: Snorlax
|-fail|p2a: Snorlax|par
|
|turn|32
|choice||
|
|-end|p1a: Chansey|confusion
|move|p1a: Chansey|Ice Beam|p2a: Snorlax
|-damage|p2a: Snorlax|12\/100 par
|move|p2a: Snorlax|Self-Destruct|p1a: Chansey
|-damage|p1a: Chansey|0 fnt
|faint|p1a: Chansey
|faint|p2a: Snorlax
|choice||
|
|switch|p2a: Exeggutor|Exeggutor|28\/100 par
|switch|p1a: Snorlax|Snorlax|49\/100
|turn|33
|choice||
|
|move|p1a: Snorlax|Body Slam|p2a: Exeggutor
|-crit|p2a: Exeggutor
|-damage|p2a: Exeggutor|0 fnt
|faint|p2a: Exeggutor
|choice||
|
|switch|p2a: Tauros|Tauros|12\/100
|turn|34
|choice||
|
|move|p2a: Tauros|Hyper Beam|p1a: Snorlax
|-damage|p1a: Snorlax|7\/100
|move|p1a: Snorlax|Body Slam|p2a: Tauros
|-damage|p2a: Tauros|0 fnt
|faint|p2a: Tauros
|choice||
|
|switch|p2a: Lapras|Lapras|96\/100
|turn|35
|choice||
|
|switch|p1a: Tauros|Tauros|43\/100
|move|p2a: Lapras|Body Slam|p1a: Tauros
|-crit|p1a: Tauros
|-damage|p1a: Tauros|8\/100
|
|turn|36
|choice||
|
|move|p1a: Tauros|Body Slam|p2a: Lapras
|-damage|p2a: Lapras|71\/100
|move|p2a: Lapras|Body Slam|p1a: Tauros
|-damage|p1a: Tauros|0 fnt
|faint|p1a: Tauros
|choice||
|
|switch|p1a: Snorlax|Snorlax|7\/100
|turn|37
|choice||
|
|move|p2a: Lapras|Body Slam|p1a: Snorlax
|-damage|p1a: Snorlax|0 fnt
|faint|p1a: Snorlax
|
|win|Dice