|J|Kushalos
|J|teal6
|player|p1|Kushalos|34
|player|p2|teal6|101
|gametype|singles
|gen|1
|tier|[Gen 1] OU
|seed|30038,8464,46376,53320
|rule|Sleep Clause Mod: Limit one foe put to sleep
|rule|Freeze Clause Mod: Limit one foe frozen
|rule|Species Clause: Limit one of each Pokémon
|rule|OHKO Clause: OHKO moves are banned
|rule|Evasion Moves Clause: Evasion moves are banned
|rule|HP Percentage Mod: HP is shown in percentages
|
|start
|switch|p1a: IsGar|Gengar|323\/323
|switch|p2a: Jynx|Jynx|333\/333
|turn|1
|J|atomicllamas
|c|%atomicllamas|is this tour 2 games
|c|%atomicllamas|iirc?
|choice|move 4|move 2
|
|move|p1a: IsGar|Hypnosis|p2a: Jynx|[miss]
|-miss|p1a: IsGar
|move|p2a: Jynx|Lovely Kiss|p1a: IsGar|[miss]
|-miss|p2a: Jynx
|
|turn|2
|c|★Kushalos|yeah
|c|★teal6|yeah you play "home and away"
|c|★teal6|this is week 5 so my 10th game total
|J|Slurmz
|c|★teal6|err
|J|choollio
|c|%atomicllamas|ahh okay
|c|★Kushalos|also llamas 49
|c|★Kushalos|wants to record
|c|★teal6|like way more than that
|c|%atomicllamas|okay
|c|★Kushalos|but he has to poop
|choice|move 4|move 2
|
|move|p1a: IsGar|Hypnosis|p2a: Jynx|[miss]
|-miss|p1a: IsGar
|move|p2a: Jynx|Lovely Kiss|p1a: IsGar
|-status|p1a: IsGar|slp
|
|turn|3
|c|%atomicllamas|well tell him to poop now?
|c|★teal6|when u guys playing
|c|★Kushalos|standard 49
|choice|switch 6|move 4
|
|switch|p1a: Chansey|Chansey|703\/703
|move|p2a: Jynx|Blizzard|p1a: Chansey|[miss]
|-miss|p2a: Jynx
|
|turn|4
|c|%atomicllamas|after this
|choice|move 4|move 4
|
|move|p2a: Jynx|Blizzard|p1a: Chansey
|-damage|p1a: Chansey|575\/703
|move|p1a: Chansey|Thunder Wave|p2a: Jynx
|-status|p2a: Jynx|par
|
|turn|5
|c|+Slurmz|someone
|c|+Slurmz|rby me
|choice|move 1|move 4
|
|move|p1a: Chansey|Thunderbolt|p2a: Jynx
|-damage|p2a: Jynx|258\/333 par
|move|p2a: Jynx|Blizzard|p1a: Chansey
|-crit|p1a: Chansey
|-damage|p1a: Chansey|334\/703
|
|turn|6
|c|+Slurmz|after
|c|+Slurmz|:o
|choice|move 2|move 4
|
|move|p1a: Chansey|Soft-Boiled|p1a: Chansey
|-heal|p1a: Chansey|685\/703
|move|p2a: Jynx|Blizzard|p1a: Chansey
|-damage|p1a: Chansey|541\/703
|-status|p1a: Chansey|frz
|
|turn|7
|c|★Kushalos|dont frz pls
|c|★Kushalos|:[
|c|%atomicllamas|gottem
|c|★Kushalos|I SHOULD STOP
|c|★Kushalos|JYNXING IT
|c|★Kushalos|HAHA
|c|★Kushalos|OMG
|c|%atomicllamas|-
|c|★Kushalos|IM SO FUNNY
|c|★teal6|you cant leave ur chansey in on a bunch of blizzards haha
|choice|switch 4|move 1
|
|switch|p1a: Starmie|Starmie|323\/323
|move|p2a: Jynx|Psychic|p1a: Starmie
|-resisted|p1a: Starmie
|-damage|p1a: Starmie|271\/323
|
|turn|8
|choice|move 1|move 1
|
|move|p1a: Starmie|Thunderbolt|p2a: Jynx
|-crit|p2a: Jynx
|-damage|p2a: Jynx|107\/333 par
|move|p2a: Jynx|Psychic|p1a: Starmie
|-resisted|p1a: Starmie
|-damage|p1a: Starmie|217\/323
|
|turn|9
|c|★Kushalos|dude idk i dont play this shit
|c|★teal6|haha
|c|+choollio|freeze is broken
|choice|move 3|move 3
|
|move|p1a: Starmie|Recover|p1a: Starmie
|-heal|p1a: Starmie|323\/323
|cant|p2a: Jynx|par
|
|turn|10
|c|★teal6|fair enough
|c|+choollio|only para starmie
|choice|move 1|move 3
|
|move|p1a: Starmie|Thunderbolt|p2a: Jynx
|-damage|p2a: Jynx|32\/333 par
|move|p2a: Jynx|Rest|p2a: Jynx
|-status|p2a: Jynx|slp
|-heal|p2a: Jynx|333\/333 slp|[silent]
|-status|p2a: Jynx|slp|[from] move: Rest
|
|turn|11
|c|+choollio|ch hb with tauros to win
|c|★Kushalos|omg
|c|+choollio|gg
|c|★Kushalos|it has that
|c|★Kushalos|why
|choice|move 4|switch 2
|
|switch|p2a: Zapdos|Zapdos|383\/383
|move|p1a: Starmie|Thunder Wave|p2a: Zapdos
|-status|p2a: Zapdos|par
|
|turn|12
|c|★teal6|helps is beat chansey
|choice|switch 2|move 2
|
|switch|p1a: Exeggutor|Exeggutor|393\/393
|move|p2a: Zapdos|Agility|p2a: Zapdos
|-boost|p2a: Zapdos|spe|2
|
|turn|13
|choice|move 2|move 3
|
|move|p2a: Zapdos|Drill Peck|p1a: Exeggutor
|-crit|p1a: Exeggutor
|-supereffective|p1a: Exeggutor
|-damage|p1a: Exeggutor|22\/393
|move|p1a: Exeggutor|Psychic|p2a: Zapdos
|-damage|p2a: Zapdos|270\/383 par
|
|turn|14
|choice|switch 3|move 3
|
|switch|p1a: Snorlax|Snorlax|523\/523
|move|p2a: Zapdos|Drill Peck|p1a: Snorlax
|-crit|p1a: Snorlax
|-damage|p1a: Snorlax|300\/523
|
|turn|15
|choice|move 2|move 3
|
|move|p2a: Zapdos|Drill Peck|p1a: Snorlax
|-damage|p1a: Snorlax|186\/523
|move|p1a: Snorlax|Counter|p2a: Zapdos
|-fail|p1a: Snorlax
|
|turn|16
|c|+choollio|counter
|c|%atomicllamas|only
|c|★Kushalos|wtf
|c|+choollio|only counters normal n fighting
|c|★teal6|only fighting or normal moves
|c|%atomicllamas|normal \/ fight
|c|+Slurmz|loooooooooooooooooooool
|c|★Kushalos|o
|c|%atomicllamas|LOL
|c|★Kushalos|wtf
|c|+Slurmz|LOL
|c|★Kushalos|useless
|choice|move 4|move 3
|
|move|p2a: Zapdos|Drill Peck|p1a: Snorlax
|-crit|p1a: Snorlax
|-damage|p1a: Snorlax|0 fnt
|faint|p1a: Snorlax
|c|+choollio|also agility cancels twaves speed drop too js o_o
|c|★Kushalos|now he crits
|c|★Kushalos|gr8
|c|+choollio|but u can still fp
|c|★teal6|its cuz im way faster than lax at the moment
|choice|switch 5|
|
|switch|p1a: Tauros|Tauros|353\/353
|turn|17
|choice|move 1|move 4
|
|cant|p2a: Zapdos|par
|move|p1a: Tauros|Body Slam|p2a: Zapdos
|-damage|p2a: Zapdos|150\/383 par
|
|turn|18
|choice|move 4|move 4
|
|move|p2a: Zapdos|Thunder Wave|p1a: Tauros
|-status|p1a: Tauros|par
|move|p1a: Tauros|Hyper Beam|p2a: Zapdos
|-crit|p2a: Zapdos
|-damage|p2a: Zapdos|0 fnt
|faint|p2a: Zapdos
|choice||switch 4
|
|switch|p2a: Snorlax|Snorlax|523\/523
|turn|19
|c|★Kushalos|this tier is ass
|c|★teal6|lol
|choice|move 3|move 1
|
|move|p2a: Snorlax|Body Slam|p1a: Tauros
|-damage|p1a: Tauros|249\/353 par
|move|p1a: Tauros|Blizzard|p2a: Snorlax
|-damage|p2a: Snorlax|421\/523
|
|turn|20
|choice|move 3|move 1
|
|move|p2a: Snorlax|Body Slam|p1a: Tauros
|-damage|p1a: Tauros|138\/353 par
|move|p1a: Tauros|Blizzard|p2a: Snorlax
|-damage|p2a: Snorlax|315\/523
|
|turn|21
|c|★Kushalos|gimme
|c|★Kushalos|frz
|choice|switch 2|move 3
|
|switch|p1a: Starmie|Starmie|323\/323
|move|p2a: Snorlax|Hyper Beam|p1a: Starmie
|-damage|p1a: Starmie|126\/323
|
|turn|22
|-mustrecharge|p2a: Snorlax
|-mustrecharge|p2a: Snorlax
|choice|move 2|move 1
|
|move|p1a: Starmie|Blizzard|p2a: Snorlax
|-damage|p2a: Snorlax|186\/523
|cant|p2a: Snorlax|recharge
|
|turn|23
|choice|move 3|move 4
|
|move|p1a: Starmie|Recover|p1a: Starmie
|-heal|p1a: Starmie|287\/323
|move|p2a: Snorlax|Self-Destruct|p1a: Starmie
|-damage|p1a: Starmie|0 fnt
|faint|p1a: Starmie
|faint|p2a: Snorlax
|choice|switch 6|switch 3
|
|switch|p2a: Tauros|Tauros|353\/353
|switch|p1a: IsGar|Gengar|323\/323 slp
|turn|24
|choice|move 4|move 3
|
|cant|p1a: IsGar|slp
|move|p2a: Tauros|Earthquake|p1a: IsGar
|-crit|p1a: IsGar
|-supereffective|p1a: IsGar
|-damage|p1a: IsGar|0 fnt
|faint|p1a: IsGar
|J|ggggd
|c|★Kushalos|im just gonna click x this isnt even funny anymore
|-message|Kushalos forfeited.
|
|win|teal6