|inactive|Battle timer is ON: inactive players will automatically lose when time's up.
|J|Disenchanted
|J|hodor
|player|p1|Disenchanted|8
|player|p2|hodor|265
|gametype|singles
|gen|1
|tier|[Gen 1] Challenge Cup
|seed|47374,24158,29517,45836
|rule|Sleep Clause Mod: Limit one foe put to sleep
|rule|Freeze Clause Mod: Limit one foe frozen
|rule|HP Percentage Mod: HP is shown in percentages
|
|start
|switch|p1a: Lickitung|Lickitung, L74|276\/276
|switch|p2a: Kingler|Kingler, L69|204\/204
|turn|1
|choice|move 4|move 4
|
|move|p2a: Kingler|Take Down|p1a: Lickitung
|-damage|p1a: Lickitung|208\/276
|-damage|p2a: Kingler|187\/204|[from] recoil|[of] p1a: Lickitung
|move|p1a: Lickitung|Thunderbolt|p2a: Kingler
|-supereffective|p2a: Kingler
|-damage|p2a: Kingler|50\/204
|
|turn|2
|c|★hodor|damn strong lickitung
|c|★Disenchanted|yea
|c|★Disenchanted|i thought this would do a lot less than it did
|J|oml it's too ez
|choice|move 3|switch 6
|
|switch|p2a: Rhyhorn|Rhyhorn, L76|258\/258
|move|p1a: Lickitung|Substitute|p1a: Lickitung
|-start|p1a: Lickitung|Substitute
|-damage|p1a: Lickitung|139\/276
|
|turn|3
|choice|move 1|move 1
|
|move|p1a: Lickitung|Earthquake|p2a: Rhyhorn
|-supereffective|p2a: Rhyhorn
|-damage|p2a: Rhyhorn|176\/258
|move|p2a: Rhyhorn|Body Slam|p1a: Lickitung
|-activate|p1a: Lickitung|Substitute|[damage]
|
|turn|4
|c|★Disenchanted|lure tung
|c|★Disenchanted|yn
|c|★hodor|this is silly
|c|★hodor|that thing is supereffective
|c|★hodor|against my whole team
|choice|move 1|move 1
|
|move|p1a: Lickitung|Earthquake|p2a: Rhyhorn
|-supereffective|p2a: Rhyhorn
|-damage|p2a: Rhyhorn|93\/258
|move|p2a: Rhyhorn|Body Slam|p1a: Lickitung
|-end|p1a: Lickitung|Substitute
|
|turn|5
|choice|move 3|move 3
|
|move|p1a: Lickitung|Substitute|p1a: Lickitung
|-start|p1a: Lickitung|Substitute
|-damage|p1a: Lickitung|70\/276
|move|p2a: Rhyhorn|Double-Edge|p1a: Lickitung
|-activate|p1a: Lickitung|Substitute|[damage]
|-damage|p2a: Rhyhorn|78\/258|[from] recoil|[of] p1a: Lickitung
|
|turn|6
|c|★Disenchanted|lol
|choice|move 1|move 3
|
|move|p1a: Lickitung|Earthquake|p2a: Rhyhorn
|-supereffective|p2a: Rhyhorn
|-damage|p2a: Rhyhorn|0 fnt
|faint|p2a: Rhyhorn
|J|EG Posho
|choice||switch 4
|
|switch|p2a: Fearow|Fearow, L70|227\/227
|turn|7
|choice|move 4|move 4
|
|move|p2a: Fearow|Swift|p1a: Lickitung
|-end|p1a: Lickitung|Substitute
|move|p1a: Lickitung|Thunderbolt|p2a: Fearow
|-supereffective|p2a: Fearow
|-damage|p2a: Fearow|107\/227
|
|turn|8
|choice|switch 4|move 4
|
|switch|p1a: Lapras|Lapras, L65|290\/290
|move|p2a: Fearow|Swift|p1a: Lapras
|-damage|p1a: Lapras|224\/290
|
|turn|9
|choice|move 1|switch 3
|
|switch|p2a: Squirtle|Squirtle, L79|221\/221
|move|p1a: Lapras|Thunder|p2a: Squirtle
|-supereffective|p2a: Squirtle
|-damage|p2a: Squirtle|80\/221
|
|turn|10
|c|★hodor|NOoooooooooooooooo
|choice|move 1|move 2
|
|move|p1a: Lapras|Thunder|p2a: Squirtle
|-supereffective|p2a: Squirtle
|-damage|p2a: Squirtle|0 fnt
|faint|p2a: Squirtle
|c|★Disenchanted|porr squirtle
|choice||switch 2
|
|switch|p2a: Nidorino|Nidorino, L75|244\/244
|turn|11
|c|★Disenchanted|poor*
|choice|move 2|move 3
|
|move|p2a: Nidorino|Toxic|p1a: Lapras
|-status|p1a: Lapras|tox
|move|p1a: Lapras|Psychic|p2a: Nidorino
|-supereffective|p2a: Nidorino
|-damage|p2a: Nidorino|128\/244
|-unboost|p2a: Nidorino|spd|1
|-unboost|p2a: Nidorino|spa|1
|-damage|p1a: Lapras|206\/290 tox|[from] tox|[of] p2a: Nidorino
|
|turn|12
|c|★Disenchanted|ct
|c|★Disenchanted|yn
|c|★hodor|lol
|c|★hodor|your team is op as shit
|choice|move 1|move 2
|
|move|p2a: Nidorino|Double Team|p2a: Nidorino
|-boost|p2a: Nidorino|evasion|1
|move|p1a: Lapras|Thunder|p2a: Nidorino|[miss]
|-miss|p1a: Lapras
|-damage|p1a: Lapras|170\/290 tox|[from] tox|[of] p2a: Nidorino
|
|turn|13
|choice|move 2|move 2
|
|move|p2a: Nidorino|Double Team|p2a: Nidorino
|-boost|p2a: Nidorino|evasion|1
|move|p1a: Lapras|Psychic|p2a: Nidorino|[miss]
|-miss|p1a: Lapras
|-damage|p1a: Lapras|116\/290 tox|[from] tox|[of] p2a: Nidorino
|
|turn|14
|c|+EG Posho|loool
|c|★Disenchanted|o no
|choice|move 2|move 2
|
|move|p2a: Nidorino|Double Team|p2a: Nidorino
|-boost|p2a: Nidorino|evasion|1
|move|p1a: Lapras|Psychic|p2a: Nidorino|[miss]
|-miss|p1a: Lapras
|-damage|p1a: Lapras|44\/290 tox|[from] tox|[of] p2a: Nidorino
|
|turn|15
|choice|move 3|move 4
|
|move|p2a: Nidorino|Headbutt|p1a: Lapras
|-damage|p1a: Lapras|2\/290 tox
|move|p1a: Lapras|Dragon Rage|p2a: Nidorino|[miss]
|-miss|p1a: Lapras
|-damage|p1a: Lapras|0 fnt|[from] tox|[of] p2a: Nidorino
|faint|p1a: Lapras
|choice|switch 2|
|
|switch|p1a: Mr. Mime|Mr. Mime, L70|189\/189
|turn|16
|choice|move 2|move 3
|
|move|p1a: Mr. Mime|Psybeam|p2a: Nidorino|[miss]
|-miss|p1a: Mr. Mime
|move|p2a: Nidorino|Toxic|p1a: Mr. Mime
|-status|p1a: Mr. Mime|tox
|
|turn|17
|c|★hodor|you got this nidorino!
|choice|move 2|move 2
|
|move|p1a: Mr. Mime|Psybeam|p2a: Nidorino|[miss]
|-miss|p1a: Mr. Mime
|-damage|p1a: Mr. Mime|178\/189 tox|[from] tox|[of] p2a: Nidorino
|move|p2a: Nidorino|Double Team|p2a: Nidorino
|-boost|p2a: Nidorino|evasion|1
|
|turn|18
|c|★Disenchanted|c mon
|c|★Disenchanted|only 2 hits
|c|+EG Posho|xD
|c|★Disenchanted|u can this mr mime
|choice|move 2|move 2
|
|move|p1a: Mr. Mime|Psybeam|p2a: Nidorino
|-crit|p2a: Nidorino
|-supereffective|p2a: Nidorino
|-damage|p2a: Nidorino|0 fnt
|faint|p2a: Nidorino
|c|★Disenchanted|YE
|c|★hodor|NOooooooooo
|choice||switch 3
|
|switch|p2a: Fearow|Fearow, L70|107\/227
|turn|19
|c|★Disenchanted|it only needed
|c|★Disenchanted|some cheerleader 
|c|★Disenchanted|n_n
|c|+EG Posho|smh
|choice|move 1|move 1
|
|move|p2a: Fearow|Double Team|p2a: Fearow
|-boost|p2a: Fearow|evasion|1
|move|p1a: Mr. Mime|Thunder Punch|p2a: Fearow
|-crit|p2a: Fearow
|-supereffective|p2a: Fearow
|-damage|p2a: Fearow|0 fnt
|faint|p2a: Fearow
|choice||switch 5
|
|switch|p2a: Nidoran-M|Nidoran-M, L81|217\/217
|turn|20
|c|★Disenchanted|tutututu
|c|+EG Posho|ifm, u liek breaking rulez
|choice|move 2|move 4
|
|move|p1a: Mr. Mime|Psybeam|p2a: Nidoran-M
|-supereffective|p2a: Nidoran-M
|-damage|p2a: Nidoran-M|17\/217
|-damage|p1a: Mr. Mime|156\/189 tox|[from] tox|[of] p2a: Nidoran-M
|move|p2a: Nidoran-M|Supersonic|p1a: Mr. Mime
|-start|p1a: Mr. Mime|confusion
|
|turn|21
|c|★hodor|his team is too good :(
|choice|switch 4|move 4
|
|switch|p1a: Lickitung|Lickitung, L74|70\/276
|move|p2a: Nidoran-M|Supersonic|p1a: Lickitung|[miss]
|-miss|p2a: Nidoran-M
|
|turn|22
|choice|move 1|move 4
|
|move|p2a: Nidoran-M|Supersonic|p1a: Lickitung
|-start|p1a: Lickitung|confusion
|-activate|p1a: Lickitung|confusion
|move|p1a: Lickitung|Earthquake|p2a: Nidoran-M
|-supereffective|p2a: Nidoran-M
|-damage|p2a: Nidoran-M|0 fnt
|faint|p2a: Nidoran-M
|choice||switch 6
|
|switch|p2a: Kingler|Kingler, L69|50\/204
|turn|23
|c|+EG Posho|lol
|choice|move 4|move 4
|
|move|p2a: Kingler|Take Down|p1a: Lickitung
|-damage|p1a: Lickitung|5\/276
|-damage|p2a: Kingler|34\/204|[from] recoil|[of] p1a: Lickitung
|-activate|p1a: Lickitung|confusion
|-damage|p1a: Lickitung|0 fnt|[from] confusion
|faint|p1a: Lickitung
|J|Icey Tea
|c|+EG Posho|u have both nidoran
|c|★Disenchanted|hey
|c|★Disenchanted|i gotta show you
|c|★Disenchanted|this awesome mon
|J|atomicllamas
|c|★Disenchanted|with an awesome set
|c|★hodor|inb4 mewtwo
|choice|switch 6|
|
|switch|p1a: Mewtwo|Mewtwo, L57|226\/226
|turn|24
|c|★hodor|YUP
|c|+EG Posho|loool
|c|★hodor|ill just use leer a bunch
|choice|move 2|move 3
|
|move|p1a: Mewtwo|Toxic|p2a: Kingler
|-status|p2a: Kingler|tox
|move|p2a: Kingler|Leer|p1a: Mewtwo
|-unboost|p1a: Mewtwo|def|1
|-damage|p2a: Kingler|22\/204 tox|[from] tox|[of] p1a: Mewtwo
|
|turn|25
|choice|move 3|move 3
|
|move|p1a: Mewtwo|Disable|p2a: Kingler
|-start|p2a: Kingler|Disable|Rage
|move|p2a: Kingler|Leer|p1a: Mewtwo
|-unboost|p1a: Mewtwo|def|1
|-damage|p2a: Kingler|0 fnt|[from] tox|[of] p1a: Mewtwo
|faint|p2a: Kingler
|
|win|Disenchanted