|J|BKC
|J|Dice
|player|p1|BKC|#bkc
|player|p2|Dice|134
|gametype|singles
|gen|1
|tier|[Gen 1] OU
|seed|
|rule|Sleep Clause Mod: Limit one foe put to sleep
|rule|Freeze Clause Mod: Limit one foe frozen
|rule|Species Clause: Limit one of each Pokémon
|rule|OHKO Clause: OHKO moves are banned
|rule|Evasion Moves Clause: Evasion moves are banned
|rule|HP Percentage Mod: HP is shown in percentages
|
|start
|switch|p1a: psycho killer|Alakazam, M|100\/100
|switch|p2a: Starmie|Starmie|100\/100
|turn|1
|c|★Dice|u are
|J|Fireburn
|c|★Dice|gonna die dude
|c|★BKC|am I?
|choice||
|
|switch|p2a: Exeggutor|Exeggutor|100\/100
|move|p1a: psycho killer|Thunder Wave|p2a: Exeggutor
|-status|p2a: Exeggutor|par
|
|turn|2
|choice||
|
|move|p1a: psycho killer|Seismic Toss|p2a: Exeggutor
|-damage|p2a: Exeggutor|75\/100 par
|cant|p2a: Exeggutor|par
|
|turn|3
|c|★BKC|bad odds
|c|★BKC|Yeah!
|choice||
|
|move|p1a: psycho killer|Seismic Toss|p2a: Exeggutor
|-damage|p2a: Exeggutor|50\/100 par
|move|p2a: Exeggutor|Sleep Powder|p1a: psycho killer
|-status|p1a: psycho killer|slp
|
|turn|4
|c|★BKC|who gets those odds SMH
|c|+Fireburn|did somebody say odds
|choice||
|
|switch|p2a: Snorlax|Snorlax|100\/100
|cant|p1a: psycho killer|slp
|
|turn|5
|choice||
|
|switch|p1a: qu'estce que c'est|Exeggutor, M|100\/100
|move|p2a: Snorlax|Body Slam|p1a: qu'estce que c'est
|-damage|p1a: qu'estce que c'est|70\/100
|
|turn|6
|J|Mr.378
|choice||
|
|switch|p2a: Exeggutor|Exeggutor|50\/100 par
|move|p1a: qu'estce que c'est|Sleep Powder|p2a: Exeggutor|[miss]
|-miss|p1a: qu'estce que c'est
|
|turn|7
|c|★BKC|for a second i was gonna get mad
|c|★BKC|then remembered
|c|★BKC|Oh right, lol
|choice||
|
|move|p1a: qu'estce que c'est|Psychic|p2a: Exeggutor
|-resisted|p2a: Exeggutor
|-damage|p2a: Exeggutor|37\/100 par
|-unboost|p2a: Exeggutor|spd|1
|-unboost|p2a: Exeggutor|spa|1
|move|p2a: Exeggutor|Psychic|p1a: qu'estce que c'est
|-resisted|p1a: qu'estce que c'est
|-damage|p1a: qu'estce que c'est|61\/100
|
|turn|8
|choice||
|
|move|p1a: qu'estce que c'est|Psychic|p2a: Exeggutor
|-resisted|p2a: Exeggutor
|-damage|p2a: Exeggutor|15\/100 par
|-unboost|p2a: Exeggutor|spd|1
|-unboost|p2a: Exeggutor|spa|1
|move|p2a: Exeggutor|Explosion|p1a: qu'estce que c'est
|-damage|p1a: qu'estce que c'est|0 fnt
|faint|p1a: qu'estce que c'est
|faint|p2a: Exeggutor
|choice||
|
|switch|p1a: fa fa far better|Jolteon, M|100\/100
|switch|p2a: Snorlax|Snorlax|100\/100
|turn|9
|choice||
|
|switch|p2a: Golem|Golem|100\/100
|move|p1a: fa fa far better|Thunder Wave|p2a: Golem
|-immune|p2a: Golem|[msg]
|
|turn|10
|c|★BKC|Uh - got me, I guess.
|c|★Dice|go u
|c|★Dice|*go
|c|★Dice|t
|c|★Dice|hmm
|choice||
|
|switch|p1a: run run run run|Lapras|100\/100
|move|p2a: Golem|Body Slam|p1a: run run run run
|-damage|p1a: run run run run|83\/100
|
|turn|11
|choice||
|
|switch|p2a: Starmie|Starmie|100\/100
|move|p1a: run run run run|Ice Beam|p2a: Starmie
|-resisted|p2a: Starmie
|-damage|p2a: Starmie|85\/100
|
|turn|12
|c|★Dice|lmao
|c|★BKC|dude i'm paranoid ok
|choice||
|
|move|p2a: Starmie|Thunder Wave|p1a: run run run run
|-status|p1a: run run run run|par
|move|p1a: run run run run|Thunderbolt|p2a: Starmie
|-supereffective|p2a: Starmie
|-damage|p2a: Starmie|36\/100
|
|turn|13
|choice||
|
|move|p2a: Starmie|Recover|p2a: Starmie
|-heal|p2a: Starmie|86\/100
|move|p1a: run run run run|Thunderbolt|p2a: Starmie
|-supereffective|p2a: Starmie
|-damage|p2a: Starmie|38\/100
|
|turn|14
|choice||
|
|move|p2a: Starmie|Recover|p2a: Starmie
|-heal|p2a: Starmie|88\/100
|move|p1a: run run run run|Thunderbolt|p2a: Starmie
|-supereffective|p2a: Starmie
|-damage|p2a: Starmie|44\/100
|
|turn|15
|choice||
|
|move|p2a: Starmie|Recover|p2a: Starmie
|-heal|p2a: Starmie|94\/100
|cant|p1a: run run run run|par
|
|turn|16
|choice||
|
|move|p2a: Starmie|Psychic|p1a: run run run run
|-damage|p1a: run run run run|58\/100 par
|move|p1a: run run run run|Thunderbolt|p2a: Starmie
|-supereffective|p2a: Starmie
|-damage|p2a: Starmie|52\/100
|
|turn|17
|c|★BKC|i swear lapras blows dude
|choice||
|
|move|p2a: Starmie|Recover|p2a: Starmie
|-heal|p2a: Starmie|100\/100
|move|p1a: run run run run|Thunderbolt|p2a: Starmie
|-supereffective|p2a: Starmie
|-damage|p2a: Starmie|58\/100
|
|turn|18
|c|★BKC|it never does shit
|choice||
|
|move|p2a: Starmie|Psychic|p1a: run run run run
|-damage|p1a: run run run run|34\/100 par
|cant|p1a: run run run run|par
|
|turn|19
|choice||
|
|move|p2a: Starmie|Psychic|p1a: run run run run
|-damage|p1a: run run run run|11\/100 par
|-unboost|p1a: run run run run|spd|1
|-unboost|p1a: run run run run|spa|1
|move|p1a: run run run run|Confuse Ray|p2a: Starmie
|-start|p2a: Starmie|confusion
|
|turn|20
|choice||
|
|-activate|p2a: Starmie|confusion
|-damage|p2a: Starmie|48\/100|[from] confusion
|move|p1a: run run run run|Ice Beam|p2a: Starmie
|-resisted|p2a: Starmie
|-damage|p2a: Starmie|37\/100
|
|turn|21
|choice||
|
|-activate|p2a: Starmie|confusion
|-damage|p2a: Starmie|27\/100|[from] confusion
|cant|p1a: run run run run|par
|
|turn|22
|c|★Dice|got haxed
|choice||
|
|-activate|p2a: Starmie|confusion
|-damage|p2a: Starmie|17\/100|[from] confusion
|cant|p1a: run run run run|par
|
|turn|23
|choice||
|
|-end|p2a: Starmie|confusion
|move|p2a: Starmie|Recover|p2a: Starmie
|-heal|p2a: Starmie|66\/100
|move|p1a: run run run run|Thunderbolt|p2a: Starmie
|-supereffective|p2a: Starmie
|-damage|p2a: Starmie|36\/100
|
|turn|24
|c|★Dice|gj starmie
|choice||
|
|move|p2a: Starmie|Recover|p2a: Starmie
|-heal|p2a: Starmie|86\/100
|move|p1a: run run run run|Confuse Ray|p2a: Starmie
|-start|p2a: Starmie|confusion
|
|turn|25
|c|★BKC|i hate para so much
|choice||
|
|-activate|p2a: Starmie|confusion
|move|p2a: Starmie|Psychic|p1a: run run run run
|-damage|p1a: run run run run|0 fnt
|faint|p1a: run run run run
|choice||
|
|switch|p1a: fa fa far better|Jolteon, M|100\/100
|turn|26
|choice||
|
|switch|p2a: Golem|Golem|100\/100
|move|p1a: fa fa far better|Double Kick|p2a: Golem
|-supereffective|p2a: Golem
|-damage|p2a: Golem|91\/100
|-damage|p2a: Golem|82\/100
|-hitcount|p2a: Golem|2
|
|turn|27
|c|★BKC|dude
|c|★BKC|jolt never crits
|c|★Dice|i kno
|c|★BKC|why is tauros the only thing that crits
|choice||
|
|move|p1a: fa fa far better|Double Kick|p2a: Golem
|-supereffective|p2a: Golem
|-damage|p2a: Golem|73\/100
|-damage|p2a: Golem|64\/100
|-hitcount|p2a: Golem|2
|move|p2a: Golem|Earthquake|p1a: fa fa far better
|-supereffective|p1a: fa fa far better
|-damage|p1a: fa fa far better|5\/100
|
|turn|28
|choice||
|
|move|p1a: fa fa far better|Double Kick|p2a: Golem
|-crit|p2a: Golem
|-supereffective|p2a: Golem
|-damage|p2a: Golem|47\/100
|-damage|p2a: Golem|31\/100
|-hitcount|p2a: Golem|2
|move|p2a: Golem|Earthquake|p1a: fa fa far better
|-supereffective|p1a: fa fa far better
|-damage|p1a: fa fa far better|0 fnt
|faint|p1a: fa fa far better
|c|★Dice|hey u did it lol
|c|★Dice|:P
|choice||
|
|switch|p1a: run run run away|Tauros|100\/100
|turn|29
|c|★BKC|xD
|choice||
|
|switch|p2a: Starmie|Starmie|86\/100
|move|p1a: run run run away|Blizzard|p2a: Starmie
|-resisted|p2a: Starmie
|-damage|p2a: Starmie|74\/100
|-status|p2a: Starmie|frz
|
|turn|30
|c|★Dice|wow
|c|★BKC|gg
|choice||
|
|cant|p2a: Starmie|frz
|move|p1a: run run run away|Body Slam|p2a: Starmie
|-damage|p2a: Starmie|43\/100 frz
|
|turn|31
|choice||
|
|cant|p2a: Starmie|frz
|move|p1a: run run run away|Body Slam|p2a: Starmie
|-damage|p2a: Starmie|7\/100 frz
|
|turn|32
|choice||
|
|cant|p2a: Starmie|frz
|move|p1a: run run run away|Body Slam|p2a: Starmie
|-damage|p2a: Starmie|0 fnt
|faint|p2a: Starmie
|c|★BKC|starmie is so good dude
|c|★BKC|i hate facing it
|choice||
|
|switch|p2a: Lapras|Lapras|100\/100
|turn|33
|choice||
|
|move|p1a: run run run away|Body Slam|p2a: Lapras
|-damage|p2a: Lapras|74\/100
|move|p2a: Lapras|Blizzard|p1a: run run run away|[miss]
|-miss|p2a: Lapras
|
|turn|34
|c|★Dice|Wow!
|choice||
|
|move|p1a: run run run away|Body Slam|p2a: Lapras
|-damage|p2a: Lapras|50\/100
|move|p2a: Lapras|Blizzard|p1a: run run run away
|-damage|p1a: run run run away|49\/100
|
|turn|35
|choice||
|
|move|p1a: run run run away|Hyper Beam|p2a: Lapras
|-crit|p2a: Lapras
|-damage|p2a: Lapras|0 fnt
|faint|p2a: Lapras
|c|★Dice|omg
|c|★BKC|nigger slammed
|choice||
|
|switch|p2a: Tauros|Tauros|100\/100
|turn|36
|c|+Fireburn|tauros is broken help
|choice||
|
|switch|p1a: fafafafa fafa fa|Snorlax, M|100\/100
|move|p2a: Tauros|Body Slam|p1a: fafafafa fafa fa
|-crit|p1a: fafafafa fafa fa
|-damage|p1a: fafafafa fafa fa|49\/100
|
|turn|37
|choice||
|
|move|p2a: Tauros|Body Slam|p1a: fafafafa fafa fa
|-damage|p1a: fafafafa fafa fa|23\/100
|move|p1a: fafafafa fafa fa|Body Slam|p2a: Tauros
|-damage|p2a: Tauros|69\/100
|
|turn|38
|choice||
|
|move|p2a: Tauros|Body Slam|p1a: fafafafa fafa fa
|-damage|p1a: fafafafa fafa fa|0 fnt
|faint|p1a: fafafafa fafa fa
|choice||
|
|switch|p1a: run run run away|Tauros|49\/100
|turn|39
|choice||
|
|move|p1a: run run run away|Hyper Beam|p2a: Tauros|[miss]
|-miss|p1a: run run run away
|move|p2a: Tauros|Hyper Beam|p1a: run run run away
|-damage|p1a: run run run away|0 fnt
|faint|p1a: run run run away
|choice||
|
|switch|p1a: psycho killer|Alakazam, M|100\/100 slp
|turn|40
|choice||
|
|cant|p1a: psycho killer|slp
|move|p2a: Tauros|Body Slam|p1a: psycho killer
|-damage|p1a: psycho killer|49\/100 slp
|
|turn|41
|c|★BKC|GG, dude, was a pleasure.
|choice||
|
|cant|p1a: psycho killer|slp
|move|p2a: Tauros|Body Slam|p1a: psycho killer
|-crit|p1a: psycho killer
|-damage|p1a: psycho killer|0 fnt
|faint|p1a: psycho killer
|
|win|Dice