|inactive|Battle timer is ON: inactive players will automatically lose when time's up.
|J|marcoasd
|J|Sapientia
|player|p1|marcoasd|1
|player|p2|Sapientia|4
|gametype|singles
|gen|1
|tier|[Gen 1] Custom Game
|rule|HP Percentage Mod: HP is shown in percentages
|
|start
|switch|p1a: Jynx|Jynx|333\/333
|switch|p2a: Mewtwo|Mewtwo|415\/415
|turn|1
|J|Ranger mike
|
|switch|p2a: Chansey|Chansey|703\/703
|move|p1a: Jynx|Lovely Kiss|p2a: Chansey|[miss]
|debug|randBW(256) = 236
|-miss|p1a: Jynx
|
|turn|2
|
|move|p1a: Jynx|Lovely Kiss|p2a: Chansey
|debug|randBW(256) = 80
|-status|p2a: Chansey|slp
|debug|randBW(1, 7) = 6
|cant|p2a: Chansey|slp
|
|turn|3
|
|switch|p1a: Snorlax|Snorlax|523\/523
|switch|p2a: Mewtwo|Mewtwo|415\/415
|
|turn|4
|
|switch|p2a: Exeggutor|Exeggutor|393\/393
|move|p1a: Snorlax|Body Slam|p2a: Exeggutor
|debug|randBW(256) = 66
|debug|randBW(256) = 154
|debug|randBW(217, 256) = 244
|-damage|p2a: Exeggutor|270\/393
|debug|randBW(256) = 99
|
|turn|5
|
|switch|p1a: Jynx|Jynx|333\/333
|move|p2a: Exeggutor|Sleep Powder|p1a: Jynx|[miss]
|debug|randBW(256) = 207
|-miss|p2a: Exeggutor
|
|turn|6
|
|switch|p2a: Mewtwo|Mewtwo|415\/415
|move|p1a: Jynx|Ice Beam|p2a: Mewtwo
|debug|randBW(256) = 213
|debug|randBW(256) = 195
|debug|randBW(217, 256) = 254
|-damage|p2a: Mewtwo|329\/415
|debug|randBW(256) = 149
|
|turn|7
|
|switch|p1a: Mewtwo|Mewtwo|415\/415
|move|p2a: Mewtwo|Ice Beam|p1a: Mewtwo
|debug|randBW(256) = 31
|debug|randBW(256) = 210
|debug|randBW(217, 256) = 239
|-damage|p1a: Mewtwo|340\/415
|debug|randBW(256) = 53
|
|turn|8
|
|move|p2a: Mewtwo|Amnesia|p2a: Mewtwo
|-boost|p2a: Mewtwo|spd|2
|-boost|p2a: Mewtwo|spa|2
|move|p1a: Mewtwo|Ice Beam|p2a: Mewtwo
|debug|randBW(256) = 69
|debug|randBW(256) = 194
|debug|randBW(217, 256) = 222
|-damage|p2a: Mewtwo|294\/415
|debug|randBW(256) = 76
|
|turn|9
|
|move|p1a: Mewtwo|Amnesia|p1a: Mewtwo
|-boost|p1a: Mewtwo|spd|2
|-boost|p1a: Mewtwo|spa|2
|move|p2a: Mewtwo|Ice Beam|p1a: Mewtwo
|debug|randBW(256) = 171
|debug|randBW(256) = 3
|-crit|p1a: Mewtwo
|debug|Negating (sp)atk boost\/penalty.
|debug|Negating (sp)def boost\/penalty.
|debug|randBW(217, 256) = 221
|-damage|p1a: Mewtwo|204\/415
|debug|randBW(256) = 221
|
|turn|10
|
|move|p1a: Mewtwo|Recover|p1a: Mewtwo
|-heal|p1a: Mewtwo|411\/415
|move|p2a: Mewtwo|Ice Beam|p1a: Mewtwo
|debug|randBW(256) = 68
|debug|randBW(256) = 48
|-crit|p1a: Mewtwo
|debug|Negating (sp)atk boost\/penalty.
|debug|Negating (sp)def boost\/penalty.
|debug|randBW(217, 256) = 236
|-damage|p1a: Mewtwo|266\/415
|debug|randBW(256) = 92
|
|turn|11
|
|move|p1a: Mewtwo|Ice Beam|p2a: Mewtwo
|debug|randBW(256) = 215
|debug|randBW(256) = 223
|debug|randBW(217, 256) = 247
|-damage|p2a: Mewtwo|216\/415
|debug|randBW(256) = 176
|move|p2a: Mewtwo|Ice Beam|p1a: Mewtwo
|debug|randBW(256) = 149
|debug|randBW(256) = 36
|-crit|p1a: Mewtwo
|debug|Negating (sp)atk boost\/penalty.
|debug|Negating (sp)def boost\/penalty.
|debug|randBW(217, 256) = 242
|-damage|p1a: Mewtwo|118\/415
|debug|randBW(256) = 125
|
|turn|12
|
|move|p2a: Mewtwo|Ice Beam|p1a: Mewtwo
|debug|randBW(256) = 116
|debug|randBW(256) = 40
|-crit|p1a: Mewtwo
|debug|Negating (sp)atk boost\/penalty.
|debug|Negating (sp)def boost\/penalty.
|debug|randBW(217, 256) = 249
|-damage|p1a: Mewtwo|0 fnt
|debug|randBW(256) = 31
|faint|p1a: Mewtwo
|c|★Sapientia|lol
|c|★marcoasd|XD
|c|★Sapientia|was this
|
|switch|p1a: Snorlax|Snorlax|523\/523
|turn|13
|c|★Sapientia|a quadra crit?
|
|switch|p2a: Exeggutor|Exeggutor|270\/393
|move|p1a: Snorlax|Body Slam|p2a: Exeggutor
|debug|randBW(256) = 206
|debug|randBW(256) = 122
|debug|randBW(217, 256) = 239
|-damage|p2a: Exeggutor|150\/393
|debug|randBW(256) = 48
|-status|p2a: Exeggutor|par
|
|turn|14
|c|★marcoasd|3
|c|★marcoasd|3 in a row is good
|
|move|p1a: Snorlax|Hyper Beam|p2a: Exeggutor
|debug|randBW(256) = 189
|debug|randBW(256) = 158
|debug|randBW(217, 256) = 220
|-damage|p2a: Exeggutor|0 fnt
|faint|p2a: Exeggutor
|J|the black beard
|
|switch|p2a: Slowbro|Slowbro|393\/393
|turn|15
|
|switch|p1a: Slowbro|Slowbro|393\/393
|move|p2a: Slowbro|Amnesia|p2a: Slowbro
|-boost|p2a: Slowbro|spd|2
|-boost|p2a: Slowbro|spa|2
|
|turn|16
|
|move|p1a: Slowbro|Amnesia|p1a: Slowbro
|-boost|p1a: Slowbro|spd|2
|-boost|p1a: Slowbro|spa|2
|move|p2a: Slowbro|Ice Beam|p1a: Slowbro
|debug|randBW(256) = 25
|debug|randBW(256) = 254
|-resisted|p1a: Slowbro
|debug|randBW(217, 256) = 243
|-damage|p1a: Slowbro|355\/393
|debug|randBW(256) = 94
|
|turn|17
|
|move|p1a: Slowbro|Ice Beam|p2a: Slowbro
|debug|randBW(256) = 44
|debug|randBW(256) = 230
|-resisted|p2a: Slowbro
|debug|randBW(217, 256) = 241
|-damage|p2a: Slowbro|356\/393
|debug|randBW(256) = 242
|move|p2a: Slowbro|Ice Beam|p1a: Slowbro
|debug|randBW(256) = 60
|debug|randBW(256) = 152
|-resisted|p1a: Slowbro
|debug|randBW(217, 256) = 252
|-damage|p1a: Slowbro|316\/393
|debug|randBW(256) = 3
|-status|p1a: Slowbro|frz
|
|turn|18
|c|★marcoasd|uh oh
|
|switch|p1a: Jynx|Jynx|333\/333
|move|p2a: Slowbro|Amnesia|p2a: Slowbro
|-boost|p2a: Slowbro|spd|2
|-boost|p2a: Slowbro|spa|2
|
|turn|19
|
|move|p1a: Jynx|Ice Beam|p2a: Slowbro
|debug|randBW(256) = 147
|debug|randBW(256) = 18
|-crit|p2a: Slowbro
|debug|Negating (sp)atk boost\/penalty.
|debug|Negating (sp)def boost\/penalty.
|-resisted|p2a: Slowbro
|debug|randBW(217, 256) = 229
|-damage|p2a: Slowbro|238\/393
|debug|randBW(256) = 188
|move|p2a: Slowbro|Surf|p1a: Jynx
|debug|randBW(256) = 114
|debug|randBW(256) = 128
|debug|randBW(217, 256) = 245
|-damage|p1a: Jynx|24\/333
|
|turn|20
|
|move|p1a: Jynx|Ice Beam|p2a: Slowbro
|debug|randBW(256) = 239
|debug|randBW(256) = 203
|-resisted|p2a: Slowbro
|debug|randBW(217, 256) = 231
|-damage|p2a: Slowbro|218\/393
|debug|randBW(256) = 60
|move|p2a: Slowbro|Surf|p1a: Jynx
|debug|randBW(256) = 151
|debug|randBW(256) = 112
|debug|randBW(217, 256) = 239
|-damage|p1a: Jynx|0 fnt
|faint|p1a: Jynx
|
|switch|p1a: Exeggutor|Exeggutor|393\/393
|turn|21
|
|switch|p2a: Chansey|Chansey|703\/703 slp
|move|p1a: Exeggutor|Stun Spore|p2a: Chansey
|debug|randBW(256) = 50
|-fail|p2a: Chansey
|
|turn|22
|J|WreckDra
|
|move|p1a: Exeggutor|Psychic|p2a: Chansey
|debug|randBW(256) = 16
|debug|randBW(256) = 80
|debug|randBW(217, 256) = 229
|-damage|p2a: Chansey|587\/703 slp
|debug|randBW(256) = 135
|cant|p2a: Chansey|slp
|
|turn|23
|
|move|p1a: Exeggutor|Psychic|p2a: Chansey
|debug|randBW(256) = 168
|debug|randBW(256) = 104
|debug|randBW(217, 256) = 238
|-damage|p2a: Chansey|466\/703 slp
|debug|randBW(256) = 11
|-unboost|p2a: Chansey|spd|1
|-unboost|p2a: Chansey|spa|1
|cant|p2a: Chansey|slp
|
|turn|24
|
|move|p1a: Exeggutor|Psychic|p2a: Chansey
|debug|randBW(256) = 126
|debug|randBW(256) = 247
|debug|randBW(217, 256) = 236
|-damage|p2a: Chansey|282\/703 slp
|debug|randBW(256) = 105
|cant|p2a: Chansey|slp
|
|turn|25
|
|switch|p2a: Mew|Mew|403\/403
|move|p1a: Exeggutor|Psychic|p2a: Mew
|debug|randBW(256) = 86
|debug|randBW(256) = 155
|-resisted|p2a: Mew
|debug|randBW(217, 256) = 245
|-damage|p2a: Mew|339\/403
|debug|randBW(256) = 136
|
|turn|26
|
|move|p2a: Mew|Thunder Wave|p1a: Exeggutor
|debug|randBW(256) = 83
|-status|p1a: Exeggutor|par
|debug|randBW(256) = 235
|move|p1a: Exeggutor|Stun Spore|p2a: Mew
|debug|randBW(256) = 162
|-status|p2a: Mew|par
|
|turn|27
|
|switch|p2a: Chansey|Chansey|282\/703 slp
|debug|randBW(256) = 241
|move|p1a: Exeggutor|Psychic|p2a: Chansey
|debug|randBW(256) = 72
|debug|randBW(256) = 164
|debug|randBW(217, 256) = 242
|-damage|p2a: Chansey|159\/703 slp
|debug|randBW(256) = 228
|
|turn|28
|
|switch|p1a: Mew|Mew|403\/403
|cant|p2a: Chansey|slp
|
|turn|29
|
|switch|p2a: Mew|Mew|339\/403 par
|move|p1a: Mew|Swords Dance|p1a: Mew
|-boost|p1a: Mew|atk|2
|
|turn|30
|
|move|p1a: Mew|Swords Dance|p1a: Mew
|-boost|p1a: Mew|atk|2
|debug|randBW(256) = 9
|cant|p2a: Mew|par
|
|turn|31
|
|move|p1a: Mew|Body Slam|p2a: Mew
|debug|randBW(256) = 56
|debug|randBW(256) = 114
|debug|randBW(217, 256) = 240
|-damage|p2a: Mew|135\/403 par
|debug|randBW(256) = 253
|debug|randBW(256) = 82
|move|p2a: Mew|Thunder Wave|p1a: Mew
|debug|randBW(256) = 30
|-status|p1a: Mew|par
|
|turn|32
|
|debug|randBW(256) = 204
|move|p1a: Mew|Body Slam|p2a: Mew
|debug|randBW(256) = 136
|debug|randBW(256) = 54
|debug|randBW(217, 256) = 218
|-damage|p2a: Mew|0 fnt
|debug|randBW(256) = 147
|faint|p2a: Mew
|J|gradiant
|
|switch|p2a: Slowbro|Slowbro|218\/393
|turn|33
|
|move|p2a: Slowbro|Surf|p1a: Mew
|debug|randBW(256) = 17
|debug|randBW(256) = 4
|-crit|p1a: Mew
|debug|Negating (sp)atk boost\/penalty.
|debug|Negating (sp)def boost\/penalty.
|debug|randBW(217, 256) = 251
|-damage|p1a: Mew|203\/403 par
|debug|randBW(256) = 129
|move|p1a: Mew|Body Slam|p2a: Slowbro
|debug|randBW(256) = 226
|debug|randBW(256) = 250
|debug|randBW(217, 256) = 251
|-damage|p2a: Slowbro|19\/393
|debug|randBW(256) = 119
|
|turn|34
|
|move|p2a: Slowbro|Surf|p1a: Mew
|debug|randBW(256) = 74
|debug|randBW(256) = 150
|debug|randBW(217, 256) = 247
|-damage|p1a: Mew|101\/403 par
|debug|randBW(256) = 78
|move|p1a: Mew|Soft-Boiled|p1a: Mew
|-heal|p1a: Mew|302\/403 par
|
|turn|35
|
|move|p2a: Slowbro|Surf|p1a: Mew
|debug|randBW(256) = 86
|debug|randBW(256) = 147
|debug|randBW(217, 256) = 223
|-damage|p1a: Mew|210\/403 par
|debug|randBW(256) = 221
|move|p1a: Mew|Soft-Boiled|p1a: Mew
|-heal|p1a: Mew|403\/403 par
|
|turn|36
|
|move|p2a: Slowbro|Surf|p1a: Mew
|debug|randBW(256) = 103
|debug|randBW(256) = 123
|debug|randBW(217, 256) = 231
|-damage|p1a: Mew|307\/403 par
|debug|randBW(256) = 150
|move|p1a: Mew|Body Slam|p2a: Slowbro
|debug|randBW(256) = 207
|debug|randBW(256) = 165
|debug|randBW(217, 256) = 250
|-damage|p2a: Slowbro|0 fnt
|debug|randBW(256) = 62
|faint|p2a: Slowbro
|
|switch|p2a: Snorlax|Snorlax|523\/523
|turn|37
|
|move|p2a: Snorlax|Body Slam|p1a: Mew
|debug|randBW(256) = 30
|debug|randBW(256) = 196
|debug|randBW(217, 256) = 218
|-damage|p1a: Mew|207\/403 par
|debug|randBW(256) = 192
|debug|randBW(256) = 81
|move|p1a: Mew|Body Slam|p2a: Snorlax
|debug|randBW(256) = 151
|debug|randBW(256) = 133
|debug|randBW(217, 256) = 247
|-damage|p2a: Snorlax|251\/523
|
|turn|38
|c|★Sapientia|where are my fps
|
|move|p2a: Snorlax|Body Slam|p1a: Mew
|debug|randBW(256) = 84
|debug|randBW(256) = 92
|debug|randBW(217, 256) = 217
|-damage|p1a: Mew|108\/403 par
|debug|randBW(256) = 126
|debug|randBW(256) = 179
|move|p1a: Mew|Soft-Boiled|p1a: Mew
|-heal|p1a: Mew|309\/403 par
|
|turn|39
|
|move|p2a: Snorlax|Body Slam|p1a: Mew
|debug|randBW(256) = 53
|debug|randBW(256) = 252
|debug|randBW(217, 256) = 222
|-damage|p1a: Mew|208\/403 par
|debug|randBW(256) = 168
|debug|randBW(256) = 246
|move|p1a: Mew|Soft-Boiled|p1a: Mew
|-heal|p1a: Mew|403\/403 par
|
|turn|40
|
|move|p2a: Snorlax|Body Slam|p1a: Mew
|debug|randBW(256) = 76
|debug|randBW(256) = 226
|debug|randBW(217, 256) = 222
|-damage|p1a: Mew|302\/403 par
|debug|randBW(256) = 45
|debug|randBW(256) = 230
|move|p1a: Mew|Body Slam|p2a: Snorlax
|debug|randBW(256) = 23
|debug|randBW(256) = 60
|debug|randBW(217, 256) = 240
|-damage|p2a: Snorlax|0 fnt
|faint|p2a: Snorlax
|
|switch|p2a: Mewtwo|Mewtwo|216\/415
|turn|41
|
|move|p2a: Mewtwo|Amnesia|p2a: Mewtwo
|-boost|p2a: Mewtwo|spd|2
|-boost|p2a: Mewtwo|spa|2
|debug|randBW(256) = 238
|move|p1a: Mew|Body Slam|p2a: Mewtwo
|debug|randBW(256) = 207
|debug|randBW(256) = 39
|-crit|p2a: Mewtwo
|debug|Negating (sp)atk boost\/penalty.
|debug|Negating (sp)def boost\/penalty.
|debug|randBW(217, 256) = 241
|-damage|p2a: Mewtwo|74\/415
|debug|randBW(256) = 35
|-status|p2a: Mewtwo|par
|
|turn|42
|c|★marcoasd|no that crit 
|c|★marcoasd|btw
|c|★marcoasd|should be over
|
|debug|randBW(256) = 62
|cant|p2a: Mewtwo|par
|debug|randBW(256) = 188
|move|p1a: Mew|Explosion|p2a: Mewtwo
|debug|randBW(256) = 79
|debug|randBW(256) = 206
|debug|randBW(217, 256) = 252
|-damage|p2a: Mewtwo|0 fnt
|faint|p2a: Mewtwo
|faint|p1a: Mew
|c|★marcoasd|ggs
|
|switch|p2a: Chansey|Chansey|159\/703 slp
|switch|p1a: Snorlax|Snorlax|523\/523
|turn|43
|c|★Sapientia|ggs
|c|★Sapientia|i blame vertigo for building just one rby uber team
|
|cant|p2a: Chansey|slp
|-curestatus|p2a: Chansey|slp
|move|p1a: Snorlax|Body Slam|p2a: Chansey
|debug|randBW(256) = 106
|debug|randBW(256) = 183
|debug|randBW(217, 256) = 236
|-damage|p2a: Chansey|0 fnt
|faint|p2a: Chansey
|
|win|marcoasd