|J|Prague Kick
|J|Selise
|player|p1|Prague Kick|1
|player|p2|Selise|148
|gametype|singles
|gen|1
|tier|[Gen 1] OU
|seed|52443,38957,63510,42833
|rule|Sleep Clause Mod: Limit one foe put to sleep
|rule|Freeze Clause Mod: Limit one foe frozen
|rule|Species Clause: Limit one of each Pokémon
|rule|OHKO Clause: OHKO moves are banned
|rule|Evasion Moves Clause: Evasion moves are banned
|rule|HP Percentage Mod: HP is shown in percentages
|
|start
|switch|p1a: A come ASCETA|Starmie|323\/323
|switch|p2a: Starmie|Starmie|323\/323
|turn|1
|c|★Prague Kick|hf
|c|★Selise|You too gl hf
|J|Hax ily
|choice|move 3|switch 5
|
|switch|p2a: Chansey|Chansey|703\/703
|move|p1a: A come ASCETA|Thunderbolt|p2a: Chansey
|-damage|p2a: Chansey|630\/703
|
|turn|2
|J|Nunno
|choice|move 1|move 3
|
|move|p1a: A come ASCETA|Blizzard|p2a: Chansey
|-damage|p2a: Chansey|533\/703
|-status|p2a: Chansey|frz
|cant|p2a: Chansey|frz
|
|turn|3
|c|★Selise|Oh nice
|c|★Selise|The turn 2 freeze
|c|★Prague Kick|worth the try
|choice|move 2|switch 2
|
|switch|p2a: Alakazam|Alakazam|313\/313
|move|p1a: A come ASCETA|Thunder Wave|p2a: Alakazam
|-status|p2a: Alakazam|par
|
|turn|4
|J|LT2 QUIVERING
|J|Bro Kappa
|choice|switch 5|move 4
|
|switch|p1a: A come|Chansey|703\/703
|move|p2a: Alakazam|Reflect|p2a: Alakazam
|-start|p2a: Alakazam|Reflect
|
|turn|5
|L|LT2 QUIVERING
|choice|move 2|move 2
|
|move|p1a: A come|Seismic Toss|p2a: Alakazam
|-damage|p2a: Alakazam|213\/313 par
|cant|p2a: Alakazam|par
|
|turn|6
|J|Snou
|choice|move 2|move 1
|
|move|p1a: A come|Seismic Toss|p2a: Alakazam
|-damage|p2a: Alakazam|113\/313 par
|cant|p2a: Alakazam|par
|
|turn|7
|choice|move 2|move 1
|
|move|p1a: A come|Seismic Toss|p2a: Alakazam
|-damage|p2a: Alakazam|13\/313 par
|cant|p2a: Alakazam|par
|
|turn|8
|c|★Prague Kick|damn
|c|★Selise|Oh wow the para hax
|c|★Selise|That's probably game lol
|choice|move 2|switch 4
|
|switch|p2a: Snorlax|Snorlax|523\/523
|move|p1a: A come|Seismic Toss|p2a: Snorlax
|-damage|p2a: Snorlax|423\/523
|
|turn|9
|J|Tesung
|J|Barge
|choice|move 1|switch 5
|
|switch|p2a: Starmie|Starmie|323\/323
|move|p1a: A come|Reflect|p1a: A come
|-start|p1a: A come|Reflect
|
|turn|10
|choice|move 3|move 4
|
|move|p2a: Starmie|Thunderbolt|p1a: A come
|-damage|p1a: A come|628\/703
|move|p1a: A come|Thunder Wave|p2a: Starmie
|-status|p2a: Starmie|par
|
|turn|11
|choice|move 2|move 3
|
|move|p1a: A come|Seismic Toss|p2a: Starmie
|-damage|p2a: Starmie|223\/323 par
|cant|p2a: Starmie|par
|
|turn|12
|choice|move 2|switch 3
|
|switch|p2a: Exeggutor|Exeggutor|393\/393
|move|p1a: A come|Seismic Toss|p2a: Exeggutor
|-damage|p2a: Exeggutor|293\/393
|
|turn|13
|L|ayayayay
|choice|move 3|move 1
|
|move|p2a: Exeggutor|Sleep Powder|p1a: A come
|-status|p1a: A come|slp
|-curestatus|p1a: A come|slp
|
|turn|14
|c|★Prague Kick|lol
|choice|move 3|move 1
|
|move|p2a: Exeggutor|Sleep Powder|p1a: A come
|-status|p1a: A come|slp
|cant|p1a: A come|slp
|
|turn|15
|c|★Selise|Nothing's going right for me this game lol
|choice|switch 5|move 2
|
|switch|p1a: A come ASCETA|Starmie|323\/323
|move|p2a: Exeggutor|Double-Edge|p1a: A come ASCETA
|-damage|p1a: A come ASCETA|238\/323
|-damage|p2a: Exeggutor|272\/393|[from] recoil|[of] p1a: A come ASCETA
|
|turn|16
|choice|switch 6|move 3
|
|switch|p1a: A come AIUTO|Exeggutor|393\/393
|move|p2a: Exeggutor|Explosion|p1a: A come AIUTO
|-damage|p1a: A come AIUTO|120\/393
|faint|p2a: Exeggutor
|choice||switch 6
|
|switch|p2a: Tauros|Tauros|353\/353
|turn|17
|choice|switch 3|move 3
|
|switch|p1a: A come AUTISMO|Lapras|463\/463
|move|p2a: Tauros|Blizzard|p1a: A come AUTISMO
|-resisted|p1a: A come AUTISMO
|-damage|p1a: A come AUTISMO|443\/463
|
|turn|18
|choice|move 1|switch 3
|
|switch|p2a: Starmie|Starmie|223\/323 par
|move|p1a: A come AUTISMO|Blizzard|p2a: Starmie
|-resisted|p2a: Starmie
|-damage|p2a: Starmie|156\/323 par
|
|turn|19
|choice|move 2|move 2
|
|move|p1a: A come AUTISMO|Thunderbolt|p2a: Starmie
|-supereffective|p2a: Starmie
|-damage|p2a: Starmie|10\/323 par
|move|p2a: Starmie|Thunder Wave|p1a: A come AUTISMO
|-status|p1a: A come AUTISMO|par
|
|turn|20
|choice|move 2|move 1
|
|move|p2a: Starmie|Recover|p2a: Starmie
|-heal|p2a: Starmie|171\/323 par
|move|p1a: A come AUTISMO|Thunderbolt|p2a: Starmie
|-supereffective|p2a: Starmie
|-damage|p2a: Starmie|31\/323 par
|
|turn|21
|choice|move 2|move 1
|
|move|p2a: Starmie|Recover|p2a: Starmie
|-heal|p2a: Starmie|192\/323 par
|move|p1a: A come AUTISMO|Thunderbolt|p2a: Starmie
|-supereffective|p2a: Starmie
|-damage|p2a: Starmie|51\/323 par
|
|turn|22
|choice|move 2|move 1
|
|move|p2a: Starmie|Recover|p2a: Starmie
|-heal|p2a: Starmie|212\/323 par
|cant|p1a: A come AUTISMO|par
|
|turn|23
|choice|switch 2|move 1
|
|switch|p1a: A come IGNORANZA|Snorlax|523\/523
|move|p2a: Starmie|Recover|p2a: Starmie
|-heal|p2a: Starmie|323\/323 par
|
|turn|24
|choice|move 3|move 2
|
|move|p1a: A come IGNORANZA|Body Slam|p2a: Starmie
|-damage|p2a: Starmie|214\/323 par
|move|p2a: Starmie|Thunder Wave|p1a: A come IGNORANZA
|-status|p1a: A come IGNORANZA|par
|
|turn|25
|choice|move 3|move 1
|
|cant|p2a: Starmie|par
|move|p1a: A come IGNORANZA|Body Slam|p2a: Starmie
|-damage|p2a: Starmie|98\/323 par
|
|turn|26
|choice|move 3|move 1
|
|cant|p2a: Starmie|par
|move|p1a: A come IGNORANZA|Body Slam|p2a: Starmie
|-damage|p2a: Starmie|0 fnt
|faint|p2a: Starmie
|choice||switch 5
|
|switch|p2a: Snorlax|Snorlax|423\/523
|turn|27
|choice|move 1|move 3
|
|move|p2a: Snorlax|Reflect|p2a: Snorlax
|-start|p2a: Snorlax|Reflect
|cant|p1a: A come IGNORANZA|par
|
|turn|28
|choice|move 1|move 1
|
|move|p2a: Snorlax|Body Slam|p1a: A come IGNORANZA
|-crit|p1a: A come IGNORANZA
|-damage|p1a: A come IGNORANZA|238\/523 par
|cant|p1a: A come IGNORANZA|par
|
|turn|29
|choice|move 4|move 2
|
|move|p2a: Snorlax|Amnesia|p2a: Snorlax
|-boost|p2a: Snorlax|spd|2
|-boost|p2a: Snorlax|spa|2
|cant|p1a: A come IGNORANZA|par
|
|turn|30
|choice|move 4|move 2
|
|move|p2a: Snorlax|Amnesia|p2a: Snorlax
|-boost|p2a: Snorlax|spd|2
|-boost|p2a: Snorlax|spa|2
|move|p1a: A come IGNORANZA|Rest|p1a: A come IGNORANZA
|-status|p1a: A come IGNORANZA|slp
|-heal|p1a: A come IGNORANZA|523\/523 slp|[silent]
|-status|p1a: A come IGNORANZA|slp|[from] move: Rest
|
|turn|31
|choice|move 3|move 1
|
|move|p2a: Snorlax|Body Slam|p1a: A come IGNORANZA
|-damage|p1a: A come IGNORANZA|394\/523 slp
|cant|p1a: A come IGNORANZA|slp
|
|turn|32
|choice|move 3|move 1
|
|move|p2a: Snorlax|Body Slam|p1a: A come IGNORANZA
|-damage|p1a: A come IGNORANZA|254\/523 slp
|-curestatus|p1a: A come IGNORANZA|slp
|
|turn|33
|choice|move 1|move 1
|
|move|p2a: Snorlax|Body Slam|p1a: A come IGNORANZA
|-damage|p1a: A come IGNORANZA|108\/523
|move|p1a: A come IGNORANZA|Reflect|p1a: A come IGNORANZA
|-start|p1a: A come IGNORANZA|Reflect
|
|turn|34
|choice|move 4|move 1
|
|move|p2a: Snorlax|Body Slam|p1a: A come IGNORANZA
|-damage|p1a: A come IGNORANZA|42\/523
|move|p1a: A come IGNORANZA|Rest|p1a: A come IGNORANZA
|-status|p1a: A come IGNORANZA|slp
|-heal|p1a: A come IGNORANZA|523\/523 slp|[silent]
|-status|p1a: A come IGNORANZA|slp|[from] move: Rest
|
|turn|35
|choice|move 3|switch 4
|
|switch|p2a: Alakazam|Alakazam|13\/313 par
|cant|p1a: A come IGNORANZA|slp
|
|turn|36
|choice|move 3|move 1
|
|move|p2a: Alakazam|Recover|p2a: Alakazam
|-heal|p2a: Alakazam|169\/313 par
|-curestatus|p1a: A come IGNORANZA|slp
|
|turn|37
|choice|move 3|move 4
|
|move|p2a: Alakazam|Reflect|p2a: Alakazam
|-start|p2a: Alakazam|Reflect
|move|p1a: A come IGNORANZA|Body Slam|p2a: Alakazam
|-crit|p2a: Alakazam
|-damage|p2a: Alakazam|0 fnt
|faint|p2a: Alakazam
|choice||switch 3
|
|switch|p2a: Tauros|Tauros|353\/353
|turn|38
|choice|move 3|move 3
|
|move|p2a: Tauros|Blizzard|p1a: A come IGNORANZA
|-damage|p1a: A come IGNORANZA|424\/523
|move|p1a: A come IGNORANZA|Body Slam|p2a: Tauros
|-damage|p2a: Tauros|241\/353
|
|turn|39
|choice|move 3|move 3
|
|move|p2a: Tauros|Blizzard|p1a: A come IGNORANZA
|-damage|p1a: A come IGNORANZA|332\/523
|move|p1a: A come IGNORANZA|Body Slam|p2a: Tauros
|-damage|p2a: Tauros|138\/353
|
|turn|40
|choice|switch 2|move 3
|
|switch|p1a: A come AUTISMO|Lapras|443\/463 par
|move|p2a: Tauros|Blizzard|p1a: A come AUTISMO
|-resisted|p1a: A come AUTISMO
|-damage|p1a: A come AUTISMO|423\/463 par
|
|turn|41
|choice|move 1|switch 4
|
|switch|p2a: Snorlax|Snorlax|423\/523
|move|p1a: A come AUTISMO|Blizzard|p2a: Snorlax
|-damage|p2a: Snorlax|238\/523
|
|turn|42
|J|Playo DPPT
|choice|switch 3|move 1
|
|switch|p1a: A come AIUTO|Exeggutor|120\/393
|move|p2a: Snorlax|Body Slam|p1a: A come AIUTO
|-damage|p1a: A come AIUTO|0 fnt
|faint|p1a: A come AIUTO
|c|★Selise|At least I got one down lol
|c|★Prague Kick|lol
|choice|switch 4|
|
|switch|p1a: A come A VINT'|Tauros|353\/353
|turn|43
|choice|move 2|switch 2
|
|switch|p2a: Chansey|Chansey|533\/703 frz
|move|p1a: A come A VINT'|Body Slam|p2a: Chansey
|-damage|p2a: Chansey|249\/703 frz
|
|turn|44
|choice|move 2|move 2
|
|move|p1a: A come A VINT'|Body Slam|p2a: Chansey
|-crit|p2a: Chansey
|-damage|p2a: Chansey|0 fnt
|faint|p2a: Chansey
|choice||switch 2
|
|switch|p2a: Snorlax|Snorlax|238\/523
|turn|45
|L|Bro Kappa
|choice|move 2|move 3
|
|move|p1a: A come A VINT'|Body Slam|p2a: Snorlax
|-damage|p2a: Snorlax|119\/523
|move|p2a: Snorlax|Reflect|p2a: Snorlax
|-start|p2a: Snorlax|Reflect
|
|turn|46
|choice|move 4|move 4
|
|move|p1a: A come A VINT'|Blizzard|p2a: Snorlax
|-damage|p2a: Snorlax|18\/523
|-status|p2a: Snorlax|frz
|cant|p2a: Snorlax|frz
|
|turn|47
|c|★Prague Kick|omg
|c|★Selise|Oh damn another freeze
|c|★Prague Kick|well, game
|c|★Selise|Damn letting Chansey die reactivated the freeze clause
|c|★Selise|Oh well
|c|★Selise|Yeah gg
|choice|move 2|move 1
|
|move|p1a: A come A VINT'|Body Slam|p2a: Snorlax
|-damage|p2a: Snorlax|0 fnt
|faint|p2a: Snorlax
|c|★Prague Kick|gg
|choice||switch 4
|
|switch|p2a: Tauros|Tauros|138\/353
|turn|48
|choice|move 1|move 2
|
|move|p2a: Tauros|Hyper Beam|p1a: A come A VINT'
|-crit|p1a: A come A VINT'
|-damage|p1a: A come A VINT'|0 fnt
|faint|p1a: A come A VINT'
|choice|switch 6|
|
|switch|p1a: A come ASCETA|Starmie|238\/323
|turn|49
|c|★Selise|Now all I have to do is get 4 hyper beam crits in a row lol
|c|★Selise|But nah not even that would save me
|choice|move 2|move 2
|
|move|p1a: A come ASCETA|Thunder Wave|p2a: Tauros
|-status|p2a: Tauros|par
|move|p2a: Tauros|Hyper Beam|p1a: A come ASCETA
|-damage|p1a: A come ASCETA|34\/323
|
|turn|50
|-mustrecharge|p2a: Tauros
|J|Bro Kappa
|-mustrecharge|p2a: Tauros
|L|Bro Kappa
|choice|move 3|move 1
|
|move|p1a: A come ASCETA|Thunderbolt|p2a: Tauros
|-damage|p2a: Tauros|46\/353 par
|cant|p2a: Tauros|recharge
|
|turn|51
|c|★Prague Kick|gg
|choice|move 3|move 1
|
|move|p1a: A come ASCETA|Thunderbolt|p2a: Tauros
|-damage|p2a: Tauros|0 fnt
|faint|p2a: Tauros
|
|win|Prague Kick