|inactive|Battle timer is ON: inactive players will automatically lose when time's up.
|J|Nails
|J|Teddeh
|player|p1|Nails|169
|player|p2|Teddeh|143
|gametype|singles
|gen|1
|tier|[Gen 1] OU
|seed|44964,21767,41812,15740
|rule|Sleep Clause Mod: Limit one foe put to sleep
|rule|Freeze Clause Mod: Limit one foe frozen
|rule|Species Clause: Limit one of each Pokémon
|rule|OHKO Clause: OHKO moves are banned
|rule|Evasion Moves Clause: Evasion moves are banned
|rule|HP Percentage Mod: HP is shown in percentages
|
|start
|switch|p1a: Jynx|Jynx|333\/333
|switch|p2a: Gengar|Gengar|323\/323
|turn|1
|J|Starmei
|J|Alexander
|J|Nintendi
|J|I love pochama
|L|Starmei
|choice|move 3|move 1
|
|move|p2a: Gengar|Hypnosis|p1a: Jynx
|-status|p1a: Jynx|slp
|cant|p1a: Jynx|slp
|
|turn|2
|J|Vinc2612
|c|&Vinc2612|is this spl? o.o
|c|★Teddeh|y
|c|★Nails|ye
|J|fapkingg
|c|★Nails|game 2
|c|★Nails|he won game 1
|choice|switch 3|move 2
|
|switch|p1a: Alakazam|Alakazam|313\/313
|move|p2a: Gengar|Night Shade|p1a: Alakazam
|-damage|p1a: Alakazam|213\/313
|
|turn|3
|c|&Vinc2612|ok gud
|c|★Nails|rude
|c|★Nails|:(
|choice|move 2|switch 2
|
|switch|p2a: Chansey|Chansey|703\/703
|move|p1a: Alakazam|Psychic|p2a: Chansey
|-damage|p2a: Chansey|572\/703
|
|turn|4
|c|&Vinc2612|teddeh is in my team
|c|&Vinc2612|I want a cryos win
|choice|switch 6|move 3
|
|switch|p1a: Chansey|Chansey|703\/703
|move|p2a: Chansey|Ice Beam|p1a: Chansey
|-damage|p1a: Chansey|631\/703
|
|turn|5
|choice|move 3|move 4
|
|move|p1a: Chansey|Ice Beam|p2a: Chansey
|-damage|p2a: Chansey|501\/703
|move|p2a: Chansey|Thunder Wave|p1a: Chansey
|-status|p1a: Chansey|par
|
|turn|6
|choice|move 3|switch 3
|
|switch|p2a: Cloyster|Cloyster|303\/303
|move|p1a: Chansey|Ice Beam|p2a: Cloyster
|-crit|p2a: Cloyster
|-resisted|p2a: Cloyster
|-damage|p2a: Cloyster|261\/303
|
|turn|7
|c|&Vinc2612|ok nvm fuck Teddeh
|c|&Vinc2612|plz win nails
|c|★Nails|i'm sayin.
|c|&Vinc2612|cloyster doesn't deserve to win
|choice|move 4|move 1
|
|move|p2a: Cloyster|Blizzard|p1a: Chansey
|-damage|p1a: Chansey|510\/703 par
|move|p1a: Chansey|Thunderbolt|p2a: Cloyster
|-supereffective|p2a: Cloyster
|-damage|p2a: Cloyster|89\/303
|
|turn|8
|choice|switch 6|move 2
|
|switch|p1a: Alakazam|Alakazam|213\/313
|move|p2a: Cloyster|Clamp|p1a: Alakazam|[miss]
|-miss|p2a: Cloyster
|
|turn|9
|choice|move 1|switch 3
|
|switch|p2a: Chansey|Chansey|501\/703
|move|p1a: Alakazam|Recover|p1a: Alakazam
|-heal|p1a: Alakazam|313\/313
|
|turn|10
|choice|switch 6|move 2
|
|switch|p1a: Chansey|Chansey|510\/703 par
|move|p2a: Chansey|Soft-Boiled|p2a: Chansey
|-heal|p2a: Chansey|703\/703
|
|turn|11
|choice|move 2|switch 5
|
|switch|p2a: Snorlax|Snorlax|523\/523
|cant|p1a: Chansey|par
|
|turn|12
|choice|move 1|move 1
|
|move|p2a: Snorlax|Body Slam|p1a: Chansey
|-damage|p1a: Chansey|218\/703 par
|move|p1a: Chansey|Thunder Wave|p2a: Snorlax
|-status|p2a: Snorlax|par
|
|turn|13
|choice|move 2|move 1
|
|move|p1a: Chansey|Soft-Boiled|p1a: Chansey
|-heal|p1a: Chansey|569\/703 par
|move|p2a: Snorlax|Body Slam|p1a: Chansey
|-crit|p1a: Chansey
|-damage|p1a: Chansey|45\/703 par
|
|turn|14
|c|★Nails|rude
|choice|switch 5|move 1
|
|switch|p1a: Rhydon|Rhydon|413\/413
|move|p2a: Snorlax|Body Slam|p1a: Rhydon
|-crit|p1a: Rhydon
|-resisted|p1a: Rhydon
|-damage|p1a: Rhydon|317\/413
|
|turn|15
|L|I love pochama
|J|Honor
|choice|switch 2|move 2
|
|switch|p1a: Snorlax|Snorlax|523\/523
|cant|p2a: Snorlax|par
|
|turn|16
|choice|move 1|move 1
|
|move|p1a: Snorlax|Body Slam|p2a: Snorlax
|-damage|p2a: Snorlax|393\/523 par
|cant|p2a: Snorlax|par
|
|turn|17
|choice|move 1|switch 2
|
|switch|p2a: Gengar|Gengar|323\/323
|move|p1a: Snorlax|Body Slam|p2a: Gengar
|-immune|p2a: Gengar|[msg]
|
|turn|18
|choice|switch 6|move 3
|
|switch|p1a: Alakazam|Alakazam|313\/313
|move|p2a: Gengar|Thunderbolt|p1a: Alakazam
|-damage|p1a: Alakazam|241\/313
|-status|p1a: Alakazam|par
|
|turn|19
|c|★Nails|So rude
|choice|move 2|switch 5
|
|switch|p2a: Chansey|Chansey|703\/703
|move|p1a: Alakazam|Psychic|p2a: Chansey
|-damage|p2a: Chansey|586\/703
|-unboost|p2a: Chansey|spd|1
|-unboost|p2a: Chansey|spa|1
|
|turn|20
|choice|move 2|switch 2
|
|switch|p2a: Snorlax|Snorlax|393\/523 par
|move|p1a: Alakazam|Psychic|p2a: Snorlax
|-crit|p2a: Snorlax
|-damage|p2a: Snorlax|57\/523 par
|-unboost|p2a: Snorlax|spd|1
|-unboost|p2a: Snorlax|spa|1
|
|turn|21
|c|★Teddeh|ouch
|c|★Teddeh|af
|c|★Nails|ok nice.
|choice|move 2|move 4
|
|move|p1a: Alakazam|Psychic|p2a: Snorlax
|-crit|p2a: Snorlax
|-damage|p2a: Snorlax|0 fnt
|faint|p2a: Snorlax
|choice||switch 6
|
|switch|p2a: Tauros|Tauros|353\/353
|turn|22
|choice|switch 6|move 3
|
|switch|p1a: Snorlax|Snorlax|523\/523
|move|p2a: Tauros|Blizzard|p1a: Snorlax
|-damage|p1a: Snorlax|424\/523
|
|turn|23
|L|fapkingg
|choice|move 2|move 1
|
|move|p2a: Tauros|Body Slam|p1a: Snorlax
|-damage|p1a: Snorlax|295\/523
|move|p1a: Snorlax|Reflect|p1a: Snorlax
|-start|p1a: Snorlax|Reflect
|
|turn|24
|L|Honor
|choice|move 1|move 3
|
|move|p2a: Tauros|Blizzard|p1a: Snorlax
|-crit|p1a: Snorlax
|-damage|p1a: Snorlax|119\/523
|move|p1a: Snorlax|Body Slam|p2a: Tauros
|-damage|p2a: Tauros|249\/353
|
|turn|25
|J|Jsaok3
|choice|move 4|switch 5
|
|switch|p2a: Gengar|Gengar|323\/323
|move|p1a: Snorlax|Rest|p1a: Snorlax
|-status|p1a: Snorlax|slp
|-heal|p1a: Snorlax|523\/523 slp|[silent]
|-status|p1a: Snorlax|slp|[from] move: Rest
|
|turn|26
|choice|move 3|move 3
|
|move|p2a: Gengar|Thunderbolt|p1a: Snorlax
|-damage|p1a: Snorlax|413\/523 slp
|cant|p1a: Snorlax|slp
|
|turn|27
|L|Alex Skywalker
|choice|move 2|move 3
|
|move|p2a: Gengar|Thunderbolt|p1a: Snorlax
|-damage|p1a: Snorlax|305\/523 slp
|-curestatus|p1a: Snorlax|slp
|
|turn|28
|choice|move 4|move 3
|
|move|p2a: Gengar|Thunderbolt|p1a: Snorlax
|-damage|p1a: Snorlax|194\/523
|move|p1a: Snorlax|Rest|p1a: Snorlax
|-status|p1a: Snorlax|slp
|-heal|p1a: Snorlax|523\/523 slp|[silent]
|-status|p1a: Snorlax|slp|[from] move: Rest
|
|turn|29
|choice|move 2|move 3
|
|move|p2a: Gengar|Thunderbolt|p1a: Snorlax
|-crit|p1a: Snorlax
|-damage|p1a: Snorlax|304\/523 slp
|cant|p1a: Snorlax|slp
|
|turn|30
|choice|move 2|move 3
|
|move|p2a: Gengar|Thunderbolt|p1a: Snorlax
|-damage|p1a: Snorlax|191\/523 slp
|-curestatus|p1a: Snorlax|slp
|
|turn|31
|c|★Teddeh|crit
|c|★Teddeh|go
|c|★Teddeh|!
|choice|move 4|move 3
|
|move|p2a: Gengar|Thunderbolt|p1a: Snorlax
|-damage|p1a: Snorlax|75\/523
|move|p1a: Snorlax|Rest|p1a: Snorlax
|-status|p1a: Snorlax|slp
|-heal|p1a: Snorlax|523\/523 slp|[silent]
|-status|p1a: Snorlax|slp|[from] move: Rest
|
|turn|32
|choice|move 2|move 3
|
|move|p2a: Gengar|Thunderbolt|p1a: Snorlax
|-damage|p1a: Snorlax|411\/523 slp
|cant|p1a: Snorlax|slp
|
|turn|33
|c|★Nails|i think my odds in this fight suck
|choice|switch 2|move 3
|
|switch|p1a: Rhydon|Rhydon|317\/413
|move|p2a: Gengar|Thunderbolt|p1a: Rhydon
|-immune|p1a: Rhydon|[msg]
|
|turn|34
|choice|move 2|move 2
|
|move|p2a: Gengar|Night Shade|p1a: Rhydon
|-damage|p1a: Rhydon|217\/413
|move|p1a: Rhydon|Earthquake|p2a: Gengar
|-supereffective|p2a: Gengar
|-damage|p2a: Gengar|0 fnt
|faint|p2a: Gengar
|c|★Nails|rip
|c|★Teddeh|ok i'm silly
|c|&Vinc2612|levitate where
|choice||switch 3
|
|switch|p2a: Cloyster|Cloyster|89\/303
|turn|35
|choice|switch 6|move 1
|
|switch|p1a: Alakazam|Alakazam|241\/313 par
|move|p2a: Cloyster|Blizzard|p1a: Alakazam
|-damage|p1a: Alakazam|142\/313 par
|
|turn|36
|c|★Nails|er wait
|c|★Nails|that was wrong
|choice|switch 3|move 2
|
|switch|p1a: Jynx|Jynx|333\/333 slp
|move|p2a: Cloyster|Clamp|p1a: Jynx
|-damage|p1a: Jynx|295\/333 slp
|-activate|p1a: Jynx|move: Clamp|[of] p2a: Cloyster
|
|turn|37
|choice|move 3|switch 5
|
|switch|p2a: Tauros|Tauros|249\/353
|cant|p1a: Jynx|slp
|
|-end|p1a: Jynx|Clamp|[partiallytrapped]
|turn|38
|choice|switch 5|move 2
|
|switch|p1a: Chansey|Chansey|45\/703 par
|move|p2a: Tauros|Earthquake|p1a: Chansey
|-damage|p1a: Chansey|0 fnt
|faint|p1a: Chansey
|choice|switch 4|
|
|switch|p1a: Tauros|Tauros|353\/353
|turn|39
|c|★Nails|.tauros
|choice|move 1|switch 4
|
|switch|p2a: Alakazam|Alakazam|313\/313
|move|p1a: Tauros|Body Slam|p2a: Alakazam
|-damage|p2a: Alakazam|165\/313
|
|turn|40
|choice|switch 5|move 3
|
|switch|p1a: Jynx|Jynx|295\/333 slp
|move|p2a: Alakazam|Reflect|p2a: Alakazam
|-start|p2a: Alakazam|Reflect
|
|turn|41
|choice|move 1|move 2
|
|move|p2a: Alakazam|Recover|p2a: Alakazam
|-heal|p2a: Alakazam|313\/313
|cant|p1a: Jynx|slp
|
|turn|42
|choice|move 1|switch 4
|
|switch|p2a: Tauros|Tauros|249\/353
|cant|p1a: Jynx|slp
|
|turn|43
|choice|switch 6|move 2
|
|switch|p1a: Rhydon|Rhydon|217\/413
|move|p2a: Tauros|Earthquake|p1a: Rhydon
|-crit|p1a: Rhydon
|-supereffective|p1a: Rhydon
|-damage|p1a: Rhydon|0 fnt
|faint|p1a: Rhydon
|choice|switch 5|
|
|switch|p1a: Tauros|Tauros|353\/353
|turn|44
|choice|move 1|move 1
|
|move|p2a: Tauros|Body Slam|p1a: Tauros
|-crit|p1a: Tauros
|-damage|p1a: Tauros|154\/353
|move|p1a: Tauros|Body Slam|p2a: Tauros
|-damage|p2a: Tauros|152\/353
|
|turn|45
|choice|move 4|switch 4
|
|switch|p2a: Alakazam|Alakazam|313\/313
|move|p1a: Tauros|Hyper Beam|p2a: Alakazam
|-damage|p2a: Alakazam|39\/313
|
|turn|46
|-mustrecharge|p1a: Tauros
|-mustrecharge|p1a: Tauros
|choice|move 1|move 1
|
|move|p2a: Alakazam|Psychic|p1a: Tauros
|-damage|p1a: Tauros|0 fnt
|faint|p1a: Tauros
|c|★Nails|rude
|choice|switch 3|
|
|switch|p1a: Alakazam|Alakazam|142\/313 par
|turn|47
|choice|move 4|move 2
|
|move|p2a: Alakazam|Recover|p2a: Alakazam
|-heal|p2a: Alakazam|195\/313
|move|p1a: Alakazam|Thunder Wave|p2a: Alakazam
|-status|p2a: Alakazam|par
|
|turn|48
|choice|move 1|move 2
|
|cant|p1a: Alakazam|par
|move|p2a: Alakazam|Recover|p2a: Alakazam
|-heal|p2a: Alakazam|313\/313 par
|
|turn|49
|choice|move 1|switch 5
|
|switch|p2a: Cloyster|Cloyster|89\/303
|move|p1a: Alakazam|Recover|p1a: Alakazam
|-heal|p1a: Alakazam|298\/313 par
|
|turn|50
|choice|move 2|move 2
|
|move|p2a: Cloyster|Clamp|p1a: Alakazam
|-damage|p1a: Alakazam|267\/313 par
|-activate|p1a: Alakazam|move: Clamp|[of] p2a: Cloyster
|cant|p1a: Alakazam|par
|
|turn|51
|choice|move 2|move 2
|
|move|p2a: Cloyster|Clamp|p1a: Alakazam
|-damage|p1a: Alakazam|236\/313 par
|cant|p1a: Alakazam|partiallytrapped
|
|-end|p1a: Alakazam|Clamp|[partiallytrapped]
|turn|52
|choice|move 4|move 2
|
|move|p2a: Cloyster|Clamp|p1a: Alakazam
|-damage|p1a: Alakazam|206\/313 par
|-activate|p1a: Alakazam|move: Clamp|[of] p2a: Cloyster
|cant|p1a: Alakazam|partiallytrapped
|
|turn|53
|choice|move 4|move 2
|
|move|p2a: Cloyster|Clamp|p1a: Alakazam
|-damage|p1a: Alakazam|176\/313 par
|cant|p1a: Alakazam|partiallytrapped
|
|turn|54
|choice|move 4|move 2
|
|move|p2a: Cloyster|Clamp|p1a: Alakazam
|-damage|p1a: Alakazam|146\/313 par
|cant|p1a: Alakazam|par
|
|-end|p1a: Alakazam|Clamp|[partiallytrapped]
|turn|55
|choice|move 4|move 3
|
|move|p2a: Cloyster|Hyper Beam|p1a: Alakazam
|-damage|p1a: Alakazam|0 fnt
|faint|p1a: Alakazam
|choice|switch 6|
|
|switch|p1a: Jynx|Jynx|295\/333 slp
|turn|56
|choice|move 3|switch 4
|
|switch|p2a: Tauros|Tauros|152\/353
|cant|p1a: Jynx|slp
|
|turn|57
|choice|move 3|move 1
|
|move|p2a: Tauros|Body Slam|p1a: Jynx
|-crit|p1a: Jynx
|-damage|p1a: Jynx|0 fnt
|faint|p1a: Jynx
|choice|switch 2|
|
|switch|p1a: Snorlax|Snorlax|411\/523 slp
|turn|58
|c|★Teddeh|gg!!!
|choice|move 2|move 1
|
|move|p2a: Tauros|Body Slam|p1a: Snorlax
|-crit|p1a: Snorlax
|-damage|p1a: Snorlax|155\/523 slp
|-curestatus|p1a: Snorlax|slp
|
|turn|59
|c|★Nails|?
|c|★Nails|.
|c|★Nails|that was p rude
|choice|move 2|move 4
|
|move|p2a: Tauros|Hyper Beam|p1a: Snorlax
|-damage|p1a: Snorlax|0 fnt
|faint|p1a: Snorlax
|
|win|Teddeh