|inactive|Battle timer is ON: inactive players will automatically lose when time's up.
|J|Beds
|J|Steve Angello
|player|p1|Beds|252
|player|p2|Steve Angello|12
|gametype|singles
|gen|1
|tier|[Gen 1] OU
|seed|46558,63804,45520,35825
|rule|Sleep Clause Mod: Limit one foe put to sleep
|rule|Freeze Clause Mod: Limit one foe frozen
|rule|Species Clause: Limit one of each Pokémon
|rule|OHKO Clause: OHKO moves are banned
|rule|Evasion Moves Clause: Evasion moves are banned
|rule|HP Percentage Mod: HP is shown in percentages
|
|start
|switch|p1a: Jynx|Jynx|333\/333
|switch|p2a: Alakazam|Alakazam|313\/313
|turn|1
|choice|move 1|move 1
|
|move|p2a: Alakazam|Thunder Wave|p1a: Jynx
|-status|p1a: Jynx|par
|move|p1a: Jynx|Lovely Kiss|p2a: Alakazam
|-status|p2a: Alakazam|slp
|
|turn|2
|c|★Steve Angello|immer das selbe
|c|★Beds|hue
|c|★Steve Angello|kazam vs jynx
|c|★Beds|funktioniert doch
|c|★Steve Angello|kann der net mal missssen
|choice|move 2|switch 6
|
|switch|p2a: Starmie|Starmie|323\/323
|move|p1a: Jynx|Blizzard|p2a: Starmie
|-resisted|p2a: Starmie
|-damage|p2a: Starmie|258\/323
|
|turn|3
|choice|switch 2|move 2
|
|switch|p1a: Chansey|Chansey|703\/703
|move|p2a: Starmie|Thunderbolt|p1a: Chansey
|-crit|p1a: Chansey
|-damage|p1a: Chansey|555\/703
|
|turn|4
|choice|move 1|move 3
|
|move|p2a: Starmie|Blizzard|p1a: Chansey
|-crit|p1a: Chansey
|-damage|p1a: Chansey|373\/703
|-status|p1a: Chansey|frz
|cant|p1a: Chansey|frz
|
|turn|5
|c|★Steve Angello|noiiice
|choice|switch 5|move 3
|
|switch|p1a: Alakazam|Alakazam|313\/313
|move|p2a: Starmie|Blizzard|p1a: Alakazam
|-damage|p1a: Alakazam|230\/313
|
|turn|6
|choice|move 3|move 1
|
|move|p1a: Alakazam|Thunder Wave|p2a: Starmie
|-status|p2a: Starmie|par
|move|p2a: Starmie|Thunder Wave|p1a: Alakazam
|-status|p1a: Alakazam|par
|
|turn|7
|choice|move 1|move 2
|
|move|p1a: Alakazam|Psychic|p2a: Starmie
|-resisted|p2a: Starmie
|-damage|p2a: Starmie|190\/323 par
|cant|p2a: Starmie|par
|
|turn|8
|choice|move 1|move 4
|
|move|p1a: Alakazam|Psychic|p2a: Starmie
|-resisted|p2a: Starmie
|-damage|p2a: Starmie|124\/323 par
|move|p2a: Starmie|Recover|p2a: Starmie
|-heal|p2a: Starmie|285\/323 par
|
|turn|9
|J|Dad's Dad
|choice|move 1|move 2
|
|move|p1a: Alakazam|Psychic|p2a: Starmie
|-resisted|p2a: Starmie
|-damage|p2a: Starmie|223\/323 par
|-unboost|p2a: Starmie|spd|1
|-unboost|p2a: Starmie|spa|1
|move|p2a: Starmie|Thunderbolt|p1a: Alakazam
|-damage|p1a: Alakazam|192\/313 par
|
|turn|10
|choice|move 3|switch 4
|
|switch|p2a: Chansey|Chansey|703\/703
|move|p1a: Alakazam|Thunder Wave|p2a: Chansey
|-status|p2a: Chansey|par
|
|turn|11
|choice|move 4|move 2
|
|move|p1a: Alakazam|Recover|p1a: Alakazam
|-heal|p1a: Alakazam|313\/313 par
|move|p2a: Chansey|Thunderbolt|p1a: Alakazam
|-damage|p1a: Alakazam|250\/313 par
|
|turn|12
|choice|move 1|switch 4
|
|switch|p2a: Starmie|Starmie|223\/323 par
|cant|p1a: Alakazam|par
|
|turn|13
|choice|move 1|move 4
|
|move|p1a: Alakazam|Psychic|p2a: Starmie
|-resisted|p2a: Starmie
|-damage|p2a: Starmie|154\/323 par
|-unboost|p2a: Starmie|spd|1
|-unboost|p2a: Starmie|spa|1
|move|p2a: Starmie|Recover|p2a: Starmie
|-heal|p2a: Starmie|315\/323 par
|
|turn|14
|choice|switch 4|switch 2
|
|switch|p1a: Lapras|Lapras|463\/463
|switch|p2a: Exeggutor|Exeggutor|393\/393
|
|turn|15
|choice|switch 2|move 2
|
|switch|p1a: Jynx|Jynx|333\/333 par
|move|p2a: Exeggutor|Psychic|p1a: Jynx
|-resisted|p1a: Jynx
|-damage|p1a: Jynx|267\/333 par
|
|turn|16
|choice|move 3|switch 2
|
|switch|p2a: Starmie|Starmie|315\/323 par
|move|p1a: Jynx|Psychic|p2a: Starmie
|-crit|p2a: Starmie
|-resisted|p2a: Starmie
|-damage|p2a: Starmie|210\/323 par
|-unboost|p2a: Starmie|spd|1
|-unboost|p2a: Starmie|spa|1
|
|turn|17
|choice|move 3|switch 4
|
|switch|p2a: Chansey|Chansey|703\/703 par
|move|p1a: Jynx|Psychic|p2a: Chansey
|-damage|p2a: Chansey|605\/703 par
|
|turn|18
|choice|move 3|move 2
|
|move|p1a: Jynx|Psychic|p2a: Chansey
|-crit|p2a: Chansey
|-damage|p2a: Chansey|418\/703 par
|move|p2a: Chansey|Thunderbolt|p1a: Jynx
|-damage|p1a: Jynx|186\/333 par
|
|turn|19
|choice|move 3|move 4
|
|move|p1a: Jynx|Psychic|p2a: Chansey
|-damage|p2a: Chansey|316\/703 par
|cant|p2a: Chansey|par
|
|turn|20
|choice|switch 6|move 4
|
|switch|p1a: Tauros|Tauros|353\/353
|move|p2a: Chansey|Soft-Boiled|p2a: Chansey
|-heal|p2a: Chansey|667\/703 par
|
|turn|21
|choice|move 1|move 3
|
|move|p1a: Tauros|Body Slam|p2a: Chansey
|-damage|p2a: Chansey|403\/703 par
|move|p2a: Chansey|Counter|p1a: Tauros
|-damage|p1a: Tauros|0 fnt
|faint|p1a: Tauros
|choice|switch 2|
|
|switch|p1a: Lapras|Lapras|463\/463
|turn|22
|c|★Beds|tbolt counter
|c|★Beds|wer macht sowas
|choice|move 3|move 4
|
|move|p1a: Lapras|Confuse Ray|p2a: Chansey
|-start|p2a: Chansey|confusion
|cant|p2a: Chansey|par
|
|turn|23
|c|★Steve Angello|ein gewinner
|choice|move 1|move 4
|
|move|p1a: Lapras|Blizzard|p2a: Chansey|[miss]
|-miss|p1a: Lapras
|-activate|p2a: Chansey|confusion
|-damage|p2a: Chansey|368\/703 par|[from] confusion
|
|turn|24
|choice|move 1|move 4
|
|move|p1a: Lapras|Blizzard|p2a: Chansey
|-damage|p2a: Chansey|227\/703 par
|-activate|p2a: Chansey|confusion
|move|p2a: Chansey|Soft-Boiled|p2a: Chansey
|-heal|p2a: Chansey|578\/703 par
|
|turn|25
|choice|move 1|move 4
|
|move|p1a: Lapras|Blizzard|p2a: Chansey
|-damage|p2a: Chansey|447\/703 par
|-activate|p2a: Chansey|confusion
|move|p2a: Chansey|Soft-Boiled|p2a: Chansey
|-heal|p2a: Chansey|703\/703 par
|
|turn|26
|choice|switch 4|move 2
|
|switch|p1a: Alakazam|Alakazam|250\/313 par
|-activate|p2a: Chansey|confusion
|move|p2a: Chansey|Thunderbolt|p1a: Alakazam
|-crit|p1a: Alakazam
|-damage|p1a: Alakazam|129\/313 par
|
|turn|27
|choice|move 4|switch 2
|
|switch|p2a: Exeggutor|Exeggutor|393\/393
|cant|p1a: Alakazam|par
|
|turn|28
|choice|move 3|move 2
|
|move|p2a: Exeggutor|Psychic|p1a: Alakazam
|-resisted|p1a: Alakazam
|-damage|p1a: Alakazam|79\/313 par
|cant|p1a: Alakazam|par
|
|turn|29
|choice|move 4|move 2
|
|move|p2a: Exeggutor|Psychic|p1a: Alakazam
|-resisted|p1a: Alakazam
|-damage|p1a: Alakazam|28\/313 par
|-unboost|p1a: Alakazam|spd|1
|-unboost|p1a: Alakazam|spa|1
|move|p1a: Alakazam|Recover|p1a: Alakazam
|-heal|p1a: Alakazam|184\/313 par
|
|turn|30
|choice|move 3|move 2
|
|move|p2a: Exeggutor|Psychic|p1a: Alakazam
|-resisted|p1a: Alakazam
|-damage|p1a: Alakazam|104\/313 par
|move|p1a: Alakazam|Thunder Wave|p2a: Exeggutor
|-status|p2a: Exeggutor|par
|
|turn|31
|choice|move 4|move 2
|
|move|p2a: Exeggutor|Psychic|p1a: Alakazam
|-resisted|p1a: Alakazam
|-damage|p1a: Alakazam|26\/313 par
|move|p1a: Alakazam|Recover|p1a: Alakazam
|-heal|p1a: Alakazam|182\/313 par
|
|turn|32
|J|fleggumfl
|choice|move 4|move 2
|
|move|p2a: Exeggutor|Psychic|p1a: Alakazam
|-resisted|p1a: Alakazam
|-damage|p1a: Alakazam|108\/313 par
|-unboost|p1a: Alakazam|spd|1
|-unboost|p1a: Alakazam|spa|1
|move|p1a: Alakazam|Recover|p1a: Alakazam
|-heal|p1a: Alakazam|264\/313 par
|
|turn|33
|choice|switch 6|move 2
|
|switch|p1a: Jynx|Jynx|186\/333 par
|move|p2a: Exeggutor|Psychic|p1a: Jynx
|-resisted|p1a: Jynx
|-damage|p1a: Jynx|117\/333 par
|-unboost|p1a: Jynx|spd|1
|-unboost|p1a: Jynx|spa|1
|
|turn|34
|choice|move 2|move 2
|
|cant|p2a: Exeggutor|par
|move|p1a: Jynx|Blizzard|p2a: Exeggutor
|-supereffective|p2a: Exeggutor
|-damage|p2a: Exeggutor|229\/393 par
|
|turn|35
|choice|move 2|move 2
|
|move|p2a: Exeggutor|Psychic|p1a: Jynx
|-resisted|p1a: Jynx
|-damage|p1a: Jynx|26\/333 par
|move|p1a: Jynx|Blizzard|p2a: Exeggutor
|-supereffective|p2a: Exeggutor
|-damage|p2a: Exeggutor|84\/393 par
|
|turn|36
|choice|move 2|move 2
|
|move|p2a: Exeggutor|Psychic|p1a: Jynx
|-resisted|p1a: Jynx
|-damage|p1a: Jynx|0 fnt
|faint|p1a: Jynx
|choice|switch 4|
|
|switch|p1a: Lapras|Lapras|463\/463
|turn|37
|choice|move 1|switch 4
|
|switch|p2a: Starmie|Starmie|210\/323 par
|move|p1a: Lapras|Blizzard|p2a: Starmie
|-resisted|p2a: Starmie
|-damage|p2a: Starmie|136\/323 par
|
|turn|38
|choice|move 2|move 4
|
|move|p1a: Lapras|Thunderbolt|p2a: Starmie
|-supereffective|p2a: Starmie
|-damage|p2a: Starmie|0 fnt
|faint|p2a: Starmie
|choice||switch 2
|
|switch|p2a: Chansey|Chansey|703\/703 par
|turn|39
|choice|move 3|move 2
|
|move|p1a: Lapras|Confuse Ray|p2a: Chansey
|-start|p2a: Chansey|confusion
|-activate|p2a: Chansey|confusion
|-damage|p2a: Chansey|668\/703 par|[from] confusion
|
|turn|40
|choice|switch 6|move 2
|
|switch|p1a: Alakazam|Alakazam|264\/313 par
|-activate|p2a: Chansey|confusion
|-damage|p2a: Chansey|633\/703 par|[from] confusion
|
|turn|41
|choice|move 1|move 2
|
|move|p1a: Alakazam|Psychic|p2a: Chansey
|-damage|p2a: Chansey|503\/703 par
|cant|p2a: Chansey|par
|
|turn|42
|choice|move 1|move 4
|
|move|p1a: Alakazam|Psychic|p2a: Chansey
|-damage|p2a: Chansey|377\/703 par
|-activate|p2a: Chansey|confusion
|move|p2a: Chansey|Soft-Boiled|p2a: Chansey
|-heal|p2a: Chansey|703\/703 par
|
|turn|43
|choice|move 1|move 2
|
|move|p1a: Alakazam|Psychic|p2a: Chansey
|-damage|p2a: Chansey|567\/703 par
|-activate|p2a: Chansey|confusion
|-damage|p2a: Chansey|532\/703 par|[from] confusion
|
|turn|44
|choice|move 1|switch 5
|
|switch|p2a: Snorlax|Snorlax|523\/523
|move|p1a: Alakazam|Psychic|p2a: Snorlax
|-crit|p2a: Snorlax
|-damage|p2a: Snorlax|195\/523
|
|turn|45
|choice|switch 3|move 1
|
|switch|p1a: Exeggutor|Exeggutor|393\/393
|move|p2a: Snorlax|Body Slam|p1a: Exeggutor
|-damage|p1a: Exeggutor|282\/393
|
|turn|46
|choice|switch 5|switch 6
|
|switch|p1a: Chansey|Chansey|373\/703 frz
|switch|p2a: Alakazam|Alakazam|313\/313 slp
|
|turn|47
|choice|switch 6|switch 6
|
|switch|p2a: Snorlax|Snorlax|195\/523
|switch|p1a: Lapras|Lapras|463\/463
|
|turn|48
|choice|move 1|move 1
|
|move|p1a: Lapras|Blizzard|p2a: Snorlax
|-crit|p2a: Snorlax
|-damage|p2a: Snorlax|0 fnt
|faint|p2a: Snorlax
|c|★Steve Angello|.
|choice||switch 5
|
|switch|p2a: Chansey|Chansey|532\/703 par
|turn|49
|c|★Beds|glaub der killt auch so
|c|★Beds|aber bin mir ned sicher
|choice|move 3|move 2
|
|move|p1a: Lapras|Confuse Ray|p2a: Chansey
|-start|p2a: Chansey|confusion
|cant|p2a: Chansey|par
|
|turn|50
|choice|switch 5|move 2
|
|switch|p1a: Exeggutor|Exeggutor|282\/393
|-activate|p2a: Chansey|confusion
|move|p2a: Chansey|Thunderbolt|p1a: Exeggutor
|-resisted|p1a: Exeggutor
|-damage|p1a: Exeggutor|247\/393
|
|turn|51
|choice|move 3|move 4
|
|move|p1a: Exeggutor|Psychic|p2a: Chansey
|-damage|p2a: Chansey|413\/703 par
|-unboost|p2a: Chansey|spd|1
|-unboost|p2a: Chansey|spa|1
|-activate|p2a: Chansey|confusion
|-damage|p2a: Chansey|378\/703 par|[from] confusion
|
|turn|52
|c|★Steve Angello|ach komm schon
|choice|move 3|move 4
|
|move|p1a: Exeggutor|Psychic|p2a: Chansey
|-damage|p2a: Chansey|187\/703 par
|-unboost|p2a: Chansey|spd|1
|-unboost|p2a: Chansey|spa|1
|-end|p2a: Chansey|confusion
|move|p2a: Chansey|Soft-Boiled|p2a: Chansey
|-heal|p2a: Chansey|538\/703 par
|
|turn|53
|c|★Steve Angello|ich hatte das match ziemlich sicher
|c|★Steve Angello|imo
|choice|move 3|switch 6
|
|switch|p2a: Alakazam|Alakazam|313\/313 slp
|move|p1a: Exeggutor|Psychic|p2a: Alakazam
|-resisted|p2a: Alakazam
|-damage|p2a: Alakazam|261\/313 slp
|
|turn|54
|choice|switch 5|move 1
|
|switch|p1a: Lapras|Lapras|463\/463
|cant|p2a: Alakazam|slp
|
|turn|55
|choice|move 1|switch 6
|
|switch|p2a: Chansey|Chansey|538\/703 par
|move|p1a: Lapras|Blizzard|p2a: Chansey
|-damage|p2a: Chansey|414\/703 par
|
|turn|56
|choice|move 3|move 4
|
|move|p1a: Lapras|Confuse Ray|p2a: Chansey
|-start|p2a: Chansey|confusion
|-activate|p2a: Chansey|confusion
|move|p2a: Chansey|Soft-Boiled|p2a: Chansey
|-heal|p2a: Chansey|703\/703 par
|
|turn|57
|choice|switch 5|move 2
|
|switch|p1a: Exeggutor|Exeggutor|247\/393
|cant|p2a: Chansey|par
|
|turn|58
|choice|move 4|switch 6
|
|switch|p2a: Alakazam|Alakazam|261\/313 slp
|move|p1a: Exeggutor|Explosion|p2a: Alakazam
|-damage|p2a: Alakazam|0 fnt
|faint|p2a: Alakazam
|faint|p1a: Exeggutor
|c|★Beds|ok gg
|choice|switch 5|switch 6
|
|switch|p1a: Lapras|Lapras|463\/463
|switch|p2a: Chansey|Chansey|703\/703 par
|turn|59
|choice|move 3|move 2
|
|move|p1a: Lapras|Confuse Ray|p2a: Chansey
|-start|p2a: Chansey|confusion
|cant|p2a: Chansey|par
|
|turn|60
|choice|switch 3|move 2
|
|switch|p1a: Alakazam|Alakazam|264\/313 par
|cant|p2a: Chansey|par
|
|turn|61
|choice|move 2|move 2
|
|move|p1a: Alakazam|Reflect|p1a: Alakazam
|-start|p1a: Alakazam|Reflect
|-activate|p2a: Chansey|confusion
|move|p2a: Chansey|Thunderbolt|p1a: Alakazam
|-damage|p1a: Alakazam|204\/313 par
|
|turn|62
|choice|move 1|switch 4
|
|switch|p2a: Exeggutor|Exeggutor|84\/393 par
|move|p1a: Alakazam|Psychic|p2a: Exeggutor
|-resisted|p2a: Exeggutor
|-damage|p2a: Exeggutor|32\/393 par
|
|turn|63
|choice|move 1|move 4
|
|move|p1a: Alakazam|Psychic|p2a: Exeggutor
|-crit|p2a: Exeggutor
|-resisted|p2a: Exeggutor
|-damage|p2a: Exeggutor|0 fnt
|faint|p2a: Exeggutor
|choice||switch 3
|
|switch|p2a: Tauros|Tauros|353\/353
|turn|64
|choice|move 3|switch 4
|
|switch|p2a: Chansey|Chansey|703\/703 par
|move|p1a: Alakazam|Thunder Wave|p2a: Chansey
|-fail|p2a: Chansey|par
|
|turn|65
|choice|move 1|move 2
|
|move|p1a: Alakazam|Psychic|p2a: Chansey
|-crit|p2a: Chansey
|-damage|p2a: Chansey|454\/703 par
|move|p2a: Chansey|Thunderbolt|p1a: Alakazam
|-damage|p1a: Alakazam|137\/313 par
|
|turn|66
|choice|move 1|move 4
|
|cant|p1a: Alakazam|par
|move|p2a: Chansey|Soft-Boiled|p2a: Chansey
|-heal|p2a: Chansey|703\/703 par
|
|turn|67
|choice|move 4|move 2
|
|move|p1a: Alakazam|Recover|p1a: Alakazam
|-heal|p1a: Alakazam|293\/313 par
|move|p2a: Chansey|Thunderbolt|p1a: Alakazam
|-damage|p1a: Alakazam|233\/313 par
|
|turn|68
|choice|move 1|move 2
|
|move|p1a: Alakazam|Psychic|p2a: Chansey
|-damage|p2a: Chansey|571\/703 par
|-unboost|p2a: Chansey|spd|1
|-unboost|p2a: Chansey|spa|1
|move|p2a: Chansey|Thunderbolt|p1a: Alakazam
|-damage|p1a: Alakazam|190\/313 par
|
|turn|69
|choice|move 1|switch 4
|
|switch|p2a: Tauros|Tauros|353\/353
|cant|p1a: Alakazam|par
|
|turn|70
|choice|move 1|move 1
|
|move|p2a: Tauros|Body Slam|p1a: Alakazam
|-damage|p1a: Alakazam|112\/313 par
|move|p1a: Alakazam|Psychic|p2a: Tauros
|-damage|p2a: Tauros|196\/353
|
|turn|71
|L|fleggumfl
|choice|move 3|move 2
|
|move|p2a: Tauros|Hyper Beam|p1a: Alakazam|[miss]
|-miss|p2a: Tauros
|move|p1a: Alakazam|Thunder Wave|p2a: Tauros
|-status|p2a: Tauros|par
|
|turn|72
|c|★Steve Angello|fuck off
|choice|move 4|move 2
|
|move|p1a: Alakazam|Recover|p1a: Alakazam
|-heal|p1a: Alakazam|268\/313 par
|move|p2a: Tauros|Hyper Beam|p1a: Alakazam
|-damage|p1a: Alakazam|123\/313 par
|
|turn|73
|-mustrecharge|p2a: Tauros
|c|★Beds|lell
|-message|Steve Angello forfeited.
|
|win|Beds