|J|teal6
|J|Bughouse
|player|p1|teal6|280
|player|p2|Bughouse|#bughouse
|gametype|singles
|gen|1
|tier|[Gen 1] OU
|seed|
|rule|Sleep Clause Mod: Limit one foe put to sleep
|rule|Freeze Clause Mod: Limit one foe frozen
|rule|Species Clause: Limit one of each Pokémon
|rule|OHKO Clause: OHKO moves are banned
|rule|Evasion Moves Clause: Evasion moves are banned
|rule|HP Percentage Mod: HP is shown in percentages
|
|start
|switch|p1a: Gengar|Gengar|100\/100
|switch|p2a: Gengar|Gengar|100\/100
|turn|1
|choice||
|
|move|p2a: Gengar|Hypnosis|p1a: Gengar
|-status|p1a: Gengar|slp
|cant|p1a: Gengar|slp
|
|turn|2
|c|★Bughouse|skill
|c|★teal6|we both went for it haha
|choice||
|
|switch|p2a: Alakazam|Alakazam|100\/100
|switch|p1a: Golem|Golem|100\/100
|
|turn|3
|choice||
|
|switch|p1a: Starmie|Starmie|100\/100
|move|p2a: Alakazam|Psychic|p1a: Starmie
|-resisted|p1a: Starmie
|-damage|p1a: Starmie|79\/100
|
|turn|4
|choice||
|
|switch|p2a: Lapras|Lapras|100\/100
|move|p1a: Starmie|Thunder Wave|p2a: Lapras
|-status|p2a: Lapras|par
|
|turn|5
|choice||
|
|move|p1a: Starmie|Thunderbolt|p2a: Lapras
|-supereffective|p2a: Lapras
|-damage|p2a: Lapras|64\/100 par
|cant|p2a: Lapras|par
|
|turn|6
|choice||
|
|switch|p2a: Venusaur|Venusaur|100\/100
|move|p1a: Starmie|Thunderbolt|p2a: Venusaur
|-resisted|p2a: Venusaur
|-damage|p2a: Venusaur|91\/100
|
|turn|7
|c|★teal6|oo
|choice||
|
|move|p1a: Starmie|Psychic|p2a: Venusaur
|-crit|p2a: Venusaur
|-supereffective|p2a: Venusaur
|-damage|p2a: Venusaur|0 fnt
|faint|p2a: Venusaur
|c|★Bughouse|ouch
|c|★teal6|im not even sure what venu does
|c|★teal6|in gen 1
|c|★teal6|lol
|choice||
|
|switch|p2a: Zapdos|Zapdos|100\/100
|turn|8
|choice||
|
|switch|p1a: Golem|Golem|100\/100
|move|p2a: Zapdos|Toxic|p1a: Golem|[miss]
|-miss|p2a: Zapdos
|
|turn|9
|c|★Bughouse|sigh
|choice||
|
|switch|p2a: Gengar|Gengar|100\/100
|move|p1a: Golem|Rock Slide|p2a: Gengar
|-damage|p2a: Gengar|62\/100
|
|turn|10
|choice||
|
|move|p2a: Gengar|Mega Drain|p1a: Golem
|-supereffective|p1a: Golem
|-damage|p1a: Golem|43\/100
|-heal|p2a: Gengar|94\/100|[from] drain|[of] p1a: Golem
|move|p1a: Golem|Earthquake|p2a: Gengar
|-supereffective|p2a: Gengar
|-damage|p2a: Gengar|0 fnt
|faint|p2a: Gengar
|choice||
|
|switch|p2a: Alakazam|Alakazam|100\/100
|turn|11
|choice||
|
|switch|p1a: Starmie|Starmie|79\/100
|move|p2a: Alakazam|Psychic|p1a: Starmie
|-resisted|p1a: Starmie
|-damage|p1a: Starmie|60\/100
|
|turn|12
|choice||
|
|move|p2a: Alakazam|Thunder Wave|p1a: Starmie
|-status|p1a: Starmie|par
|move|p1a: Starmie|Thunder Wave|p2a: Alakazam
|-status|p2a: Alakazam|par
|
|turn|13
|choice||
|
|move|p2a: Alakazam|Psychic|p1a: Starmie
|-resisted|p1a: Starmie
|-damage|p1a: Starmie|40\/100 par
|move|p1a: Starmie|Recover|p1a: Starmie
|-heal|p1a: Starmie|90\/100 par
|
|turn|14
|choice||
|
|move|p2a: Alakazam|Psychic|p1a: Starmie
|-resisted|p1a: Starmie
|-damage|p1a: Starmie|68\/100 par
|move|p1a: Starmie|Psychic|p2a: Alakazam
|-resisted|p2a: Alakazam
|-damage|p2a: Alakazam|88\/100 par
|-unboost|p2a: Alakazam|spd|1
|-unboost|p2a: Alakazam|spa|1
|
|turn|15
|choice||
|
|move|p1a: Starmie|Recover|p1a: Starmie
|-heal|p1a: Starmie|100\/100 par
|move|p2a: Alakazam|Psychic|p1a: Starmie
|-crit|p1a: Starmie
|-resisted|p1a: Starmie
|-damage|p1a: Starmie|62\/100 par
|
|turn|16
|choice||
|
|switch|p2a: Lapras|Lapras|64\/100 par
|move|p1a: Starmie|Recover|p1a: Starmie
|-heal|p1a: Starmie|100\/100 par
|
|turn|17
|choice||
|
|move|p1a: Starmie|Thunderbolt|p2a: Lapras
|-supereffective|p2a: Lapras
|-damage|p2a: Lapras|32\/100 par
|move|p2a: Lapras|Confuse Ray|p1a: Starmie
|-start|p1a: Starmie|confusion
|
|turn|18
|choice||
|
|-activate|p1a: Starmie|confusion
|move|p1a: Starmie|Thunderbolt|p2a: Lapras
|-supereffective|p2a: Lapras
|-damage|p2a: Lapras|0 fnt
|faint|p2a: Lapras
|choice||
|
|switch|p2a: Dragonite|Dragonite|100\/100
|turn|19
|c|★teal6|noo
|choice||
|
|move|p2a: Dragonite|Agility|p2a: Dragonite
|-boost|p2a: Dragonite|spe|2
|-activate|p1a: Starmie|confusion
|move|p1a: Starmie|Thunder Wave|p2a: Dragonite
|-status|p2a: Dragonite|par
|
|turn|20
|c|★Bughouse|sigh
|c|★Bughouse|so unlucky
|c|★Bughouse|lol
|c|★teal6|he
|-message|Bughouse forfeited.
|
|win|teal6