|inactive|Battle timer is ON: inactive players will automatically lose when time's up.
|J|Beds
|J|reyscarface
|player|p1|Beds|252
|player|p2|reyscarface|170
|gametype|singles
|gen|1
|tier|[Gen 1] OU
|seed|29991,12560,38171,33049
|rule|Sleep Clause Mod: Limit one foe put to sleep
|rule|Freeze Clause Mod: Limit one foe frozen
|rule|Species Clause: Limit one of each Pokémon
|rule|OHKO Clause: OHKO moves are banned
|rule|Evasion Moves Clause: Evasion moves are banned
|rule|HP Percentage Mod: HP is shown in percentages
|
|start
|switch|p1a: Starmie|Starmie|323\/323
|switch|p2a: Alakazam|Alakazam|313\/313
|turn|1
|J|Valkyrie10+1
|J|THE PDC SHOW
|J|Isa
|J|bro fist
|J|Genesis7
|J|KratosMana
|J|McMeghan
|J|CasedVictory
|J|Hack
|J|rozes
|J|CrashinBoomBang
|J|fitzy
|J|Nails
|J|Updated Kanto
|J|Prajpran
|J|Mizuhime
|J|Despotar274
|J|TDK
|J|UltiMario
|raw|<div class="broadcast-red"><b>Moderated chat was set to %!<\/b><br \/>Only users of rank % and higher can talk.<\/div>
|c|★Beds|gl hf
|J|Mael
|J|Jayde
|c|%Mizuhime|rozes sucks
|c|★reyscarface|no luck lots of fun!
|J|Cnorth26
|c|@rozes|mizu ;_;
|J|RF is Kanye
|J|WhiteQueen
|J|Sam
|L|WhiteQueen
|choice|switch 4|move 4
|
|switch|p1a: Exeggutor|Exeggutor|393\/393
|move|p2a: Alakazam|Thunder Wave|p1a: Exeggutor
|-status|p1a: Exeggutor|par
|
|turn|2
|J|Chakra
|choice|move 1|move 2
|
|move|p2a: Alakazam|Seismic Toss|p1a: Exeggutor
|-damage|p1a: Exeggutor|293\/393 par
|cant|p1a: Exeggutor|par
|
|turn|3
|J|Fireburn
|J|Zamrock
|J|sunsetsarsaparilla
|choice|move 1|move 2
|
|move|p2a: Alakazam|Seismic Toss|p1a: Exeggutor
|-damage|p1a: Exeggutor|193\/393 par
|move|p1a: Exeggutor|Sleep Powder|p2a: Alakazam
|-status|p2a: Alakazam|slp
|
|turn|4
|J|0NE + TW0
|J|reiku
|J|Derk
|J|TheChaser
|J|derperion
|choice|move 2|move 2
|
|-curestatus|p2a: Alakazam|slp
|move|p1a: Exeggutor|Psychic|p2a: Alakazam
|-resisted|p2a: Alakazam
|-damage|p2a: Alakazam|264\/313
|-unboost|p2a: Alakazam|spd|1
|-unboost|p2a: Alakazam|spa|1
|
|turn|5
|J|KyleCole
|J|Prankster
|L|Chakra
|choice|move 1|move 2
|
|move|p2a: Alakazam|Seismic Toss|p1a: Exeggutor
|-damage|p1a: Exeggutor|93\/393 par
|move|p1a: Exeggutor|Sleep Powder|p2a: Alakazam
|-status|p2a: Alakazam|slp
|
|turn|6
|J|Texas Cloverleaf
|J|Kefky
|choice|move 2|move 2
|
|cant|p2a: Alakazam|slp
|move|p1a: Exeggutor|Psychic|p2a: Alakazam
|-resisted|p2a: Alakazam
|-damage|p2a: Alakazam|182\/313 slp
|
|turn|7
|choice|switch 3|move 2
|
|switch|p1a: Snorlax|Snorlax|523\/523
|cant|p2a: Alakazam|slp
|
|turn|8
|J|ggggd
|L|CasedVictory
|choice|move 1|switch 4
|
|switch|p2a: Exeggutor|Exeggutor|393\/393
|move|p1a: Snorlax|Body Slam|p2a: Exeggutor
|-damage|p2a: Exeggutor|274\/393
|
|turn|9
|J|Vore Gidal
|J|RFlush
|choice|switch 3|move 4
|
|switch|p1a: Exeggutor|Exeggutor|93\/393 par
|move|p2a: Exeggutor|Sleep Powder|p1a: Exeggutor
|-fail|p1a: Exeggutor
|
|turn|10
|J|Soulgazer
|J|Syncrasy
|J|bus stop
|choice|move 4|move 2
|
|move|p2a: Exeggutor|Hyper Beam|p1a: Exeggutor
|-damage|p1a: Exeggutor|0 fnt
|faint|p1a: Exeggutor
|J|lord death man
|J|Confide
|choice|switch 4|
|
|switch|p1a: Starmie|Starmie|323\/323
|turn|11
|choice|move 3|move 4
|
|move|p1a: Starmie|Blizzard|p2a: Exeggutor
|-supereffective|p2a: Exeggutor
|-damage|p2a: Exeggutor|107\/393
|move|p2a: Exeggutor|Sleep Powder|p1a: Starmie
|-status|p1a: Starmie|slp
|
|turn|12
|J|kokoloko
|choice|move 3|move 1
|
|-curestatus|p1a: Starmie|slp
|move|p2a: Exeggutor|Psychic|p1a: Starmie
|-resisted|p1a: Starmie
|-damage|p1a: Starmie|257\/323
|
|turn|13
|choice|move 3|switch 2
|
|switch|p2a: Chansey|Chansey|703\/703
|move|p1a: Starmie|Blizzard|p2a: Chansey
|-damage|p2a: Chansey|616\/703
|
|turn|14
|J|CasedVictory
|J|metagame secrets
|choice|move 3|move 2
|
|move|p1a: Starmie|Blizzard|p2a: Chansey
|-damage|p2a: Chansey|524\/703
|move|p2a: Chansey|Thunderbolt|p1a: Starmie
|-crit|p1a: Starmie
|-supereffective|p1a: Starmie
|-damage|p1a: Starmie|0 fnt
|faint|p1a: Starmie
|J|WhiteQueen
|J|xray
|J|Tesung
|J|ashuahas
|J|KingOfMars
|choice|switch 5|
|
|switch|p1a: Chansey|Chansey|703\/703
|turn|15
|J|potato14798
|J|Leftiez
|choice|move 1|move 1
|
|move|p2a: Chansey|Ice Beam|p1a: Chansey
|-damage|p1a: Chansey|632\/703
|move|p1a: Chansey|Ice Beam|p2a: Chansey
|-damage|p2a: Chansey|452\/703
|
|turn|16
|choice|move 1|move 4
|
|move|p1a: Chansey|Ice Beam|p2a: Chansey
|-damage|p2a: Chansey|375\/703
|move|p2a: Chansey|Soft-Boiled|p2a: Chansey
|-heal|p2a: Chansey|703\/703
|
|turn|17
|choice|move 1|switch 5
|
|switch|p2a: Snorlax|Snorlax|523\/523
|move|p1a: Chansey|Ice Beam|p2a: Snorlax
|-crit|p2a: Snorlax
|-damage|p2a: Snorlax|311\/523
|
|turn|18
|J|IBIREVER
|J|tele
|L|tele
|J|365 days
|choice|move 1|move 4
|
|move|p1a: Chansey|Ice Beam|p2a: Snorlax
|-damage|p2a: Snorlax|211\/523
|-status|p2a: Snorlax|frz
|cant|p2a: Snorlax|frz
|
|turn|19
|J|zara larsson fan
|J|fleggumfl
|J|Tobes
|J|CHOA THE PRINCESS
|J|Colchonero
|J|zedpi
|choice|move 3|switch 5
|
|switch|p2a: Chansey|Chansey|703\/703
|move|p1a: Chansey|Thunder Wave|p2a: Chansey
|-status|p2a: Chansey|par
|
|turn|20
|choice|switch 3|move 1
|
|switch|p1a: Snorlax|Snorlax|523\/523
|move|p2a: Chansey|Ice Beam|p1a: Snorlax
|-damage|p1a: Snorlax|426\/523
|
|turn|21
|J|FLCL
|choice|move 1|switch 5
|
|switch|p2a: Snorlax|Snorlax|211\/523 frz
|move|p1a: Snorlax|Body Slam|p2a: Snorlax
|-damage|p2a: Snorlax|64\/523 frz
|
|turn|22
|J|SoulWind
|choice|switch 6|move 1
|
|switch|p1a: Tauros|Tauros|353\/353
|cant|p2a: Snorlax|frz
|
|turn|23
|choice|move 1|move 1
|
|move|p1a: Tauros|Body Slam|p2a: Snorlax
|-damage|p2a: Snorlax|0 fnt
|faint|p2a: Snorlax
|choice||switch 6
|
|switch|p2a: Starmie|Starmie|323\/323
|turn|24
|choice|switch 3|move 1
|
|switch|p1a: Chansey|Chansey|632\/703
|move|p2a: Starmie|Blizzard|p1a: Chansey
|-damage|p1a: Chansey|546\/703
|-status|p1a: Chansey|frz
|
|turn|25
|c|★Beds|ok good
|c|★Beds|i had
|c|★Beds|no softboiled
|J|Shubaki
|c|★Beds|double tbolt :I
|J|celebitrainer36
|J|ibaneful
|choice|switch 2|move 3
|
|switch|p1a: Alakazam|Alakazam|313\/313
|move|p2a: Starmie|Thunderbolt|p1a: Alakazam
|-damage|p1a: Alakazam|250\/313
|
|turn|26
|choice|move 2|switch 5
|
|switch|p2a: Chansey|Chansey|703\/703 par
|move|p1a: Alakazam|Thunder Wave|p2a: Chansey
|-fail|p2a: Chansey|par
|
|turn|27
|J|FreeRoamer
|choice|switch 6|move 3
|
|switch|p1a: Snorlax|Snorlax|426\/523
|move|p2a: Chansey|Thunder Wave|p1a: Snorlax
|-status|p1a: Snorlax|par
|
|turn|28
|J|once adreamed
|choice|move 2|move 1
|
|move|p2a: Chansey|Ice Beam|p1a: Snorlax
|-crit|p1a: Snorlax
|-damage|p1a: Snorlax|228\/523 par
|move|p1a: Snorlax|Amnesia|p1a: Snorlax
|-boost|p1a: Snorlax|spd|2
|-boost|p1a: Snorlax|spa|2
|
|turn|29
|J|danilo
|choice|move 1|move 1
|
|move|p1a: Snorlax|Body Slam|p2a: Chansey
|-damage|p2a: Chansey|393\/703 par
|move|p2a: Chansey|Ice Beam|p1a: Snorlax
|-crit|p1a: Snorlax
|-damage|p1a: Snorlax|21\/523 par
|
|turn|30
|choice|move 1|move 4
|
|cant|p1a: Snorlax|par
|move|p2a: Chansey|Soft-Boiled|p2a: Chansey
|-heal|p2a: Chansey|703\/703 par
|
|turn|31
|choice|move 4|move 1
|
|cant|p1a: Snorlax|par
|cant|p2a: Chansey|par
|
|turn|32
|J|Demerging
|choice|move 4|move 1
|
|move|p1a: Snorlax|Self-Destruct|p2a: Chansey
|-damage|p2a: Chansey|0 fnt
|faint|p2a: Chansey
|faint|p1a: Snorlax
|choice|switch 6|switch 3
|
|switch|p1a: Alakazam|Alakazam|250\/313
|switch|p2a: Tauros|Tauros|353\/353
|turn|33
|L|derperion
|J|iamgingy
|choice|move 2|move 1
|
|move|p1a: Alakazam|Thunder Wave|p2a: Tauros
|-status|p2a: Tauros|par
|move|p2a: Tauros|Body Slam|p1a: Alakazam
|-damage|p1a: Alakazam|101\/313
|-status|p1a: Alakazam|par
|
|turn|34
|J|yukiko best girl
|choice|move 4|move 4
|
|move|p1a: Alakazam|Recover|p1a: Alakazam
|-heal|p1a: Alakazam|257\/313 par
|move|p2a: Tauros|Hyper Beam|p1a: Alakazam
|-damage|p1a: Alakazam|0 fnt
|faint|p1a: Alakazam
|J|Sapientia
|choice|switch 3|
|
|switch|p1a: Tauros|Tauros|353\/353
|turn|35
|J|SimpleTech
|choice|move 1|move 4
|
|move|p1a: Tauros|Body Slam|p2a: Tauros
|-damage|p2a: Tauros|251\/353 par
|cant|p2a: Tauros|par
|
|turn|36
|choice|move 1|move 4
|
|move|p1a: Tauros|Body Slam|p2a: Tauros
|-damage|p2a: Tauros|150\/353 par
|move|p2a: Tauros|Hyper Beam|p1a: Tauros
|-damage|p1a: Tauros|170\/353
|
|turn|37
|-mustrecharge|p2a: Tauros
|L|SimpleTech
|-mustrecharge|p2a: Tauros
|J|SimpleTech
|choice|move 4|move 1
|
|move|p1a: Tauros|Hyper Beam|p2a: Tauros
|-damage|p2a: Tauros|0 fnt
|faint|p2a: Tauros
|choice||switch 5
|
|switch|p2a: Starmie|Starmie|323\/323
|turn|38
|choice|move 1|move 4
|
|move|p2a: Starmie|Thunder Wave|p1a: Tauros
|-status|p1a: Tauros|par
|move|p1a: Tauros|Body Slam|p2a: Starmie
|-damage|p2a: Starmie|213\/323
|
|turn|39
|L|SimpleTech
|J|stathakis
|choice|move 1|move 3
|
|move|p2a: Starmie|Thunderbolt|p1a: Tauros
|-damage|p1a: Tauros|72\/353 par
|move|p1a: Tauros|Body Slam|p2a: Starmie
|-damage|p2a: Starmie|100\/323
|
|turn|40
|choice|move 1|move 3
|
|move|p2a: Starmie|Thunderbolt|p1a: Tauros
|-damage|p1a: Tauros|0 fnt
|faint|p1a: Tauros
|choice|switch 2|
|
|switch|p1a: Chansey|Chansey|546\/703 frz
|turn|41
|choice|move 2|move 3
|
|move|p2a: Starmie|Thunderbolt|p1a: Chansey
|-damage|p1a: Chansey|476\/703 frz
|cant|p1a: Chansey|frz
|
|turn|42
|choice|move 2|move 3
|
|move|p2a: Starmie|Thunderbolt|p1a: Chansey
|-damage|p1a: Chansey|406\/703 frz
|cant|p1a: Chansey|frz
|
|turn|43
|L|Mizuhime
|choice|move 2|move 3
|
|move|p2a: Starmie|Thunderbolt|p1a: Chansey
|-damage|p1a: Chansey|339\/703 frz
|cant|p1a: Chansey|frz
|
|turn|44
|L|Kefky
|choice|move 2|move 3
|
|move|p2a: Starmie|Thunderbolt|p1a: Chansey
|-damage|p1a: Chansey|267\/703 frz
|cant|p1a: Chansey|frz
|
|turn|45
|L|Zamrock
|choice|move 2|move 3
|
|move|p2a: Starmie|Thunderbolt|p1a: Chansey
|-damage|p1a: Chansey|201\/703 frz
|cant|p1a: Chansey|frz
|
|turn|46
|choice|move 2|move 3
|
|move|p2a: Starmie|Thunderbolt|p1a: Chansey
|-damage|p1a: Chansey|126\/703 frz
|cant|p1a: Chansey|frz
|
|turn|47
|choice|move 2|move 3
|
|move|p2a: Starmie|Thunderbolt|p1a: Chansey
|-damage|p1a: Chansey|60\/703 frz
|cant|p1a: Chansey|frz
|
|turn|48
|choice|move 2|move 3
|
|move|p2a: Starmie|Thunderbolt|p1a: Chansey
|-crit|p1a: Chansey
|-damage|p1a: Chansey|0 fnt
|faint|p1a: Chansey
|
|win|reyscarface