|inactive|Battle timer is ON: inactive players will automatically lose when time's up.
|J|Aurious
|J|CrapAtRBY
|player|p1|Aurious|56
|player|p2|CrapAtRBY|169
|gametype|singles
|gen|1
|tier|[Gen 1] OU
|seed|37206,2388,8724,7977
|rule|Sleep Clause Mod: Limit one foe put to sleep
|rule|Freeze Clause Mod: Limit one foe frozen
|rule|Species Clause: Limit one of each Pokémon
|rule|OHKO Clause: OHKO moves are banned
|rule|Evasion Moves Clause: Evasion moves are banned
|rule|HP Percentage Mod: HP is shown in percentages
|
|start
|switch|p1a: Jynx|Jynx|333\/333
|switch|p2a: Jynx|Jynx|333\/333
|turn|1
|J|Isa
|J|hkmn
|J|BKC
|c|★Aurious|hf
|choice|move 1|move 3
|
|move|p2a: Jynx|Lovely Kiss|p1a: Jynx
|-status|p1a: Jynx|slp
|cant|p1a: Jynx|slp
|
|turn|2
|J|reyscarface
|c|★CrapAtRBY|hf
|L|Isa
|choice|switch 6|move 2
|
|switch|p1a: Slowbro|Slowbro|393\/393
|move|p2a: Jynx|Psychic|p1a: Slowbro
|-resisted|p1a: Slowbro
|-damage|p1a: Slowbro|331\/393
|
|turn|3
|choice|move 2|switch 3
|
|switch|p2a: Chansey|Chansey|703\/703
|move|p1a: Slowbro|Amnesia|p1a: Slowbro
|-boost|p1a: Slowbro|spd|2
|-boost|p1a: Slowbro|spa|2
|
|turn|4
|choice|move 2|move 3
|
|move|p2a: Chansey|Thunder Wave|p1a: Slowbro
|-status|p1a: Slowbro|par
|move|p1a: Slowbro|Amnesia|p1a: Slowbro
|-boost|p1a: Slowbro|spd|2
|-boost|p1a: Slowbro|spa|2
|
|turn|5
|choice|move 2|move 2
|
|move|p2a: Chansey|Thunderbolt|p1a: Slowbro
|-supereffective|p1a: Slowbro
|-damage|p1a: Slowbro|275\/393 par
|move|p1a: Slowbro|Amnesia|p1a: Slowbro
|-boost|p1a: Slowbro|spd|2
|-boost|p1a: Slowbro|spa|2
|
|turn|6
|choice|move 3|move 2
|
|move|p2a: Chansey|Thunderbolt|p1a: Slowbro
|-crit|p1a: Slowbro
|-supereffective|p1a: Slowbro
|-damage|p1a: Slowbro|0 fnt
|faint|p1a: Slowbro
|choice|switch 3|
|
|switch|p1a: Exeggutor|Exeggutor|393\/393
|turn|7
|choice|move 2|switch 3
|
|switch|p2a: Jynx|Jynx|333\/333
|move|p1a: Exeggutor|Stun Spore|p2a: Jynx
|-status|p2a: Jynx|par
|
|turn|8
|choice|switch 2|move 2
|
|switch|p1a: Chansey|Chansey|703\/703
|move|p2a: Jynx|Psychic|p1a: Chansey
|-damage|p1a: Chansey|612\/703
|
|turn|9
|L|BKC
|choice|move 2|move 1
|
|move|p1a: Chansey|Thunderbolt|p2a: Jynx
|-damage|p2a: Jynx|249\/333 par
|move|p2a: Jynx|Blizzard|p1a: Chansey
|-crit|p1a: Chansey
|-damage|p1a: Chansey|354\/703
|
|turn|10
|choice|move 4|move 1
|
|move|p1a: Chansey|Soft-Boiled|p1a: Chansey
|-heal|p1a: Chansey|703\/703
|move|p2a: Jynx|Blizzard|p1a: Chansey
|-damage|p1a: Chansey|576\/703
|
|turn|11
|choice|move 2|move 1
|
|move|p1a: Chansey|Thunderbolt|p2a: Jynx
|-damage|p2a: Jynx|164\/333 par
|cant|p2a: Jynx|par
|
|turn|12
|choice|move 2|move 1
|
|move|p1a: Chansey|Thunderbolt|p2a: Jynx
|-crit|p2a: Jynx
|-damage|p2a: Jynx|18\/333 par
|move|p2a: Jynx|Blizzard|p1a: Chansey
|-crit|p1a: Chansey
|-damage|p1a: Chansey|327\/703
|
|turn|13
|choice|move 4|move 1
|
|move|p1a: Chansey|Soft-Boiled|p1a: Chansey
|-heal|p1a: Chansey|678\/703
|move|p2a: Jynx|Blizzard|p1a: Chansey|[miss]
|-miss|p2a: Jynx
|
|turn|14
|choice|move 2|switch 2
|
|switch|p2a: Exeggutor|Exeggutor|393\/393
|move|p1a: Chansey|Thunderbolt|p2a: Exeggutor
|-resisted|p2a: Exeggutor
|-damage|p2a: Exeggutor|362\/393
|-status|p2a: Exeggutor|par
|
|turn|15
|choice|move 1|switch 5
|
|switch|p2a: Tauros|Tauros|353\/353
|move|p1a: Chansey|Ice Beam|p2a: Tauros
|-damage|p2a: Tauros|253\/353
|
|turn|16
|J|MoxieInfinite
|choice|switch 5|switch 3
|
|switch|p2a: Chansey|Chansey|703\/703
|switch|p1a: Snorlax|Snorlax|523\/523
|
|turn|17
|L|MoxieInfinite
|choice|switch 5|move 2
|
|switch|p1a: Chansey|Chansey|678\/703
|move|p2a: Chansey|Thunderbolt|p1a: Chansey
|-damage|p1a: Chansey|607\/703
|
|turn|18
|choice|move 1|move 3
|
|move|p1a: Chansey|Ice Beam|p2a: Chansey
|-damage|p2a: Chansey|631\/703
|-status|p2a: Chansey|frz
|cant|p2a: Chansey|frz
|
|turn|19
|J|CasedVictory
|J|Fakkesi
|choice|move 1|switch 4
|
|switch|p2a: Snorlax|Snorlax|523\/523
|move|p1a: Chansey|Ice Beam|p2a: Snorlax
|-crit|p2a: Snorlax
|-damage|p2a: Snorlax|343\/523
|
|turn|20
|choice|switch 2|move 3
|
|switch|p1a: Exeggutor|Exeggutor|393\/393
|move|p2a: Snorlax|Amnesia|p2a: Snorlax
|-boost|p2a: Snorlax|spd|2
|-boost|p2a: Snorlax|spa|2
|
|turn|21
|choice|move 1|move 2
|
|move|p1a: Exeggutor|Sleep Powder|p2a: Snorlax|[miss]
|-miss|p1a: Exeggutor
|move|p2a: Snorlax|Reflect|p2a: Snorlax
|-start|p2a: Snorlax|Reflect
|
|turn|22
|choice|move 1|switch 5
|
|switch|p2a: Exeggutor|Exeggutor|362\/393 par
|move|p1a: Exeggutor|Sleep Powder|p2a: Exeggutor
|-fail|p2a: Exeggutor
|
|turn|23
|L|CasedVictory
|choice|move 3|move 3
|
|move|p1a: Exeggutor|Psychic|p2a: Exeggutor
|-resisted|p2a: Exeggutor
|-damage|p2a: Exeggutor|313\/393 par
|-unboost|p2a: Exeggutor|spd|1
|-unboost|p2a: Exeggutor|spa|1
|cant|p2a: Exeggutor|par
|
|turn|24
|choice|move 3|move 2
|
|move|p1a: Exeggutor|Psychic|p2a: Exeggutor
|-resisted|p2a: Exeggutor
|-damage|p2a: Exeggutor|238\/393 par
|move|p2a: Exeggutor|Stun Spore|p1a: Exeggutor
|-status|p1a: Exeggutor|par
|
|turn|25
|choice|move 3|switch 2
|
|switch|p2a: Jynx|Jynx|18\/333 par
|move|p1a: Exeggutor|Psychic|p2a: Jynx
|-resisted|p2a: Jynx
|-damage|p2a: Jynx|0 fnt
|faint|p2a: Jynx
|choice||switch 6
|
|switch|p2a: Zapdos|Zapdos|383\/383
|turn|26
|choice|switch 5|move 2
|
|switch|p1a: Snorlax|Snorlax|523\/523
|move|p2a: Zapdos|Drill Peck|p1a: Snorlax
|-damage|p1a: Snorlax|409\/523
|
|turn|27
|L|hkmn
|choice|move 1|move 3
|
|move|p2a: Zapdos|Thunder Wave|p1a: Snorlax
|-status|p1a: Snorlax|par
|cant|p1a: Snorlax|par
|
|turn|28
|choice|move 1|move 1
|
|move|p2a: Zapdos|Thunderbolt|p1a: Snorlax
|-damage|p1a: Snorlax|243\/523 par
|move|p1a: Snorlax|Body Slam|p2a: Zapdos
|-damage|p2a: Zapdos|270\/383
|
|turn|29
|choice|move 4|move 1
|
|move|p2a: Zapdos|Thunderbolt|p1a: Snorlax
|-damage|p1a: Snorlax|87\/523 par
|cant|p1a: Snorlax|par
|
|turn|30
|choice|switch 2|move 2
|
|switch|p1a: Chansey|Chansey|607\/703
|move|p2a: Zapdos|Drill Peck|p1a: Chansey
|-damage|p1a: Chansey|384\/703
|
|turn|31
|L|Fakkesi
|L|reyscarface
|choice|move 4|move 3
|
|move|p2a: Zapdos|Thunder Wave|p1a: Chansey
|-status|p1a: Chansey|par
|move|p1a: Chansey|Soft-Boiled|p1a: Chansey
|-heal|p1a: Chansey|703\/703 par
|
|turn|32
|choice|move 3|move 2
|
|move|p2a: Zapdos|Drill Peck|p1a: Chansey
|-crit|p1a: Chansey
|-damage|p1a: Chansey|230\/703 par
|move|p1a: Chansey|Thunder Wave|p2a: Zapdos
|-status|p2a: Zapdos|par
|
|turn|33
|choice|move 4|move 4
|
|move|p2a: Zapdos|Agility|p2a: Zapdos
|-boost|p2a: Zapdos|spe|2
|move|p1a: Chansey|Soft-Boiled|p1a: Chansey
|-heal|p1a: Chansey|581\/703 par
|
|turn|34
|choice|move 1|move 2
|
|move|p2a: Zapdos|Drill Peck|p1a: Chansey
|-damage|p1a: Chansey|334\/703 par
|move|p1a: Chansey|Ice Beam|p2a: Zapdos
|-supereffective|p2a: Zapdos
|-damage|p2a: Zapdos|142\/383 par
|
|turn|35
|choice|move 4|move 2
|
|cant|p2a: Zapdos|par
|move|p1a: Chansey|Soft-Boiled|p1a: Chansey
|-heal|p1a: Chansey|685\/703 par
|
|turn|36
|choice|move 1|move 2
|
|cant|p2a: Zapdos|par
|cant|p1a: Chansey|par
|
|turn|37
|choice|move 1|move 2
|
|move|p2a: Zapdos|Drill Peck|p1a: Chansey
|-damage|p1a: Chansey|426\/703 par
|cant|p1a: Chansey|par
|
|turn|38
|choice|move 4|move 2
|
|cant|p2a: Zapdos|par
|move|p1a: Chansey|Soft-Boiled|p1a: Chansey
|-heal|p1a: Chansey|703\/703 par
|
|turn|39
|choice|move 1|move 2
|
|cant|p2a: Zapdos|par
|move|p1a: Chansey|Ice Beam|p2a: Zapdos
|-supereffective|p2a: Zapdos
|-damage|p2a: Zapdos|4\/383 par
|
|turn|40
|choice|move 1|move 2
|
|cant|p2a: Zapdos|par
|move|p1a: Chansey|Ice Beam|p2a: Zapdos
|-supereffective|p2a: Zapdos
|-damage|p2a: Zapdos|0 fnt
|faint|p2a: Zapdos
|choice||switch 5
|
|switch|p2a: Snorlax|Snorlax|343\/523
|turn|41
|choice|move 3|move 3
|
|move|p2a: Snorlax|Amnesia|p2a: Snorlax
|-boost|p2a: Snorlax|spd|2
|-boost|p2a: Snorlax|spa|2
|move|p1a: Chansey|Thunder Wave|p2a: Snorlax
|-status|p2a: Snorlax|par
|
|turn|42
|choice|switch 2|move 3
|
|switch|p1a: Snorlax|Snorlax|87\/523 par
|move|p2a: Snorlax|Amnesia|p2a: Snorlax
|-boost|p2a: Snorlax|spd|2
|-boost|p2a: Snorlax|spa|2
|
|turn|43
|choice|move 4|move 2
|
|move|p2a: Snorlax|Reflect|p2a: Snorlax
|-start|p2a: Snorlax|Reflect
|cant|p1a: Snorlax|par
|
|turn|44
|choice|move 4|move 1
|
|move|p2a: Snorlax|Ice Beam|p1a: Snorlax
|-damage|p1a: Snorlax|0 fnt
|faint|p1a: Snorlax
|choice|switch 5|
|
|switch|p1a: Exeggutor|Exeggutor|393\/393 par
|turn|45
|choice|move 4|move 3
|
|move|p1a: Exeggutor|Explosion|p2a: Snorlax
|-damage|p2a: Snorlax|188\/523 par
|faint|p1a: Exeggutor
|choice|switch 4|
|
|switch|p1a: Tauros|Tauros|353\/353
|turn|46
|choice|move 1|move 4
|
|move|p1a: Tauros|Body Slam|p2a: Snorlax
|-damage|p2a: Snorlax|117\/523 par
|move|p2a: Snorlax|Rest|p2a: Snorlax
|-status|p2a: Snorlax|slp
|-heal|p2a: Snorlax|523\/523 slp|[silent]
|-status|p2a: Snorlax|slp|[from] move: Rest
|
|turn|47
|choice|move 1|move 1
|
|move|p1a: Tauros|Body Slam|p2a: Snorlax
|-damage|p2a: Snorlax|453\/523 slp
|cant|p2a: Snorlax|slp
|
|turn|48
|choice|move 1|move 3
|
|move|p1a: Tauros|Body Slam|p2a: Snorlax
|-damage|p2a: Snorlax|384\/523 slp
|-curestatus|p2a: Snorlax|slp
|
|turn|49
|choice|switch 2|move 3
|
|switch|p1a: Chansey|Chansey|703\/703 par
|move|p2a: Snorlax|Amnesia|p2a: Snorlax
|-boost|p2a: Snorlax|spd|2
|-boost|p2a: Snorlax|spa|2
|
|turn|50
|choice|move 3|move 1
|
|move|p2a: Snorlax|Ice Beam|p1a: Chansey
|-damage|p1a: Chansey|480\/703 par
|move|p1a: Chansey|Thunder Wave|p2a: Snorlax
|-status|p2a: Snorlax|par
|
|turn|51
|choice|move 2|move 1
|
|move|p1a: Chansey|Thunderbolt|p2a: Snorlax
|-damage|p2a: Snorlax|360\/523 par
|move|p2a: Snorlax|Ice Beam|p1a: Chansey
|-damage|p1a: Chansey|252\/703 par
|
|turn|52
|choice|move 4|move 1
|
|move|p1a: Chansey|Soft-Boiled|p1a: Chansey
|-heal|p1a: Chansey|603\/703 par
|cant|p2a: Snorlax|par
|
|turn|53
|choice|move 2|switch 3
|
|switch|p2a: Tauros|Tauros|253\/353
|move|p1a: Chansey|Thunderbolt|p2a: Tauros
|-damage|p2a: Tauros|158\/353
|
|turn|54
|choice|move 3|move 1
|
|move|p2a: Tauros|Body Slam|p1a: Chansey
|-damage|p1a: Chansey|343\/703 par
|move|p1a: Chansey|Thunder Wave|p2a: Tauros
|-status|p2a: Tauros|par
|
|turn|55
|choice|switch 6|move 2
|
|switch|p1a: Jynx|Jynx|333\/333 slp
|move|p2a: Tauros|Hyper Beam|p1a: Jynx|[miss]
|-miss|p2a: Tauros
|
|turn|56
|choice|move 2|move 1
|
|cant|p1a: Jynx|slp
|cant|p2a: Tauros|par
|
|turn|57
|choice|move 2|move 1
|
|cant|p1a: Jynx|slp
|cant|p2a: Tauros|par
|
|turn|58
|choice|move 2|move 1
|
|cant|p1a: Jynx|slp
|move|p2a: Tauros|Body Slam|p1a: Jynx
|-damage|p1a: Jynx|148\/333 slp
|
|turn|59
|choice|move 2|move 1
|
|cant|p1a: Jynx|slp
|move|p2a: Tauros|Body Slam|p1a: Jynx
|-crit|p1a: Jynx
|-damage|p1a: Jynx|0 fnt
|faint|p1a: Jynx
|choice|switch 2|
|
|switch|p1a: Tauros|Tauros|353\/353
|turn|60
|choice|move 4|switch 2
|
|switch|p2a: Exeggutor|Exeggutor|238\/393 par
|move|p1a: Tauros|Hyper Beam|p2a: Exeggutor
|-damage|p2a: Exeggutor|47\/393 par
|
|turn|61
|-mustrecharge|p1a: Tauros
|-mustrecharge|p1a: Tauros
|choice|move 1|move 1
|
|cant|p1a: Tauros|recharge
|move|p2a: Exeggutor|Sleep Powder|p1a: Tauros|[miss]
|-miss|p2a: Exeggutor
|
|turn|62
|c|★Aurious|why didnt u
|c|★Aurious|boom
|choice|move 1|move 1
|
|move|p1a: Tauros|Body Slam|p2a: Exeggutor
|-damage|p2a: Exeggutor|0 fnt
|faint|p2a: Exeggutor
|c|★CrapAtRBY|Doesn't KO, and Sleep moves are supposed to always hit if a pokemon is recharging, but I guess smogon isn't updated
|choice||switch 3
|
|switch|p2a: Snorlax|Snorlax|360\/523 par
|turn|63
|choice|move 1|move 2
|
|move|p1a: Tauros|Body Slam|p2a: Snorlax
|-damage|p2a: Snorlax|222\/523 par
|move|p2a: Snorlax|Reflect|p2a: Snorlax
|-start|p2a: Snorlax|Reflect
|
|turn|64
|choice|move 1|move 4
|
|move|p1a: Tauros|Body Slam|p2a: Snorlax
|-damage|p2a: Snorlax|156\/523 par
|cant|p2a: Snorlax|par
|
|turn|65
|choice|move 1|move 4
|
|move|p1a: Tauros|Body Slam|p2a: Snorlax
|-crit|p2a: Snorlax
|-damage|p2a: Snorlax|0 fnt
|faint|p2a: Snorlax
|choice||switch 2
|
|switch|p2a: Tauros|Tauros|158\/353 par
|turn|66
|c|★Aurious|huh
|c|★Aurious|is that true about the sleep moves
|c|★Aurious|i didnt know that
|choice|move 4|move 2
|
|move|p1a: Tauros|Hyper Beam|p2a: Tauros
|-damage|p2a: Tauros|0 fnt
|faint|p2a: Tauros
|c|★CrapAtRBY|Yeah RBY has some really random glitches
|choice||switch 4
|
|switch|p2a: Chansey|Chansey|631\/703 frz
|turn|67
|c|★Aurious|gg
|c|★CrapAtRBY|It also overrides any status the opponent's mon has, including freeze
|c|★CrapAtRBY|gg
|-message|CrapAtRBY forfeited.
|
|win|Aurious