|J|fleggumfl
|J|teal6
|player|p1|fleggumfl|217
|player|p2|teal6|102
|gametype|singles
|gen|1
|tier|[Gen 1] OU
|seed|16826,16056,21797,50471
|rule|Sleep Clause Mod: Limit one foe put to sleep
|rule|Freeze Clause Mod: Limit one foe frozen
|rule|Species Clause: Limit one of each Pokémon
|rule|OHKO Clause: OHKO moves are banned
|rule|Evasion Moves Clause: Evasion moves are banned
|rule|HP Percentage Mod: HP is shown in percentages
|
|start
|switch|p1a: Starmie|Starmie|323\/323
|switch|p2a: Jynx|Jynx|333\/333
|turn|1
|c|★fleggumfl|hopefully this game wont be so ridiculous
|c|★fleggumfl|hf
|c|★teal6|lol its rby
|c|★teal6|they all are
|choice|move 3|move 4
|
|move|p1a: Starmie|Thunder Wave|p2a: Jynx
|-status|p2a: Jynx|par
|move|p2a: Jynx|Blizzard|p1a: Starmie
|-resisted|p1a: Starmie
|-damage|p1a: Starmie|254\/323
|
|turn|2
|choice|move 2|move 2
|
|move|p1a: Starmie|Psychic|p2a: Jynx
|-resisted|p2a: Jynx
|-damage|p2a: Jynx|280\/333 par
|cant|p2a: Jynx|par
|
|turn|3
|choice|move 2|move 2
|
|move|p1a: Starmie|Psychic|p2a: Jynx
|-resisted|p2a: Jynx
|-damage|p2a: Jynx|230\/333 par
|-unboost|p2a: Jynx|spd|1
|-unboost|p2a: Jynx|spa|1
|move|p2a: Jynx|Lovely Kiss|p1a: Starmie
|-status|p1a: Starmie|slp
|
|turn|4
|choice|move 2|switch 2
|
|switch|p2a: Zapdos|Zapdos|383\/383
|-curestatus|p1a: Starmie|slp
|
|turn|5
|J|clefairy
|J|Alexander
|J|Time stall
|choice|move 1|switch 2
|
|switch|p2a: Jynx|Jynx|230\/333 par
|move|p1a: Starmie|Blizzard|p2a: Jynx
|-resisted|p2a: Jynx
|-damage|p2a: Jynx|179\/333 par
|
|turn|6
|choice|move 2|move 2
|
|move|p1a: Starmie|Psychic|p2a: Jynx
|-resisted|p2a: Jynx
|-damage|p2a: Jynx|128\/333 par
|-unboost|p2a: Jynx|spd|1
|-unboost|p2a: Jynx|spa|1
|move|p2a: Jynx|Lovely Kiss|p1a: Starmie
|-status|p1a: Starmie|slp
|
|turn|7
|choice|move 2|move 3
|
|cant|p1a: Starmie|slp
|cant|p2a: Jynx|par
|
|turn|8
|choice|move 2|move 3
|
|cant|p1a: Starmie|slp
|move|p2a: Jynx|Rest|p2a: Jynx
|-status|p2a: Jynx|slp
|-heal|p2a: Jynx|333\/333 slp|[silent]
|-status|p2a: Jynx|slp|[from] move: Rest
|
|turn|9
|choice|switch 6|switch 2
|
|switch|p1a: Alakazam|Alakazam|313\/313
|switch|p2a: Zapdos|Zapdos|383\/383
|
|turn|10
|J|bomber
|choice|move 2|move 4
|
|move|p1a: Alakazam|Thunder Wave|p2a: Zapdos
|-status|p2a: Zapdos|par
|cant|p2a: Zapdos|par
|
|turn|11
|choice|move 3|move 4
|
|move|p1a: Alakazam|Reflect|p1a: Alakazam
|-start|p1a: Alakazam|Reflect
|move|p2a: Zapdos|Thunder Wave|p1a: Alakazam
|-status|p1a: Alakazam|par
|
|turn|12
|choice|move 1|move 3
|
|move|p1a: Alakazam|Psychic|p2a: Zapdos
|-crit|p2a: Zapdos
|-damage|p2a: Zapdos|167\/383 par
|-unboost|p2a: Zapdos|spd|1
|-unboost|p2a: Zapdos|spa|1
|move|p2a: Zapdos|Drill Peck|p1a: Alakazam
|-damage|p1a: Alakazam|239\/313 par
|
|turn|13
|choice|move 1|move 3
|
|cant|p1a: Alakazam|par
|move|p2a: Zapdos|Drill Peck|p1a: Alakazam
|-crit|p1a: Alakazam
|-damage|p1a: Alakazam|0 fnt
|faint|p1a: Alakazam
|choice|switch 5|
|
|switch|p1a: Chansey|Chansey|703\/703
|turn|14
|choice|move 1|switch 2
|
|switch|p2a: Jynx|Jynx|333\/333 slp
|move|p1a: Chansey|Ice Beam|p2a: Jynx
|-resisted|p2a: Jynx
|-damage|p2a: Jynx|293\/333 slp
|
|turn|15
|choice|switch 3|move 4
|
|switch|p1a: Tauros|Tauros|353\/353
|cant|p2a: Jynx|slp
|
|turn|16
|choice|move 2|switch 2
|
|switch|p2a: Zapdos|Zapdos|167\/383 par
|move|p1a: Tauros|Body Slam|p2a: Zapdos
|-damage|p2a: Zapdos|56\/383 par
|
|turn|17
|choice|move 2|move 4
|
|move|p1a: Tauros|Body Slam|p2a: Zapdos
|-crit|p2a: Zapdos
|-damage|p2a: Zapdos|0 fnt
|faint|p2a: Zapdos
|choice||switch 5
|
|switch|p2a: Exeggutor|Exeggutor|393\/393
|turn|18
|choice|switch 4|move 4
|
|switch|p1a: Exeggutor|Exeggutor|393\/393
|move|p2a: Exeggutor|Stun Spore|p1a: Exeggutor
|-status|p1a: Exeggutor|par
|
|turn|19
|choice|move 3|switch 2
|
|switch|p2a: Jynx|Jynx|293\/333 slp
|move|p1a: Exeggutor|Explosion|p2a: Jynx
|-crit|p2a: Jynx
|-damage|p2a: Jynx|0 fnt
|faint|p2a: Jynx
|faint|p1a: Exeggutor
|choice|switch 2|switch 4
|
|switch|p1a: Snorlax|Snorlax|523\/523
|switch|p2a: Snorlax|Snorlax|523\/523
|turn|20
|choice|move 3|move 1
|
|move|p2a: Snorlax|Body Slam|p1a: Snorlax
|-damage|p1a: Snorlax|383\/523
|move|p1a: Snorlax|Earthquake|p2a: Snorlax
|-damage|p2a: Snorlax|422\/523
|
|turn|21
|choice|move 1|move 1
|
|move|p1a: Snorlax|Body Slam|p2a: Snorlax
|-damage|p2a: Snorlax|292\/523
|move|p2a: Snorlax|Body Slam|p1a: Snorlax
|-damage|p1a: Snorlax|236\/523
|
|turn|22
|choice|move 4|move 3
|
|move|p1a: Snorlax|Self-Destruct|p2a: Snorlax
|-damage|p2a: Snorlax|0 fnt
|faint|p2a: Snorlax
|faint|p1a: Snorlax
|choice|switch 3|switch 6
|
|switch|p1a: Chansey|Chansey|703\/703
|switch|p2a: Chansey|Chansey|703\/703
|turn|23
|choice|move 1|move 1
|
|move|p1a: Chansey|Ice Beam|p2a: Chansey
|-damage|p2a: Chansey|625\/703
|move|p2a: Chansey|Ice Beam|p1a: Chansey
|-damage|p1a: Chansey|626\/703
|
|turn|24
|choice|move 1|move 1
|
|move|p1a: Chansey|Ice Beam|p2a: Chansey
|-damage|p2a: Chansey|548\/703
|move|p2a: Chansey|Ice Beam|p1a: Chansey
|-damage|p1a: Chansey|547\/703
|-status|p1a: Chansey|frz
|
|turn|25
|choice|switch 6|move 2
|
|switch|p1a: Starmie|Starmie|254\/323 slp
|move|p2a: Chansey|Soft-Boiled|p2a: Chansey
|-heal|p2a: Chansey|703\/703
|
|turn|26
|choice|move 4|move 4
|
|cant|p1a: Starmie|slp
|move|p2a: Chansey|Thunderbolt|p1a: Starmie
|-supereffective|p1a: Starmie
|-damage|p1a: Starmie|92\/323 slp
|
|turn|27
|choice|move 1|move 4
|
|cant|p1a: Starmie|slp
|move|p2a: Chansey|Thunderbolt|p1a: Starmie
|-supereffective|p1a: Starmie
|-damage|p1a: Starmie|0 fnt
|faint|p1a: Starmie
|choice|switch 4|
|
|switch|p1a: Tauros|Tauros|353\/353
|turn|28
|L|clefairy
|choice|move 1|move 3
|
|move|p1a: Tauros|Blizzard|p2a: Chansey|[miss]
|-miss|p1a: Tauros
|move|p2a: Chansey|Thunder Wave|p1a: Tauros
|-status|p1a: Tauros|par
|
|turn|29
|choice|move 3|move 4
|
|move|p2a: Chansey|Thunderbolt|p1a: Tauros
|-damage|p1a: Tauros|254\/353 par
|move|p1a: Tauros|Hyper Beam|p2a: Chansey|[miss]
|-miss|p1a: Tauros
|
|turn|30
|choice|move 3|move 4
|
|move|p2a: Chansey|Thunderbolt|p1a: Tauros
|-damage|p1a: Tauros|153\/353 par
|move|p1a: Tauros|Hyper Beam|p2a: Chansey
|-damage|p2a: Chansey|208\/703
|
|turn|31
|-mustrecharge|p1a: Tauros
|c|★teal6|sorry
|c|★teal6|gg
|-mustrecharge|p1a: Tauros
|choice|move 1|move 4
|
|move|p2a: Chansey|Thunderbolt|p1a: Tauros
|-damage|p1a: Tauros|62\/353 par
|cant|p1a: Tauros|recharge
|
|turn|32
|c|★fleggumfl|ya
|c|★fleggumfl|gg
|choice|move 3|move 4
|
|move|p2a: Chansey|Thunderbolt|p1a: Tauros
|-damage|p1a: Tauros|0 fnt
|faint|p1a: Tauros
|-message|fleggumfl forfeited.
|
|win|teal6