|inactive|Battle timer is ON: inactive players will automatically lose when time's up.
|J|TDK
|J|Nails
|player|p1|TDK|292
|player|p2|Nails|102
|gametype|singles
|gen|1
|tier|[Gen 1] Random Battle
|seed|33130,44420,51794,35576
|rule|Sleep Clause Mod: Limit one foe put to sleep
|rule|Freeze Clause Mod: Limit one foe frozen
|rule|HP Percentage Mod: HP is shown in percentages
|
|start
|switch|p1a: Kadabra|Kadabra, L85|242\/242
|switch|p2a: Venomoth|Venomoth, L85|293\/293
|turn|1
|J|misfit love
|choice|move 1|switch 6
|
|switch|p2a: Porygon|Porygon, L85|284\/284
|move|p1a: Kadabra|Psychic|p2a: Porygon
|-damage|p2a: Porygon|159\/284
|-unboost|p2a: Porygon|spd|1
|-unboost|p2a: Porygon|spa|1
|
|turn|2
|J|Meru
|c|+Meru|o_o
|L|Meru
|choice|move 1|switch 5
|
|switch|p2a: Lapras|Lapras, L79|367\/367
|move|p1a: Kadabra|Psychic|p2a: Lapras
|-damage|p2a: Lapras|258\/367
|
|turn|3
|J|Camilas
|choice|switch 6|move 3
|
|switch|p1a: Snorlax|Snorlax, L79|415\/415
|move|p2a: Lapras|Blizzard|p1a: Snorlax
|-damage|p1a: Snorlax|285\/415
|
|turn|4
|choice|move 1|switch 4
|
|switch|p2a: Sandslash|Sandslash, L85|301\/301
|move|p1a: Snorlax|Amnesia|p1a: Snorlax
|-boost|p1a: Snorlax|spd|2
|-boost|p1a: Snorlax|spa|2
|
|turn|5
|choice|move 2|move 2
|
|move|p2a: Sandslash|Swords Dance|p2a: Sandslash
|-boost|p2a: Sandslash|atk|2
|move|p1a: Snorlax|Blizzard|p2a: Sandslash
|-supereffective|p2a: Sandslash
|-damage|p2a: Sandslash|8\/301
|
|turn|6
|c|★TDK|hax
|choice|switch 3|move 1
|
|switch|p1a: Golbat|Golbat, L90|318\/318
|move|p2a: Sandslash|Earthquake|p1a: Golbat
|-immune|p1a: Golbat|[msg]
|
|turn|7
|choice|move 4|move 4
|
|move|p1a: Golbat|Double-Edge|p2a: Sandslash
|-damage|p2a: Sandslash|0 fnt
|-damage|p1a: Golbat|316\/318|[from] recoil|[of] p2a: Sandslash
|faint|p2a: Sandslash
|choice||switch 4
|
|switch|p2a: Lapras|Lapras, L79|258\/367
|turn|8
|choice|move 3|move 3
|
|move|p1a: Golbat|Screech|p2a: Lapras|[miss]
|-miss|p1a: Golbat
|move|p2a: Lapras|Blizzard|p1a: Golbat
|-supereffective|p1a: Golbat
|-damage|p1a: Golbat|85\/318
|
|turn|9
|c|★TDK|,
|c|★TDK|brb bringing plate downstairs
|choice|move 3|move 2
|
|move|p1a: Golbat|Screech|p2a: Lapras
|-unboost|p2a: Lapras|def|2
|move|p2a: Lapras|Thunderbolt|p1a: Golbat
|-crit|p1a: Golbat
|-supereffective|p1a: Golbat
|-damage|p1a: Golbat|0 fnt
|faint|p1a: Golbat
|choice|switch 3|
|
|switch|p1a: Snorlax|Snorlax, L79|285\/415
|turn|10
|L|Camilas
|choice|move 1|switch 5
|
|switch|p2a: Porygon|Porygon, L85|159\/284
|move|p1a: Snorlax|Amnesia|p1a: Snorlax
|-boost|p1a: Snorlax|spd|2
|-boost|p1a: Snorlax|spa|2
|
|turn|11
|choice|move 3|move 2
|
|move|p2a: Porygon|Tri Attack|p1a: Snorlax
|-damage|p1a: Snorlax|199\/415
|move|p1a: Snorlax|Hyper Beam|p2a: Porygon
|-damage|p2a: Porygon|0 fnt
|faint|p2a: Porygon
|choice||switch 2
|
|switch|p2a: Mankey|Mankey, L96|272\/272
|turn|12
|J|HopShow
|L|HopShow
|choice|switch 2|move 4
|
|switch|p1a: Nidorina|Nidorina, L90|309\/309
|move|p2a: Mankey|Submission|p1a: Nidorina|[miss]
|-miss|p2a: Mankey
|
|turn|13
|choice|move 2|switch 6
|
|switch|p2a: Venomoth|Venomoth, L85|293\/293
|move|p1a: Nidorina|Thunder|p2a: Venomoth
|-damage|p2a: Venomoth|228\/293
|
|turn|14
|choice|move 2|move 4
|
|move|p2a: Venomoth|Psychic|p1a: Nidorina
|-crit|p1a: Nidorina
|-supereffective|p1a: Nidorina
|-damage|p1a: Nidorina|0 fnt
|faint|p1a: Nidorina
|c|★Nails|dmg
|choice|switch 6|
|
|switch|p1a: Kadabra|Kadabra, L85|242\/242
|turn|15
|choice|move 1|move 2
|
|move|p1a: Kadabra|Psychic|p2a: Venomoth
|-supereffective|p2a: Venomoth
|-damage|p2a: Venomoth|7\/293
|move|p2a: Venomoth|Stun Spore|p1a: Kadabra
|-status|p1a: Kadabra|par
|
|turn|16
|choice|move 1|switch 5
|
|switch|p2a: Lapras|Lapras, L79|258\/367
|move|p1a: Kadabra|Psychic|p2a: Lapras
|-damage|p2a: Lapras|134\/367
|-unboost|p2a: Lapras|spd|1
|-unboost|p2a: Lapras|spa|1
|
|turn|17
|choice|move 1|move 4
|
|move|p2a: Lapras|Confuse Ray|p1a: Kadabra
|-start|p1a: Kadabra|confusion
|cant|p1a: Kadabra|par
|
|turn|18
|choice|move 1|move 1
|
|move|p2a: Lapras|Body Slam|p1a: Kadabra
|-damage|p1a: Kadabra|159\/242 par
|-activate|p1a: Kadabra|confusion
|-damage|p1a: Kadabra|127\/242 par|[from] confusion
|
|turn|19
|choice|move 1|move 1
|
|move|p2a: Lapras|Body Slam|p1a: Kadabra
|-damage|p1a: Kadabra|49\/242 par
|cant|p1a: Kadabra|par
|
|turn|20
|choice|move 1|move 1
|
|move|p2a: Lapras|Body Slam|p1a: Kadabra
|-damage|p1a: Kadabra|0 fnt
|faint|p1a: Kadabra
|choice|switch 4|
|
|switch|p1a: Magneton|Magneton, L90|273\/273
|turn|21
|choice|move 1|move 3
|
|move|p1a: Magneton|Thunderbolt|p2a: Lapras
|-crit|p2a: Lapras
|-supereffective|p2a: Lapras
|-damage|p2a: Lapras|0 fnt
|faint|p2a: Lapras
|choice||switch 5
|
|switch|p2a: Venomoth|Venomoth, L85|7\/293
|turn|22
|choice|move 1|move 3
|
|move|p2a: Venomoth|Sleep Powder|p1a: Magneton
|-status|p1a: Magneton|slp
|cant|p1a: Magneton|slp
|
|turn|23
|choice|switch 2|move 4
|
|switch|p1a: Snorlax|Snorlax, L79|199\/415
|move|p2a: Venomoth|Psychic|p1a: Snorlax
|-damage|p1a: Snorlax|114\/415
|-unboost|p1a: Snorlax|spd|1
|-unboost|p1a: Snorlax|spa|1
|
|turn|24
|choice|move 4|move 4
|
|move|p2a: Venomoth|Psychic|p1a: Snorlax
|-damage|p1a: Snorlax|0 fnt
|faint|p1a: Snorlax
|choice|switch 5|
|
|switch|p1a: Dragonair|Dragonair, L85|277\/277
|turn|25
|choice|move 4|move 2
|
|move|p2a: Venomoth|Stun Spore|p1a: Dragonair|[miss]
|-miss|p2a: Venomoth
|move|p1a: Dragonair|Agility|p1a: Dragonair
|-boost|p1a: Dragonair|spe|2
|
|turn|26
|c|★TDK|ez
|choice|move 3|move 2
|
|move|p1a: Dragonair|Ice Beam|p2a: Venomoth
|-crit|p2a: Venomoth
|-damage|p2a: Venomoth|0 fnt
|faint|p2a: Venomoth
|choice||switch 6
|
|switch|p2a: Mankey|Mankey, L96|272\/272
|turn|27
|choice|move 1|move 3
|
|move|p1a: Dragonair|Thunder|p2a: Mankey
|-damage|p2a: Mankey|170\/272
|move|p2a: Mankey|Body Slam|p1a: Dragonair
|-damage|p1a: Dragonair|195\/277
|
|turn|28
|choice|move 3|move 3
|
|move|p1a: Dragonair|Ice Beam|p2a: Mankey
|-damage|p2a: Mankey|89\/272
|move|p2a: Mankey|Body Slam|p1a: Dragonair
|-damage|p1a: Dragonair|116\/277
|
|turn|29
|choice|move 2|move 4
|
|move|p1a: Dragonair|Hyper Beam|p2a: Mankey
|-damage|p2a: Mankey|0 fnt
|faint|p2a: Mankey
|choice||switch 3
|
|switch|p2a: Raticate|Raticate, L85|267\/267
|turn|30
|choice|move 1|move 3
|
|move|p1a: Dragonair|Thunder|p2a: Raticate
|-damage|p2a: Raticate|174\/267
|-status|p2a: Raticate|par
|move|p2a: Raticate|Body Slam|p1a: Dragonair
|-damage|p1a: Dragonair|19\/277
|
|turn|31
|c|★Nails|SHIT
|c|★Nails|i thought that would ko
|choice|move 2|move 3
|
|move|p1a: Dragonair|Hyper Beam|p2a: Raticate
|-damage|p2a: Raticate|44\/267 par
|move|p2a: Raticate|Body Slam|p1a: Dragonair
|-damage|p1a: Dragonair|0 fnt
|faint|p1a: Dragonair
|choice|switch 2|
|
|switch|p1a: Magneton|Magneton, L90|273\/273 slp
|turn|32
|c|★TDK|go magneton
|c|★TDK|i believe
|choice|move 1|move 3
|
|cant|p1a: Magneton|slp
|move|p2a: Raticate|Body Slam|p1a: Magneton
|-damage|p1a: Magneton|192\/273 slp
|
|turn|33
|choice|move 1|move 3
|
|cant|p1a: Magneton|slp
|move|p2a: Raticate|Body Slam|p1a: Magneton
|-crit|p1a: Magneton
|-damage|p1a: Magneton|44\/273 slp
|
|turn|34
|c|★TDK|no,,,
|J|sugarhigh
|c|★Nails|ah i dont have to hyper beam
|c|★Nails|cmon rat
|c|★Nails|win me
|c|★Nails|this historic game
|choice|move 1|move 3
|
|-curestatus|p1a: Magneton|slp
|move|p2a: Raticate|Body Slam|p1a: Magneton
|-damage|p1a: Magneton|0 fnt
|faint|p1a: Magneton
|
|win|Nails
|c|★Nails|YES
|L|sugarhigh
|c|★TDK|bg
|L|TDK
|player|p1