|J|teal6
|J|Da Skywalker
|player|p1|teal6|138
|player|p2|Da Skywalker|101
|gametype|singles
|gen|1
|tier|[Gen 1] OU
|seed|36785,16998,37724,35788
|rule|Sleep Clause Mod: Limit one foe put to sleep
|rule|Freeze Clause Mod: Limit one foe frozen
|rule|Species Clause: Limit one of each Pokémon
|rule|OHKO Clause: OHKO moves are banned
|rule|Evasion Moves Clause: Evasion moves are banned
|rule|HP Percentage Mod: HP is shown in percentages
|
|start
|switch|p1a: Alakazam|Alakazam|313\/313
|switch|p2a: Alakazam|Alakazam, M|313\/313
|turn|1
|c|★Da Skywalker|hf man
|choice|move 2|move 1
|
|move|p2a: Alakazam|Thunder Wave|p1a: Alakazam
|-status|p1a: Alakazam|par
|move|p1a: Alakazam|Thunder Wave|p2a: Alakazam
|-status|p2a: Alakazam|par
|
|turn|2
|c|★teal6|you too bro
|choice|move 4|move 3
|
|move|p2a: Alakazam|Seismic Toss|p1a: Alakazam
|-damage|p1a: Alakazam|213\/313 par
|move|p1a: Alakazam|Seismic Toss|p2a: Alakazam
|-damage|p2a: Alakazam|213\/313 par
|
|turn|3
|choice|move 4|move 3
|
|move|p1a: Alakazam|Seismic Toss|p2a: Alakazam
|-damage|p2a: Alakazam|113\/313 par
|move|p2a: Alakazam|Seismic Toss|p1a: Alakazam
|-damage|p1a: Alakazam|113\/313 par
|
|turn|4
|choice|move 4|move 4
|
|move|p2a: Alakazam|Recover|p2a: Alakazam
|-heal|p2a: Alakazam|269\/313 par
|cant|p1a: Alakazam|par
|
|turn|5
|choice|move 3|switch 6
|
|switch|p2a: Snorlax|Snorlax, M|523\/523
|cant|p1a: Alakazam|par
|
|turn|6
|choice|switch 2|move 1
|
|switch|p1a: Snorlax|Snorlax|523\/523
|move|p2a: Snorlax|Body Slam|p1a: Snorlax
|-crit|p1a: Snorlax
|-damage|p1a: Snorlax|246\/523
|
|turn|7
|choice|switch 2|move 1
|
|switch|p1a: Alakazam|Alakazam|113\/313 par
|move|p2a: Snorlax|Body Slam|p1a: Alakazam
|-damage|p1a: Alakazam|0 fnt
|faint|p1a: Alakazam
|choice|switch 4|
|
|switch|p1a: Exeggutor|Exeggutor|393\/393
|turn|8
|choice|switch 2|switch 6
|
|switch|p1a: Snorlax|Snorlax|246\/523
|switch|p2a: Alakazam|Alakazam, M|269\/313 par
|
|turn|9
|choice|move 3|switch 3
|
|switch|p2a: Chansey|Chansey|703\/703
|move|p1a: Snorlax|Body Slam|p2a: Chansey
|-damage|p2a: Chansey|400\/703
|
|turn|10
|choice|move 1|move 1
|
|move|p2a: Chansey|Thunder Wave|p1a: Snorlax
|-status|p1a: Snorlax|par
|move|p1a: Snorlax|Reflect|p1a: Snorlax
|-start|p1a: Snorlax|Reflect
|
|turn|11
|choice|move 2|move 3
|
|move|p2a: Chansey|Reflect|p2a: Chansey
|-start|p2a: Chansey|Reflect
|cant|p1a: Snorlax|par
|
|turn|12
|choice|move 2|move 4
|
|move|p2a: Chansey|Soft-Boiled|p2a: Chansey
|-heal|p2a: Chansey|703\/703
|move|p1a: Snorlax|Rest|p1a: Snorlax
|-status|p1a: Snorlax|slp
|-heal|p1a: Snorlax|523\/523 slp|[silent]
|-status|p1a: Snorlax|slp|[from] move: Rest
|
|turn|13
|choice|move 3|move 2
|
|move|p2a: Chansey|Seismic Toss|p1a: Snorlax
|-damage|p1a: Snorlax|423\/523 slp
|cant|p1a: Snorlax|slp
|
|turn|14
|choice|move 4|move 2
|
|move|p2a: Chansey|Seismic Toss|p1a: Snorlax
|-damage|p1a: Snorlax|323\/523 slp
|-curestatus|p1a: Snorlax|slp
|
|turn|15
|J|Bro Kappa
|choice|move 4|move 1
|
|move|p2a: Chansey|Thunder Wave|p1a: Snorlax
|-status|p1a: Snorlax|par
|move|p1a: Snorlax|Ice Beam|p2a: Chansey
|-damage|p2a: Chansey|643\/703
|
|turn|16
|L|Bro Kappa
|choice|move 4|move 2
|
|move|p2a: Chansey|Seismic Toss|p1a: Snorlax|[miss]
|-miss|p2a: Chansey
|cant|p1a: Snorlax|par
|
|turn|17
|choice|move 4|switch 4
|
|switch|p2a: Starmie|Starmie|323\/323
|cant|p1a: Snorlax|par
|
|turn|18
|choice|move 2|move 1
|
|move|p2a: Starmie|Psychic|p1a: Snorlax
|-damage|p1a: Snorlax|178\/523 par
|-unboost|p1a: Snorlax|spd|1
|-unboost|p1a: Snorlax|spa|1
|move|p1a: Snorlax|Rest|p1a: Snorlax
|-status|p1a: Snorlax|slp
|-heal|p1a: Snorlax|523\/523 slp|[silent]
|-status|p1a: Snorlax|slp|[from] move: Rest
|
|turn|19
|choice|switch 3|move 1
|
|switch|p1a: Chansey|Chansey|703\/703
|move|p2a: Starmie|Psychic|p1a: Chansey
|-damage|p1a: Chansey|605\/703
|-unboost|p1a: Chansey|spd|1
|-unboost|p1a: Chansey|spa|1
|
|turn|20
|choice|move 1|move 3
|
|move|p2a: Starmie|Thunder Wave|p1a: Chansey
|-status|p1a: Chansey|par
|move|p1a: Chansey|Ice Beam|p2a: Starmie
|-resisted|p2a: Starmie
|-damage|p2a: Starmie|300\/323
|
|turn|21
|choice|move 3|switch 3
|
|switch|p2a: Alakazam|Alakazam, M|269\/313 par
|move|p1a: Chansey|Thunder Wave|p2a: Alakazam
|-fail|p2a: Alakazam|par
|
|turn|22
|choice|switch 2|move 2
|
|switch|p1a: Exeggutor|Exeggutor|393\/393
|move|p2a: Alakazam|Psychic|p1a: Exeggutor
|-resisted|p1a: Exeggutor
|-damage|p1a: Exeggutor|339\/393
|
|turn|23
|choice|switch 3|move 2
|
|switch|p1a: Snorlax|Snorlax|523\/523 slp
|move|p2a: Alakazam|Psychic|p1a: Snorlax
|-crit|p1a: Snorlax
|-damage|p1a: Snorlax|203\/523 slp
|
|turn|24
|choice|move 3|switch 5
|
|switch|p2a: Tauros|Tauros|353\/353
|cant|p1a: Snorlax|slp
|
|turn|25
|choice|switch 3|move 1
|
|switch|p1a: Exeggutor|Exeggutor|339\/393
|move|p2a: Tauros|Body Slam|p1a: Exeggutor
|-crit|p1a: Exeggutor
|-damage|p1a: Exeggutor|107\/393
|
|turn|26
|choice|move 2|move 4
|
|move|p2a: Tauros|Blizzard|p1a: Exeggutor|[miss]
|-miss|p2a: Tauros
|move|p1a: Exeggutor|Sleep Powder|p2a: Tauros|[miss]
|-miss|p1a: Exeggutor
|
|turn|27
|choice|move 2|move 4
|
|move|p2a: Tauros|Blizzard|p1a: Exeggutor|[miss]
|-miss|p2a: Tauros
|move|p1a: Exeggutor|Sleep Powder|p2a: Tauros|[miss]
|-miss|p1a: Exeggutor
|
|turn|28
|choice|switch 3|move 4
|
|switch|p1a: Snorlax|Snorlax|203\/523 slp
|move|p2a: Tauros|Blizzard|p1a: Snorlax
|-damage|p1a: Snorlax|96\/523 slp
|
|turn|29
|choice|move 1|move 1
|
|move|p2a: Tauros|Body Slam|p1a: Snorlax
|-damage|p1a: Snorlax|0 fnt
|faint|p1a: Snorlax
|choice|switch 5|
|
|switch|p1a: Slowbro|Slowbro|393\/393
|turn|30
|choice|move 3|switch 5
|
|switch|p2a: Alakazam|Alakazam, M|269\/313 par
|move|p1a: Slowbro|Thunder Wave|p2a: Alakazam
|-fail|p2a: Alakazam|par
|
|turn|31
|choice|move 1|switch 2
|
|switch|p2a: Exeggutor|Exeggutor, M|393\/393
|move|p1a: Slowbro|Amnesia|p1a: Slowbro
|-boost|p1a: Slowbro|spd|2
|-boost|p1a: Slowbro|spa|2
|
|turn|32
|choice|move 3|move 3
|
|move|p2a: Exeggutor|Psychic|p1a: Slowbro
|-resisted|p1a: Slowbro
|-damage|p1a: Slowbro|359\/393
|-unboost|p1a: Slowbro|spd|1
|-unboost|p1a: Slowbro|spa|1
|move|p1a: Slowbro|Thunder Wave|p2a: Exeggutor
|-status|p2a: Exeggutor|par
|
|turn|33
|choice|move 1|move 3
|
|move|p1a: Slowbro|Amnesia|p1a: Slowbro
|-boost|p1a: Slowbro|spd|2
|-boost|p1a: Slowbro|spa|2
|cant|p2a: Exeggutor|par
|
|turn|34
|choice|move 1|move 1
|
|move|p1a: Slowbro|Amnesia|p1a: Slowbro
|-boost|p1a: Slowbro|spd|2
|-boost|p1a: Slowbro|spa|2
|move|p2a: Exeggutor|Sleep Powder|p1a: Slowbro
|-status|p1a: Slowbro|slp
|
|turn|35
|choice|move 2|switch 5
|
|switch|p2a: Tauros|Tauros|353\/353
|-curestatus|p1a: Slowbro|slp
|
|turn|36
|choice|move 2|switch 5
|
|switch|p2a: Exeggutor|Exeggutor, M|393\/393 par
|move|p1a: Slowbro|Surf|p2a: Exeggutor
|-resisted|p2a: Exeggutor
|-damage|p2a: Exeggutor|261\/393 par
|
|turn|37
|choice|switch 2|move 4
|
|switch|p1a: Chansey|Chansey|605\/703 par
|move|p2a: Exeggutor|Explosion|p1a: Chansey
|-crit|p1a: Chansey
|-damage|p1a: Chansey|0 fnt
|faint|p1a: Chansey
|faint|p2a: Exeggutor
|choice|switch 2|switch 6
|
|switch|p1a: Slowbro|Slowbro|359\/393
|switch|p2a: Snorlax|Snorlax, M|523\/523
|turn|38
|choice|move 3|move 4
|
|move|p2a: Snorlax|Self-Destruct|p1a: Slowbro
|-damage|p1a: Slowbro|74\/393
|faint|p2a: Snorlax
|choice||switch 5
|
|switch|p2a: Tauros|Tauros|353\/353
|turn|39
|choice|switch 6|move 1
|
|switch|p1a: Tauros|Tauros|353\/353
|move|p2a: Tauros|Body Slam|p1a: Tauros
|-damage|p1a: Tauros|257\/353
|
|turn|40
|choice|move 1|move 1
|
|move|p1a: Tauros|Body Slam|p2a: Tauros
|-damage|p2a: Tauros|250\/353
|move|p2a: Tauros|Body Slam|p1a: Tauros
|-damage|p1a: Tauros|155\/353
|
|turn|41
|choice|move 4|move 3
|
|move|p2a: Tauros|Hyper Beam|p1a: Tauros
|-damage|p1a: Tauros|0 fnt
|faint|p1a: Tauros
|choice|switch 3|
|
|switch|p1a: Exeggutor|Exeggutor|107\/393
|turn|42
|choice|move 2|move 4
|
|move|p2a: Tauros|Blizzard|p1a: Exeggutor
|-crit|p1a: Exeggutor
|-supereffective|p1a: Exeggutor
|-damage|p1a: Exeggutor|0 fnt
|faint|p1a: Exeggutor
|choice|switch 6|
|
|switch|p1a: Slowbro|Slowbro|74\/393
|turn|43
|choice|move 3|move 1
|
|move|p2a: Tauros|Body Slam|p1a: Slowbro
|-damage|p1a: Slowbro|0 fnt
|faint|p1a: Slowbro
|
|win|Da Skywalker