|inactive|Battle timer is ON: inactive players will automatically lose when time's up.
|J|Beds
|J|Lutra
|player|p1|Beds|252
|player|p2|Lutra|281
|gametype|singles
|gen|1
|tier|[Gen 1] OU
|seed|11400,38951,5890,39096
|rule|Sleep Clause Mod: Limit one foe put to sleep
|rule|Freeze Clause Mod: Limit one foe frozen
|rule|Species Clause: Limit one of each Pokémon
|rule|OHKO Clause: OHKO moves are banned
|rule|Evasion Moves Clause: Evasion moves are banned
|rule|HP Percentage Mod: HP is shown in percentages
|
|start
|switch|p1a: Jynx|Jynx|333\/333
|switch|p2a: Jynx|Jynx|333\/333
|turn|1
|J|karlaschnikov
|J|BKC
|J|Diick Suuck
|J|GeeMick
|J|silverspain
|J|GOAO
|c|+GOAO|in
|J|Isa
|J|quaggsterrr
|J|xMarth
|J|blunderr
|J|Mr.378
|J|Bughouse
|c|%BKC|SCOOT
|J|purrl
|J|Freestylerking
|J|teal6
|raw|<div class="broadcast-red"><b>Moderated chat was set to @!<\/b><br \/>Only users of rank @ and higher can talk.<\/div>
|J|fitzy
|c|★Beds|gl hf
|J|Valentine
|J|Lady bug
|J|Lohgock
|J|Praj.pran
|J|bluri
|J|Dad's Dad
|J|Alexander
|J|heavenhand
|J|dodrio
|J|choollio
|J|Regnite
|J|double01
|J|Triangles RSE
|J|manga team
|choice|move 1|move 1
|
|move|p1a: Jynx|Lovely Kiss|p2a: Jynx
|-status|p2a: Jynx|slp
|cant|p2a: Jynx|slp
|
|turn|2
|J|Colchonero
|J|CasedVictory
|J|Valkyrie10+1
|J|Shit user
|J|thymetime
|J|Vinc2612
|J|xRay~
|J|SoulWind
|J|zdrup
|choice|move 2|move 1
|
|move|p1a: Jynx|Psychic|p2a: Jynx
|-resisted|p2a: Jynx
|-damage|p2a: Jynx|284\/333 slp
|-curestatus|p2a: Jynx|slp
|
|turn|3
|J|LeoLancaster
|J|fapkingg
|J|RainPB
|J|Jimmy Turtwig
|J|flcl
|J|BlackBloodz
|J|Flux Pavillon
|J|Hyssou
|J|BIHI
|J|pam
|choice|move 1|move 1
|
|move|p1a: Jynx|Lovely Kiss|p2a: Jynx
|-status|p2a: Jynx|slp
|cant|p2a: Jynx|slp
|
|turn|4
|J|Genesis7
|J|Tesung
|J|Mazary
|J|Ojama
|J|BahaWin
|J|Baltos
|J|Updated Kanto
|J|HONOR
|J|Crost
|choice|move 2|switch 6
|
|switch|p2a: Starmie|Starmie|323\/323
|move|p1a: Jynx|Psychic|p2a: Starmie
|-crit|p2a: Starmie
|-resisted|p2a: Starmie
|-damage|p2a: Starmie|224\/323
|-unboost|p2a: Starmie|spd|1
|-unboost|p2a: Starmie|spa|1
|
|turn|5
|J|fleggumfl
|J|Arifeen
|J|airwick sinus
|J|Hikari
|J|Evil
|J|Madax Only
|choice|move 3|switch 6
|
|switch|p2a: Jynx|Jynx|284\/333 slp
|move|p1a: Jynx|Blizzard|p2a: Jynx|[miss]
|-miss|p1a: Jynx
|
|turn|6
|J|Cerizawa
|J|mariveau80
|J|THEIRONKENYAN
|J|qsns
|J|Starmaster
|J|Masterclass
|choice|move 3|switch 6
|
|switch|p2a: Starmie|Starmie|224\/323
|move|p1a: Jynx|Blizzard|p2a: Starmie
|-resisted|p2a: Starmie
|-damage|p2a: Starmie|160\/323
|-status|p2a: Starmie|frz
|
|turn|7
|J|EG Posho
|J|Syncrasy
|J|deydancin
|c|★Beds|I DEDICATE THIS FREEZE
|c|★Beds|TO \/CPG\/
|L|Starmaster
|J|Soulgazer
|J|Jarii
|J|Evuelf
|J|Esteemed User
|J|Starmaster
|choice|move 3|switch 3
|
|switch|p2a: Chansey|Chansey|703\/703
|move|p1a: Jynx|Blizzard|p2a: Chansey
|-crit|p2a: Chansey
|-damage|p2a: Chansey|429\/703
|
|turn|8
|J|BIG OFNSE STRNG
|J|debit
|J|Ox the Fox
|J|DOGS & MEMES
|J|ReshiRampage
|J|Steve Angello
|J|Ary
|choice|switch 2|move 4
|
|switch|p1a: Chansey|Chansey|703\/703
|move|p2a: Chansey|Soft-Boiled|p2a: Chansey
|-heal|p2a: Chansey|703\/703
|
|turn|9
|J|ABYSS560
|J|bouff
|J|Raekkiiii
|J|JabbaTheGriffin
|J|Celestavian
|choice|move 3|switch 6
|
|switch|p2a: Jynx|Jynx|284\/333 slp
|move|p1a: Chansey|Thunder Wave|p2a: Jynx
|-fail|p2a: Jynx
|
|turn|10
|J|majaspic22
|choice|switch 5|switch 4
|
|switch|p2a: Exeggutor|Exeggutor|393\/393
|switch|p1a: Snorlax|Snorlax|523\/523
|
|turn|11
|J|Fairy Peak
|choice|switch 2|move 1
|
|switch|p1a: Jynx|Jynx|333\/333
|move|p2a: Exeggutor|Sleep Powder|p1a: Jynx
|-status|p1a: Jynx|slp
|
|turn|12
|J|DiggerSR
|J|Tobes
|J|sand1234
|choice|switch 3|switch 2
|
|switch|p1a: Exeggutor|Exeggutor|393\/393
|switch|p2a: Snorlax|Snorlax|523\/523
|
|turn|13
|J|CrashinBoomBang
|L|Raekkiiii
|J|Upstart
|J|Antaevs
|J|celebitrainer36
|J|Shubaki
|J|BlazingGlaceon
|choice|move 3|move 2
|
|move|p1a: Exeggutor|Psychic|p2a: Snorlax
|-damage|p2a: Snorlax|364\/523
|-unboost|p2a: Snorlax|spd|1
|-unboost|p2a: Snorlax|spa|1
|move|p2a: Snorlax|Amnesia|p2a: Snorlax
|-boost|p2a: Snorlax|spd|2
|-boost|p2a: Snorlax|spa|2
|
|turn|14
|J|kingbaruk
|L|Antaevs
|J|SketchUp
|J|ABR
|J|pray to bigods
|J|Based Scythe
|L|Shit user
|J|Jana Brahimi
|choice|move 3|switch 2
|
|switch|p2a: Exeggutor|Exeggutor|393\/393
|move|p1a: Exeggutor|Psychic|p2a: Exeggutor
|-resisted|p2a: Exeggutor
|-damage|p2a: Exeggutor|339\/393
|-unboost|p2a: Exeggutor|spd|1
|-unboost|p2a: Exeggutor|spa|1
|
|turn|15
|J|zedpi
|L|BlazingGlaceon
|J|MoxieInfinite
|choice|move 2|move 3
|
|move|p1a: Exeggutor|Stun Spore|p2a: Exeggutor|[miss]
|-miss|p1a: Exeggutor
|move|p2a: Exeggutor|Psychic|p1a: Exeggutor
|-crit|p1a: Exeggutor
|-resisted|p1a: Exeggutor
|-damage|p1a: Exeggutor|294\/393
|
|turn|16
|J|TheEnder
|J|imarhydon
|J|Exilym
|choice|move 3|move 3
|
|move|p1a: Exeggutor|Psychic|p2a: Exeggutor
|-resisted|p2a: Exeggutor
|-damage|p2a: Exeggutor|264\/393
|-unboost|p2a: Exeggutor|spd|1
|-unboost|p2a: Exeggutor|spa|1
|move|p2a: Exeggutor|Psychic|p1a: Exeggutor
|-crit|p1a: Exeggutor
|-resisted|p1a: Exeggutor
|-damage|p1a: Exeggutor|187\/393
|-unboost|p1a: Exeggutor|spd|1
|-unboost|p1a: Exeggutor|spa|1
|
|turn|17
|J|ludicrousman
|L|Masterclass
|J|Mizuhime
|J|DerSweeper
|L|zedpi
|choice|move 2|switch 3
|
|switch|p2a: Starmie|Starmie|160\/323 frz
|move|p1a: Exeggutor|Stun Spore|p2a: Starmie
|-fail|p2a: Starmie
|
|turn|18
|J|Toon Linked
|J|wylit
|L|ABYSS560
|choice|move 2|switch 3
|
|switch|p2a: Exeggutor|Exeggutor|264\/393
|move|p1a: Exeggutor|Stun Spore|p2a: Exeggutor
|-status|p2a: Exeggutor|par
|
|turn|19
|J|Cristal
|J|HenkiePuk
|J|kdejndekjnedj
|J|King Tsunami
|J|offended offense
|choice|switch 2|move 3
|
|switch|p1a: Snorlax|Snorlax|523\/523
|move|p2a: Exeggutor|Psychic|p1a: Snorlax
|-damage|p1a: Snorlax|374\/523
|
|turn|20
|J|TraceofLife
|L|SketchUp
|J|ABYSS560
|J|zebraiken
|J|annie walker
|choice|move 1|move 3
|
|move|p1a: Snorlax|Body Slam|p2a: Exeggutor
|-damage|p2a: Exeggutor|150\/393 par
|move|p2a: Exeggutor|Psychic|p1a: Snorlax
|-damage|p1a: Snorlax|210\/523
|-unboost|p1a: Snorlax|spd|1
|-unboost|p1a: Snorlax|spa|1
|
|turn|21
|J|Puralux
|J|BAIKA
|L|Starmaster
|J|ChillShadow
|J|Starmaster
|J|reyscarface
|choice|switch 3|move 3
|
|switch|p1a: Jynx|Jynx|333\/333 slp
|move|p2a: Exeggutor|Psychic|p1a: Jynx
|-resisted|p1a: Jynx
|-damage|p1a: Jynx|267\/333 slp
|
|turn|22
|L|offended offense
|L|Starmaster
|choice|switch 2|switch 2
|
|switch|p1a: Exeggutor|Exeggutor|187\/393
|switch|p2a: Snorlax|Snorlax|364\/523
|
|turn|23
|J|Starmaster
|choice|move 3|switch 4
|
|switch|p2a: Jynx|Jynx|284\/333 slp
|move|p1a: Exeggutor|Psychic|p2a: Jynx
|-resisted|p2a: Jynx
|-damage|p2a: Jynx|225\/333 slp
|
|turn|24
|J|polikoi
|L|Starmaster
|L|thymetime
|choice|switch 4|switch 2
|
|switch|p2a: Exeggutor|Exeggutor|150\/393 par
|switch|p1a: Tauros|Tauros|353\/353
|
|turn|25
|L|Crost
|J|TFC
|J|Jayde
|J|Starmaster
|choice|move 4|switch 3
|
|switch|p2a: Starmie|Starmie|160\/323 frz
|move|p1a: Tauros|Hyper Beam|p2a: Starmie
|-damage|p2a: Starmie|0 fnt
|faint|p2a: Starmie
|J|Decrescendo
|J|Luisporca
|choice||switch 6
|
|switch|p2a: Chansey|Chansey|703\/703
|turn|26
|J|vileman
|choice|switch 5|move 1
|
|switch|p1a: Chansey|Chansey|703\/703
|move|p2a: Chansey|Counter|p1a: Chansey
|-damage|p1a: Chansey|383\/703
|
|turn|27
|L|Jarii
|J|Sugar K Leonard
|choice|move 1|move 3
|
|move|p1a: Chansey|Ice Beam|p2a: Chansey
|-damage|p2a: Chansey|628\/703
|move|p2a: Chansey|Thunder Wave|p1a: Chansey
|-status|p1a: Chansey|par
|
|turn|28
|choice|move 4|switch 4
|
|switch|p2a: Snorlax|Snorlax|364\/523
|move|p1a: Chansey|Soft-Boiled|p1a: Chansey
|-heal|p1a: Chansey|703\/703 par
|
|turn|29
|J|TrailBlazer77
|L|airwick sinus
|J|Hori Kyouko
|L|Starmaster
|J|Cryokaze
|J|IAmGingy
|J|Brian12345
|J|unamed
|J|Eyan
|choice|move 3|move 3
|
|move|p2a: Snorlax|Body Slam|p1a: Chansey
|-damage|p1a: Chansey|424\/703 par
|move|p1a: Chansey|Thunder Wave|p2a: Snorlax
|-status|p2a: Snorlax|par
|
|turn|30
|L|dancin man
|L|Colchonero
|J|Colchonero
|J|bludz
|choice|switch 4|move 2
|
|switch|p1a: Exeggutor|Exeggutor|187\/393
|move|p2a: Snorlax|Amnesia|p2a: Snorlax
|-boost|p2a: Snorlax|spd|2
|-boost|p2a: Snorlax|spa|2
|
|turn|31
|L|bludz
|J|Sacri'
|L|HenkiePuk
|J|Demerging
|J|Omastar
|L|Brian12345
|choice|move 3|move 3
|
|move|p1a: Exeggutor|Psychic|p2a: Snorlax
|-damage|p2a: Snorlax|279\/523 par
|-unboost|p2a: Snorlax|spd|1
|-unboost|p2a: Snorlax|spa|1
|move|p2a: Snorlax|Body Slam|p1a: Exeggutor
|-damage|p1a: Exeggutor|64\/393
|
|turn|32
|J|dancin man
|L|pam
|choice|move 3|switch 3
|
|switch|p2a: Exeggutor|Exeggutor|150\/393 par
|move|p1a: Exeggutor|Psychic|p2a: Exeggutor
|-resisted|p2a: Exeggutor
|-damage|p2a: Exeggutor|94\/393 par
|-unboost|p2a: Exeggutor|spd|1
|-unboost|p2a: Exeggutor|spa|1
|
|turn|33
|L|Demerging
|choice|move 3|switch 2
|
|switch|p2a: Jynx|Jynx|225\/333 slp
|move|p1a: Exeggutor|Psychic|p2a: Jynx
|-resisted|p2a: Jynx
|-damage|p2a: Jynx|163\/333 slp
|
|turn|34
|choice|switch 5|move 2
|
|switch|p1a: Tauros|Tauros|353\/353
|-curestatus|p2a: Jynx|slp
|
|turn|35
|J|LJDarkrai
|L|qsns
|J|Nintendi
|J|Century Express
|J|LeoDamin
|J|KanyeWestVEVO
|choice|move 1|switch 2
|
|switch|p2a: Exeggutor|Exeggutor|94\/393 par
|move|p1a: Tauros|Body Slam|p2a: Exeggutor
|-damage|p2a: Exeggutor|0 fnt
|faint|p2a: Exeggutor
|L|Valkyrie10+1
|J|qsns
|J|Starmaster
|L|polikoi
|L|fapkingg
|L|Based Scythe
|L|BIHI
|J|BIHI
|choice||switch 4
|
|switch|p2a: Chansey|Chansey|628\/703
|turn|36
|J|Based Scythe
|J|giara
|J|SOMALIA
|J|SunnyORAS
|J|Rhayader
|J|fapkingg
|choice|switch 4|switch 5
|
|switch|p1a: Chansey|Chansey|424\/703 par
|switch|p2a: Tauros|Tauros|353\/353
|
|turn|37
|L|Starmaster
|J|Xopi
|L|bluri
|J|Demerging
|J|Starmaster
|J|pokeaim
|L|Vileman
|choice|switch 2|move 2
|
|switch|p1a: Jynx|Jynx|267\/333 slp
|move|p2a: Tauros|Hyper Beam|p1a: Jynx|[miss]
|-miss|p2a: Tauros
|
|turn|38
|choice|move 2|move 1
|
|move|p2a: Tauros|Body Slam|p1a: Jynx
|-damage|p1a: Jynx|85\/333 slp
|cant|p1a: Jynx|slp
|
|turn|39
|J|Old Sandwich
|L|dancin man
|L|Baltos
|choice|move 2|move 3
|
|move|p2a: Tauros|Earthquake|p1a: Jynx
|-damage|p1a: Jynx|0 fnt
|faint|p1a: Jynx
|choice|switch 6|
|
|switch|p1a: Slowbro|Slowbro|393\/393
|turn|40
|L|Hyssou
|choice|move 1|move 1
|
|move|p2a: Tauros|Body Slam|p1a: Slowbro
|-damage|p1a: Slowbro|295\/393
|move|p1a: Slowbro|Thunder Wave|p2a: Tauros
|-status|p2a: Tauros|par
|
|turn|41
|J|dancin man
|choice|move 2|move 1
|
|move|p1a: Slowbro|Amnesia|p1a: Slowbro
|-boost|p1a: Slowbro|spd|2
|-boost|p1a: Slowbro|spa|2
|move|p2a: Tauros|Body Slam|p1a: Slowbro
|-damage|p1a: Slowbro|197\/393
|-status|p1a: Slowbro|par
|
|turn|42
|J|sanctaphrax
|J|Alice Kazumi
|J|Ernes
|L|majaspic22
|J|Obliviatee
|J|talkingtree
|choice|move 3|switch 2
|
|switch|p2a: Jynx|Jynx|163\/333
|move|p1a: Slowbro|Surf|p2a: Jynx
|-damage|p2a: Jynx|0 fnt
|faint|p2a: Jynx
|J|Vileman
|choice||switch 5
|
|switch|p2a: Chansey|Chansey|628\/703
|turn|43
|L|ReshiRampage
|J|cdumas
|J|Despotar274
|choice|move 1|move 2
|
|move|p2a: Chansey|Seismic Toss|p1a: Slowbro
|-damage|p1a: Slowbro|97\/393 par
|move|p1a: Slowbro|Thunder Wave|p2a: Chansey
|-status|p2a: Chansey|par
|
|turn|44
|J|Icey Tea
|L|cdumas
|L|Ary
|L|Cristal
|J|slurmz
|J|Arktossed
|L|ABYSS560
|J|2D over 3D
|J|rozes
|L|TrailBlazer77
|choice|move 4|move 2
|
|cant|p2a: Chansey|par
|move|p1a: Slowbro|Rest|p1a: Slowbro
|-status|p1a: Slowbro|slp
|-heal|p1a: Slowbro|393\/393 slp|[silent]
|-status|p1a: Slowbro|slp|[from] move: Rest
|
|turn|45
|L|Starmaster
|choice|move 2|switch 3
|
|switch|p2a: Snorlax|Snorlax|279\/523 par
|cant|p1a: Slowbro|slp
|
|turn|46
|choice|move 2|move 2
|
|move|p2a: Snorlax|Amnesia|p2a: Snorlax
|-boost|p2a: Snorlax|spd|2
|-boost|p2a: Snorlax|spa|2
|-curestatus|p1a: Slowbro|slp
|
|turn|47
|L|dodrio
|L|Arktossed
|choice|move 2|move 2
|
|move|p1a: Slowbro|Amnesia|p1a: Slowbro
|-boost|p1a: Slowbro|spd|2
|-boost|p1a: Slowbro|spa|2
|move|p2a: Snorlax|Amnesia|p2a: Snorlax
|-boost|p2a: Snorlax|spd|2
|-boost|p2a: Snorlax|spa|2
|
|turn|48
|J|nazonokusa
|L|Genesis7
|J|I love pochama
|choice|move 2|move 2
|
|move|p1a: Slowbro|Amnesia|p1a: Slowbro
|-boost|p1a: Slowbro|spd|2
|-boost|p1a: Slowbro|spa|2
|move|p2a: Snorlax|Amnesia|p2a: Snorlax
|-boost|p2a: Snorlax|spd|2
|-boost|p2a: Snorlax|spa|2
|
|turn|49
|choice|move 3|move 4
|
|move|p1a: Slowbro|Surf|p2a: Snorlax
|-damage|p2a: Snorlax|162\/523 par
|move|p2a: Snorlax|Rest|p2a: Snorlax
|-status|p2a: Snorlax|slp
|-heal|p2a: Snorlax|523\/523 slp|[silent]
|-status|p2a: Snorlax|slp|[from] move: Rest
|
|turn|50
|J|Leiteng
|L|Arifeen
|L|Leiteng
|J|Conflict
|J|Genesis7
|J|Sapientia
|choice|switch 5|move 3
|
|switch|p1a: Exeggutor|Exeggutor|64\/393
|cant|p2a: Snorlax|slp
|
|turn|51
|choice|move 4|switch 3
|
|switch|p2a: Chansey|Chansey|628\/703 par
|move|p1a: Exeggutor|Explosion|p2a: Chansey
|-damage|p2a: Chansey|0 fnt
|faint|p2a: Chansey
|faint|p1a: Exeggutor
|J|Clueless
|choice|switch 4|switch 3
|
|switch|p1a: Tauros|Tauros|353\/353
|switch|p2a: Snorlax|Snorlax|523\/523 slp
|turn|52
|choice|move 1|move 3
|
|move|p1a: Tauros|Body Slam|p2a: Snorlax
|-damage|p2a: Snorlax|386\/523 slp
|-curestatus|p2a: Snorlax|slp
|
|turn|53
|choice|move 1|move 1
|
|move|p1a: Tauros|Body Slam|p2a: Snorlax
|-damage|p2a: Snorlax|246\/523
|move|p2a: Snorlax|Reflect|p2a: Snorlax
|-start|p2a: Snorlax|Reflect
|
|turn|54
|J|Starmaster
|J|Baltos
|choice|move 3|move 4
|
|move|p1a: Tauros|Blizzard|p2a: Snorlax
|-damage|p2a: Snorlax|148\/523
|-status|p2a: Snorlax|frz
|cant|p2a: Snorlax|frz
|
|turn|55
|J|HJAD
|L|Starmaster
|L|Vileman
|c|★Beds|oh well
|c|★Beds|sry man
|choice|move 1|move 3
|
|move|p1a: Tauros|Body Slam|p2a: Snorlax
|-damage|p2a: Snorlax|76\/523 frz
|cant|p2a: Snorlax|frz
|
|turn|56
|c|★Lutra|np
|choice|move 1|move 3
|
|move|p1a: Tauros|Body Slam|p2a: Snorlax
|-crit|p2a: Snorlax
|-damage|p2a: Snorlax|0 fnt
|faint|p2a: Snorlax
|choice||switch 2
|
|switch|p2a: Tauros|Tauros|353\/353 par
|turn|57
|L|unamed
|J|Starmaster
|L|Demerging
|J|Demerging
|L|Demerging
|L|Century Express
|J|Marky B
|L|qsns
|choice|move 1|move 4
|
|move|p1a: Tauros|Body Slam|p2a: Tauros
|-damage|p2a: Tauros|258\/353 par
|move|p2a: Tauros|Blizzard|p1a: Tauros
|-crit|p1a: Tauros
|-damage|p1a: Tauros|173\/353
|
|turn|58
|choice|move 4|move 4
|
|move|p1a: Tauros|Hyper Beam|p2a: Tauros
|-damage|p2a: Tauros|85\/353 par
|cant|p2a: Tauros|par
|
|turn|59
|-mustrecharge|p1a: Tauros
|-mustrecharge|p1a: Tauros
|choice|move 1|move 2
|
|cant|p1a: Tauros|recharge
|cant|p2a: Tauros|par
|
|turn|60
|choice|move 1|move 2
|
|move|p1a: Tauros|Body Slam|p2a: Tauros
|-damage|p2a: Tauros|0 fnt
|faint|p2a: Tauros
|
|win|Beds
|L|CasedVictory
|L|windsong
|L|Puralux
|L|Genesis7
|L|Baltos
|L|LeoLancaster
|L|quaggsterrr
|L|HONOR
|L|Lutra
|player|p2
|L|Bughouse
|L|tamahome
|L|LeoDamin
|L|Vinc2612
|L|rozes
|J|Demerging
|L|slurmz
|L|Based Scythe
|L|wylit
|L|FINCHINATOR
|L|BahaWin
|L|HJAD
|L|Celestavian
|L|Marky B
|L|DiggerSR
|L|xMarth
|L|Syncrasy
|L|Sapientia
|L|SoulWind
|L|Beds
|player|p1
|L|Dad's Dad
|L|SOMALIA
|L|Mr.378
|L|EG Posho
|L|RainPB
|L|Luisporca
|L|Ox the Fox
|L|fapkingg
|L|Freestylerking
|L|Old Sandwich
|L|purrl
|L|BKC
|L|bouff
|L|Esteemed User
|L|zebraiken
|L|Triangles RSE
|L|ZoroDark
|L|Fairy Peak
|L|JabbaTheGriffin
|L|I love pochama
|L|Obliviatee
|L|Lady bug
|L|giara
|L|GOAO
|L|fleggumfl
|L|SunnyORAS
|L|Conflict
|L|Nintendi
|L|Alexander
|L|Updated Kanto
|L|Evuelf
|L|zdrup
|L|Isa
|J|slurmz
|L|Hikari
|J|SOMALIA
|J|Syncrasy
|L|slurmz
|L|LJDarkrai
|L|Colchonero
|L|Rhayader
|J|Superbmann
|J|LJDarkrai
|L|LJDarkrai
|L|silverspain
|L|Regnite
|L|Madax Only
|L|choollio
|L|Eyan
|L|Toon Linked
|L|TFC
|L|TheEnder
|L|Tobes
|L|Starmaster
|J|pholovvers
|L|ABR
|L|Icey Tea
|L|pholovvers
|L|BIHI
|J|tanaka masuda
|L|Ernes
|L|tanaka masuda
|L|Ojama
|L|THEIRONKENYAN
|L|debit
|J|Leiteng
|L|2D over 3D
|L|BlackBloodz
|J|slurmz
|J|bforrester16
|L|Exilym
|L|maZary
|L|xRay~
|L|bforrester16
|L|Hori Kyouko
|L|Soulgazer
|L|Mizuhime
|J|Hori Kyouko
|L|Hori Kyouko
|L|Tesung
|L|Superbmann
|L|Flux Pavillon
|L|deydancin
|J|Fairy Peak
|L|Fairy Peak
|L|Shubaki
|L|Valentine
|L|SOMALIA
|J|RainPB
|J|Ojama
|J|Starmaster
|L|RainPB
|L|Ojama
|L|Acc3lgor
|L|GeeMick
|L|mariveau80
|L|celebitrainer36
|L|Demerging
|L|double01
|L|talkingtree
|L|Jayde
|L|Steve Angello
|L|karlaschnikov
|J|SoulWind
|L|TraceofLife
|L|SoulWind
|L|ChillShadow
|J|Prankster
|L|Prankster
|L|DOGS & MEMES
|L|Clueless
|L|slurmz
|L|teal6
|L|Xopi
|J|Xopi
|L|Xopi
|L|Leiteng
|L|Syncrasy
|J|The MadGician
|L|The MadGician
|L|nazonokusa
|J|SOMALIA
|L|SOMALIA
|J|karlaschnikov
|J|SexMoneySwag
|L|MoxieInfinite
|J|MoxieInfinite
|L|SexMoneySwag
|L|MoxieInfinite
|L|manga team
|J|manga team
|L|manga team
|L|karlaschnikov
|J|Updated Kanto
|L|Updated Kanto
|L|sand1234
|L|King Tsunami
|L|sanctaphrax
|L|IAmGingy