|inactive|Battle timer is ON: inactive players will automatically lose when time's up.
|J|Haruno
|J|KyleCole
|player|p1|Haruno|289
|player|p2|KyleCole|23
|gametype|singles
|gen|1
|tier|[Gen 1] OU
|rule|Sleep Clause Mod: Limit one foe put to sleep
|rule|Freeze Clause Mod: Limit one foe frozen
|rule|Species Clause: Limit one of each Pokémon
|rule|OHKO Clause: OHKO moves are banned
|rule|Evasion Moves Clause: Evasion moves are banned
|rule|HP Percentage Mod: HP is shown in percentages
|
|start
|switch|p1a: Jynx|Jynx|333\/333
|switch|p2a: Gengar|Gengar|323\/323
|turn|1
|c|★KyleCole|yess
|c|★Haruno|gl
|J|yohoE
|
|move|p2a: Gengar|Hypnosis|p1a: Jynx
|-status|p1a: Jynx|slp
|cant|p1a: Jynx|slp
|
|turn|2
|J|Mr.378
|c|★KyleCole|:]
|
|move|p2a: Gengar|Thunderbolt|p1a: Jynx
|-damage|p1a: Jynx|236\/333 slp
|cant|p1a: Jynx|slp
|
|turn|3
|J|steeljackal
|c|★Haruno|fucking piece of shit
|
|switch|p2a: Red|Tauros|353\/353
|cant|p1a: Jynx|slp
|
|turn|4
|
|switch|p1a: Rhydon|Rhydon|413\/413
|move|p2a: Red|Body Slam|p1a: Rhydon
|-crit|p1a: Rhydon
|-resisted|p1a: Rhydon
|-damage|p1a: Rhydon|332\/413
|
|turn|5
|
|switch|p2a: Omlette|Exeggutor|393\/393
|move|p1a: Rhydon|Substitute|p1a: Rhydon
|-start|p1a: Rhydon|Substitute
|-damage|p1a: Rhydon|229\/413
|
|turn|6
|
|move|p2a: Omlette|Psychic|p1a: Rhydon
|-end|p1a: Rhydon|Substitute
|move|p1a: Rhydon|Rock Slide|p2a: Omlette
|-damage|p2a: Omlette|283\/393
|
|turn|7
|
|switch|p1a: Chansey|Chansey|703\/703
|move|p2a: Omlette|Egg Bomb|p1a: Chansey
|-damage|p1a: Chansey|478\/703
|
|turn|8
|
|switch|p2a: Got em coach|Golem|363\/363
|move|p1a: Chansey|Thunder Wave|p2a: Got em coach
|-immune|p2a: Got em coach|[msg]
|
|turn|9
|
|switch|p1a: Exeggutor|Exeggutor|393\/393
|move|p2a: Got em coach|Substitute|p2a: Got em coach
|-start|p2a: Got em coach|Substitute
|-damage|p2a: Got em coach|273\/363
|
|turn|10
|
|move|p1a: Exeggutor|Psychic|p2a: Got em coach
|-end|p2a: Got em coach|Substitute
|move|p2a: Got em coach|Body Slam|p1a: Exeggutor
|-damage|p1a: Exeggutor|307\/393
|-status|p1a: Exeggutor|par
|
|turn|11
|
|move|p2a: Got em coach|Substitute|p2a: Got em coach
|-start|p2a: Got em coach|Substitute
|-damage|p2a: Got em coach|183\/363
|move|p1a: Exeggutor|Sleep Powder|p2a: Got em coach|[miss]
|-miss|p1a: Exeggutor
|
|turn|12
|
|move|p2a: Got em coach|Body Slam|p1a: Exeggutor
|-damage|p1a: Exeggutor|232\/393 par
|move|p1a: Exeggutor|Psychic|p2a: Got em coach
|-end|p2a: Got em coach|Substitute
|
|turn|13
|
|move|p2a: Got em coach|Substitute|p2a: Got em coach
|-start|p2a: Got em coach|Substitute
|-damage|p2a: Got em coach|93\/363
|move|p1a: Exeggutor|Psychic|p2a: Got em coach
|-end|p2a: Got em coach|Substitute
|
|turn|14
|
|move|p2a: Got em coach|Substitute|p2a: Got em coach
|-start|p2a: Got em coach|Substitute
|-damage|p2a: Got em coach|3\/363
|move|p1a: Exeggutor|Psychic|p2a: Got em coach
|-crit|p2a: Got em coach
|-end|p2a: Got em coach|Substitute
|
|turn|15
|c|+yohoE|doesnt it get rock slide
|c|★KyleCole|no paras
|c|★KyleCole|not one
|
|move|p2a: Got em coach|Explosion|p1a: Exeggutor
|-damage|p1a: Exeggutor|0 fnt
|faint|p1a: Exeggutor
|faint|p2a: Got em coach
|c|+yohoE|xd
|
|switch|p2a: Red|Tauros|353\/353
|switch|p1a: Tauros|Tauros|353\/353
|turn|16
|J|Haunted.Shadow
|c|★Haruno|u got a miss
|c|★Haruno|stfu
|L|Haunted.Shadow
|
|move|p1a: Tauros|Blizzard|p2a: Red
|-damage|p2a: Red|260\/353
|move|p2a: Red|Earthquake|p1a: Tauros
|-damage|p1a: Tauros|271\/353
|
|turn|17
|
|move|p1a: Tauros|Body Slam|p2a: Red
|-damage|p2a: Red|148\/353
|move|p2a: Red|Blizzard|p1a: Tauros
|-damage|p1a: Tauros|175\/353
|
|turn|18
|
|switch|p2a: Gengar|Gengar|323\/323
|move|p1a: Tauros|Blizzard|p2a: Gengar
|-damage|p2a: Gengar|263\/323
|
|turn|19
|
|switch|p1a: Chansey|Chansey|478\/703
|move|p2a: Gengar|Thunderbolt|p1a: Chansey
|-crit|p1a: Chansey
|-damage|p1a: Chansey|309\/703
|-status|p1a: Chansey|par
|
|turn|20
|c|★Haruno|nice skill
|
|switch|p2a: Red|Tauros|148\/353
|move|p1a: Chansey|Soft-Boiled|p1a: Chansey
|-heal|p1a: Chansey|660\/703 par
|
|turn|21
|c|★KyleCole|ty
|c|★KyleCole|slowing down that chansey
|c|★KyleCole|was super important
|
|switch|p2a: Mrs. Something|Chansey|703\/703
|switch|p1a: Rhydon|Rhydon|229\/413
|
|turn|22
|
|move|p2a: Mrs. Something|Ice Beam|p1a: Rhydon
|-supereffective|p1a: Rhydon
|-damage|p1a: Rhydon|0 fnt
|faint|p1a: Rhydon
|
|switch|p1a: Tauros|Tauros|175\/353
|turn|23
|c|★KyleCole|oh were bringing in counters now
|
|move|p1a: Tauros|Earthquake|p2a: Mrs. Something
|-damage|p2a: Mrs. Something|481\/703
|move|p2a: Mrs. Something|Thunder Wave|p1a: Tauros
|-status|p1a: Tauros|par
|
|turn|24
|
|move|p1a: Tauros|Hyper Beam|p2a: Mrs. Something
|-damage|p2a: Mrs. Something|39\/703
|move|p2a: Mrs. Something|Counter|p1a: Tauros
|-damage|p1a: Tauros|0 fnt
|faint|p1a: Tauros
|
|switch|p1a: Snorlax|Snorlax|523\/523
|turn|25
|
|move|p2a: Mrs. Something|Thunder Wave|p1a: Snorlax
|-status|p1a: Snorlax|par
|move|p1a: Snorlax|Hyper Beam|p2a: Mrs. Something
|-damage|p2a: Mrs. Something|0 fnt
|faint|p2a: Mrs. Something
|
|switch|p2a: Shrop|Lapras|463\/463
|turn|26
|
|switch|p1a: Jynx|Jynx|236\/333 slp
|move|p2a: Shrop|Confuse Ray|p1a: Jynx
|-start|p1a: Jynx|confusion
|
|turn|27
|
|switch|p2a: Red|Tauros|148\/353
|cant|p1a: Jynx|slp
|
|turn|28
|
|move|p2a: Red|Body Slam|p1a: Jynx
|-crit|p1a: Jynx
|-damage|p1a: Jynx|0 fnt
|faint|p1a: Jynx
|
|switch|p1a: Snorlax|Snorlax|523\/523 par
|turn|29
|
|move|p2a: Red|Body Slam|p1a: Snorlax
|-crit|p1a: Snorlax
|-damage|p1a: Snorlax|254\/523 par
|move|p1a: Snorlax|Hyper Beam|p2a: Red
|-damage|p2a: Red|0 fnt
|faint|p2a: Red
|
|switch|p2a: Gengar|Gengar|263\/323
|turn|30
|
|move|p2a: Gengar|Explosion|p1a: Snorlax
|-damage|p1a: Snorlax|0 fnt
|faint|p1a: Snorlax
|faint|p2a: Gengar
|
|switch|p2a: Omlette|Exeggutor|283\/393
|switch|p1a: Chansey|Chansey|660\/703 par
|turn|31
|
|move|p2a: Omlette|Egg Bomb|p1a: Chansey|[miss]
|-miss|p2a: Omlette
|move|p1a: Chansey|Soft-Boiled|p1a: Chansey
|-heal|p1a: Chansey|703\/703 par
|
|turn|32
|
|move|p2a: Omlette|Egg Bomb|p1a: Chansey
|-damage|p1a: Chansey|490\/703 par
|cant|p1a: Chansey|par
|
|turn|33
|
|move|p2a: Omlette|Explosion|p1a: Chansey
|-crit|p1a: Chansey
|-damage|p1a: Chansey|0 fnt
|faint|p1a: Chansey
|faint|p2a: Omlette
|
|win|KyleCole
|c|★KyleCole|gg :]