|J|dice
|J|tamahome
|player|p1|dice|168
|player|p2|tamahome|265
|gametype|singles
|gen|1
|tier|[Gen 1] OU
|seed|60218,13183,6985,48521
|rule|Sleep Clause Mod: Limit one foe put to sleep
|rule|Freeze Clause Mod: Limit one foe frozen
|rule|Species Clause: Limit one of each Pokémon
|rule|OHKO Clause: OHKO moves are banned
|rule|Evasion Moves Clause: Evasion moves are banned
|rule|HP Percentage Mod: HP is shown in percentages
|
|start
|switch|p1a: Jynx|Jynx|333\/333
|switch|p2a: Alakazam|Alakazam|313\/313
|turn|1
|choice|move 2|move 2
|
|move|p2a: Alakazam|Thunder Wave|p1a: Jynx
|-status|p1a: Jynx|par
|move|p1a: Jynx|Lovely Kiss|p2a: Alakazam
|-status|p2a: Alakazam|slp
|
|turn|2
|choice|move 4|move 3
|
|cant|p2a: Alakazam|slp
|move|p1a: Jynx|Blizzard|p2a: Alakazam
|-damage|p2a: Alakazam|200\/313 slp
|
|turn|3
|choice|move 4|move 3
|
|cant|p2a: Alakazam|slp
|move|p1a: Jynx|Blizzard|p2a: Alakazam
|-damage|p2a: Alakazam|81\/313 slp
|
|turn|4
|choice|move 4|switch 4
|
|switch|p2a: Starmie|Starmie|323\/323
|move|p1a: Jynx|Blizzard|p2a: Starmie
|-resisted|p2a: Starmie
|-damage|p2a: Starmie|249\/323
|
|turn|5
|choice|move 4|move 1
|
|move|p2a: Starmie|Blizzard|p1a: Jynx
|-resisted|p1a: Jynx
|-damage|p1a: Jynx|287\/333 par
|move|p1a: Jynx|Blizzard|p2a: Starmie
|-resisted|p2a: Starmie
|-damage|p2a: Starmie|177\/323
|
|turn|6
|choice|move 4|move 4
|
|move|p2a: Starmie|Recover|p2a: Starmie
|-heal|p2a: Starmie|323\/323
|move|p1a: Jynx|Blizzard|p2a: Starmie
|-crit|p2a: Starmie
|-resisted|p2a: Starmie
|-damage|p2a: Starmie|196\/323
|
|turn|7
|choice|switch 6|move 2
|
|switch|p1a: Chansey|Chansey|703\/703
|move|p2a: Starmie|Thunderbolt|p1a: Chansey
|-damage|p1a: Chansey|636\/703
|-status|p1a: Chansey|par
|
|turn|8
|J|slurmz
|c|★tamahome|this is unbelivable
|choice|move 1|switch 4
|
|switch|p2a: Alakazam|Alakazam|81\/313 slp
|move|p1a: Chansey|Ice Beam|p2a: Alakazam
|-crit|p2a: Alakazam
|-damage|p2a: Alakazam|0 fnt
|faint|p2a: Alakazam
|choice||switch 3
|
|switch|p2a: Snorlax|Snorlax|523\/523
|turn|9
|choice|switch 5|move 1
|
|switch|p1a: Exeggutor|Exeggutor|393\/393
|move|p2a: Snorlax|Body Slam|p1a: Exeggutor
|-damage|p1a: Exeggutor|277\/393
|
|turn|10
|choice|move 2|move 1
|
|move|p1a: Exeggutor|Sleep Powder|p2a: Snorlax|[miss]
|-miss|p1a: Exeggutor
|move|p2a: Snorlax|Body Slam|p1a: Exeggutor
|-damage|p1a: Exeggutor|155\/393
|-status|p1a: Exeggutor|par
|
|turn|11
|choice|switch 4|move 1
|
|switch|p1a: Snorlax|Snorlax|523\/523
|move|p2a: Snorlax|Body Slam|p1a: Snorlax
|-damage|p1a: Snorlax|391\/523
|
|turn|12
|choice|move 4|move 3
|
|move|p2a: Snorlax|Earthquake|p1a: Snorlax
|-damage|p1a: Snorlax|285\/523
|move|p1a: Snorlax|Reflect|p1a: Snorlax
|-start|p1a: Snorlax|Reflect
|
|turn|13
|choice|move 1|move 2
|
|move|p1a: Snorlax|Body Slam|p2a: Snorlax
|-damage|p2a: Snorlax|378\/523
|move|p2a: Snorlax|Counter|p1a: Snorlax
|-damage|p1a: Snorlax|0 fnt
|faint|p1a: Snorlax
|c|★dice|oh.
|choice|switch 4|
|
|switch|p1a: Exeggutor|Exeggutor|155\/393 par
|turn|14
|choice|move 2|switch 4
|
|switch|p2a: Starmie|Starmie|196\/323
|cant|p1a: Exeggutor|par
|
|turn|15
|choice|switch 6|switch 4
|
|switch|p2a: Snorlax|Snorlax|378\/523
|switch|p1a: Jynx|Jynx|287\/333 par
|
|turn|16
|choice|move 2|move 1
|
|move|p2a: Snorlax|Body Slam|p1a: Jynx
|-crit|p1a: Jynx
|-damage|p1a: Jynx|0 fnt
|faint|p1a: Jynx
|c|★dice|wow.
|choice|switch 6|
|
|switch|p1a: Exeggutor|Exeggutor|155\/393 par
|turn|17
|choice|move 2|switch 4
|
|switch|p2a: Starmie|Starmie|196\/323
|move|p1a: Exeggutor|Sleep Powder|p2a: Starmie
|-status|p2a: Starmie|slp
|
|turn|18
|choice|move 4|switch 2
|
|switch|p2a: Exeggutor|Exeggutor|393\/393
|cant|p1a: Exeggutor|par
|
|turn|19
|choice|move 4|switch 2
|
|switch|p2a: Starmie|Starmie|196\/323 slp
|cant|p1a: Exeggutor|par
|
|turn|20
|choice|move 1|switch 2
|
|switch|p2a: Exeggutor|Exeggutor|393\/393
|cant|p1a: Exeggutor|par
|
|turn|21
|choice|move 4|move 2
|
|move|p2a: Exeggutor|Psychic|p1a: Exeggutor
|-crit|p1a: Exeggutor
|-resisted|p1a: Exeggutor
|-damage|p1a: Exeggutor|52\/393 par
|move|p1a: Exeggutor|Stun Spore|p2a: Exeggutor
|-status|p2a: Exeggutor|par
|
|turn|22
|choice|switch 5|move 2
|
|switch|p1a: Chansey|Chansey|636\/703 par
|move|p2a: Exeggutor|Psychic|p1a: Chansey
|-damage|p1a: Chansey|506\/703 par
|
|turn|23
|choice|move 1|move 4
|
|move|p2a: Exeggutor|Explosion|p1a: Chansey
|-damage|p1a: Chansey|0 fnt
|faint|p1a: Chansey
|faint|p2a: Exeggutor
|choice|switch 3|switch 4
|
|switch|p1a: Tauros|Tauros|353\/353
|switch|p2a: Snorlax|Snorlax|378\/523
|turn|24
|choice|move 3|move 4
|
|move|p1a: Tauros|Earthquake|p2a: Snorlax
|-crit|p2a: Snorlax
|-damage|p2a: Snorlax|172\/523
|move|p2a: Snorlax|Self-Destruct|p1a: Tauros
|-damage|p1a: Tauros|14\/353
|faint|p2a: Snorlax
|choice||switch 5
|
|switch|p2a: Tauros|Tauros|353\/353
|turn|25
|choice|move 4|move 1
|
|move|p2a: Tauros|Body Slam|p1a: Tauros
|-damage|p1a: Tauros|0 fnt
|faint|p1a: Tauros
|choice|switch 2|
|
|switch|p1a: Zapdos|Zapdos|383\/383
|turn|26
|choice|move 4|switch 2
|
|switch|p2a: Starmie|Starmie|196\/323 slp
|move|p1a: Zapdos|Thunder Wave|p2a: Starmie
|-fail|p2a: Starmie
|
|turn|27
|choice|move 2|move 1
|
|cant|p2a: Starmie|slp
|move|p1a: Zapdos|Agility|p1a: Zapdos
|-boost|p1a: Zapdos|spe|2
|
|turn|28
|choice|move 2|move 1
|
|move|p1a: Zapdos|Agility|p1a: Zapdos
|-boost|p1a: Zapdos|spe|2
|cant|p2a: Starmie|slp
|
|turn|29
|choice|move 3|move 1
|
|move|p1a: Zapdos|Drill Peck|p2a: Starmie
|-crit|p2a: Starmie
|-damage|p2a: Starmie|1\/323 slp
|cant|p2a: Starmie|slp
|
|turn|30
|choice|move 3|move 1
|
|move|p1a: Zapdos|Drill Peck|p2a: Starmie
|-crit|p2a: Starmie
|-damage|p2a: Starmie|0 fnt
|faint|p2a: Starmie
|choice||switch 6
|
|switch|p2a: Chansey|Chansey|703\/703
|turn|31
|c|★tamahome|i really hope
|c|★tamahome|theres justice
|c|★tamahome|in this world
|choice|move 4|move 4
|
|move|p1a: Zapdos|Thunder Wave|p2a: Chansey
|-status|p2a: Chansey|par
|move|p2a: Chansey|Sing|p1a: Zapdos
|-status|p1a: Zapdos|slp
|
|turn|32
|choice|move 3|move 1
|
|cant|p1a: Zapdos|slp
|move|p2a: Chansey|Ice Beam|p1a: Zapdos
|-supereffective|p1a: Zapdos
|-damage|p1a: Zapdos|250\/383 slp
|
|turn|33
|choice|move 3|move 1
|
|cant|p1a: Zapdos|slp
|move|p2a: Chansey|Ice Beam|p1a: Zapdos
|-supereffective|p1a: Zapdos
|-damage|p1a: Zapdos|117\/383 slp
|
|turn|34
|J|SOMALIA
|choice|move 3|move 1
|
|cant|p1a: Zapdos|slp
|move|p2a: Chansey|Ice Beam|p1a: Zapdos
|-supereffective|p1a: Zapdos
|-damage|p1a: Zapdos|0 fnt
|faint|p1a: Zapdos
|c|★dice|u and ur lucky ass snorlax
|c|★tamahome|finally a clean match
|c|★tamahome|gg bro
|c|★tamahome|gg.
|c|★dice|yea bro
|c|★dice|clean af
|c|★dice|gg
|c|★dice|gustavo and his relaxo
|c|★tamahome|i dont even know ur name
|c|★dice|no wonder u suck at current gens
|c|★tamahome|im good 1-5
|c|★dice|coz snorlax sucks
|c|★dice|past adv
|c|★tamahome|u suck in them all
|c|★dice|jaja
|-message|dice forfeited.
|
|win|tamahome