|J|Disenchanted
|J|hodor
|player|p1|Disenchanted|170
|player|p2|hodor|102
|gametype|singles
|gen|1
|tier|[Gen 1] Challenge Cup
|seed|50189,55237,51861,1378
|rule|Sleep Clause Mod: Limit one foe put to sleep
|rule|Freeze Clause Mod: Limit one foe frozen
|rule|HP Percentage Mod: HP is shown in percentages
|
|start
|switch|p1a: Poliwag|Poliwag, L79|224\/224
|switch|p2a: Growlithe|Growlithe, L77|238\/238
|turn|1
|J|Alexander
|c|★Disenchanted|you know
|c|★Disenchanted|you won't 6-0 me rite
|choice|move 4|switch 4
|
|switch|p2a: Parasect|Parasect, L72|229\/229
|move|p1a: Poliwag|Hypnosis|p2a: Parasect|[miss]
|-miss|p1a: Poliwag
|
|turn|2
|choice|move 4|move 1
|
|move|p1a: Poliwag|Hypnosis|p2a: Parasect
|-status|p2a: Parasect|slp
|cant|p2a: Parasect|slp
|
|turn|3
|choice|move 3|move 1
|
|move|p1a: Poliwag|Blizzard|p2a: Parasect
|-crit|p2a: Parasect
|-supereffective|p2a: Parasect
|-damage|p2a: Parasect|12\/229 slp
|cant|p2a: Parasect|slp
|
|turn|4
|J|snagaa
|c|★Disenchanted|see
|c|★hodor|fuk u
|c|★hodor|IM A DUMBASS
|choice|move 3|switch 5
|
|switch|p2a: Lapras|Lapras, L65|294\/294
|move|p1a: Poliwag|Blizzard|p2a: Lapras
|-resisted|p2a: Lapras
|-damage|p2a: Lapras|279\/294
|
|turn|5
|c|★hodor|wait nvm
|c|★hodor|im not
|J|Raekkiiii
|c|★hodor|k thats good
|L|Raekkiiii
|J|shaneghoul
|c|★Disenchanted|is it
|c|+shaneghoul|spl?
|choice|switch 6|move 2
|
|switch|p1a: Wigglytuff|Wigglytuff, L72|343\/343
|move|p2a: Lapras|Double-Edge|p1a: Wigglytuff
|-damage|p1a: Wigglytuff|277\/343
|-damage|p2a: Lapras|263\/294|[from] recoil|[of] p1a: Wigglytuff
|
|turn|6
|c|★hodor|ya
|choice|move 3|move 2
|
|move|p2a: Lapras|Double-Edge|p1a: Wigglytuff
|-damage|p1a: Wigglytuff|215\/343
|-damage|p2a: Lapras|248\/294|[from] recoil|[of] p1a: Wigglytuff
|move|p1a: Wigglytuff|Thunderbolt|p2a: Lapras
|-supereffective|p2a: Lapras
|-damage|p2a: Lapras|167\/294
|
|turn|7
|choice|move 3|switch 6
|
|switch|p2a: Nidoran-M|Nidoran-M, L81|221\/221
|move|p1a: Wigglytuff|Thunderbolt|p2a: Nidoran-M
|-damage|p2a: Nidoran-M|167\/221
|
|turn|8
|choice|move 4|move 4
|
|move|p2a: Nidoran-M|Lovely Kiss|p1a: Wigglytuff|[miss]
|-miss|p2a: Nidoran-M
|move|p1a: Wigglytuff|Tri Attack|p2a: Nidoran-M
|-damage|p2a: Nidoran-M|91\/221
|
|turn|9
|c|★Disenchanted|this animation
|c|★Disenchanted|is so cool
|choice|switch 6|move 4
|
|switch|p1a: Poliwag|Poliwag, L79|224\/224
|move|p2a: Nidoran-M|Lovely Kiss|p1a: Poliwag
|-status|p1a: Poliwag|slp
|
|turn|10
|c|★hodor|fuk u nidoran
|choice|switch 4|switch 2
|
|switch|p1a: Golduck|Golduck, L68|239\/239
|switch|p2a: Jolteon|Jolteon, L65|208\/208
|
|turn|11
|c|★hodor|fuk
|c|★hodor|its op mon time
|c|★hodor|lfgi
|choice|move 1|move 2
|
|move|p2a: Jolteon|Thunderbolt|p1a: Golduck
|-crit|p1a: Golduck
|-supereffective|p1a: Golduck
|-damage|p1a: Golduck|0 fnt
|faint|p1a: Golduck
|c|★Disenchanted|hax
|choice|switch 6|
|
|switch|p1a: Wigglytuff|Wigglytuff, L72|215\/343
|turn|12
|J|nbf per la gente
|choice|move 4|move 2
|
|move|p2a: Jolteon|Thunderbolt|p1a: Wigglytuff
|-damage|p1a: Wigglytuff|99\/343
|move|p1a: Wigglytuff|Tri Attack|p2a: Jolteon
|-damage|p2a: Jolteon|126\/208
|
|turn|13
|J|Omfuga
|choice|move 4|move 2
|
|move|p2a: Jolteon|Thunderbolt|p1a: Wigglytuff
|-damage|p1a: Wigglytuff|0 fnt
|faint|p1a: Wigglytuff
|choice|switch 5|
|
|switch|p1a: Dragonite|Dragonite, L63|236\/236
|turn|14
|choice|move 4|move 2
|
|move|p2a: Jolteon|Thunderbolt|p1a: Dragonite
|-damage|p1a: Dragonite|157\/236
|move|p1a: Dragonite|Ice Punch|p2a: Jolteon
|-damage|p2a: Jolteon|90\/208
|
|turn|15
|choice|move 4|move 2
|
|move|p2a: Jolteon|Thunderbolt|p1a: Dragonite
|-damage|p1a: Dragonite|70\/236
|move|p1a: Dragonite|Ice Punch|p2a: Jolteon
|-damage|p2a: Jolteon|52\/208
|
|turn|16
|choice|move 4|move 2
|
|move|p2a: Jolteon|Thunderbolt|p1a: Dragonite
|-damage|p1a: Dragonite|0 fnt
|faint|p1a: Dragonite
|c|★Disenchanted|urrrrrrrrrrrgh
|choice|switch 2|
|
|switch|p1a: Omastar|Omastar, L65|219\/219
|turn|17
|choice|move 1|move 2
|
|move|p2a: Jolteon|Thunderbolt|p1a: Omastar
|-supereffective|p1a: Omastar
|-damage|p1a: Omastar|68\/219
|move|p1a: Omastar|Blizzard|p2a: Jolteon
|-damage|p2a: Jolteon|0 fnt
|faint|p2a: Jolteon
|c|★Disenchanted|you're not
|c|★hodor|DAMN
|c|★Disenchanted|going to 6-0 me
|choice||switch 3
|
|switch|p2a: Abra|Abra, L75|177\/177
|turn|18
|choice|move 1|move 1
|
|move|p2a: Abra|Psychic|p1a: Omastar
|-damage|p1a: Omastar|0 fnt
|faint|p1a: Omastar
|choice|switch 3|
|
|switch|p1a: Psyduck|Psyduck, L78|219\/219
|turn|19
|c|★hodor|op mons are op
|choice|move 3|move 1
|
|move|p2a: Abra|Psychic|p1a: Psyduck
|-damage|p1a: Psyduck|97\/219
|move|p1a: Psyduck|Mega Punch|p2a: Abra
|-crit|p2a: Abra
|-damage|p2a: Abra|1\/177
|
|turn|20
|L|nbf per la gente
|c|★Disenchanted|sash
|c|★Disenchanted|yn
|c|★hodor|1
|c|★hodor|hp
|c|★hodor|so y
|choice|move 3|move 1
|
|move|p2a: Abra|Psychic|p1a: Psyduck
|-damage|p1a: Psyduck|0 fnt
|faint|p1a: Psyduck
|choice|switch 4|
|
|switch|p1a: Poliwag|Poliwag, L79|224\/224 slp
|turn|21
|choice|move 3|move 1
|
|cant|p1a: Poliwag|slp
|move|p2a: Abra|Psychic|p1a: Poliwag
|-damage|p1a: Poliwag|82\/224 slp
|
|turn|22
|J|Nayuki
|L|Nayuki
|choice|move 3|move 1
|
|cant|p1a: Poliwag|slp
|move|p2a: Abra|Psychic|p1a: Poliwag
|-crit|p1a: Poliwag
|-damage|p1a: Poliwag|0 fnt
|faint|p1a: Poliwag
|
|win|hodor