|J|Earthworm
|J|Dice
|player|p1|Earthworm|1
|player|p2|Dice|134
|gametype|singles
|gen|1
|tier|[Gen 1] OU
|seed|
|rule|Sleep Clause Mod: Limit one foe put to sleep
|rule|Freeze Clause Mod: Limit one foe frozen
|rule|Species Clause: Limit one of each Pokémon
|rule|OHKO Clause: OHKO moves are banned
|rule|Evasion Moves Clause: Evasion moves are banned
|rule|HP Percentage Mod: HP is shown in percentages
|
|start
|switch|p1a: Dodrio|Dodrio|100\/100
|switch|p2a: Alakazam|Alakazam|100\/100
|turn|1
|J|smurfer
|choice||
|
|move|p2a: Alakazam|Thunder Wave|p1a: Dodrio
|-status|p1a: Dodrio|par
|move|p1a: Dodrio|Body Slam|p2a: Alakazam
|-damage|p2a: Alakazam|47\/100
|-status|p2a: Alakazam|par
|
|turn|2
|J|mccauley
|choice||
|
|move|p2a: Alakazam|Recover|p2a: Alakazam
|-heal|p2a: Alakazam|96\/100 par
|move|p1a: Dodrio|Body Slam|p2a: Alakazam
|-damage|p2a: Alakazam|47\/100 par
|
|turn|3
|c|★Dice|of COURSE!
|choice||
|
|switch|p2a: Snorlax|Snorlax|100\/100
|move|p1a: Dodrio|Body Slam|p2a: Snorlax
|-damage|p2a: Snorlax|76\/100
|
|turn|4
|choice||
|
|move|p2a: Snorlax|Blizzard|p1a: Dodrio
|-supereffective|p1a: Dodrio
|-damage|p1a: Dodrio|42\/100 par
|move|p1a: Dodrio|Hyper Beam|p2a: Snorlax
|-damage|p2a: Snorlax|31\/100
|
|turn|5
|-mustrecharge|p1a: Dodrio
|-mustrecharge|p1a: Dodrio
|choice||
|
|move|p2a: Snorlax|Blizzard|p1a: Dodrio
|-supereffective|p1a: Dodrio
|-damage|p1a: Dodrio|0 fnt
|faint|p1a: Dodrio
|choice||
|
|switch|p1a: Clefable|Clefable|100\/100
|turn|6
|choice||
|
|move|p1a: Clefable|Hyper Beam|p2a: Snorlax
|-damage|p2a: Snorlax|0 fnt
|faint|p2a: Snorlax
|choice||
|
|switch|p2a: Exeggutor|Exeggutor|100\/100
|turn|7
|choice||
|
|move|p1a: Clefable|Blizzard|p2a: Exeggutor
|-supereffective|p2a: Exeggutor
|-damage|p2a: Exeggutor|61\/100
|move|p2a: Exeggutor|Sleep Powder|p1a: Clefable
|-status|p1a: Clefable|slp
|
|turn|8
|choice||
|
|switch|p1a: Chansey|Chansey|100\/100
|move|p2a: Exeggutor|Psychic|p1a: Chansey
|-damage|p1a: Chansey|83\/100
|
|turn|9
|choice||
|
|switch|p1a: Clefable|Clefable|100\/100 slp
|move|p2a: Exeggutor|Explosion|p1a: Clefable
|-crit|p1a: Clefable
|-damage|p1a: Clefable|0 fnt
|faint|p1a: Clefable
|faint|p2a: Exeggutor
|choice||
|
|switch|p2a: Chansey|Chansey|100\/100
|switch|p1a: Snorlax|Snorlax|100\/100
|turn|10
|choice||
|
|move|p2a: Chansey|Thunder Wave|p1a: Snorlax
|-status|p1a: Snorlax|par
|cant|p1a: Snorlax|par
|
|turn|11
|choice||
|
|move|p2a: Chansey|Thunderbolt|p1a: Snorlax
|-damage|p1a: Snorlax|83\/100 par
|move|p1a: Snorlax|Self-Destruct|p2a: Chansey
|-damage|p2a: Chansey|0 fnt
|faint|p2a: Chansey
|faint|p1a: Snorlax
|choice||
|
|switch|p2a: Tauros|Tauros|100\/100
|switch|p1a: Tauros|Tauros|100\/100
|turn|12
|choice||
|
|move|p2a: Tauros|Body Slam|p1a: Tauros
|-damage|p1a: Tauros|69\/100
|move|p1a: Tauros|Body Slam|p2a: Tauros
|-crit|p2a: Tauros
|-damage|p2a: Tauros|42\/100
|
|turn|13
|choice||
|
|move|p2a: Tauros|Hyper Beam|p1a: Tauros
|-damage|p1a: Tauros|18\/100
|move|p1a: Tauros|Hyper Beam|p2a: Tauros
|-damage|p2a: Tauros|0 fnt
|faint|p2a: Tauros
|choice||
|
|switch|p2a: Zapdos|Zapdos|100\/100
|turn|14
|choice||
|
|move|p1a: Tauros|Hyper Beam|p2a: Zapdos
|-damage|p2a: Zapdos|50\/100
|move|p2a: Zapdos|Thunder Wave|p1a: Tauros
|-status|p1a: Tauros|par
|
|turn|15
|-mustrecharge|p1a: Tauros
|-mustrecharge|p1a: Tauros
|choice||
|
|move|p2a: Zapdos|Drill Peck|p1a: Tauros
|-damage|p1a: Tauros|0 fnt
|faint|p1a: Tauros
|choice||
|
|switch|p1a: Chansey|Chansey|83\/100
|turn|16
|choice||
|
|switch|p2a: Alakazam|Alakazam|47\/100 par
|move|p1a: Chansey|Ice Beam|p2a: Alakazam
|-damage|p2a: Alakazam|28\/100 par
|
|turn|17
|choice||
|
|move|p1a: Chansey|Thunder Wave|p2a: Alakazam
|-fail|p2a: Alakazam|par
|move|p2a: Alakazam|Recover|p2a: Alakazam
|-heal|p2a: Alakazam|78\/100 par
|
|turn|18
|c|★Earthworm|FCK
|c|★Earthworm|i misclicked
|c|★Earthworm|oh man
|c|★Dice|lol
|c|★Earthworm|that was ad.
|choice||
|
|switch|p1a: Persian|Persian|100\/100
|move|p2a: Alakazam|Thunder Wave|p1a: Persian
|-status|p1a: Persian|par
|
|turn|19
|choice||
|
|cant|p2a: Alakazam|par
|move|p1a: Persian|Hyper Beam|p2a: Alakazam
|-crit|p2a: Alakazam
|-damage|p2a: Alakazam|0 fnt
|faint|p2a: Alakazam
|choice||
|
|switch|p2a: Zapdos|Zapdos|50\/100
|turn|20
|choice||
|
|move|p2a: Zapdos|Thunderbolt|p1a: Persian|[miss]
|-miss|p2a: Zapdos
|move|p1a: Persian|Slash|p2a: Zapdos
|-crit|p2a: Zapdos
|-damage|p2a: Zapdos|16\/100
|
|turn|21
|c|★Dice|.
|choice||
|
|move|p2a: Zapdos|Thunderbolt|p1a: Persian
|-damage|p1a: Persian|52\/100 par
|cant|p1a: Persian|par
|
|turn|22
|choice||
|
|move|p2a: Zapdos|Thunderbolt|p1a: Persian
|-damage|p1a: Persian|0 fnt
|faint|p1a: Persian
|choice||
|
|switch|p1a: Chansey|Chansey|83\/100
|turn|23
|choice||
|
|move|p2a: Zapdos|Thunder Wave|p1a: Chansey
|-status|p1a: Chansey|par
|move|p1a: Chansey|Ice Beam|p2a: Zapdos
|-supereffective|p2a: Zapdos
|-damage|p2a: Zapdos|0 fnt
|faint|p2a: Zapdos
|
|win|Earthworm