|inactive|Battle timer is ON: inactive players will automatically lose when time's up.
|J|RainPB
|J|Lutra
|player|p1|RainPB|137
|player|p2|Lutra|281
|gametype|singles
|gen|1
|tier|[Gen 1] Ubers
|rule|Sleep Clause Mod: Limit one foe put to sleep
|rule|Freeze Clause Mod: Limit one foe frozen
|rule|Species Clause: Limit one of each Pokémon
|rule|OHKO Clause: OHKO moves are banned
|rule|Evasion Moves Clause: Evasion moves are banned
|rule|HP Percentage Mod: HP is shown in percentages
|
|start
|switch|p1a: Hypno|Hypno|373\/373
|switch|p2a: Jynx|Jynx|333\/333
|turn|1
|
|move|p2a: Jynx|Lovely Kiss|p1a: Hypno
|-status|p1a: Hypno|slp
|cant|p1a: Hypno|slp
|
|turn|2
|
|move|p2a: Jynx|Seismic Toss|p1a: Hypno
|-damage|p1a: Hypno|273\/373 slp
|cant|p1a: Hypno|slp
|
|turn|3
|
|switch|p1a: Chansey|Chansey|703\/703
|move|p2a: Jynx|Seismic Toss|p1a: Chansey
|-damage|p1a: Chansey|603\/703
|
|turn|4
|
|move|p2a: Jynx|Seismic Toss|p1a: Chansey
|-damage|p1a: Chansey|503\/703
|move|p1a: Chansey|Ice Beam|p2a: Jynx
|-resisted|p2a: Jynx
|-damage|p2a: Jynx|295\/333
|
|turn|5
|
|move|p2a: Jynx|Seismic Toss|p1a: Chansey
|-damage|p1a: Chansey|403\/703
|move|p1a: Chansey|Soft-Boiled|p1a: Chansey
|-heal|p1a: Chansey|703\/703
|
|turn|6
|
|switch|p2a: The Sleeper|Exeggutor|393\/393
|move|p1a: Chansey|Ice Beam|p2a: The Sleeper
|-supereffective|p2a: The Sleeper
|-damage|p2a: The Sleeper|267\/393
|
|turn|7
|
|switch|p1a: Slowbro|Slowbro|393\/393
|move|p2a: The Sleeper|Stun Spore|p1a: Slowbro
|-status|p1a: Slowbro|par
|
|turn|8
|
|switch|p2a: HERE IT CUMZ|Slowbro|393\/393
|move|p1a: Slowbro|Ice Beam|p2a: HERE IT CUMZ
|-resisted|p2a: HERE IT CUMZ
|-damage|p2a: HERE IT CUMZ|355\/393
|-status|p2a: HERE IT CUMZ|frz
|
|turn|9
|
|switch|p2a: Bonehead|Mewtwo|415\/415
|move|p1a: Slowbro|Amnesia|p1a: Slowbro
|-boost|p1a: Slowbro|spd|2
|-boost|p1a: Slowbro|spa|2
|
|turn|10
|
|move|p2a: Bonehead|Amnesia|p2a: Bonehead
|-boost|p2a: Bonehead|spd|2
|-boost|p2a: Bonehead|spa|2
|move|p1a: Slowbro|Ice Beam|p2a: Bonehead
|-damage|p2a: Bonehead|368\/415
|
|turn|11
|
|move|p2a: Bonehead|Psychic|p1a: Slowbro
|-resisted|p1a: Slowbro
|-damage|p1a: Slowbro|312\/393 par
|move|p1a: Slowbro|Amnesia|p1a: Slowbro
|-boost|p1a: Slowbro|spd|2
|-boost|p1a: Slowbro|spa|2
|
|turn|12
|
|move|p2a: Bonehead|Amnesia|p2a: Bonehead
|-boost|p2a: Bonehead|spd|2
|-boost|p2a: Bonehead|spa|2
|move|p1a: Slowbro|Ice Beam|p2a: Bonehead
|-damage|p2a: Bonehead|310\/415
|
|turn|13
|
|move|p2a: Bonehead|Psychic|p1a: Slowbro
|-resisted|p1a: Slowbro
|-damage|p1a: Slowbro|246\/393 par
|-unboost|p1a: Slowbro|spd|1
|-unboost|p1a: Slowbro|spa|1
|move|p1a: Slowbro|Amnesia|p1a: Slowbro
|-boost|p1a: Slowbro|spd|2
|-boost|p1a: Slowbro|spa|2
|
|turn|14
|
|move|p2a: Bonehead|Recover|p2a: Bonehead
|-heal|p2a: Bonehead|415\/415
|cant|p1a: Slowbro|par
|
|turn|15
|
|move|p2a: Bonehead|Psychic|p1a: Slowbro
|-resisted|p1a: Slowbro
|-damage|p1a: Slowbro|184\/393 par
|cant|p1a: Slowbro|par
|
|turn|16
|
|move|p2a: Bonehead|Psychic|p1a: Slowbro
|-resisted|p1a: Slowbro
|-damage|p1a: Slowbro|122\/393 par
|-unboost|p1a: Slowbro|spd|1
|-unboost|p1a: Slowbro|spa|1
|move|p1a: Slowbro|Rest|p1a: Slowbro
|-status|p1a: Slowbro|slp
|-heal|p1a: Slowbro|393\/393 slp|[silent]
|-status|p1a: Slowbro|slp|[from] move: Rest
|
|turn|17
|
|move|p2a: Bonehead|Psychic|p1a: Slowbro
|-resisted|p1a: Slowbro
|-damage|p1a: Slowbro|323\/393 slp
|cant|p1a: Slowbro|slp
|
|turn|18
|
|move|p2a: Bonehead|Psychic|p1a: Slowbro
|-resisted|p1a: Slowbro
|-damage|p1a: Slowbro|253\/393 slp
|-curestatus|p1a: Slowbro|slp
|
|turn|19
|
|move|p2a: Bonehead|Psychic|p1a: Slowbro
|-resisted|p1a: Slowbro
|-damage|p1a: Slowbro|185\/393
|-unboost|p1a: Slowbro|spd|1
|-unboost|p1a: Slowbro|spa|1
|move|p1a: Slowbro|Amnesia|p1a: Slowbro
|-boost|p1a: Slowbro|spd|2
|-boost|p1a: Slowbro|spa|2
|
|turn|20
|
|move|p2a: Bonehead|Psychic|p1a: Slowbro
|-resisted|p1a: Slowbro
|-damage|p1a: Slowbro|122\/393
|-unboost|p1a: Slowbro|spd|1
|-unboost|p1a: Slowbro|spa|1
|move|p1a: Slowbro|Rest|p1a: Slowbro
|-status|p1a: Slowbro|slp
|-heal|p1a: Slowbro|393\/393 slp|[silent]
|-status|p1a: Slowbro|slp|[from] move: Rest
|
|turn|21
|
|move|p2a: Bonehead|Psychic|p1a: Slowbro
|-crit|p1a: Slowbro
|-resisted|p1a: Slowbro
|-damage|p1a: Slowbro|236\/393 slp
|cant|p1a: Slowbro|slp
|
|turn|22
|
|move|p2a: Bonehead|Psychic|p1a: Slowbro
|-crit|p1a: Slowbro
|-resisted|p1a: Slowbro
|-damage|p1a: Slowbro|70\/393 slp
|-curestatus|p1a: Slowbro|slp
|
|turn|23
|
|move|p2a: Bonehead|Psychic|p1a: Slowbro
|-resisted|p1a: Slowbro
|-damage|p1a: Slowbro|1\/393
|move|p1a: Slowbro|Rest|p1a: Slowbro
|-status|p1a: Slowbro|slp
|-heal|p1a: Slowbro|393\/393 slp|[silent]
|-status|p1a: Slowbro|slp|[from] move: Rest
|
|turn|24
|
|move|p2a: Bonehead|Psychic|p1a: Slowbro
|-resisted|p1a: Slowbro
|-damage|p1a: Slowbro|329\/393 slp
|-unboost|p1a: Slowbro|spd|1
|-unboost|p1a: Slowbro|spa|1
|cant|p1a: Slowbro|slp
|
|turn|25
|
|move|p2a: Bonehead|Psychic|p1a: Slowbro
|-resisted|p1a: Slowbro
|-damage|p1a: Slowbro|242\/393 slp
|-unboost|p1a: Slowbro|spd|1
|-unboost|p1a: Slowbro|spa|1
|-curestatus|p1a: Slowbro|slp
|
|turn|26
|
|move|p2a: Bonehead|Psychic|p1a: Slowbro
|-resisted|p1a: Slowbro
|-damage|p1a: Slowbro|137\/393
|move|p1a: Slowbro|Amnesia|p1a: Slowbro
|-boost|p1a: Slowbro|spd|2
|-boost|p1a: Slowbro|spa|2
|
|turn|27
|
|move|p2a: Bonehead|Ice Beam|p1a: Slowbro
|-resisted|p1a: Slowbro
|-damage|p1a: Slowbro|91\/393
|move|p1a: Slowbro|Rest|p1a: Slowbro
|-status|p1a: Slowbro|slp
|-heal|p1a: Slowbro|393\/393 slp|[silent]
|-status|p1a: Slowbro|slp|[from] move: Rest
|
|turn|28
|
|switch|p2a: NVR SAY DIE!|Chansey|703\/703
|cant|p1a: Slowbro|slp
|
|turn|29
|
|move|p2a: NVR SAY DIE!|Light Screen|p2a: NVR SAY DIE!
|-start|p2a: NVR SAY DIE!|Light Screen
|-curestatus|p1a: Slowbro|slp
|
|turn|30
|
|move|p2a: NVR SAY DIE!|Seismic Toss|p1a: Slowbro
|-damage|p1a: Slowbro|293\/393
|move|p1a: Slowbro|Amnesia|p1a: Slowbro
|-boost|p1a: Slowbro|spd|2
|-boost|p1a: Slowbro|spa|2
|
|turn|31
|
|move|p2a: NVR SAY DIE!|Thunder Wave|p1a: Slowbro
|-status|p1a: Slowbro|par
|cant|p1a: Slowbro|par
|
|turn|32
|
|move|p2a: NVR SAY DIE!|Seismic Toss|p1a: Slowbro
|-damage|p1a: Slowbro|193\/393 par
|cant|p1a: Slowbro|par
|
|turn|33
|
|move|p2a: NVR SAY DIE!|Seismic Toss|p1a: Slowbro
|-damage|p1a: Slowbro|93\/393 par
|move|p1a: Slowbro|Rest|p1a: Slowbro
|-status|p1a: Slowbro|slp
|-heal|p1a: Slowbro|393\/393 slp|[silent]
|-status|p1a: Slowbro|slp|[from] move: Rest
|
|turn|34
|
|move|p2a: NVR SAY DIE!|Seismic Toss|p1a: Slowbro
|-damage|p1a: Slowbro|293\/393 slp
|cant|p1a: Slowbro|slp
|
|turn|35
|
|move|p2a: NVR SAY DIE!|Seismic Toss|p1a: Slowbro
|-damage|p1a: Slowbro|193\/393 slp
|-curestatus|p1a: Slowbro|slp
|
|turn|36
|
|move|p2a: NVR SAY DIE!|Thunder Wave|p1a: Slowbro
|-status|p1a: Slowbro|par
|cant|p1a: Slowbro|par
|
|turn|37
|
|move|p2a: NVR SAY DIE!|Seismic Toss|p1a: Slowbro
|-damage|p1a: Slowbro|93\/393 par
|move|p1a: Slowbro|Rest|p1a: Slowbro
|-status|p1a: Slowbro|slp
|-heal|p1a: Slowbro|393\/393 slp|[silent]
|-status|p1a: Slowbro|slp|[from] move: Rest
|
|turn|38
|
|move|p2a: NVR SAY DIE!|Seismic Toss|p1a: Slowbro
|-damage|p1a: Slowbro|293\/393 slp
|cant|p1a: Slowbro|slp
|
|turn|39
|
|move|p2a: NVR SAY DIE!|Seismic Toss|p1a: Slowbro
|-damage|p1a: Slowbro|193\/393 slp
|-curestatus|p1a: Slowbro|slp
|
|turn|40
|
|switch|p1a: Hypno|Hypno|273\/373 slp
|move|p2a: NVR SAY DIE!|Seismic Toss|p1a: Hypno
|-damage|p1a: Hypno|173\/373 slp
|
|turn|41
|
|switch|p1a: Mew|Mew|403\/403
|switch|p2a: No Warrantee|Mew|403\/403
|
|turn|42
|
|move|p1a: Mew|Reflect|p1a: Mew
|-start|p1a: Mew|Reflect
|move|p2a: No Warrantee|Thunder Wave|p1a: Mew
|-status|p1a: Mew|par
|
|turn|43
|
|move|p2a: No Warrantee|Swords Dance|p2a: No Warrantee
|-boost|p2a: No Warrantee|atk|2
|cant|p1a: Mew|par
|
|turn|44
|
|move|p2a: No Warrantee|Swords Dance|p2a: No Warrantee
|-boost|p2a: No Warrantee|atk|2
|move|p1a: Mew|Thunder Wave|p2a: No Warrantee
|-status|p2a: No Warrantee|par
|
|turn|45
|
|cant|p2a: No Warrantee|par
|cant|p1a: Mew|par
|
|turn|46
|
|cant|p2a: No Warrantee|par
|cant|p1a: Mew|par
|
|turn|47
|
|cant|p2a: No Warrantee|par
|move|p1a: Mew|Transform|p2a: No Warrantee
|-transform|p1a: Mew|p2a: No Warrantee
|
|turn|48
|
|move|p2a: No Warrantee|Swords Dance|p2a: No Warrantee
|-boost|p2a: No Warrantee|atk|2
|move|p1a: Mew|Earthquake|p2a: No Warrantee
|-crit|p2a: No Warrantee
|-damage|p2a: No Warrantee|242\/403 par
|
|turn|49
|
|move|p2a: No Warrantee|Soft-Boiled|p2a: No Warrantee
|-heal|p2a: No Warrantee|403\/403 par
|move|p1a: Mew|Earthquake|p2a: No Warrantee
|-crit|p2a: No Warrantee
|-damage|p2a: No Warrantee|262\/403 par
|
|turn|50
|
|move|p2a: No Warrantee|Soft-Boiled|p2a: No Warrantee
|-heal|p2a: No Warrantee|403\/403 par
|cant|p1a: Mew|par
|
|turn|51
|
|cant|p2a: No Warrantee|par
|move|p1a: Mew|Swords Dance|p1a: Mew
|-boost|p1a: Mew|atk|2
|
|turn|52
|
|cant|p2a: No Warrantee|par
|move|p1a: Mew|Earthquake|p2a: No Warrantee
|-damage|p2a: No Warrantee|160\/403 par
|
|turn|53
|
|move|p2a: No Warrantee|Earthquake|p1a: Mew
|-damage|p1a: Mew|270\/403 par
|move|p1a: Mew|Earthquake|p2a: No Warrantee
|-damage|p2a: No Warrantee|0 fnt
|faint|p2a: No Warrantee
|J|Patient Love
|
|switch|p2a: The Sleeper|Exeggutor|267\/393
|turn|54
|
|switch|p2a: Jynx|Jynx|295\/333
|move|p1a: Mew|Thunder Wave|p2a: Jynx
|-status|p2a: Jynx|par
|
|turn|55
|J|Sinnoh Myths
|
|move|p2a: Jynx|Blizzard|p1a: Mew|[miss]
|-miss|p2a: Jynx
|move|p1a: Mew|Earthquake|p2a: Jynx
|-damage|p2a: Jynx|0 fnt
|faint|p2a: Jynx
|
|switch|p2a: The Sleeper|Exeggutor|267\/393
|turn|56
|
|move|p2a: The Sleeper|Psychic|p1a: Mew
|-resisted|p1a: Mew
|-damage|p1a: Mew|209\/403 par
|move|p1a: Mew|Thunder Wave|p2a: The Sleeper
|-status|p2a: The Sleeper|par
|
|turn|57
|
|move|p2a: The Sleeper|Explosion|p1a: Mew
|-damage|p1a: Mew|90\/403 par
|faint|p2a: The Sleeper
|J|Krahzer
|
|switch|p2a: Bonehead|Mewtwo|415\/415
|turn|58
|
|move|p2a: Bonehead|Ice Beam|p1a: Mew
|-crit|p1a: Mew
|-damage|p1a: Mew|0 fnt
|faint|p1a: Mew
|
|switch|p1a: Slowbro|Slowbro|193\/393
|turn|59
|
|move|p2a: Bonehead|Psychic|p1a: Slowbro
|-resisted|p1a: Slowbro
|-damage|p1a: Slowbro|113\/393
|move|p1a: Slowbro|Rest|p1a: Slowbro
|-status|p1a: Slowbro|slp
|-heal|p1a: Slowbro|393\/393 slp|[silent]
|-status|p1a: Slowbro|slp|[from] move: Rest
|
|turn|60
|
|switch|p2a: NVR SAY DIE!|Chansey|703\/703
|cant|p1a: Slowbro|slp
|
|turn|61
|
|switch|p1a: Chansey|Chansey|703\/703
|move|p2a: NVR SAY DIE!|Light Screen|p2a: NVR SAY DIE!
|-start|p2a: NVR SAY DIE!|Light Screen
|
|turn|62
|
|switch|p2a: Bonehead|Mewtwo|415\/415
|move|p1a: Chansey|Thunder Wave|p2a: Bonehead
|-status|p2a: Bonehead|par
|
|turn|63
|
|switch|p1a: Slowbro|Slowbro|393\/393 slp
|move|p2a: Bonehead|Amnesia|p2a: Bonehead
|-boost|p2a: Bonehead|spd|2
|-boost|p2a: Bonehead|spa|2
|
|turn|64
|
|-curestatus|p1a: Slowbro|slp
|cant|p2a: Bonehead|par
|
|turn|65
|
|switch|p2a: NVR SAY DIE!|Chansey|703\/703
|move|p1a: Slowbro|Amnesia|p1a: Slowbro
|-boost|p1a: Slowbro|spd|2
|-boost|p1a: Slowbro|spa|2
|
|turn|66
|
|move|p2a: NVR SAY DIE!|Light Screen|p2a: NVR SAY DIE!
|-start|p2a: NVR SAY DIE!|Light Screen
|move|p1a: Slowbro|Surf|p2a: NVR SAY DIE!
|-damage|p2a: NVR SAY DIE!|616\/703
|
|turn|67
|
|switch|p1a: Chansey|Chansey|703\/703
|move|p2a: NVR SAY DIE!|Seismic Toss|p1a: Chansey
|-damage|p1a: Chansey|603\/703
|
|turn|68
|
|switch|p2a: Bonehead|Mewtwo|415\/415 par
|move|p1a: Chansey|Ice Beam|p2a: Bonehead
|-damage|p2a: Bonehead|360\/415 par
|
|turn|69
|
|switch|p1a: Slowbro|Slowbro|393\/393
|move|p2a: Bonehead|Amnesia|p2a: Bonehead
|-boost|p2a: Bonehead|spd|2
|-boost|p2a: Bonehead|spa|2
|
|turn|70
|
|switch|p2a: NVR SAY DIE!|Chansey|616\/703
|move|p1a: Slowbro|Amnesia|p1a: Slowbro
|-boost|p1a: Slowbro|spd|2
|-boost|p1a: Slowbro|spa|2
|
|turn|71
|
|move|p2a: NVR SAY DIE!|Light Screen|p2a: NVR SAY DIE!
|-start|p2a: NVR SAY DIE!|Light Screen
|move|p1a: Slowbro|Surf|p2a: NVR SAY DIE!
|-damage|p2a: NVR SAY DIE!|527\/703
|
|turn|72
|
|switch|p1a: Chansey|Chansey|603\/703
|move|p2a: NVR SAY DIE!|Thunder Wave|p1a: Chansey
|-status|p1a: Chansey|par
|
|turn|73
|
|switch|p2a: Bonehead|Mewtwo|360\/415 par
|move|p1a: Chansey|Light Screen|p1a: Chansey
|-start|p1a: Chansey|Light Screen
|
|turn|74
|
|switch|p1a: Slowbro|Slowbro|393\/393
|move|p2a: Bonehead|Amnesia|p2a: Bonehead
|-boost|p2a: Bonehead|spd|2
|-boost|p2a: Bonehead|spa|2
|
|turn|75
|
|switch|p2a: NVR SAY DIE!|Chansey|527\/703
|move|p1a: Slowbro|Amnesia|p1a: Slowbro
|-boost|p1a: Slowbro|spd|2
|-boost|p1a: Slowbro|spa|2
|
|turn|76
|
|switch|p1a: Mewtwo|Mewtwo|415\/415
|move|p2a: NVR SAY DIE!|Light Screen|p2a: NVR SAY DIE!
|-start|p2a: NVR SAY DIE!|Light Screen
|
|turn|77
|
|switch|p2a: Bonehead|Mewtwo|360\/415 par
|move|p1a: Mewtwo|Amnesia|p1a: Mewtwo
|-boost|p1a: Mewtwo|spd|2
|-boost|p1a: Mewtwo|spa|2
|
|turn|78
|
|move|p1a: Mewtwo|Amnesia|p1a: Mewtwo
|-boost|p1a: Mewtwo|spd|2
|-boost|p1a: Mewtwo|spa|2
|move|p2a: Bonehead|Amnesia|p2a: Bonehead
|-boost|p2a: Bonehead|spd|2
|-boost|p2a: Bonehead|spa|2
|
|turn|79
|
|move|p1a: Mewtwo|Amnesia|p1a: Mewtwo
|-boost|p1a: Mewtwo|spd|2
|-boost|p1a: Mewtwo|spa|2
|move|p2a: Bonehead|Recover|p2a: Bonehead
|-heal|p2a: Bonehead|415\/415 par
|
|turn|80
|
|move|p1a: Mewtwo|Thunderbolt|p2a: Bonehead
|-damage|p2a: Bonehead|325\/415 par
|move|p2a: Bonehead|Amnesia|p2a: Bonehead
|-boost|p2a: Bonehead|spd|2
|-boost|p2a: Bonehead|spa|2
|
|turn|81
|
|move|p1a: Mewtwo|Thunderbolt|p2a: Bonehead
|-damage|p2a: Bonehead|246\/415 par
|move|p2a: Bonehead|Recover|p2a: Bonehead
|-heal|p2a: Bonehead|415\/415 par
|
|turn|82
|
|move|p1a: Mewtwo|Thunderbolt|p2a: Bonehead
|-damage|p2a: Bonehead|342\/415 par
|move|p2a: Bonehead|Ice Beam|p1a: Mewtwo
|-damage|p1a: Mewtwo|345\/415
|
|turn|83
|
|move|p1a: Mewtwo|Thunderbolt|p2a: Bonehead
|-damage|p2a: Bonehead|265\/415 par
|move|p2a: Bonehead|Recover|p2a: Bonehead
|-heal|p2a: Bonehead|415\/415 par
|
|turn|84
|
|move|p1a: Mewtwo|Thunderbolt|p2a: Bonehead
|-crit|p2a: Bonehead
|-damage|p2a: Bonehead|270\/415 par
|move|p2a: Bonehead|Ice Beam|p1a: Mewtwo
|-damage|p1a: Mewtwo|266\/415
|
|turn|85
|
|switch|p1a: Snorlax|Snorlax|523\/523
|move|p2a: Bonehead|Recover|p2a: Bonehead
|-heal|p2a: Bonehead|415\/415 par
|
|turn|86
|
|move|p1a: Snorlax|Amnesia|p1a: Snorlax
|-boost|p1a: Snorlax|spd|2
|-boost|p1a: Snorlax|spa|2
|move|p2a: Bonehead|Psychic|p1a: Snorlax
|-damage|p1a: Snorlax|307\/523
|
|turn|87
|
|move|p1a: Snorlax|Amnesia|p1a: Snorlax
|-boost|p1a: Snorlax|spd|2
|-boost|p1a: Snorlax|spa|2
|cant|p2a: Bonehead|par
|
|turn|88
|
|move|p1a: Snorlax|Amnesia|p1a: Snorlax
|-boost|p1a: Snorlax|spd|2
|-boost|p1a: Snorlax|spa|2
|move|p2a: Bonehead|Ice Beam|p1a: Snorlax
|-crit|p1a: Snorlax
|-damage|p1a: Snorlax|69\/523
|
|turn|89
|
|switch|p2a: NVR SAY DIE!|Chansey|527\/703
|move|p1a: Snorlax|Rest|p1a: Snorlax
|-status|p1a: Snorlax|slp
|-heal|p1a: Snorlax|523\/523 slp|[silent]
|-status|p1a: Snorlax|slp|[from] move: Rest
|
|turn|90
|
|move|p2a: NVR SAY DIE!|Light Screen|p2a: NVR SAY DIE!
|-start|p2a: NVR SAY DIE!|Light Screen
|cant|p1a: Snorlax|slp
|
|turn|91
|
|move|p2a: NVR SAY DIE!|Seismic Toss|p1a: Snorlax
|-damage|p1a: Snorlax|423\/523 slp
|-curestatus|p1a: Snorlax|slp
|
|turn|92
|
|switch|p1a: Mewtwo|Mewtwo|266\/415
|move|p2a: NVR SAY DIE!|Seismic Toss|p1a: Mewtwo
|-damage|p1a: Mewtwo|166\/415
|
|turn|93
|J|Doyen
|
|switch|p2a: Bonehead|Mewtwo|415\/415 par
|move|p1a: Mewtwo|Recover|p1a: Mewtwo
|-heal|p1a: Mewtwo|373\/415
|
|turn|94
|
|switch|p1a: Snorlax|Snorlax|423\/523
|move|p2a: Bonehead|Amnesia|p2a: Bonehead
|-boost|p2a: Bonehead|spd|2
|-boost|p2a: Bonehead|spa|2
|
|turn|95
|
|switch|p2a: NVR SAY DIE!|Chansey|527\/703
|move|p1a: Snorlax|Amnesia|p1a: Snorlax
|-boost|p1a: Snorlax|spd|2
|-boost|p1a: Snorlax|spa|2
|
|turn|96
|
|move|p2a: NVR SAY DIE!|Light Screen|p2a: NVR SAY DIE!
|-start|p2a: NVR SAY DIE!|Light Screen
|move|p1a: Snorlax|Amnesia|p1a: Snorlax
|-boost|p1a: Snorlax|spd|2
|-boost|p1a: Snorlax|spa|2
|
|turn|97
|
|move|p2a: NVR SAY DIE!|Thunder Wave|p1a: Snorlax
|-status|p1a: Snorlax|par
|move|p1a: Snorlax|Harden|p1a: Snorlax
|-boost|p1a: Snorlax|def|1
|
|turn|98
|
|move|p2a: NVR SAY DIE!|Seismic Toss|p1a: Snorlax
|-damage|p1a: Snorlax|323\/523 par
|move|p1a: Snorlax|Rest|p1a: Snorlax
|-status|p1a: Snorlax|slp
|-heal|p1a: Snorlax|523\/523 slp|[silent]
|-status|p1a: Snorlax|slp|[from] move: Rest
|
|turn|99
|
|switch|p2a: Bonehead|Mewtwo|415\/415 par
|cant|p1a: Snorlax|slp
|
|turn|100
|
|switch|p2a: NVR SAY DIE!|Chansey|527\/703
|-curestatus|p1a: Snorlax|slp
|
|turn|101
|
|move|p2a: NVR SAY DIE!|Light Screen|p2a: NVR SAY DIE!
|-start|p2a: NVR SAY DIE!|Light Screen
|move|p1a: Snorlax|Amnesia|p1a: Snorlax
|-boost|p1a: Snorlax|spd|2
|-boost|p1a: Snorlax|spa|2
|
|turn|102
|
|move|p2a: NVR SAY DIE!|Soft-Boiled|p2a: NVR SAY DIE!
|-heal|p2a: NVR SAY DIE!|703\/703
|move|p1a: Snorlax|Ice Beam|p2a: NVR SAY DIE!
|-damage|p2a: NVR SAY DIE!|585\/703
|
|turn|103
|
|move|p2a: NVR SAY DIE!|Thunder Wave|p1a: Snorlax
|-status|p1a: Snorlax|par
|move|p1a: Snorlax|Harden|p1a: Snorlax
|-boost|p1a: Snorlax|def|1
|
|turn|104
|
|move|p2a: NVR SAY DIE!|Seismic Toss|p1a: Snorlax
|-damage|p1a: Snorlax|423\/523 par
|move|p1a: Snorlax|Harden|p1a: Snorlax
|-boost|p1a: Snorlax|def|1
|
|turn|105
|
|move|p2a: NVR SAY DIE!|Seismic Toss|p1a: Snorlax
|-damage|p1a: Snorlax|323\/523 par
|cant|p1a: Snorlax|par
|
|turn|106
|
|switch|p2a: Bonehead|Mewtwo|415\/415 par
|move|p1a: Snorlax|Rest|p1a: Snorlax
|-status|p1a: Snorlax|slp
|-heal|p1a: Snorlax|523\/523 slp|[silent]
|-status|p1a: Snorlax|slp|[from] move: Rest
|
|turn|107
|
|move|p2a: Bonehead|Amnesia|p2a: Bonehead
|-boost|p2a: Bonehead|spd|2
|-boost|p2a: Bonehead|spa|2
|cant|p1a: Snorlax|slp
|
|turn|108
|
|switch|p2a: NVR SAY DIE!|Chansey|585\/703
|-curestatus|p1a: Snorlax|slp
|
|turn|109
|
|move|p2a: NVR SAY DIE!|Light Screen|p2a: NVR SAY DIE!
|-start|p2a: NVR SAY DIE!|Light Screen
|move|p1a: Snorlax|Harden|p1a: Snorlax
|-boost|p1a: Snorlax|def|1
|
|turn|110
|
|move|p2a: NVR SAY DIE!|Thunder Wave|p1a: Snorlax
|-status|p1a: Snorlax|par
|move|p1a: Snorlax|Harden|p1a: Snorlax
|-boost|p1a: Snorlax|def|1
|
|turn|111
|
|switch|p2a: Bonehead|Mewtwo|415\/415 par
|move|p1a: Snorlax|Harden|p1a: Snorlax
|-boost|p1a: Snorlax|def|1
|
|turn|112
|
|move|p2a: Bonehead|Amnesia|p2a: Bonehead
|-boost|p2a: Bonehead|spd|2
|-boost|p2a: Bonehead|spa|2
|cant|p1a: Snorlax|par
|
|turn|113
|
|switch|p2a: NVR SAY DIE!|Chansey|585\/703
|move|p1a: Snorlax|Harden|p1a: Snorlax
|-boost|p1a: Snorlax|def|1
|
|turn|114
|
|move|p2a: NVR SAY DIE!|Light Screen|p2a: NVR SAY DIE!
|-start|p2a: NVR SAY DIE!|Light Screen
|move|p1a: Snorlax|Harden|p1a: Snorlax
|-boost|p1a: Snorlax|def|1
|
|turn|115
|
|switch|p2a: Bonehead|Mewtwo|415\/415 par
|move|p1a: Snorlax|Harden|p1a: Snorlax
|-boost|p1a: Snorlax|def|1
|
|turn|116
|
|move|p2a: Bonehead|Amnesia|p2a: Bonehead
|-boost|p2a: Bonehead|spd|2
|-boost|p2a: Bonehead|spa|2
|move|p1a: Snorlax|Ice Beam|p2a: Bonehead
|-damage|p2a: Bonehead|333\/415 par
|
|turn|117
|
|move|p2a: Bonehead|Recover|p2a: Bonehead
|-heal|p2a: Bonehead|415\/415 par
|move|p1a: Snorlax|Harden|p1a: Snorlax
|-boost|p1a: Snorlax|def|1
|
|turn|118
|
|switch|p2a: NVR SAY DIE!|Chansey|585\/703
|move|p1a: Snorlax|Ice Beam|p2a: NVR SAY DIE!
|-damage|p2a: NVR SAY DIE!|373\/703
|
|turn|119
|
|move|p2a: NVR SAY DIE!|Soft-Boiled|p2a: NVR SAY DIE!
|-heal|p2a: NVR SAY DIE!|703\/703
|move|p1a: Snorlax|Harden|p1a: Snorlax
|-boost|p1a: Snorlax|def|1
|
|turn|120
|
|switch|p2a: HERE IT CUMZ|Slowbro|355\/393 frz
|move|p1a: Snorlax|Harden|p1a: Snorlax
|-boost|p1a: Snorlax|def|1
|
|turn|121
|
|switch|p2a: NVR SAY DIE!|Chansey|703\/703
|move|p1a: Snorlax|Harden|p1a: Snorlax
|-boost|p1a: Snorlax|def|1
|
|turn|122
|
|switch|p2a: HERE IT CUMZ|Slowbro|355\/393 frz
|move|p1a: Snorlax|Harden|p1a: Snorlax
|-boost|p1a: Snorlax|def|1
|
|turn|123
|
|switch|p2a: NVR SAY DIE!|Chansey|703\/703
|cant|p1a: Snorlax|par
|
|turn|124
|
|move|p2a: NVR SAY DIE!|Light Screen|p2a: NVR SAY DIE!
|-start|p2a: NVR SAY DIE!|Light Screen
|move|p1a: Snorlax|Ice Beam|p2a: NVR SAY DIE!
|-damage|p2a: NVR SAY DIE!|599\/703
|
|turn|125
|
|switch|p2a: HERE IT CUMZ|Slowbro|355\/393 frz
|move|p1a: Snorlax|Ice Beam|p2a: HERE IT CUMZ
|-resisted|p2a: HERE IT CUMZ
|-damage|p2a: HERE IT CUMZ|233\/393 frz
|
|turn|126
|
|switch|p2a: NVR SAY DIE!|Chansey|599\/703
|cant|p1a: Snorlax|par
|
|turn|127
|
|move|p2a: NVR SAY DIE!|Light Screen|p2a: NVR SAY DIE!
|-start|p2a: NVR SAY DIE!|Light Screen
|cant|p1a: Snorlax|par
|
|turn|128
|
|move|p2a: NVR SAY DIE!|Thunder Wave|p1a: Snorlax
|-fail|p1a: Snorlax|par
|move|p1a: Snorlax|Harden|p1a: Snorlax
|-boost|p1a: Snorlax|def|1
|
|turn|129
|
|move|p2a: NVR SAY DIE!|Seismic Toss|p1a: Snorlax
|-damage|p1a: Snorlax|423\/523 par
|move|p1a: Snorlax|Harden|p1a: Snorlax
|-boost|p1a: Snorlax|def|1
|
|turn|130
|
|switch|p2a: HERE IT CUMZ|Slowbro|233\/393 frz
|move|p1a: Snorlax|Ice Beam|p2a: HERE IT CUMZ
|-resisted|p2a: HERE IT CUMZ
|-damage|p2a: HERE IT CUMZ|92\/393 frz
|
|turn|131
|
|switch|p2a: NVR SAY DIE!|Chansey|599\/703
|move|p1a: Snorlax|Rest|p1a: Snorlax
|-status|p1a: Snorlax|slp
|-heal|p1a: Snorlax|523\/523 slp|[silent]
|-status|p1a: Snorlax|slp|[from] move: Rest
|
|turn|132
|c|★Lutra|you've used 6 ice beams right?
|
|switch|p2a: HERE IT CUMZ|Slowbro|92\/393 frz
|cant|p1a: Snorlax|slp
|
|turn|133
|
|switch|p2a: NVR SAY DIE!|Chansey|599\/703
|-curestatus|p1a: Snorlax|slp
|
|turn|134
|c|★RainPB|y
|
|move|p2a: NVR SAY DIE!|Light Screen|p2a: NVR SAY DIE!
|-start|p2a: NVR SAY DIE!|Light Screen
|move|p1a: Snorlax|Harden|p1a: Snorlax
|-boost|p1a: Snorlax|def|1
|
|turn|135
|
|switch|p1a: Mewtwo|Mewtwo|373\/415
|move|p2a: NVR SAY DIE!|Light Screen|p2a: NVR SAY DIE!
|-fail|p2a: NVR SAY DIE!
|
|turn|136
|
|switch|p2a: Bonehead|Mewtwo|415\/415 par
|move|p1a: Mewtwo|Amnesia|p1a: Mewtwo
|-boost|p1a: Mewtwo|spd|2
|-boost|p1a: Mewtwo|spa|2
|
|turn|137
|
|switch|p1a: Snorlax|Snorlax|523\/523
|move|p2a: Bonehead|Amnesia|p2a: Bonehead
|-boost|p2a: Bonehead|spd|2
|-boost|p2a: Bonehead|spa|2
|
|turn|138
|
|switch|p2a: NVR SAY DIE!|Chansey|599\/703
|move|p1a: Snorlax|Amnesia|p1a: Snorlax
|-boost|p1a: Snorlax|spd|2
|-boost|p1a: Snorlax|spa|2
|
|turn|139
|
|switch|p2a: Bonehead|Mewtwo|415\/415 par
|switch|p1a: Mewtwo|Mewtwo|373\/415
|
|turn|140
|
|switch|p1a: Snorlax|Snorlax|523\/523
|cant|p2a: Bonehead|par
|
|turn|141
|
|switch|p1a: Slowbro|Slowbro|393\/393
|switch|p2a: NVR SAY DIE!|Chansey|599\/703
|
|turn|142
|
|switch|p1a: Mewtwo|Mewtwo|373\/415
|move|p2a: NVR SAY DIE!|Seismic Toss|p1a: Mewtwo
|-damage|p1a: Mewtwo|273\/415
|
|turn|143
|
|switch|p2a: Bonehead|Mewtwo|415\/415 par
|move|p1a: Mewtwo|Recover|p1a: Mewtwo
|-heal|p1a: Mewtwo|415\/415
|
|turn|144
|
|switch|p1a: Snorlax|Snorlax|523\/523
|move|p2a: Bonehead|Amnesia|p2a: Bonehead
|-boost|p2a: Bonehead|spd|2
|-boost|p2a: Bonehead|spa|2
|
|turn|145
|
|switch|p2a: NVR SAY DIE!|Chansey|599\/703
|move|p1a: Snorlax|Amnesia|p1a: Snorlax
|-boost|p1a: Snorlax|spd|2
|-boost|p1a: Snorlax|spa|2
|
|turn|146
|
|switch|p2a: Bonehead|Mewtwo|415\/415 par
|switch|p1a: Mewtwo|Mewtwo|415\/415
|
|turn|147
|
|switch|p1a: Snorlax|Snorlax|523\/523
|switch|p2a: NVR SAY DIE!|Chansey|599\/703
|
|turn|148
|
|switch|p2a: Bonehead|Mewtwo|415\/415 par
|move|p1a: Snorlax|Harden|p1a: Snorlax
|-boost|p1a: Snorlax|def|1
|
|turn|149
|
|switch|p1a: Slowbro|Slowbro|393\/393
|switch|p2a: NVR SAY DIE!|Chansey|599\/703
|
|turn|150
|
|switch|p2a: Bonehead|Mewtwo|415\/415 par
|switch|p1a: Mewtwo|Mewtwo|415\/415
|
|turn|151
|
|switch|p1a: Snorlax|Snorlax|523\/523
|switch|p2a: NVR SAY DIE!|Chansey|599\/703
|
|turn|152
|
|switch|p2a: Bonehead|Mewtwo|415\/415 par
|move|p1a: Snorlax|Amnesia|p1a: Snorlax
|-boost|p1a: Snorlax|spd|2
|-boost|p1a: Snorlax|spa|2
|
|turn|153
|
|switch|p2a: NVR SAY DIE!|Chansey|599\/703
|move|p1a: Snorlax|Harden|p1a: Snorlax
|-boost|p1a: Snorlax|def|1
|
|turn|154
|
|move|p2a: NVR SAY DIE!|Light Screen|p2a: NVR SAY DIE!
|-start|p2a: NVR SAY DIE!|Light Screen
|move|p1a: Snorlax|Harden|p1a: Snorlax
|-boost|p1a: Snorlax|def|1
|
|turn|155
|
|switch|p2a: Bonehead|Mewtwo|415\/415 par
|move|p1a: Snorlax|Amnesia|p1a: Snorlax
|-boost|p1a: Snorlax|spd|2
|-boost|p1a: Snorlax|spa|2
|
|turn|156
|
|switch|p2a: NVR SAY DIE!|Chansey|599\/703
|move|p1a: Snorlax|Ice Beam|p2a: NVR SAY DIE!
|-damage|p2a: NVR SAY DIE!|433\/703
|
|turn|157
|
|move|p2a: NVR SAY DIE!|Light Screen|p2a: NVR SAY DIE!
|-start|p2a: NVR SAY DIE!|Light Screen
|move|p1a: Snorlax|Amnesia|p1a: Snorlax
|-boost|p1a: Snorlax|spd|2
|-boost|p1a: Snorlax|spa|2
|
|turn|158
|
|move|p2a: NVR SAY DIE!|Soft-Boiled|p2a: NVR SAY DIE!
|-heal|p2a: NVR SAY DIE!|703\/703
|move|p1a: Snorlax|Harden|p1a: Snorlax
|-boost|p1a: Snorlax|def|1
|
|turn|159
|
|switch|p2a: Bonehead|Mewtwo|415\/415 par
|move|p1a: Snorlax|Harden|p1a: Snorlax
|-boost|p1a: Snorlax|def|1
|
|turn|160
|
|switch|p2a: NVR SAY DIE!|Chansey|703\/703
|move|p1a: Snorlax|Ice Beam|p2a: NVR SAY DIE!
|-damage|p2a: NVR SAY DIE!|485\/703
|
|turn|161
|
|switch|p2a: Bonehead|Mewtwo|415\/415 par
|move|p1a: Snorlax|Harden|p1a: Snorlax
|-boost|p1a: Snorlax|def|1
|
|turn|162
|
|switch|p2a: NVR SAY DIE!|Chansey|485\/703
|move|p1a: Snorlax|Ice Beam|p2a: NVR SAY DIE!
|-damage|p2a: NVR SAY DIE!|277\/703
|
|turn|163
|
|move|p2a: NVR SAY DIE!|Soft-Boiled|p2a: NVR SAY DIE!
|-heal|p2a: NVR SAY DIE!|628\/703
|move|p1a: Snorlax|Ice Beam|p2a: NVR SAY DIE!
|-damage|p2a: NVR SAY DIE!|409\/703
|
|turn|164
|c|★Lutra|is that 6 ice beam left?
|c|★RainPB|yeah
|c|★Lutra|thx
|
|switch|p1a: Mewtwo|Mewtwo|415\/415
|move|p2a: NVR SAY DIE!|Light Screen|p2a: NVR SAY DIE!
|-start|p2a: NVR SAY DIE!|Light Screen
|
|turn|165
|
|switch|p2a: Bonehead|Mewtwo|415\/415 par
|move|p1a: Mewtwo|Amnesia|p1a: Mewtwo
|-boost|p1a: Mewtwo|spd|2
|-boost|p1a: Mewtwo|spa|2
|
|turn|166
|c|★Lutra|I got 0 psychic on mewtwo left, 11 ib
|
|move|p1a: Mewtwo|Thunderbolt|p2a: Bonehead
|-crit|p2a: Bonehead
|-damage|p2a: Bonehead|275\/415 par
|move|p2a: Bonehead|Amnesia|p2a: Bonehead
|-boost|p2a: Bonehead|spd|2
|-boost|p2a: Bonehead|spa|2
|
|turn|167
|
|switch|p1a: Snorlax|Snorlax|523\/523
|move|p2a: Bonehead|Recover|p2a: Bonehead
|-heal|p2a: Bonehead|415\/415 par
|
|turn|168
|
|switch|p2a: NVR SAY DIE!|Chansey|409\/703
|move|p1a: Snorlax|Amnesia|p1a: Snorlax
|-boost|p1a: Snorlax|spd|2
|-boost|p1a: Snorlax|spa|2
|
|turn|169
|
|move|p2a: NVR SAY DIE!|Soft-Boiled|p2a: NVR SAY DIE!
|-heal|p2a: NVR SAY DIE!|703\/703
|move|p1a: Snorlax|Harden|p1a: Snorlax
|-boost|p1a: Snorlax|def|1
|
|turn|170
|
|switch|p2a: Bonehead|Mewtwo|415\/415 par
|switch|p1a: Mewtwo|Mewtwo|415\/415
|
|turn|171
|
|switch|p1a: Snorlax|Snorlax|523\/523
|cant|p2a: Bonehead|par
|
|turn|172
|
|switch|p1a: Mewtwo|Mewtwo|415\/415
|switch|p2a: NVR SAY DIE!|Chansey|703\/703
|
|turn|173
|
|switch|p2a: Bonehead|Mewtwo|415\/415 par
|move|p1a: Mewtwo|Amnesia|p1a: Mewtwo
|-boost|p1a: Mewtwo|spd|2
|-boost|p1a: Mewtwo|spa|2
|
|turn|174
|
|move|p1a: Mewtwo|Thunderbolt|p2a: Bonehead
|-damage|p2a: Bonehead|268\/415 par
|move|p2a: Bonehead|Amnesia|p2a: Bonehead
|-boost|p2a: Bonehead|spd|2
|-boost|p2a: Bonehead|spa|2
|
|turn|175
|
|switch|p1a: Snorlax|Snorlax|523\/523
|cant|p2a: Bonehead|par
|
|turn|176
|
|switch|p1a: Mewtwo|Mewtwo|415\/415
|cant|p2a: Bonehead|par
|
|turn|177
|
|switch|p1a: Snorlax|Snorlax|523\/523
|cant|p2a: Bonehead|par
|
|turn|178
|
|move|p1a: Snorlax|Amnesia|p1a: Snorlax
|-boost|p1a: Snorlax|spd|2
|-boost|p1a: Snorlax|spa|2
|move|p2a: Bonehead|Recover|p2a: Bonehead
|-heal|p2a: Bonehead|415\/415 par
|
|turn|179
|
|switch|p2a: NVR SAY DIE!|Chansey|703\/703
|move|p1a: Snorlax|Harden|p1a: Snorlax
|-boost|p1a: Snorlax|def|1
|
|turn|180
|
|switch|p1a: Mewtwo|Mewtwo|415\/415
|move|p2a: NVR SAY DIE!|Light Screen|p2a: NVR SAY DIE!
|-start|p2a: NVR SAY DIE!|Light Screen
|
|turn|181
|
|switch|p2a: Bonehead|Mewtwo|415\/415 par
|move|p1a: Mewtwo|Amnesia|p1a: Mewtwo
|-boost|p1a: Mewtwo|spd|2
|-boost|p1a: Mewtwo|spa|2
|
|turn|182
|
|switch|p2a: NVR SAY DIE!|Chansey|703\/703
|move|p1a: Mewtwo|Thunderbolt|p2a: NVR SAY DIE!
|-crit|p2a: NVR SAY DIE!
|-damage|p2a: NVR SAY DIE!|519\/703
|
|turn|183
|
|move|p1a: Mewtwo|Thunderbolt|p2a: NVR SAY DIE!
|-damage|p2a: NVR SAY DIE!|323\/703
|move|p2a: NVR SAY DIE!|Soft-Boiled|p2a: NVR SAY DIE!
|-heal|p2a: NVR SAY DIE!|674\/703
|
|turn|184
|
|move|p1a: Mewtwo|Thunderbolt|p2a: NVR SAY DIE!
|-crit|p2a: NVR SAY DIE!
|-damage|p2a: NVR SAY DIE!|487\/703
|move|p2a: NVR SAY DIE!|Light Screen|p2a: NVR SAY DIE!
|-start|p2a: NVR SAY DIE!|Light Screen
|
|turn|185
|
|switch|p1a: Snorlax|Snorlax|523\/523
|move|p2a: NVR SAY DIE!|Soft-Boiled|p2a: NVR SAY DIE!
|-heal|p2a: NVR SAY DIE!|703\/703
|
|turn|186
|
|switch|p2a: Bonehead|Mewtwo|415\/415 par
|switch|p1a: Mewtwo|Mewtwo|415\/415
|
|turn|187
|
|switch|p1a: Snorlax|Snorlax|523\/523
|switch|p2a: NVR SAY DIE!|Chansey|703\/703
|
|turn|188
|
|switch|p2a: Bonehead|Mewtwo|415\/415 par
|switch|p1a: Mewtwo|Mewtwo|415\/415
|
|turn|189
|
|switch|p1a: Snorlax|Snorlax|523\/523
|switch|p2a: NVR SAY DIE!|Chansey|703\/703
|
|turn|190
|c|★Lutra|say if you want to draw btw
|
|switch|p2a: Bonehead|Mewtwo|415\/415 par
|move|p1a: Snorlax|Amnesia|p1a: Snorlax
|-boost|p1a: Snorlax|spd|2
|-boost|p1a: Snorlax|spa|2
|
|turn|191
|c|★RainPB|nah
|
|switch|p2a: NVR SAY DIE!|Chansey|703\/703
|move|p1a: Snorlax|Ice Beam|p2a: NVR SAY DIE!
|-damage|p2a: NVR SAY DIE!|596\/703
|
|turn|192
|
|switch|p2a: Bonehead|Mewtwo|415\/415 par
|switch|p1a: Mewtwo|Mewtwo|415\/415
|
|turn|193
|c|★Lutra|yeah, you still have advantage atm
|
|switch|p1a: Snorlax|Snorlax|523\/523
|switch|p2a: NVR SAY DIE!|Chansey|596\/703
|
|turn|194
|
|switch|p2a: Bonehead|Mewtwo|415\/415 par
|switch|p1a: Slowbro|Slowbro|393\/393
|
|turn|195
|
|switch|p2a: NVR SAY DIE!|Chansey|596\/703
|move|p1a: Slowbro|Amnesia|p1a: Slowbro
|-boost|p1a: Slowbro|spd|2
|-boost|p1a: Slowbro|spa|2
|
|turn|196
|
|move|p2a: NVR SAY DIE!|Seismic Toss|p1a: Slowbro
|-damage|p1a: Slowbro|293\/393
|move|p1a: Slowbro|Amnesia|p1a: Slowbro
|-boost|p1a: Slowbro|spd|2
|-boost|p1a: Slowbro|spa|2
|
|turn|197
|
|move|p2a: NVR SAY DIE!|Seismic Toss|p1a: Slowbro
|-damage|p1a: Slowbro|193\/393
|move|p1a: Slowbro|Rest|p1a: Slowbro
|-status|p1a: Slowbro|slp
|-heal|p1a: Slowbro|393\/393 slp|[silent]
|-status|p1a: Slowbro|slp|[from] move: Rest
|
|turn|198
|
|switch|p2a: Bonehead|Mewtwo|415\/415 par
|cant|p1a: Slowbro|slp
|
|turn|199
|
|switch|p2a: NVR SAY DIE!|Chansey|596\/703
|-curestatus|p1a: Slowbro|slp
|
|turn|200
|
|switch|p2a: Bonehead|Mewtwo|415\/415 par
|move|p1a: Slowbro|Amnesia|p1a: Slowbro
|-boost|p1a: Slowbro|spd|2
|-boost|p1a: Slowbro|spa|2
|
|turn|201
|
|move|p1a: Slowbro|Surf|p2a: Bonehead
|-damage|p2a: Bonehead|157\/415 par
|move|p2a: Bonehead|Amnesia|p2a: Bonehead
|-boost|p2a: Bonehead|spd|2
|-boost|p2a: Bonehead|spa|2
|
|turn|202
|
|move|p1a: Slowbro|Surf|p2a: Bonehead
|-damage|p2a: Bonehead|21\/415 par
|move|p2a: Bonehead|Recover|p2a: Bonehead
|-heal|p2a: Bonehead|228\/415 par
|
|turn|203
|
|move|p1a: Slowbro|Surf|p2a: Bonehead
|-damage|p2a: Bonehead|101\/415 par
|move|p2a: Bonehead|Recover|p2a: Bonehead
|-heal|p2a: Bonehead|308\/415 par
|
|turn|204
|
|move|p1a: Slowbro|Surf|p2a: Bonehead
|-damage|p2a: Bonehead|162\/415 par
|move|p2a: Bonehead|Recover|p2a: Bonehead
|-heal|p2a: Bonehead|369\/415 par
|
|turn|205
|
|move|p1a: Slowbro|Surf|p2a: Bonehead
|-crit|p2a: Bonehead
|-damage|p2a: Bonehead|225\/415 par
|cant|p2a: Bonehead|par
|
|turn|206
|
|move|p1a: Slowbro|Surf|p2a: Bonehead
|-damage|p2a: Bonehead|98\/415 par
|move|p2a: Bonehead|Recover|p2a: Bonehead
|-heal|p2a: Bonehead|305\/415 par
|
|turn|207
|
|move|p1a: Slowbro|Surf|p2a: Bonehead
|-damage|p2a: Bonehead|172\/415 par
|move|p2a: Bonehead|Recover|p2a: Bonehead
|-heal|p2a: Bonehead|379\/415 par
|
|turn|208
|
|move|p1a: Slowbro|Surf|p2a: Bonehead
|-damage|p2a: Bonehead|236\/415 par
|move|p2a: Bonehead|Amnesia|p2a: Bonehead
|-boost|p2a: Bonehead|spd|2
|-boost|p2a: Bonehead|spa|2
|
|turn|209
|
|move|p1a: Slowbro|Surf|p2a: Bonehead
|-damage|p2a: Bonehead|124\/415 par
|move|p2a: Bonehead|Recover|p2a: Bonehead
|-heal|p2a: Bonehead|331\/415 par
|
|turn|210
|
|move|p1a: Slowbro|Surf|p2a: Bonehead
|-damage|p2a: Bonehead|222\/415 par
|move|p2a: Bonehead|Recover|p2a: Bonehead
|-heal|p2a: Bonehead|415\/415 par
|
|turn|211
|
|move|p1a: Slowbro|Surf|p2a: Bonehead
|-damage|p2a: Bonehead|306\/415 par
|move|p2a: Bonehead|Ice Beam|p1a: Slowbro
|-resisted|p1a: Slowbro
|-damage|p1a: Slowbro|359\/393
|
|turn|212
|
|move|p1a: Slowbro|Surf|p2a: Bonehead
|-damage|p2a: Bonehead|186\/415 par
|cant|p2a: Bonehead|par
|
|turn|213
|
|move|p1a: Slowbro|Surf|p2a: Bonehead
|-damage|p2a: Bonehead|66\/415 par
|move|p2a: Bonehead|Recover|p2a: Bonehead
|-heal|p2a: Bonehead|273\/415 par
|
|turn|214
|
|move|p1a: Slowbro|Surf|p2a: Bonehead
|-damage|p2a: Bonehead|169\/415 par
|move|p2a: Bonehead|Recover|p2a: Bonehead
|-heal|p2a: Bonehead|376\/415 par
|
|turn|215
|
|move|p1a: Slowbro|Surf|p2a: Bonehead
|-damage|p2a: Bonehead|268\/415 par
|move|p2a: Bonehead|Recover|p2a: Bonehead
|-heal|p2a: Bonehead|415\/415 par
|
|turn|216
|
|move|p1a: Slowbro|Rest|p1a: Slowbro
|-status|p1a: Slowbro|slp
|-heal|p1a: Slowbro|393\/393 slp|[silent]
|-status|p1a: Slowbro|slp|[from] move: Rest
|move|p2a: Bonehead|Recover|p2a: Bonehead
|-fail|p2a: Bonehead
|
|turn|217
|
|switch|p2a: NVR SAY DIE!|Chansey|596\/703
|cant|p1a: Slowbro|slp
|
|turn|218
|
|move|p2a: NVR SAY DIE!|Light Screen|p2a: NVR SAY DIE!
|-start|p2a: NVR SAY DIE!|Light Screen
|-curestatus|p1a: Slowbro|slp
|
|turn|219
|
|switch|p1a: Mewtwo|Mewtwo|415\/415
|move|p2a: NVR SAY DIE!|Seismic Toss|p1a: Mewtwo
|-damage|p1a: Mewtwo|315\/415
|
|turn|220
|
|switch|p2a: Bonehead|Mewtwo|415\/415 par
|move|p1a: Mewtwo|Amnesia|p1a: Mewtwo
|-boost|p1a: Mewtwo|spd|2
|-boost|p1a: Mewtwo|spa|2
|
|turn|221
|
|move|p1a: Mewtwo|Thunderbolt|p2a: Bonehead
|-damage|p2a: Bonehead|259\/415 par
|move|p2a: Bonehead|Amnesia|p2a: Bonehead
|-boost|p2a: Bonehead|spd|2
|-boost|p2a: Bonehead|spa|2
|
|turn|222
|
|move|p1a: Mewtwo|Thunderbolt|p2a: Bonehead
|-crit|p2a: Bonehead
|-damage|p2a: Bonehead|102\/415 par
|move|p2a: Bonehead|Recover|p2a: Bonehead
|-heal|p2a: Bonehead|309\/415 par
|
|turn|223
|
|move|p1a: Mewtwo|Thunderbolt|p2a: Bonehead
|-damage|p2a: Bonehead|228\/415 par
|move|p2a: Bonehead|Recover|p2a: Bonehead
|-heal|p2a: Bonehead|415\/415 par
|
|turn|224
|c|★Lutra|can we pp check? 14 amnesia, 11 recover, 10 ice beam
|
|switch|p1a: Snorlax|Snorlax|523\/523
|cant|p2a: Bonehead|par
|
|turn|225
|c|★RainPB|just scroll over the pokemon
|c|★Lutra|it doesn't work
|c|★Lutra|oh
|c|★Lutra|wait
|c|★Lutra|I see, on field
|c|★RainPB|yeah
|c|★Lutra|is that recent?
|
|switch|p1a: Slowbro|Slowbro|393\/393
|switch|p2a: NVR SAY DIE!|Chansey|596\/703
|
|turn|226
|c|★RainPB|i think so
|
|switch|p1a: Mewtwo|Mewtwo|315\/415
|move|p2a: NVR SAY DIE!|Light Screen|p2a: NVR SAY DIE!
|-start|p2a: NVR SAY DIE!|Light Screen
|
|turn|227
|
|switch|p1a: Slowbro|Slowbro|393\/393
|switch|p2a: Bonehead|Mewtwo|415\/415 par
|
|turn|228
|
|switch|p1a: Mewtwo|Mewtwo|315\/415
|switch|p2a: NVR SAY DIE!|Chansey|596\/703
|
|turn|229
|
|switch|p2a: Bonehead|Mewtwo|415\/415 par
|move|p1a: Mewtwo|Amnesia|p1a: Mewtwo
|-boost|p1a: Mewtwo|spd|2
|-boost|p1a: Mewtwo|spa|2
|
|turn|230
|
|move|p1a: Mewtwo|Thunderbolt|p2a: Bonehead
|-crit|p2a: Bonehead
|-damage|p2a: Bonehead|272\/415 par
|move|p2a: Bonehead|Amnesia|p2a: Bonehead
|-boost|p2a: Bonehead|spd|2
|-boost|p2a: Bonehead|spa|2
|
|turn|231
|
|switch|p1a: Snorlax|Snorlax|523\/523
|move|p2a: Bonehead|Recover|p2a: Bonehead
|-heal|p2a: Bonehead|415\/415 par
|
|turn|232
|
|switch|p2a: NVR SAY DIE!|Chansey|596\/703
|move|p1a: Snorlax|Amnesia|p1a: Snorlax
|-boost|p1a: Snorlax|spd|2
|-boost|p1a: Snorlax|spa|2
|
|turn|233
|
|switch|p2a: Bonehead|Mewtwo|415\/415 par
|move|p1a: Snorlax|Harden|p1a: Snorlax
|-boost|p1a: Snorlax|def|1
|
|turn|234
|
|switch|p2a: NVR SAY DIE!|Chansey|596\/703
|move|p1a: Snorlax|Amnesia|p1a: Snorlax
|-boost|p1a: Snorlax|spd|2
|-boost|p1a: Snorlax|spa|2
|
|turn|235
|
|switch|p2a: Bonehead|Mewtwo|415\/415 par
|switch|p1a: Mewtwo|Mewtwo|315\/415
|
|turn|236
|
|switch|p1a: Snorlax|Snorlax|523\/523
|switch|p2a: NVR SAY DIE!|Chansey|596\/703
|
|turn|237
|
|switch|p2a: Bonehead|Mewtwo|415\/415 par
|switch|p1a: Mewtwo|Mewtwo|315\/415
|
|turn|238
|
|switch|p1a: Snorlax|Snorlax|523\/523
|move|p2a: Bonehead|Ice Beam|p1a: Snorlax
|-damage|p1a: Snorlax|382\/523
|
|turn|239
|
|switch|p2a: NVR SAY DIE!|Chansey|596\/703
|move|p1a: Snorlax|Harden|p1a: Snorlax
|-boost|p1a: Snorlax|def|1
|
|turn|240
|
|switch|p2a: Bonehead|Mewtwo|415\/415 par
|switch|p1a: Mewtwo|Mewtwo|315\/415
|
|turn|241
|
|switch|p1a: Snorlax|Snorlax|382\/523
|switch|p2a: NVR SAY DIE!|Chansey|596\/703
|
|turn|242
|
|switch|p2a: Bonehead|Mewtwo|415\/415 par
|switch|p1a: Mewtwo|Mewtwo|315\/415
|
|turn|243
|
|switch|p1a: Snorlax|Snorlax|382\/523
|move|p2a: Bonehead|Ice Beam|p1a: Snorlax
|-damage|p1a: Snorlax|254\/523
|-status|p1a: Snorlax|frz
|
|turn|244
|c|★RainPB|finally
|
|switch|p1a: Slowbro|Slowbro|393\/393
|switch|p2a: NVR SAY DIE!|Chansey|596\/703
|
|turn|245
|
|switch|p2a: Bonehead|Mewtwo|415\/415 par
|switch|p1a: Mewtwo|Mewtwo|315\/415
|
|turn|246
|
|move|p1a: Mewtwo|Amnesia|p1a: Mewtwo
|-boost|p1a: Mewtwo|spd|2
|-boost|p1a: Mewtwo|spa|2
|cant|p2a: Bonehead|par
|
|turn|247
|
|move|p1a: Mewtwo|Ice Beam|p2a: Bonehead
|-damage|p2a: Bonehead|270\/415 par
|cant|p2a: Bonehead|par
|
|turn|248
|
|switch|p2a: NVR SAY DIE!|Chansey|596\/703
|move|p1a: Mewtwo|Ice Beam|p2a: NVR SAY DIE!
|-damage|p2a: NVR SAY DIE!|406\/703
|
|turn|249
|
|move|p1a: Mewtwo|Thunderbolt|p2a: NVR SAY DIE!
|-damage|p2a: NVR SAY DIE!|198\/703
|move|p2a: NVR SAY DIE!|Soft-Boiled|p2a: NVR SAY DIE!
|-heal|p2a: NVR SAY DIE!|549\/703
|
|turn|250
|
|switch|p1a: Chansey|Chansey|603\/703 par
|move|p2a: NVR SAY DIE!|Thunder Wave|p1a: Chansey
|-fail|p1a: Chansey|par
|
|turn|251
|
|switch|p2a: Bonehead|Mewtwo|270\/415 par
|switch|p1a: Slowbro|Slowbro|393\/393
|
|turn|252
|
|switch|p2a: NVR SAY DIE!|Chansey|549\/703
|move|p1a: Slowbro|Amnesia|p1a: Slowbro
|-boost|p1a: Slowbro|spd|2
|-boost|p1a: Slowbro|spa|2
|
|turn|253
|
|move|p2a: NVR SAY DIE!|Thunder Wave|p1a: Slowbro
|-status|p1a: Slowbro|par
|cant|p1a: Slowbro|par
|
|turn|254
|
|move|p2a: NVR SAY DIE!|Seismic Toss|p1a: Slowbro
|-damage|p1a: Slowbro|293\/393 par
|move|p1a: Slowbro|Amnesia|p1a: Slowbro
|-boost|p1a: Slowbro|spd|2
|-boost|p1a: Slowbro|spa|2
|
|turn|255
|
|move|p2a: NVR SAY DIE!|Seismic Toss|p1a: Slowbro
|-damage|p1a: Slowbro|193\/393 par
|move|p1a: Slowbro|Rest|p1a: Slowbro
|-status|p1a: Slowbro|slp
|-heal|p1a: Slowbro|393\/393 slp|[silent]
|-status|p1a: Slowbro|slp|[from] move: Rest
|
|turn|256
|
|switch|p2a: Bonehead|Mewtwo|270\/415 par
|cant|p1a: Slowbro|slp
|
|turn|257
|
|move|p2a: Bonehead|Recover|p2a: Bonehead
|-heal|p2a: Bonehead|415\/415 par
|-curestatus|p1a: Slowbro|slp
|
|turn|258
|
|move|p2a: Bonehead|Amnesia|p2a: Bonehead
|-boost|p2a: Bonehead|spd|2
|-boost|p2a: Bonehead|spa|2
|move|p1a: Slowbro|Surf|p2a: Bonehead
|-damage|p2a: Bonehead|312\/415 par
|
|turn|259
|
|move|p2a: Bonehead|Amnesia|p2a: Bonehead
|-boost|p2a: Bonehead|spd|2
|-boost|p2a: Bonehead|spa|2
|move|p1a: Slowbro|Surf|p2a: Bonehead
|-damage|p2a: Bonehead|224\/415 par
|
|turn|260
|
|move|p2a: Bonehead|Recover|p2a: Bonehead
|-heal|p2a: Bonehead|415\/415 par
|move|p1a: Slowbro|Amnesia|p1a: Slowbro
|-boost|p1a: Slowbro|spd|2
|-boost|p1a: Slowbro|spa|2
|
|turn|261
|
|move|p1a: Slowbro|Surf|p2a: Bonehead
|-damage|p2a: Bonehead|305\/415 par
|move|p2a: Bonehead|Amnesia|p2a: Bonehead
|-boost|p2a: Bonehead|spd|2
|-boost|p2a: Bonehead|spa|2
|
|turn|262
|
|move|p1a: Slowbro|Amnesia|p1a: Slowbro
|-boost|p1a: Slowbro|spd|2
|-boost|p1a: Slowbro|spa|2
|move|p2a: Bonehead|Recover|p2a: Bonehead
|-heal|p2a: Bonehead|415\/415 par
|
|turn|263
|
|switch|p2a: NVR SAY DIE!|Chansey|549\/703
|move|p1a: Slowbro|Surf|p2a: NVR SAY DIE!
|-damage|p2a: NVR SAY DIE!|163\/703
|
|turn|264
|
|move|p2a: NVR SAY DIE!|Soft-Boiled|p2a: NVR SAY DIE!
|-heal|p2a: NVR SAY DIE!|514\/703
|move|p1a: Slowbro|Surf|p2a: NVR SAY DIE!
|-damage|p2a: NVR SAY DIE!|143\/703
|
|turn|265
|
|move|p2a: NVR SAY DIE!|Soft-Boiled|p2a: NVR SAY DIE!
|-heal|p2a: NVR SAY DIE!|494\/703
|move|p1a: Slowbro|Surf|p2a: NVR SAY DIE!
|-damage|p2a: NVR SAY DIE!|117\/703
|
|turn|266
|
|move|p2a: NVR SAY DIE!|Soft-Boiled|p2a: NVR SAY DIE!
|-heal|p2a: NVR SAY DIE!|468\/703
|move|p1a: Slowbro|Surf|p2a: NVR SAY DIE!
|-damage|p2a: NVR SAY DIE!|130\/703
|
|turn|267
|
|move|p2a: NVR SAY DIE!|Soft-Boiled|p2a: NVR SAY DIE!
|-heal|p2a: NVR SAY DIE!|481\/703
|move|p1a: Slowbro|Ice Beam|p2a: NVR SAY DIE!
|-damage|p2a: NVR SAY DIE!|255\/703
|
|turn|268
|
|move|p2a: NVR SAY DIE!|Light Screen|p2a: NVR SAY DIE!
|-start|p2a: NVR SAY DIE!|Light Screen
|move|p1a: Slowbro|Ice Beam|p2a: NVR SAY DIE!
|-damage|p2a: NVR SAY DIE!|139\/703
|
|turn|269
|
|move|p2a: NVR SAY DIE!|Soft-Boiled|p2a: NVR SAY DIE!
|-heal|p2a: NVR SAY DIE!|490\/703
|move|p1a: Slowbro|Ice Beam|p2a: NVR SAY DIE!
|-crit|p2a: NVR SAY DIE!
|-damage|p2a: NVR SAY DIE!|365\/703
|
|turn|270
|
|switch|p1a: Mewtwo|Mewtwo|315\/415
|move|p2a: NVR SAY DIE!|Thunder Wave|p1a: Mewtwo
|-status|p1a: Mewtwo|par
|
|turn|271
|
|move|p2a: NVR SAY DIE!|Soft-Boiled|p2a: NVR SAY DIE!
|-heal|p2a: NVR SAY DIE!|703\/703
|move|p1a: Mewtwo|Amnesia|p1a: Mewtwo
|-boost|p1a: Mewtwo|spd|2
|-boost|p1a: Mewtwo|spa|2
|
|turn|272
|
|move|p2a: NVR SAY DIE!|Seismic Toss|p1a: Mewtwo
|-damage|p1a: Mewtwo|215\/415 par
|move|p1a: Mewtwo|Amnesia|p1a: Mewtwo
|-boost|p1a: Mewtwo|spd|2
|-boost|p1a: Mewtwo|spa|2
|
|turn|273
|
|move|p2a: NVR SAY DIE!|Seismic Toss|p1a: Mewtwo
|-damage|p1a: Mewtwo|115\/415 par
|move|p1a: Mewtwo|Recover|p1a: Mewtwo
|-heal|p1a: Mewtwo|322\/415 par
|
|turn|274
|
|switch|p2a: Bonehead|Mewtwo|415\/415 par
|move|p1a: Mewtwo|Recover|p1a: Mewtwo
|-heal|p1a: Mewtwo|415\/415 par
|
|turn|275
|
|move|p2a: Bonehead|Amnesia|p2a: Bonehead
|-boost|p2a: Bonehead|spd|2
|-boost|p2a: Bonehead|spa|2
|move|p1a: Mewtwo|Ice Beam|p2a: Bonehead
|-damage|p2a: Bonehead|324\/415 par
|
|turn|276
|
|switch|p1a: Slowbro|Slowbro|393\/393
|move|p2a: Bonehead|Amnesia|p2a: Bonehead
|-boost|p2a: Bonehead|spd|2
|-boost|p2a: Bonehead|spa|2
|
|turn|277
|
|switch|p2a: NVR SAY DIE!|Chansey|703\/703
|move|p1a: Slowbro|Amnesia|p1a: Slowbro
|-boost|p1a: Slowbro|spd|2
|-boost|p1a: Slowbro|spa|2
|
|turn|278
|
|switch|p1a: Mewtwo|Mewtwo|415\/415 par
|move|p2a: NVR SAY DIE!|Thunder Wave|p1a: Mewtwo
|-fail|p1a: Mewtwo|par
|
|turn|279
|
|switch|p2a: Bonehead|Mewtwo|324\/415 par
|cant|p1a: Mewtwo|par
|
|turn|280
|
|switch|p1a: Slowbro|Slowbro|393\/393
|switch|p2a: NVR SAY DIE!|Chansey|703\/703
|
|turn|281
|
|switch|p2a: Bonehead|Mewtwo|324\/415 par
|switch|p1a: Mewtwo|Mewtwo|415\/415 par
|
|turn|282
|
|switch|p1a: Slowbro|Slowbro|393\/393
|switch|p2a: NVR SAY DIE!|Chansey|703\/703
|
|turn|283
|
|switch|p2a: Bonehead|Mewtwo|324\/415 par
|switch|p1a: Mewtwo|Mewtwo|415\/415 par
|
|turn|284
|
|switch|p2a: NVR SAY DIE!|Chansey|703\/703
|switch|p1a: Slowbro|Slowbro|393\/393
|
|turn|285
|
|switch|p2a: Bonehead|Mewtwo|324\/415 par
|switch|p1a: Hypno|Hypno|173\/373 slp
|
|turn|286
|
|switch|p2a: NVR SAY DIE!|Chansey|703\/703
|cant|p1a: Hypno|slp
|
|turn|287
|
|switch|p1a: Mewtwo|Mewtwo|415\/415 par
|move|p2a: NVR SAY DIE!|Seismic Toss|p1a: Mewtwo
|-damage|p1a: Mewtwo|315\/415 par
|
|turn|288
|
|move|p2a: NVR SAY DIE!|Seismic Toss|p1a: Mewtwo
|-damage|p1a: Mewtwo|215\/415 par
|cant|p1a: Mewtwo|par
|
|turn|289
|
|move|p2a: NVR SAY DIE!|Seismic Toss|p1a: Mewtwo
|-damage|p1a: Mewtwo|115\/415 par
|move|p1a: Mewtwo|Recover|p1a: Mewtwo
|-heal|p1a: Mewtwo|322\/415 par
|
|turn|290
|
|switch|p2a: Bonehead|Mewtwo|324\/415 par
|switch|p1a: Hypno|Hypno|173\/373 slp
|
|turn|291
|
|-curestatus|p1a: Hypno|slp
|move|p2a: Bonehead|Ice Beam|p1a: Hypno
|-damage|p1a: Hypno|77\/373
|
|turn|292
|
|switch|p2a: NVR SAY DIE!|Chansey|703\/703
|move|p1a: Hypno|Rest|p1a: Hypno
|-status|p1a: Hypno|slp
|-heal|p1a: Hypno|373\/373 slp|[silent]
|-status|p1a: Hypno|slp|[from] move: Rest
|
|turn|293
|
|switch|p2a: Bonehead|Mewtwo|324\/415 par
|cant|p1a: Hypno|slp
|
|turn|294
|
|switch|p2a: NVR SAY DIE!|Chansey|703\/703
|-curestatus|p1a: Hypno|slp
|
|turn|295
|c|★RainPB|after 295 turns
|c|★RainPB|hypno is ready
|c|★Lutra|gg, I'm gonna quit the stalling, it's too hard, sorry about that but I think the mew mechanics changed, or I misinterpreted them wrong, so I inadequately prepared for mew
|c|★RainPB|oh
|c|★RainPB|ggs then
|c|★Lutra|I don't know whether they are fixed or still broken
|c|★Lutra|ggs
|c|★RainPB|1 turn
|c|★RainPB|just 1 turn
|c|★Lutra|for what?
|c|★RainPB|i want to show you something
|
|move|p1a: Hypno|Meditate|p1a: Hypno
|-boost|p1a: Hypno|atk|1
|move|p2a: NVR SAY DIE!|Seismic Toss|p1a: Hypno
|-damage|p1a: Hypno|273\/373
|
|turn|296
|c|★RainPB|:D
|
|move|p1a: Hypno|Body Slam|p2a: NVR SAY DIE!
|-damage|p2a: NVR SAY DIE!|493\/703
|move|p2a: NVR SAY DIE!|Thunder Wave|p1a: Hypno
|-status|p1a: Hypno|par
|
|turn|297
|c|★Lutra|cool
|-message|Lutra forfeited.
|
|win|RainPB
|L|Lutra
|player|p2
|L|Krahzer
|L|Sinnoh Myths