|J|Nails
|J|KratosMana
|player|p1|Nails|170
|player|p2|KratosMana|102
|gametype|singles
|gen|1
|tier|[Gen 1] OU
|seed|21431,10096,43304,43529
|rule|Sleep Clause Mod: Limit one foe put to sleep
|rule|Freeze Clause Mod: Limit one foe frozen
|rule|Species Clause: Limit one of each Pokémon
|rule|OHKO Clause: OHKO moves are banned
|rule|Evasion Moves Clause: Evasion moves are banned
|rule|HP Percentage Mod: HP is shown in percentages
|
|start
|switch|p1a: Starmie|Starmie|323\/323
|switch|p2a: Alakazam|Alakazam|313\/313
|turn|1
|choice|switch 2|move 1
|
|switch|p1a: Exeggutor|Exeggutor|393\/393
|move|p2a: Alakazam|Thunder Wave|p1a: Exeggutor
|-status|p1a: Exeggutor|par
|
|turn|2
|J|Krahzer
|choice|move 2|move 2
|
|move|p2a: Alakazam|Seismic Toss|p1a: Exeggutor
|-damage|p1a: Exeggutor|293\/393 par
|move|p1a: Exeggutor|Sleep Powder|p2a: Alakazam
|-status|p2a: Alakazam|slp
|
|turn|3
|choice|switch 4|move 2
|
|switch|p1a: Snorlax|Snorlax|523\/523
|-curestatus|p2a: Alakazam|slp
|
|turn|4
|J|Alice Kazumi
|choice|move 3|move 1
|
|move|p2a: Alakazam|Thunder Wave|p1a: Snorlax
|-status|p1a: Snorlax|par
|move|p1a: Snorlax|Amnesia|p1a: Snorlax
|-boost|p1a: Snorlax|spd|2
|-boost|p1a: Snorlax|spa|2
|
|turn|5
|choice|move 1|switch 4
|
|switch|p2a: Cloyster|Cloyster|303\/303
|move|p1a: Snorlax|Blizzard|p2a: Cloyster
|-resisted|p2a: Cloyster
|-damage|p2a: Cloyster|262\/303
|
|turn|6
|choice|move 2|move 3
|
|move|p2a: Cloyster|Clamp|p1a: Snorlax
|-damage|p1a: Snorlax|500\/523 par
|-activate|p1a: Snorlax|move: Clamp|[of] p2a: Cloyster
|cant|p1a: Snorlax|partiallytrapped
|
|turn|7
|choice|switch 2|move 3
|
|switch|p1a: Starmie|Starmie|323\/323
|move|p2a: Cloyster|Clamp|p1a: Starmie|[miss]
|-miss|p2a: Cloyster
|
|turn|8
|choice|move 3|switch 5
|
|switch|p2a: Victreebel|Victreebel|363\/363
|move|p1a: Starmie|Thunder Wave|p2a: Victreebel
|-status|p2a: Victreebel|par
|
|turn|9
|choice|switch 4|switch 4
|
|switch|p1a: Exeggutor|Exeggutor|293\/393 par
|switch|p2a: Alakazam|Alakazam|313\/313
|
|turn|10
|choice|move 2|switch 4
|
|switch|p2a: Victreebel|Victreebel|363\/363 par
|move|p1a: Exeggutor|Sleep Powder|p2a: Victreebel|[miss]
|-miss|p1a: Exeggutor
|
|turn|11
|choice|move 1|move 2
|
|move|p2a: Victreebel|Wrap|p1a: Exeggutor
|-damage|p1a: Exeggutor|279\/393 par
|-activate|p1a: Exeggutor|move: Wrap|[of] p2a: Victreebel
|cant|p1a: Exeggutor|partiallytrapped
|
|turn|12
|choice|switch 4|move 2
|
|switch|p1a: Starmie|Starmie|323\/323
|move|p2a: Victreebel|Wrap|p1a: Starmie
|-damage|p1a: Starmie|308\/323
|-activate|p1a: Starmie|move: Wrap|[of] p2a: Victreebel
|
|turn|13
|choice|switch 3|move 2
|
|switch|p1a: Chansey|Chansey|703\/703
|cant|p2a: Victreebel|par
|
|turn|14
|choice|switch 4|switch 4
|
|switch|p1a: Exeggutor|Exeggutor|279\/393 par
|switch|p2a: Alakazam|Alakazam|313\/313
|
|turn|15
|choice|move 2|move 2
|
|move|p2a: Alakazam|Seismic Toss|p1a: Exeggutor
|-damage|p1a: Exeggutor|179\/393 par
|move|p1a: Exeggutor|Sleep Powder|p2a: Alakazam
|-status|p2a: Alakazam|slp
|
|turn|16
|choice|move 1|switch 3
|
|switch|p2a: Moltres|Moltres|383\/383
|move|p1a: Exeggutor|Psychic|p2a: Moltres
|-damage|p2a: Moltres|280\/383
|
|turn|17
|choice|switch 3|switch 6
|
|switch|p2a: Jolteon|Jolteon|333\/333
|switch|p1a: Starmie|Starmie|308\/323
|
|turn|18
|choice|switch 3|move 1
|
|switch|p1a: Exeggutor|Exeggutor|179\/393 par
|move|p2a: Jolteon|Thunder Wave|p1a: Exeggutor
|-fail|p1a: Exeggutor|par
|
|turn|19
|L|Alice Kazumi
|choice|move 1|move 3
|
|move|p2a: Jolteon|Pin Missile|p1a: Exeggutor
|-supereffective|p1a: Exeggutor
|-damage|p1a: Exeggutor|132\/393 par
|-damage|p1a: Exeggutor|85\/393 par
|-hitcount|p1a: Exeggutor|2
|move|p1a: Exeggutor|Psychic|p2a: Jolteon
|-damage|p2a: Jolteon|211\/333
|-unboost|p2a: Jolteon|spd|1
|-unboost|p2a: Jolteon|spa|1
|
|turn|20
|choice|switch 4|move 3
|
|switch|p1a: Chansey|Chansey|703\/703
|move|p2a: Jolteon|Pin Missile|p1a: Chansey
|-damage|p1a: Chansey|681\/703
|-damage|p1a: Chansey|659\/703
|-damage|p1a: Chansey|637\/703
|-hitcount|p1a: Chansey|3
|
|turn|21
|J|Triangles RSE
|choice|move 1|move 1
|
|move|p2a: Jolteon|Thunder Wave|p1a: Chansey
|-status|p1a: Chansey|par
|move|p1a: Chansey|Ice Beam|p2a: Jolteon
|-damage|p2a: Jolteon|101\/333
|
|turn|22
|choice|move 3|switch 6
|
|switch|p2a: Moltres|Moltres|280\/383
|move|p1a: Chansey|Thunder Wave|p2a: Moltres
|-status|p2a: Moltres|par
|
|turn|23
|choice|switch 3|switch 6
|
|switch|p2a: Jolteon|Jolteon|101\/333
|switch|p1a: Starmie|Starmie|308\/323
|
|turn|24
|choice|switch 5|move 2
|
|switch|p1a: Jolteon|Jolteon|333\/333
|move|p2a: Jolteon|Double Kick|p1a: Jolteon
|-damage|p1a: Jolteon|306\/333
|-damage|p1a: Jolteon|279\/333
|-hitcount|p1a: Jolteon|2
|
|turn|25
|choice|move 4|move 1
|
|move|p2a: Jolteon|Thunder Wave|p1a: Jolteon
|-status|p1a: Jolteon|par
|move|p1a: Jolteon|Thunder Wave|p2a: Jolteon
|-status|p2a: Jolteon|par
|
|turn|26
|choice|move 1|switch 4
|
|switch|p2a: Victreebel|Victreebel|363\/363 par
|move|p1a: Jolteon|Thunderbolt|p2a: Victreebel
|-resisted|p2a: Victreebel
|-damage|p2a: Victreebel|305\/363 par
|
|turn|27
|choice|move 1|move 1
|
|move|p1a: Jolteon|Thunderbolt|p2a: Victreebel
|-crit|p2a: Victreebel
|-resisted|p2a: Victreebel
|-damage|p2a: Victreebel|189\/363 par
|cant|p2a: Victreebel|par
|
|turn|28
|choice|move 1|move 1
|
|cant|p1a: Jolteon|par
|move|p2a: Victreebel|Razor Leaf|p1a: Jolteon
|-crit|p1a: Jolteon
|-damage|p1a: Jolteon|166\/333 par
|
|turn|29
|choice|move 1|move 2
|
|move|p1a: Jolteon|Thunderbolt|p2a: Victreebel
|-resisted|p2a: Victreebel
|-damage|p2a: Victreebel|133\/363 par
|move|p2a: Victreebel|Wrap|p1a: Jolteon
|-damage|p1a: Jolteon|148\/333 par
|-activate|p1a: Jolteon|move: Wrap|[of] p2a: Victreebel
|
|turn|30
|choice|switch 5|move 2
|
|switch|p1a: Starmie|Starmie|308\/323
|move|p2a: Victreebel|Wrap|p1a: Starmie
|-damage|p1a: Starmie|293\/323
|-activate|p1a: Starmie|move: Wrap|[of] p2a: Victreebel
|
|turn|31
|choice|switch 5|move 2
|
|switch|p1a: Jolteon|Jolteon|148\/333 par
|move|p2a: Victreebel|Wrap|p1a: Jolteon
|-damage|p1a: Jolteon|131\/333 par
|-activate|p1a: Jolteon|move: Wrap|[of] p2a: Victreebel
|
|turn|32
|choice|switch 5|move 2
|
|switch|p1a: Starmie|Starmie|293\/323
|move|p2a: Victreebel|Wrap|p1a: Starmie
|-damage|p1a: Starmie|279\/323
|-activate|p1a: Starmie|move: Wrap|[of] p2a: Victreebel
|
|turn|33
|choice|switch 2|move 2
|
|switch|p1a: Snorlax|Snorlax|500\/523 par
|move|p2a: Victreebel|Wrap|p1a: Snorlax
|-damage|p1a: Snorlax|483\/523 par
|-activate|p1a: Snorlax|move: Wrap|[of] p2a: Victreebel
|
|turn|34
|choice|switch 2|move 2
|
|switch|p1a: Starmie|Starmie|279\/323
|move|p2a: Victreebel|Wrap|p1a: Starmie
|-damage|p1a: Starmie|265\/323
|-activate|p1a: Starmie|move: Wrap|[of] p2a: Victreebel
|
|turn|35
|choice|switch 6|move 2
|
|switch|p1a: Tauros|Tauros|353\/353
|move|p2a: Victreebel|Wrap|p1a: Tauros
|-damage|p1a: Tauros|339\/353
|-activate|p1a: Tauros|move: Wrap|[of] p2a: Victreebel
|
|turn|36
|choice|switch 6|switch 5
|
|switch|p1a: Starmie|Starmie|265\/323
|switch|p2a: Cloyster|Cloyster|262\/303
|
|turn|37
|c|★KratosMana|oops
|choice|move 3|switch 3
|
|switch|p2a: Alakazam|Alakazam|313\/313 slp
|move|p1a: Starmie|Thunder Wave|p2a: Alakazam
|-fail|p2a: Alakazam
|
|turn|38
|choice|move 1|move 2
|
|cant|p2a: Alakazam|slp
|move|p1a: Starmie|Blizzard|p2a: Alakazam
|-damage|p2a: Alakazam|231\/313 slp
|
|turn|39
|choice|move 1|switch 3
|
|switch|p2a: Cloyster|Cloyster|262\/303
|move|p1a: Starmie|Blizzard|p2a: Cloyster
|-crit|p2a: Cloyster
|-resisted|p2a: Cloyster
|-damage|p2a: Cloyster|215\/303
|
|turn|40
|c|★KratosMana|o
|c|★Nails|rekt
|choice|move 2|switch 3
|
|switch|p2a: Alakazam|Alakazam|231\/313 slp
|move|p1a: Starmie|Psychic|p2a: Alakazam
|-resisted|p2a: Alakazam
|-damage|p2a: Alakazam|189\/313 slp
|
|turn|41
|choice|switch 6|move 3
|
|switch|p1a: Tauros|Tauros|339\/353
|-curestatus|p2a: Alakazam|slp
|
|turn|42
|choice|move 2|switch 4
|
|switch|p2a: Jolteon|Jolteon|101\/333 par
|move|p1a: Tauros|Hyper Beam|p2a: Jolteon
|-damage|p2a: Jolteon|0 fnt
|faint|p2a: Jolteon
|choice||switch 3
|
|switch|p2a: Cloyster|Cloyster|215\/303
|turn|43
|choice|switch 2|move 3
|
|switch|p1a: Snorlax|Snorlax|483\/523 par
|move|p2a: Cloyster|Clamp|p1a: Snorlax
|-damage|p1a: Snorlax|436\/523 par
|-activate|p1a: Snorlax|move: Clamp|[of] p2a: Cloyster
|
|turn|44
|choice|switch 6|move 3
|
|switch|p1a: Starmie|Starmie|265\/323
|move|p2a: Cloyster|Clamp|p1a: Starmie|[miss]
|-miss|p2a: Cloyster
|
|turn|45
|choice|move 3|move 2
|
|move|p1a: Starmie|Thunder Wave|p2a: Cloyster
|-status|p2a: Cloyster|par
|move|p2a: Cloyster|Explosion|p1a: Starmie
|-damage|p1a: Starmie|0 fnt
|faint|p1a: Starmie
|faint|p2a: Cloyster
|c|★Nails|damn i shoulda recovered
|c|★Nails|didnt know the dmg range
|choice|switch 5|switch 4
|
|switch|p2a: Alakazam|Alakazam|189\/313
|switch|p1a: Jolteon|Jolteon|131\/333 par
|turn|46
|choice|move 1|move 4
|
|move|p2a: Alakazam|Psychic|p1a: Jolteon
|-crit|p1a: Jolteon
|-damage|p1a: Jolteon|0 fnt
|faint|p1a: Jolteon
|c|★Nails|damn i got rekt
|choice|switch 3|
|
|switch|p1a: Chansey|Chansey|637\/703 par
|turn|47
|c|★KratosMana|wrapped*
|c|★Nails|n
|c|★Nails|crit
|choice|move 1|switch 5
|
|switch|p2a: Victreebel|Victreebel|133\/363 par
|cant|p1a: Chansey|par
|
|turn|48
|c|★KratosMana|memed
|choice|move 1|move 2
|
|move|p2a: Victreebel|Wrap|p1a: Chansey
|-crit|p1a: Chansey
|-damage|p1a: Chansey|570\/703 par
|-activate|p1a: Chansey|move: Wrap|[of] p2a: Victreebel
|cant|p1a: Chansey|par
|
|turn|49
|choice|switch 2|move 2
|
|switch|p1a: Tauros|Tauros|339\/353
|move|p2a: Victreebel|Wrap|p1a: Tauros
|-damage|p1a: Tauros|325\/353
|-activate|p1a: Tauros|move: Wrap|[of] p2a: Victreebel
|
|turn|50
|choice|switch 4|move 2
|
|switch|p1a: Exeggutor|Exeggutor|85\/393 par
|move|p2a: Victreebel|Wrap|p1a: Exeggutor
|-damage|p1a: Exeggutor|72\/393 par
|-activate|p1a: Exeggutor|move: Wrap|[of] p2a: Victreebel
|
|turn|51
|choice|switch 4|move 2
|
|switch|p1a: Tauros|Tauros|325\/353
|move|p2a: Victreebel|Wrap|p1a: Tauros
|-damage|p1a: Tauros|312\/353
|-activate|p1a: Tauros|move: Wrap|[of] p2a: Victreebel
|
|turn|52
|choice|switch 4|move 2
|
|switch|p1a: Exeggutor|Exeggutor|72\/393 par
|move|p2a: Victreebel|Wrap|p1a: Exeggutor
|-damage|p1a: Exeggutor|57\/393 par
|-activate|p1a: Exeggutor|move: Wrap|[of] p2a: Victreebel
|
|turn|53
|choice|switch 4|move 2
|
|switch|p1a: Tauros|Tauros|312\/353
|cant|p2a: Victreebel|par
|
|turn|54
|choice|move 2|move 2
|
|move|p1a: Tauros|Hyper Beam|p2a: Victreebel
|-damage|p2a: Victreebel|0 fnt
|faint|p2a: Victreebel
|choice||switch 5
|
|switch|p2a: Alakazam|Alakazam|189\/313
|turn|55
|choice|switch 2|switch 6
|
|switch|p2a: Moltres|Moltres|280\/383 par
|switch|p1a: Chansey|Chansey|570\/703 par
|
|turn|56
|J|GOAO
|choice|move 1|move 1
|
|cant|p2a: Moltres|par
|move|p1a: Chansey|Ice Beam|p2a: Moltres
|-supereffective|p2a: Moltres
|-damage|p2a: Moltres|146\/383 par
|
|turn|57
|choice|move 1|move 1
|
|move|p2a: Moltres|Fire Spin|p1a: Chansey
|-damage|p1a: Chansey|548\/703 par
|-activate|p1a: Chansey|move: Fire Spin|[of] p2a: Moltres
|cant|p1a: Chansey|partiallytrapped
|
|turn|58
|choice|switch 4|move 1
|
|switch|p1a: Exeggutor|Exeggutor|57\/393 par
|move|p2a: Moltres|Fire Spin|p1a: Exeggutor
|-supereffective|p1a: Exeggutor
|-damage|p1a: Exeggutor|20\/393 par
|-activate|p1a: Exeggutor|move: Fire Spin|[of] p2a: Moltres
|
|turn|59
|c|★KratosMana|LOL
|c|★KratosMana|super effective
|choice|switch 4|move 1
|
|switch|p1a: Chansey|Chansey|548\/703 par
|cant|p2a: Moltres|par
|
|turn|60
|choice|move 1|move 3
|
|move|p2a: Moltres|Agility|p2a: Moltres
|-boost|p2a: Moltres|spe|2
|move|p1a: Chansey|Ice Beam|p2a: Moltres
|-supereffective|p2a: Moltres
|-damage|p2a: Moltres|13\/383 par
|
|turn|61
|c|+GOAO|isnt fire spin banned?
|choice|move 1|move 1
|
|cant|p2a: Moltres|par
|move|p1a: Chansey|Ice Beam|p2a: Moltres
|-supereffective|p2a: Moltres
|-damage|p2a: Moltres|0 fnt
|faint|p2a: Moltres
|c|+GOAO|fire spim, wrap
|c|★Nails|no
|choice||switch 2
|
|switch|p2a: Dragonite|Dragonite|385\/385
|turn|62
|c|+GOAO|o
|choice|move 3|move 2
|
|move|p2a: Dragonite|Agility|p2a: Dragonite
|-boost|p2a: Dragonite|spe|2
|move|p1a: Chansey|Thunder Wave|p2a: Dragonite
|-status|p2a: Dragonite|par
|
|turn|63
|c|★Nails|rekt
|c|★KratosMana|do i need to agility again
|c|★KratosMana|idr mechanics
|c|★KratosMana|fk it
|c|★Nails|yes
|choice|move 1|move 2
|
|move|p2a: Dragonite|Agility|p2a: Dragonite
|-boost|p2a: Dragonite|spe|2
|move|p1a: Chansey|Ice Beam|p2a: Dragonite
|-supereffective|p2a: Dragonite
|-damage|p2a: Dragonite|71\/385 par
|
|turn|64
|choice|move 1|move 1
|
|move|p2a: Dragonite|Wrap|p1a: Chansey
|-damage|p1a: Chansey|506\/703 par
|-activate|p1a: Chansey|move: Wrap|[of] p2a: Dragonite
|cant|p1a: Chansey|par
|
|turn|65
|c|★KratosMana|actually im dumb
|c|★KratosMana|why did i let it get parad
|c|★KratosMana|-.-
|choice|switch 6|move 1
|
|switch|p1a: Snorlax|Snorlax|436\/523 par
|cant|p2a: Dragonite|par
|
|turn|66
|c|★Nails|^
|c|★KratosMana|GG
|-message|KratosMana forfeited.
|
|win|Nails