|J|EG Posho
|J|xJoelituh
|player|p1|EG Posho|170
|player|p2|xJoelituh|134
|gametype|singles
|gen|1
|tier|[Gen 1] Random Battle
|seed|21993,52972,35082,55097
|rule|Sleep Clause Mod: Limit one foe put to sleep
|rule|Freeze Clause Mod: Limit one foe frozen
|rule|HP Percentage Mod: HP is shown in percentages
|
|start
|switch|p1a: Pidgeotto|Pidgeotto, L90|297\/297
|switch|p2a: Jigglypuff|Jigglypuff, L99|428\/428
|turn|1
|c|★xJoelituh|hono
|J|Vrille
|J|Mordecain
|choice|move 1|move 2
|
|move|p1a: Pidgeotto|Double-Edge|p2a: Jigglypuff
|-crit|p2a: Jigglypuff
|-damage|p2a: Jigglypuff|144\/428
|-damage|p1a: Pidgeotto|226\/297|[from] recoil|[of] p2a: Jigglypuff
|move|p2a: Jigglypuff|Thunder Wave|p1a: Pidgeotto
|-status|p1a: Pidgeotto|par
|
|turn|2
|c|★EG Posho|ewe
|J|hf bro
|choice|move 2|move 1
|
|move|p2a: Jigglypuff|Double-Edge|p1a: Pidgeotto
|-damage|p1a: Pidgeotto|110\/297 par
|-damage|p2a: Jigglypuff|115\/428|[from] recoil|[of] p1a: Pidgeotto
|move|p1a: Pidgeotto|Mimic|p2a: Jigglypuff
|-start|p1a: Pidgeotto|Mimic|Bubble Beam
|
|turn|3
|L|Mordecain
|J|TyrantrumIsBroken
|c|★xJoelituh|lol
|choice|move 4|move 1
|
|move|p2a: Jigglypuff|Double-Edge|p1a: Pidgeotto
|-damage|p1a: Pidgeotto|0 fnt
|-damage|p2a: Jigglypuff|88\/428|[from] recoil|[of] p1a: Pidgeotto
|faint|p1a: Pidgeotto
|c|★EG Posho|lol
|choice|switch 5|
|
|switch|p1a: Hitmonlee|Hitmonlee, L90|273\/273
|turn|4
|c|★xJoelituh|miss
|choice|move 2|move 2
|
|move|p1a: Hitmonlee|Seismic Toss|p2a: Jigglypuff
|-damage|p2a: Jigglypuff|0 fnt
|faint|p2a: Jigglypuff
|choice||switch 4
|
|switch|p2a: Kadabra|Kadabra, L85|242\/242
|turn|5
|choice|switch 3|move 3
|
|switch|p1a: Jynx|Jynx, L79|265\/265
|move|p2a: Kadabra|Thunder Wave|p1a: Jynx
|-status|p1a: Jynx|par
|
|turn|6
|choice|move 2|switch 5
|
|switch|p2a: Nidorina|Nidorina, L90|309\/309
|move|p1a: Jynx|Blizzard|p2a: Nidorina
|-damage|p2a: Nidorina|179\/309
|
|turn|7
|choice|move 3|move 1
|
|move|p2a: Nidorina|Body Slam|p1a: Jynx
|-damage|p1a: Jynx|177\/265 par
|move|p1a: Jynx|Psychic|p2a: Nidorina
|-supereffective|p2a: Nidorina
|-damage|p2a: Nidorina|0 fnt
|faint|p2a: Nidorina
|choice||switch 2
|
|switch|p2a: Venusaur|Venusaur, L85|310\/310
|turn|8
|c|★xJoelituh|eso me gana solo :(
|choice|move 3|move 2
|
|move|p2a: Venusaur|Body Slam|p1a: Jynx
|-crit|p1a: Jynx
|-damage|p1a: Jynx|0 fnt
|faint|p1a: Jynx
|c|★EG Posho|lol
|choice|switch 4|
|
|switch|p1a: Vulpix|Vulpix, L96|268\/268
|turn|9
|c|★xJoelituh|ya no n_n
|choice|move 1|switch 5
|
|switch|p2a: Kadabra|Kadabra, L85|242\/242
|move|p1a: Vulpix|Fire Blast|p2a: Kadabra
|-damage|p2a: Kadabra|134\/242
|
|turn|10
|L|hf bro
|c|★EG Posho|000
|choice|move 3|move 1
|
|move|p2a: Kadabra|Psychic|p1a: Vulpix
|-crit|p1a: Vulpix
|-damage|p1a: Vulpix|23\/268
|-unboost|p1a: Vulpix|spd|1
|-unboost|p1a: Vulpix|spa|1
|move|p1a: Vulpix|Body Slam|p2a: Kadabra
|-damage|p2a: Kadabra|56\/242
|
|turn|11
|c|★xJoelituh|ez
|choice|move 1|move 1
|
|move|p2a: Kadabra|Psychic|p1a: Vulpix
|-damage|p1a: Vulpix|0 fnt
|faint|p1a: Vulpix
|choice|switch 3|
|
|switch|p1a: Hitmonlee|Hitmonlee, L90|273\/273
|turn|12
|L|Vrille
|choice|move 2|move 1
|
|move|p2a: Kadabra|Psychic|p1a: Hitmonlee
|-supereffective|p1a: Hitmonlee
|-damage|p1a: Hitmonlee|0 fnt
|faint|p1a: Hitmonlee
|choice|switch 6|
|
|switch|p1a: Electabuzz|Electabuzz, L85|284\/284
|turn|13
|choice|move 2|move 3
|
|move|p1a: Electabuzz|Thunderbolt|p2a: Kadabra
|-crit|p2a: Kadabra
|-damage|p2a: Kadabra|0 fnt
|faint|p2a: Kadabra
|c|★EG Posho|ah
|choice||switch 3
|
|switch|p2a: Parasect|Parasect, L90|291\/291
|turn|14
|choice|switch 2|move 4
|
|switch|p1a: Golbat|Golbat, L90|318\/318
|move|p2a: Parasect|Spore|p1a: Golbat
|-status|p1a: Golbat|slp
|
|turn|15
|choice|move 4|move 1
|
|cant|p1a: Golbat|slp
|move|p2a: Parasect|Body Slam|p1a: Golbat
|-damage|p1a: Golbat|239\/318 slp
|
|turn|16
|choice|move 4|move 1
|
|cant|p1a: Golbat|slp
|move|p2a: Parasect|Body Slam|p1a: Golbat
|-damage|p1a: Golbat|169\/318 slp
|
|turn|17
|choice|move 1|move 4
|
|-curestatus|p1a: Golbat|slp
|move|p2a: Parasect|Spore|p1a: Golbat
|-status|p1a: Golbat|slp
|
|turn|18
|c|★xJoelituh|izi
|c|★EG Posho|._.
|choice|switch 2|move 1
|
|switch|p1a: Electabuzz|Electabuzz, L85|284\/284
|move|p2a: Parasect|Body Slam|p1a: Electabuzz
|-damage|p1a: Electabuzz|197\/284
|
|turn|19
|choice|move 3|move 3
|
|move|p1a: Electabuzz|Thunder Wave|p2a: Parasect
|-status|p2a: Parasect|par
|move|p2a: Parasect|Growth|p2a: Parasect
|-boost|p2a: Parasect|spa|1
|-boost|p2a: Parasect|spd|1
|
|turn|20
|choice|move 4|move 1
|
|move|p1a: Electabuzz|Psychic|p2a: Parasect
|-damage|p2a: Parasect|251\/291 par
|move|p2a: Parasect|Body Slam|p1a: Electabuzz
|-damage|p1a: Electabuzz|114\/284
|
|turn|21
|choice|move 1|move 1
|
|move|p1a: Electabuzz|Seismic Toss|p2a: Parasect
|-damage|p2a: Parasect|166\/291 par
|move|p2a: Parasect|Body Slam|p1a: Electabuzz
|-damage|p1a: Electabuzz|32\/284
|-status|p1a: Electabuzz|par
|
|turn|22
|L|TyrantrumIsBroken
|c|★xJoelituh|G_G
|c|★xJoelituh|tengo un mewtwo tambien n_n
|choice|move 4|move 1
|
|move|p1a: Electabuzz|Psychic|p2a: Parasect
|-damage|p2a: Parasect|128\/291 par
|cant|p2a: Parasect|par
|
|turn|23
|c|★EG Posho|gg
|choice|move 3|move 1
|
|move|p1a: Electabuzz|Thunder Wave|p2a: Parasect
|-fail|p2a: Parasect|par
|move|p2a: Parasect|Body Slam|p1a: Electabuzz
|-damage|p1a: Electabuzz|0 fnt
|faint|p1a: Electabuzz
|choice|switch 2|
|
|switch|p1a: Golbat|Golbat, L90|169\/318 slp
|turn|24
|choice|move 4|move 4
|
|cant|p1a: Golbat|slp
|cant|p2a: Parasect|par
|
|turn|25
|choice|move 4|move 4
|
|cant|p1a: Golbat|slp
|cant|p2a: Parasect|par
|
|turn|26
|choice|move 4|move 4
|
|cant|p1a: Golbat|slp
|cant|p2a: Parasect|par
|
|turn|27
|c|★xJoelituh|rofl
|choice|move 4|move 4
|
|cant|p1a: Golbat|slp
|move|p2a: Parasect|Spore|p1a: Golbat
|-fail|p1a: Golbat|slp
|
|turn|28
|choice|move 4|move 4
|
|cant|p1a: Golbat|slp
|cant|p2a: Parasect|par
|
|turn|29
|c|★xJoelituh|LOL
|c|★EG Posho|lol
|choice|move 4|move 4
|
|-curestatus|p1a: Golbat|slp
|move|p2a: Parasect|Spore|p1a: Golbat
|-status|p1a: Golbat|slp
|
|turn|30
|c|★xJoelituh|a dormir
|choice|move 4|move 1
|
|cant|p1a: Golbat|slp
|cant|p2a: Parasect|par
|
|turn|31
|choice|move 4|move 1
|
|-curestatus|p1a: Golbat|slp
|move|p2a: Parasect|Body Slam|p1a: Golbat
|-damage|p1a: Golbat|95\/318
|
|turn|32
|c|★xJoelituh|sad
|choice|move 4|move 4
|
|move|p1a: Golbat|Double-Edge|p2a: Parasect
|-damage|p2a: Parasect|59\/291 par
|-damage|p1a: Golbat|78\/318|[from] recoil|[of] p2a: Parasect
|cant|p2a: Parasect|par
|
|turn|33
|c|★EG Posho|0
|choice|move 4|move 1
|
|move|p1a: Golbat|Double-Edge|p2a: Parasect
|-damage|p2a: Parasect|0 fnt
|-damage|p1a: Golbat|64\/318|[from] recoil|[of] p2a: Parasect
|faint|p2a: Parasect
|choice||switch 5
|
|switch|p2a: Venusaur|Venusaur, L85|310\/310
|turn|34
|choice|move 1|move 3
|
|move|p1a: Golbat|Confuse Ray|p2a: Venusaur
|-start|p2a: Venusaur|confusion
|-activate|p2a: Venusaur|confusion
|-damage|p2a: Venusaur|280\/310|[from] confusion
|
|turn|35
|choice|move 4|move 3
|
|move|p1a: Golbat|Double-Edge|p2a: Venusaur
|-damage|p2a: Venusaur|203\/310
|-damage|p1a: Golbat|45\/318|[from] recoil|[of] p2a: Venusaur
|-activate|p2a: Venusaur|confusion
|-damage|p2a: Venusaur|173\/310|[from] confusion
|
|turn|36
|c|★EG Posho|go
|c|★xJoelituh|ay lmao
|choice|move 4|move 3
|
|move|p1a: Golbat|Double-Edge|p2a: Venusaur
|-damage|p2a: Venusaur|99\/310
|-damage|p1a: Golbat|27\/318|[from] recoil|[of] p2a: Venusaur
|-end|p2a: Venusaur|confusion
|move|p2a: Venusaur|Leech Seed|p1a: Golbat
|-start|p1a: Golbat|move: Leech Seed
|
|turn|37
|choice|move 2|move 1
|
|move|p1a: Golbat|Hyper Beam|p2a: Venusaur
|-crit|p2a: Venusaur
|-damage|p2a: Venusaur|0 fnt
|faint|p2a: Venusaur
|choice||switch 6
|
|switch|p2a: Mewtwo|Mewtwo, L70|293\/293
|turn|38
|c|★EG Posho|ggggggggggggg
|c|★xJoelituh|n_n
|choice|move 2|move 1
|
|move|p2a: Mewtwo|Psychic|p1a: Golbat
|-crit|p1a: Golbat
|-supereffective|p1a: Golbat
|-damage|p1a: Golbat|0 fnt
|faint|p1a: Golbat
|
|win|xJoelituh