|J|xJoelituh
|J|Mister Tim
|player|p1|xJoelituh|134
|player|p2|Mister Tim|265
|gametype|singles
|gen|1
|tier|[Gen 1] OU
|seed|64446,23132,16586,11176
|rule|Sleep Clause Mod: Limit one foe put to sleep
|rule|Freeze Clause Mod: Limit one foe frozen
|rule|Species Clause: Limit one of each Pokémon
|rule|OHKO Clause: OHKO moves are banned
|rule|Evasion Moves Clause: Evasion moves are banned
|rule|HP Percentage Mod: HP is shown in percentages
|
|start
|switch|p1a: Haunter|Haunter|293\/293
|switch|p2a: Haunter|Haunter|293\/293
|turn|1
|choice|move 1|move 1
|
|move|p2a: Haunter|Hypnosis|p1a: Haunter|[miss]
|-miss|p2a: Haunter
|move|p1a: Haunter|Hypnosis|p2a: Haunter
|-status|p2a: Haunter|slp
|
|turn|2
|c|★Mister Tim|=\
|choice|move 3|switch 5
|
|switch|p2a: Kadabra|Kadabra|283\/283
|move|p1a: Haunter|Psychic|p2a: Kadabra
|-resisted|p2a: Kadabra
|-damage|p2a: Kadabra|250\/283
|
|turn|3
|J|CRYINGBOOMBANG
|L|CRYINGBOOMBANG
|choice|switch 4|move 2
|
|switch|p1a: Clefable|Clefable|393\/393
|move|p2a: Kadabra|Psychic|p1a: Clefable
|-crit|p1a: Clefable
|-damage|p1a: Clefable|154\/393
|
|turn|4
|choice|move 2|move 1
|
|move|p2a: Kadabra|Thunder Wave|p1a: Clefable
|-status|p1a: Clefable|par
|move|p1a: Clefable|Thunder Wave|p2a: Kadabra
|-status|p2a: Kadabra|par
|
|turn|5
|choice|move 1|move 2
|
|move|p2a: Kadabra|Psychic|p1a: Clefable
|-damage|p1a: Clefable|18\/393 par
|cant|p1a: Clefable|par
|
|turn|6
|choice|move 1|move 2
|
|move|p2a: Kadabra|Psychic|p1a: Clefable
|-damage|p1a: Clefable|0 fnt
|faint|p1a: Clefable
|choice|switch 5|
|
|switch|p1a: Dodrio|Dodrio|323\/323
|turn|7
|choice|move 1|move 1
|
|move|p1a: Dodrio|Drill Peck|p2a: Kadabra
|-damage|p2a: Kadabra|66\/283 par
|cant|p2a: Kadabra|par
|
|turn|8
|c|★xJoelituh|man i feel bad :\/
|choice|move 1|switch 2
|
|switch|p2a: Rhydon|Rhydon|413\/413
|move|p1a: Dodrio|Drill Peck|p2a: Rhydon
|-resisted|p2a: Rhydon
|-damage|p2a: Rhydon|366\/413
|
|turn|9
|choice|switch 6|move 4
|
|switch|p1a: Victreebel|Victreebel|363\/363
|move|p2a: Rhydon|Substitute|p2a: Rhydon
|-start|p2a: Rhydon|Substitute
|-damage|p2a: Rhydon|263\/413
|
|turn|10
|choice|move 4|move 1
|
|move|p1a: Victreebel|Razor Leaf|p2a: Rhydon
|-crit|p2a: Rhydon
|-supereffective|p2a: Rhydon
|-end|p2a: Rhydon|Substitute
|move|p2a: Rhydon|Body Slam|p1a: Victreebel
|-damage|p1a: Victreebel|259\/363
|
|turn|11
|choice|move 1|switch 6
|
|switch|p2a: Victreebel|Victreebel|363\/363
|move|p1a: Victreebel|Swords Dance|p1a: Victreebel
|-boost|p1a: Victreebel|atk|2
|
|turn|12
|choice|move 2|move 1
|
|move|p2a: Victreebel|Sleep Powder|p1a: Victreebel
|-status|p1a: Victreebel|slp
|cant|p1a: Victreebel|slp
|
|turn|13
|choice|switch 4|move 4
|
|switch|p1a: Haunter|Haunter|293\/293
|move|p2a: Victreebel|Stun Spore|p1a: Haunter
|-status|p1a: Haunter|par
|
|turn|14
|choice|move 3|switch 6
|
|switch|p2a: Rhydon|Rhydon|263\/413
|move|p1a: Haunter|Psychic|p2a: Rhydon
|-crit|p2a: Rhydon
|-damage|p2a: Rhydon|10\/413
|
|turn|15
|choice|move 3|move 3
|
|move|p2a: Rhydon|Earthquake|p1a: Haunter
|-supereffective|p1a: Haunter
|-damage|p1a: Haunter|0 fnt
|faint|p1a: Haunter
|choice|switch 6|
|
|switch|p1a: Dodrio|Dodrio|323\/323
|turn|16
|choice|move 1|move 3
|
|move|p1a: Dodrio|Drill Peck|p2a: Rhydon
|-resisted|p2a: Rhydon
|-damage|p2a: Rhydon|0 fnt
|faint|p2a: Rhydon
|choice||switch 3
|
|switch|p2a: Raichu|Raichu|323\/323
|turn|17
|choice|switch 3|move 1
|
|switch|p1a: Rhydon|Rhydon|413\/413
|move|p2a: Raichu|Thunder Wave|p1a: Rhydon
|-immune|p1a: Rhydon|[msg]
|
|turn|18
|choice|move 2|switch 6
|
|switch|p2a: Victreebel|Victreebel|363\/363
|move|p1a: Rhydon|Earthquake|p2a: Victreebel
|-damage|p2a: Victreebel|185\/363
|
|turn|19
|choice|move 1|move 4
|
|move|p2a: Victreebel|Stun Spore|p1a: Rhydon
|-status|p1a: Rhydon|par
|move|p1a: Rhydon|Body Slam|p2a: Victreebel
|-damage|p2a: Victreebel|74\/363
|
|turn|20
|choice|move 2|move 2
|
|move|p2a: Victreebel|Wrap|p1a: Rhydon
|-resisted|p1a: Rhydon
|-damage|p1a: Rhydon|408\/413 par
|-activate|p1a: Rhydon|move: Wrap|[of] p2a: Victreebel
|cant|p1a: Rhydon|par
|
|turn|21
|choice|switch 3|switch 2
|
|switch|p2a: Kadabra|Kadabra|66\/283 par
|switch|p1a: Dodrio|Dodrio|323\/323
|
|turn|22
|choice|move 1|switch 6
|
|switch|p2a: Raichu|Raichu|323\/323
|move|p1a: Dodrio|Drill Peck|p2a: Raichu
|-resisted|p2a: Raichu
|-damage|p2a: Raichu|256\/323
|
|turn|23
|choice|switch 4|switch 6
|
|switch|p1a: Victreebel|Victreebel|259\/363 slp
|switch|p2a: Kadabra|Kadabra|66\/283 par
|
|turn|24
|choice|move 4|move 4
|
|cant|p1a: Victreebel|slp
|move|p2a: Kadabra|Recover|p2a: Kadabra
|-heal|p2a: Kadabra|207\/283 par
|
|turn|25
|choice|move 4|move 2
|
|cant|p1a: Victreebel|slp
|move|p2a: Kadabra|Psychic|p1a: Victreebel
|-supereffective|p1a: Victreebel
|-damage|p1a: Victreebel|33\/363 slp
|-unboost|p1a: Victreebel|spd|1
|-unboost|p1a: Victreebel|spa|1
|
|turn|26
|choice|move 3|move 2
|
|cant|p1a: Victreebel|slp
|move|p2a: Kadabra|Psychic|p1a: Victreebel
|-crit|p1a: Victreebel
|-supereffective|p1a: Victreebel
|-damage|p1a: Victreebel|0 fnt
|faint|p1a: Victreebel
|choice|switch 2|
|
|switch|p1a: Golduck|Golduck|363\/363
|turn|27
|choice|move 1|switch 6
|
|switch|p2a: Raichu|Raichu|256\/323
|move|p1a: Golduck|Amnesia|p1a: Golduck
|-boost|p1a: Golduck|spd|2
|-boost|p1a: Golduck|spa|2
|
|turn|28
|J|Nebraska Jones
|choice|move 3|move 1
|
|move|p2a: Raichu|Thunder Wave|p1a: Golduck
|-status|p1a: Golduck|par
|move|p1a: Golduck|Surf|p2a: Raichu
|-damage|p2a: Raichu|35\/323
|
|turn|29
|choice|move 2|move 2
|
|move|p2a: Raichu|Thunderbolt|p1a: Golduck
|-supereffective|p1a: Golduck
|-damage|p1a: Golduck|243\/363 par
|move|p1a: Golduck|Blizzard|p2a: Raichu
|-damage|p2a: Raichu|0 fnt
|faint|p2a: Raichu
|J|INSIGNE FENOMENO
|choice||switch 4
|
|switch|p2a: Kangaskhan|Kangaskhan|413\/413
|turn|30
|choice|move 2|move 1
|
|move|p2a: Kangaskhan|Body Slam|p1a: Golduck
|-damage|p1a: Golduck|120\/363 par
|move|p1a: Golduck|Blizzard|p2a: Kangaskhan
|-damage|p2a: Kangaskhan|123\/413
|
|turn|31
|choice|move 3|move 4
|
|move|p2a: Kangaskhan|Hyper Beam|p1a: Golduck
|-damage|p1a: Golduck|0 fnt
|faint|p1a: Golduck
|choice|switch 4|
|
|switch|p1a: Dodrio|Dodrio|323\/323
|turn|32
|choice|move 1|switch 5
|
|switch|p2a: Haunter|Haunter|293\/293 slp
|move|p1a: Dodrio|Drill Peck|p2a: Haunter
|-damage|p2a: Haunter|127\/293 slp
|
|turn|33
|choice|move 4|move 4
|
|move|p1a: Dodrio|Mimic|p2a: Haunter
|-start|p1a: Dodrio|Mimic|Hypnosis
|cant|p2a: Haunter|slp
|
|turn|34
|choice|move 1|move 4
|
|move|p1a: Dodrio|Drill Peck|p2a: Haunter
|-damage|p2a: Haunter|0 fnt
|faint|p2a: Haunter
|choice||switch 6
|
|switch|p2a: Kadabra|Kadabra|207\/283 par
|turn|35
|choice|switch 3|move 2
|
|switch|p1a: Rhydon|Rhydon|408\/413 par
|move|p2a: Kadabra|Psychic|p1a: Rhydon
|-damage|p1a: Rhydon|207\/413 par
|
|turn|36
|choice|move 2|switch 2
|
|switch|p2a: Victreebel|Victreebel|74\/363
|cant|p1a: Rhydon|par
|
|turn|37
|choice|move 2|move 2
|
|move|p2a: Victreebel|Wrap|p1a: Rhydon
|-resisted|p1a: Rhydon
|-damage|p1a: Rhydon|202\/413 par
|-activate|p1a: Rhydon|move: Wrap|[of] p2a: Victreebel
|cant|p1a: Rhydon|partiallytrapped
|
|turn|38
|choice|switch 3|move 2
|
|switch|p1a: Dodrio|Dodrio|323\/323
|move|p2a: Victreebel|Wrap|p1a: Dodrio
|-damage|p1a: Dodrio|306\/323
|-activate|p1a: Dodrio|move: Wrap|[of] p2a: Victreebel
|
|turn|39
|choice|move 1|move 2
|
|cant|p1a: Dodrio|partiallytrapped
|move|p2a: Victreebel|Wrap|p1a: Dodrio
|-damage|p1a: Dodrio|289\/323
|
|-end|p1a: Dodrio|Wrap|[partiallytrapped]
|turn|40
|choice|move 3|move 4
|
|move|p1a: Dodrio|Hyper Beam|p2a: Victreebel
|-crit|p2a: Victreebel
|-damage|p2a: Victreebel|0 fnt
|faint|p2a: Victreebel
|choice||switch 2
|
|switch|p2a: Kadabra|Kadabra|207\/283 par
|turn|41
|choice|move 3|move 1
|
|move|p1a: Dodrio|Hyper Beam|p2a: Kadabra
|-damage|p2a: Kadabra|0 fnt
|faint|p2a: Kadabra
|choice||switch 5
|
|switch|p2a: Kangaskhan|Kangaskhan|123\/413
|turn|42
|choice|move 3|move 1
|
|move|p1a: Dodrio|Hyper Beam|p2a: Kangaskhan
|-damage|p2a: Kangaskhan|0 fnt
|faint|p2a: Kangaskhan
|
|win|xJoelituh