|inactive|Battle timer is ON: inactive players will automatically lose when time's up.
|J|Beds
|J|Ortheore
|player|p1|Beds|252
|player|p2|Ortheore|266
|gametype|singles
|gen|1
|tier|[Gen 1] OU
|seed|36507,48810,36935,40182
|rule|Sleep Clause Mod: Limit one foe put to sleep
|rule|Freeze Clause Mod: Limit one foe frozen
|rule|Species Clause: Limit one of each Pokémon
|rule|OHKO Clause: OHKO moves are banned
|rule|Evasion Moves Clause: Evasion moves are banned
|rule|HP Percentage Mod: HP is shown in percentages
|
|start
|switch|p1a: Jynx|Jynx|333\/333
|switch|p2a: Gengar|Gengar|323\/323
|turn|1
|c|★Beds|gl hf
|J|Lusch
|choice|move 1|move 4
|
|move|p2a: Gengar|Hypnosis|p1a: Jynx|[miss]
|-miss|p2a: Gengar
|move|p1a: Jynx|Lovely Kiss|p2a: Gengar
|-status|p2a: Gengar|slp
|
|turn|2
|c|★Ortheore|you too
|choice|move 2|switch 3
|
|switch|p2a: Snorlax|Snorlax|523\/523
|move|p1a: Jynx|Blizzard|p2a: Snorlax
|-damage|p2a: Snorlax|356\/523
|
|turn|3
|choice|move 2|move 1
|
|move|p1a: Jynx|Blizzard|p2a: Snorlax
|-damage|p2a: Snorlax|185\/523
|move|p2a: Snorlax|Body Slam|p1a: Jynx
|-damage|p1a: Jynx|145\/333
|
|turn|4
|choice|switch 2|move 1
|
|switch|p1a: Exeggutor|Exeggutor|393\/393
|move|p2a: Snorlax|Body Slam|p1a: Exeggutor
|-crit|p1a: Exeggutor
|-damage|p1a: Exeggutor|172\/393
|
|turn|5
|choice|move 2|switch 2
|
|switch|p2a: Exeggutor|Exeggutor|393\/393
|move|p1a: Exeggutor|Stun Spore|p2a: Exeggutor
|-status|p2a: Exeggutor|par
|
|turn|6
|choice|switch 2|move 3
|
|switch|p1a: Jynx|Jynx|145\/333
|cant|p2a: Exeggutor|par
|
|turn|7
|choice|move 2|switch 2
|
|switch|p2a: Snorlax|Snorlax|185\/523
|move|p1a: Jynx|Blizzard|p2a: Snorlax
|-damage|p2a: Snorlax|0 fnt
|faint|p2a: Snorlax
|choice||switch 5
|
|switch|p2a: Tauros|Tauros|353\/353
|turn|8
|choice|switch 3|move 2
|
|switch|p1a: Snorlax|Snorlax|523\/523
|move|p2a: Tauros|Body Slam|p1a: Snorlax
|-damage|p1a: Snorlax|387\/523
|
|turn|9
|choice|move 1|move 3
|
|move|p2a: Tauros|Earthquake|p1a: Snorlax
|-damage|p1a: Snorlax|283\/523
|move|p1a: Snorlax|Body Slam|p2a: Tauros
|-damage|p2a: Tauros|238\/353
|
|turn|10
|choice|move 1|switch 2
|
|switch|p2a: Exeggutor|Exeggutor|393\/393 par
|move|p1a: Snorlax|Body Slam|p2a: Exeggutor
|-damage|p2a: Exeggutor|274\/393 par
|
|turn|11
|choice|switch 3|move 1
|
|switch|p1a: Jynx|Jynx|145\/333
|move|p2a: Exeggutor|Sleep Powder|p1a: Jynx
|-status|p1a: Jynx|slp
|
|turn|12
|choice|switch 2|move 2
|
|switch|p1a: Exeggutor|Exeggutor|172\/393
|cant|p2a: Exeggutor|par
|
|turn|13
|choice|move 3|move 2
|
|move|p1a: Exeggutor|Psychic|p2a: Exeggutor
|-resisted|p2a: Exeggutor
|-damage|p2a: Exeggutor|226\/393 par
|move|p2a: Exeggutor|Stun Spore|p1a: Exeggutor|[miss]
|-miss|p2a: Exeggutor
|
|turn|14
|choice|move 3|move 4
|
|move|p1a: Exeggutor|Psychic|p2a: Exeggutor
|-resisted|p2a: Exeggutor
|-damage|p2a: Exeggutor|169\/393 par
|move|p2a: Exeggutor|Explosion|p1a: Exeggutor
|-damage|p1a: Exeggutor|0 fnt
|faint|p1a: Exeggutor
|faint|p2a: Exeggutor
|choice|switch 4|switch 6
|
|switch|p2a: Articuno|Articuno|383\/383
|switch|p1a: Chansey|Chansey|703\/703
|turn|15
|choice|move 1|switch 3
|
|switch|p2a: Gengar|Gengar|323\/323 slp
|move|p1a: Chansey|Thunder Wave|p2a: Gengar
|-fail|p2a: Gengar
|
|turn|16
|choice|move 2|move 2
|
|cant|p2a: Gengar|slp
|move|p1a: Chansey|Ice Beam|p2a: Gengar
|-crit|p2a: Gengar
|-damage|p2a: Gengar|190\/323 slp
|
|turn|17
|choice|move 2|move 2
|
|cant|p2a: Gengar|slp
|move|p1a: Chansey|Ice Beam|p2a: Gengar
|-damage|p2a: Gengar|124\/323 slp
|
|turn|18
|choice|move 3|move 2
|
|cant|p2a: Gengar|slp
|move|p1a: Chansey|Thunderbolt|p2a: Gengar
|-damage|p2a: Gengar|64\/323 slp
|
|turn|19
|choice|move 3|move 2
|
|-curestatus|p2a: Gengar|slp
|move|p1a: Chansey|Thunderbolt|p2a: Gengar
|-crit|p2a: Gengar
|-damage|p2a: Gengar|0 fnt
|faint|p2a: Gengar
|choice||switch 4
|
|switch|p2a: Jolteon|Jolteon|333\/333
|turn|20
|choice|move 1|move 2
|
|move|p2a: Jolteon|Thunder Wave|p1a: Chansey
|-status|p1a: Chansey|par
|move|p1a: Chansey|Thunder Wave|p2a: Jolteon
|-status|p2a: Jolteon|par
|
|turn|21
|choice|switch 2|move 3
|
|switch|p1a: Jynx|Jynx|145\/333 slp
|cant|p2a: Jolteon|par
|
|turn|22
|choice|move 3|switch 2
|
|switch|p2a: Tauros|Tauros|238\/353
|cant|p1a: Jynx|slp
|
|turn|23
|choice|move 2|move 2
|
|move|p2a: Tauros|Body Slam|p1a: Jynx
|-damage|p1a: Jynx|0 fnt
|faint|p1a: Jynx
|choice|switch 3|
|
|switch|p1a: Snorlax|Snorlax|283\/523
|turn|24
|choice|move 4|move 2
|
|move|p2a: Tauros|Body Slam|p1a: Snorlax
|-damage|p1a: Snorlax|143\/523
|move|p1a: Snorlax|Self-Destruct|p2a: Tauros
|-damage|p2a: Tauros|0 fnt
|faint|p2a: Tauros
|faint|p1a: Snorlax
|choice|switch 2|switch 2
|
|switch|p2a: Jolteon|Jolteon|333\/333 par
|switch|p1a: Chansey|Chansey|703\/703 par
|turn|25
|choice|move 2|move 3
|
|move|p2a: Jolteon|Double Kick|p1a: Chansey
|-supereffective|p1a: Chansey
|-damage|p1a: Chansey|600\/703 par
|-damage|p1a: Chansey|497\/703 par
|-hitcount|p1a: Chansey|2
|move|p1a: Chansey|Ice Beam|p2a: Jolteon
|-damage|p2a: Jolteon|259\/333 par
|
|turn|26
|choice|move 4|move 3
|
|move|p2a: Jolteon|Double Kick|p1a: Chansey
|-crit|p1a: Chansey
|-supereffective|p1a: Chansey
|-damage|p1a: Chansey|294\/703 par
|-damage|p1a: Chansey|91\/703 par
|-hitcount|p1a: Chansey|2
|cant|p1a: Chansey|par
|
|turn|27
|choice|move 4|move 3
|
|move|p2a: Jolteon|Double Kick|p1a: Chansey
|-supereffective|p1a: Chansey
|-damage|p1a: Chansey|0 fnt
|-hitcount|p1a: Chansey|1
|faint|p1a: Chansey
|choice|switch 5|
|
|switch|p1a: Tauros|Tauros|353\/353
|turn|28
|choice|move 1|switch 3
|
|switch|p2a: Articuno|Articuno|383\/383
|move|p1a: Tauros|Body Slam|p2a: Articuno
|-damage|p2a: Articuno|282\/383
|
|turn|29
|choice|move 1|move 1
|
|move|p1a: Tauros|Body Slam|p2a: Articuno
|-damage|p2a: Articuno|187\/383
|-status|p2a: Articuno|par
|cant|p2a: Articuno|par
|
|turn|30
|choice|move 1|move 1
|
|move|p1a: Tauros|Body Slam|p2a: Articuno
|-crit|p2a: Articuno
|-damage|p2a: Articuno|0 fnt
|faint|p2a: Articuno
|choice||switch 3
|
|switch|p2a: Jolteon|Jolteon|259\/333 par
|turn|31
|choice|move 2|move 2
|
|move|p1a: Tauros|Earthquake|p2a: Jolteon
|-supereffective|p2a: Jolteon
|-damage|p2a: Jolteon|47\/333 par
|move|p2a: Jolteon|Thunder Wave|p1a: Tauros
|-status|p1a: Tauros|par
|
|turn|32
|choice|move 2|move 1
|
|move|p2a: Jolteon|Thunderbolt|p1a: Tauros
|-damage|p1a: Tauros|198\/353 par
|move|p1a: Tauros|Earthquake|p2a: Jolteon
|-supereffective|p2a: Jolteon
|-damage|p2a: Jolteon|0 fnt
|faint|p2a: Jolteon
|
|win|Beds