|inactive|Battle timer is ON: inactive players will automatically lose when time's up.
|J|Beds
|J|Steve Angello
|player|p1|Beds|252
|player|p2|Steve Angello|12
|gametype|singles
|gen|1
|tier|[Gen 1] OU
|seed|61658,10221,14361,64442
|rule|Sleep Clause Mod: Limit one foe put to sleep
|rule|Freeze Clause Mod: Limit one foe frozen
|rule|Species Clause: Limit one of each Pokémon
|rule|OHKO Clause: OHKO moves are banned
|rule|Evasion Moves Clause: Evasion moves are banned
|rule|HP Percentage Mod: HP is shown in percentages
|
|start
|switch|p1a: Jynx|Jynx|333\/333
|switch|p2a: Alakazam|Alakazam|313\/313
|turn|1
|c|★Beds|jynx jedes spiel
|c|★Beds|bester lead wo gibt
|J|LJDarkrai
|c|★Steve Angello|warum eig xd
|c|★Beds|ich sleepe halt gern sachen
|choice|move 1|move 2
|
|move|p2a: Alakazam|Thunder Wave|p1a: Jynx
|-status|p1a: Jynx|par
|cant|p1a: Jynx|par
|
|turn|2
|choice|move 1|move 4
|
|move|p2a: Alakazam|Seismic Toss|p1a: Jynx
|-damage|p1a: Jynx|233\/333 par
|cant|p1a: Jynx|par
|
|turn|3
|choice|move 1|move 4
|
|move|p2a: Alakazam|Seismic Toss|p1a: Jynx
|-damage|p1a: Jynx|133\/333 par
|move|p1a: Jynx|Lovely Kiss|p2a: Alakazam
|-status|p2a: Alakazam|slp
|
|turn|4
|choice|move 2|switch 6
|
|switch|p2a: Jolteon|Jolteon|333\/333
|move|p1a: Jynx|Blizzard|p2a: Jolteon
|-damage|p2a: Jolteon|197\/333
|-status|p2a: Jolteon|frz
|
|turn|5
|J|steels ghost
|choice|move 2|switch 3
|
|switch|p2a: Snorlax|Snorlax|523\/523
|cant|p1a: Jynx|par
|
|turn|6
|choice|switch 3|move 1
|
|switch|p1a: Snorlax|Snorlax|523\/523
|move|p2a: Snorlax|Body Slam|p1a: Snorlax
|-damage|p1a: Snorlax|388\/523
|
|turn|7
|choice|move 3|move 1
|
|move|p2a: Snorlax|Body Slam|p1a: Snorlax
|-damage|p1a: Snorlax|261\/523
|move|p1a: Snorlax|Counter|p2a: Snorlax
|-damage|p2a: Snorlax|269\/523
|
|turn|8
|choice|switch 3|move 1
|
|switch|p1a: Jynx|Jynx|133\/333 par
|move|p2a: Snorlax|Body Slam|p1a: Jynx
|-damage|p1a: Jynx|0 fnt
|faint|p1a: Jynx
|choice|switch 2|
|
|switch|p1a: Exeggutor|Exeggutor|393\/393
|turn|9
|choice|move 3|move 3
|
|move|p1a: Exeggutor|Psychic|p2a: Snorlax
|-damage|p2a: Snorlax|115\/523
|move|p2a: Snorlax|Self-Destruct|p1a: Exeggutor
|-damage|p1a: Exeggutor|3\/393
|faint|p2a: Snorlax
|choice||switch 5
|
|switch|p2a: Tauros|Tauros|353\/353
|turn|10
|choice|move 2|move 1
|
|move|p2a: Tauros|Body Slam|p1a: Exeggutor
|-crit|p1a: Exeggutor
|-damage|p1a: Exeggutor|0 fnt
|faint|p1a: Exeggutor
|choice|switch 4|
|
|switch|p1a: Chansey|Chansey|703\/703
|turn|11
|choice|move 1|switch 4
|
|switch|p2a: Chansey|Chansey|703\/703
|move|p1a: Chansey|Thunder Wave|p2a: Chansey
|-status|p2a: Chansey|par
|
|turn|12
|choice|switch 3|switch 2
|
|switch|p1a: Snorlax|Snorlax|261\/523
|switch|p2a: Exeggutor|Exeggutor|393\/393
|
|turn|13
|choice|move 4|move 2
|
|move|p2a: Exeggutor|Sleep Powder|p1a: Snorlax
|-status|p1a: Snorlax|slp
|-curestatus|p1a: Snorlax|slp
|
|turn|14
|choice|switch 3|move 2
|
|switch|p1a: Chansey|Chansey|703\/703
|move|p2a: Exeggutor|Sleep Powder|p1a: Chansey
|-status|p1a: Chansey|slp
|
|turn|15
|c|★Beds|shit
|c|★Beds|nicht gelesen dass ich aufgewacht bin lol
|c|★Steve Angello|trololol
|choice|switch 3|move 1
|
|switch|p1a: Snorlax|Snorlax|261\/523
|move|p2a: Exeggutor|Psychic|p1a: Snorlax
|-damage|p1a: Snorlax|111\/523
|
|turn|16
|choice|switch 5|move 1
|
|switch|p1a: Tauros|Tauros|353\/353
|move|p2a: Exeggutor|Psychic|p1a: Tauros
|-damage|p1a: Tauros|197\/353
|-unboost|p1a: Tauros|spd|1
|-unboost|p1a: Tauros|spa|1
|
|turn|17
|choice|move 1|move 1
|
|move|p1a: Tauros|Body Slam|p2a: Exeggutor
|-crit|p2a: Exeggutor
|-damage|p2a: Exeggutor|175\/393
|move|p2a: Exeggutor|Psychic|p1a: Tauros
|-damage|p1a: Tauros|0 fnt
|faint|p1a: Tauros
|choice|switch 6|
|
|switch|p1a: Persian|Persian|333\/333
|turn|18
|choice|move 2|move 4
|
|move|p1a: Persian|Hyper Beam|p2a: Exeggutor
|-damage|p2a: Exeggutor|32\/393
|move|p2a: Exeggutor|Explosion|p1a: Persian
|-damage|p1a: Persian|0 fnt
|faint|p1a: Persian
|faint|p2a: Exeggutor
|c|★Beds|jo des hab ich geworfen
|c|★Beds|gg
|choice|switch 5|switch 4
|
|switch|p2a: Tauros|Tauros|353\/353
|switch|p1a: Snorlax|Snorlax|111\/523
|turn|19
|c|★Beds|warte
|c|★Beds|miss
|c|★Beds|auf meinen counter
|c|★Beds|ich glaub dann mach ich doppelt explosion damage
|c|★Beds|die chance is 1\/255
|choice|move 3|move 1
|
|move|p2a: Tauros|Body Slam|p1a: Snorlax
|-damage|p1a: Snorlax|0 fnt
|faint|p1a: Snorlax
|c|★Beds|:(
|choice|switch 3|
|
|switch|p1a: Chansey|Chansey|703\/703 slp
|turn|20
|c|★Steve Angello|:[
|choice|move 1|move 1
|
|move|p2a: Tauros|Body Slam|p1a: Chansey
|-crit|p1a: Chansey
|-damage|p1a: Chansey|164\/703 slp
|cant|p1a: Chansey|slp
|
|turn|21
|choice|move 1|move 2
|
|move|p2a: Tauros|Earthquake|p1a: Chansey
|-crit|p1a: Chansey
|-damage|p1a: Chansey|0 fnt
|faint|p1a: Chansey
|
|win|Steve Angello