|J|Tesung
|J|marcoasd
|player|p1|Tesung|2
|player|p2|marcoasd|266
|gametype|singles
|gen|1
|tier|[Gen 1] OU
|seed|
|rule|Sleep Clause Mod: Limit one foe put to sleep
|rule|Freeze Clause Mod: Limit one foe frozen
|rule|Species Clause: Limit one of each Pokémon
|rule|OHKO Clause: OHKO moves are banned
|rule|Evasion Moves Clause: Evasion moves are banned
|rule|HP Percentage Mod: HP is shown in percentages
|
|start
|switch|p1a: Alakazam|Alakazam|100\/100
|switch|p2a: Jolteon|Jolteon|100\/100
|turn|1
|c|★Tesung|gl
|J|Syncrasy
|c|★marcoasd|u2 beautiful day
|choice||
|
|switch|p2a: Exeggutor|Exeggutor, M|100\/100
|switch|p1a: Exeggutor|Exeggutor|100\/100
|
|turn|2
|c|★Tesung|skill
|c|★Tesung|go
|J|iris
|choice||
|
|switch|p2a: Jolteon|Jolteon|100\/100
|move|p1a: Exeggutor|Sleep Powder|p2a: Jolteon
|-status|p2a: Jolteon|slp
|
|turn|3
|L|Syncrasy
|c|★Tesung|ah
|c|★Tesung|i approve
|choice||
|
|switch|p2a: Exeggutor|Exeggutor, M|100\/100
|move|p1a: Exeggutor|Double-Edge|p2a: Exeggutor
|-damage|p2a: Exeggutor|80\/100
|-damage|p1a: Exeggutor|95\/100|[from] recoil|[of] p2a: Exeggutor
|
|turn|4
|choice||
|
|move|p2a: Exeggutor|Sleep Powder|p1a: Exeggutor
|-status|p1a: Exeggutor|slp
|-curestatus|p1a: Exeggutor|slp
|
|turn|5
|choice||
|
|move|p1a: Exeggutor|Explosion|p2a: Exeggutor
|-damage|p2a: Exeggutor|7\/100
|faint|p1a: Exeggutor
|J|Nails
|choice||
|
|switch|p1a: Tauros|Tauros|100\/100
|turn|6
|choice||
|
|switch|p2a: Snorlax|Snorlax|100\/100
|move|p1a: Tauros|Body Slam|p2a: Snorlax
|-damage|p2a: Snorlax|75\/100
|
|turn|7
|choice||
|
|switch|p1a: Snorlax|Snorlax|100\/100
|move|p2a: Snorlax|Body Slam|p1a: Snorlax
|-damage|p1a: Snorlax|75\/100
|
|turn|8
|choice||
|
|switch|p2a: Chansey|Chansey|100\/100
|move|p1a: Snorlax|Body Slam|p2a: Chansey
|-damage|p2a: Chansey|57\/100
|
|turn|9
|choice||
|
|move|p2a: Chansey|Reflect|p2a: Chansey
|-start|p2a: Chansey|Reflect
|move|p1a: Snorlax|Earthquake|p2a: Chansey
|-damage|p2a: Chansey|40\/100
|
|turn|10
|choice||
|
|switch|p1a: Alakazam|Alakazam|100\/100
|move|p2a: Chansey|Soft-Boiled|p2a: Chansey
|-heal|p2a: Chansey|90\/100
|
|turn|11
|choice||
|
|move|p1a: Alakazam|Thunder Wave|p2a: Chansey
|-status|p2a: Chansey|par
|move|p2a: Chansey|Thunder Wave|p1a: Alakazam
|-status|p1a: Alakazam|par
|
|turn|12
|choice||
|
|cant|p1a: Alakazam|par
|cant|p2a: Chansey|par
|
|turn|13
|choice||
|
|cant|p1a: Alakazam|par
|move|p2a: Chansey|Seismic Toss|p1a: Alakazam
|-damage|p1a: Alakazam|69\/100 par
|
|turn|14
|choice||
|
|cant|p1a: Alakazam|par
|move|p2a: Chansey|Seismic Toss|p1a: Alakazam
|-damage|p1a: Alakazam|37\/100 par
|
|turn|15
|choice||
|
|move|p1a: Alakazam|Recover|p1a: Alakazam
|-heal|p1a: Alakazam|86\/100 par
|move|p2a: Chansey|Seismic Toss|p1a: Alakazam
|-damage|p1a: Alakazam|54\/100 par
|
|turn|16
|choice||
|
|move|p1a: Alakazam|Recover|p1a: Alakazam
|-heal|p1a: Alakazam|100\/100 par
|move|p2a: Chansey|Seismic Toss|p1a: Alakazam
|-damage|p1a: Alakazam|69\/100 par
|
|turn|17
|choice||
|
|cant|p1a: Alakazam|par
|move|p2a: Chansey|Seismic Toss|p1a: Alakazam
|-damage|p1a: Alakazam|37\/100 par
|
|turn|18
|choice||
|
|move|p1a: Alakazam|Recover|p1a: Alakazam
|-heal|p1a: Alakazam|86\/100 par
|move|p2a: Chansey|Seismic Toss|p1a: Alakazam
|-damage|p1a: Alakazam|54\/100 par
|
|turn|19
|choice||
|
|cant|p1a: Alakazam|par
|move|p2a: Chansey|Seismic Toss|p1a: Alakazam
|-damage|p1a: Alakazam|23\/100 par
|
|turn|20
|choice||
|
|move|p1a: Alakazam|Recover|p1a: Alakazam
|-heal|p1a: Alakazam|72\/100 par
|move|p2a: Chansey|Seismic Toss|p1a: Alakazam
|-damage|p1a: Alakazam|40\/100 par
|
|turn|21
|J|Ary
|choice||
|
|switch|p2a: Exeggutor|Exeggutor, M|7\/100
|move|p1a: Alakazam|Recover|p1a: Alakazam
|-heal|p1a: Alakazam|90\/100 par
|
|turn|22
|c|★Tesung|porfa dio
|J|Mr.378
|choice||
|
|switch|p1a: Snorlax|Snorlax|75\/100
|move|p2a: Exeggutor|Explosion|p1a: Snorlax
|-damage|p1a: Snorlax|9\/100
|faint|p2a: Exeggutor
|choice||
|
|switch|p2a: Tauros|Tauros|100\/100
|turn|23
|J|MoxieInfinite
|L|MoxieInfinite
|choice||
|
|move|p2a: Tauros|Body Slam|p1a: Snorlax
|-damage|p1a: Snorlax|0 fnt
|faint|p1a: Snorlax
|choice||
|
|switch|p1a: Chansey|Chansey|100\/100
|turn|24
|choice||
|
|switch|p2a: Chansey|Chansey|90\/100 par
|move|p1a: Chansey|Thunder Wave|p2a: Chansey
|-fail|p2a: Chansey|par
|
|turn|25
|choice||
|
|move|p1a: Chansey|Thunder Wave|p2a: Chansey
|-fail|p2a: Chansey|par
|move|p2a: Chansey|Seismic Toss|p1a: Chansey
|-damage|p1a: Chansey|86\/100
|
|turn|26
|J|hated resented
|choice||
|
|switch|p1a: Alakazam|Alakazam|90\/100 par
|move|p2a: Chansey|Seismic Toss|p1a: Alakazam
|-damage|p1a: Alakazam|58\/100 par
|
|turn|27
|choice||
|
|move|p1a: Alakazam|Recover|p1a: Alakazam
|-heal|p1a: Alakazam|100\/100 par
|cant|p2a: Chansey|par
|
|turn|28
|choice||
|
|switch|p1a: Persian|Persian|100\/100
|move|p2a: Chansey|Soft-Boiled|p2a: Chansey
|-heal|p2a: Chansey|100\/100 par
|
|turn|29
|J|scheisse
|L|scheisse
|choice||
|
|move|p1a: Persian|Slash|p2a: Chansey
|-crit|p2a: Chansey
|-damage|p2a: Chansey|47\/100 par
|move|p2a: Chansey|Thunder Wave|p1a: Persian
|-status|p1a: Persian|par
|
|turn|30
|c|★Tesung|its here
|choice||
|
|switch|p2a: Jolteon|Jolteon|100\/100 slp
|move|p1a: Persian|Slash|p2a: Jolteon
|-crit|p2a: Jolteon
|-damage|p2a: Jolteon|46\/100 slp
|
|turn|31
|choice||
|
|cant|p2a: Jolteon|slp
|move|p1a: Persian|Slash|p2a: Jolteon
|-crit|p2a: Jolteon
|-damage|p2a: Jolteon|0 fnt
|faint|p2a: Jolteon
|c|★marcoasd|mmm
|c|★marcoasd|it's time
|c|★Tesung|cat porra
|choice||
|
|switch|p2a: Kingler|Kingler, M|100\/100
|turn|32
|choice||
|
|move|p2a: Kingler|Swords Dance|p2a: Kingler
|-boost|p2a: Kingler|atk|2
|move|p1a: Persian|Thunderbolt|p2a: Kingler
|-crit|p2a: Kingler
|-supereffective|p2a: Kingler
|-damage|p2a: Kingler|0 fnt
|faint|p2a: Kingler
|c|★Tesung|its time
|c|★marcoasd|nah
|c|★marcoasd|pls
|c|★Tesung|cat porra
|c|★Tesung|LOL
|c|★marcoasd|wanted the fp
|c|★marcoasd|for total wrecking
|c|★Tesung|yeh
|choice||
|
|switch|p2a: Snorlax|Snorlax|75\/100
|turn|33
|c|★Tesung|woulda been a sweeo
|choice||
|
|move|p2a: Snorlax|Body Slam|p1a: Persian
|-damage|p1a: Persian|60\/100 par
|move|p1a: Persian|Slash|p2a: Snorlax
|-crit|p2a: Snorlax
|-damage|p2a: Snorlax|43\/100
|
|turn|34
|choice||
|
|move|p2a: Snorlax|Hyper Beam|p1a: Persian
|-damage|p1a: Persian|0 fnt
|faint|p1a: Persian
|J|BKC
|choice||
|
|switch|p1a: Tauros|Tauros|100\/100
|turn|35
|choice||
|
|move|p1a: Tauros|Hyper Beam|p2a: Snorlax
|-damage|p2a: Snorlax|0 fnt
|faint|p2a: Snorlax
|choice||
|
|switch|p2a: Tauros|Tauros|100\/100
|turn|36
|c|+Nails|oh and since you mentioned it earlier
|c|+Nails|your team archive
|c|★Tesung|so nails
|c|+Nails|is still v nice
|c|★Tesung|do i fire blast here
|c|★marcoasd|thx
|c|+Nails|yes
|c|★Tesung|i feel like i should
|choice||
|
|move|p1a: Tauros|Fire Blast|p2a: Tauros
|-damage|p2a: Tauros|74\/100
|-status|p2a: Tauros|brn
|move|p2a: Tauros|Body Slam|p1a: Tauros
|-damage|p1a: Tauros|87\/100
|-damage|p2a: Tauros|67\/100 brn|[from] brn|[of] p1a: Tauros
|
|turn|37
|c|+Nails|you 100% fire blast
|c|★Tesung|LOL
|c|★marcoasd|i'm using teams i didn't include tehre, too
|c|★Tesung|thats what i thought
|c|★marcoasd|well gg
|c|★marcoasd|lol
|c|★Tesung|gg
|choice||
|
|move|p2a: Tauros|Blizzard|p1a: Tauros
|-damage|p1a: Tauros|62\/100
|-damage|p2a: Tauros|61\/100 brn|[from] brn|[of] p1a: Tauros
|move|p1a: Tauros|Body Slam|p2a: Tauros
|-damage|p2a: Tauros|34\/100 brn
|
|turn|38
|choice||
|
|move|p1a: Tauros|Body Slam|p2a: Tauros
|-damage|p2a: Tauros|6\/100 brn
|move|p2a: Tauros|Blizzard|p1a: Tauros
|-damage|p1a: Tauros|37\/100
|-damage|p2a: Tauros|0 fnt|[from] brn|[of] p1a: Tauros
|faint|p2a: Tauros
|choice||
|
|switch|p2a: Chansey|Chansey|47\/100 par
|turn|39
|choice||
|
|move|p1a: Tauros|Hyper Beam|p2a: Chansey
|-damage|p2a: Chansey|0 fnt
|faint|p2a: Chansey
|
|win|Tesung