|inactive|Battle timer is ON: inactive players will automatically lose when time's up.
|J|xtra$hine
|J|Beds
|player|p1|xtra$hine|169
|player|p2|Beds|252
|gametype|singles
|gen|1
|tier|[Gen 1] OU
|rule|Sleep Clause Mod: Limit one foe put to sleep
|rule|Freeze Clause Mod: Limit one foe frozen
|rule|Species Clause: Limit one of each Pokémon
|rule|OHKO Clause: OHKO moves are banned
|rule|Evasion Moves Clause: Evasion moves are banned
|rule|HP Percentage Mod: HP is shown in percentages
|
|start
|switch|p1a: Jolteon|Jolteon|333\/333
|switch|p2a: Alakazam|Alakazam|313\/313
|turn|1
|J|aopga
|J|Lord Mur
|J|SOMALIA
|J|Bughouse
|J|Halcyon of Light
|J|Mael oo
|J|hairy toenail
|J|Betapf
|J|andrew bird
|J|KratosMana
|J|sca1d
|J|Omfuga
|J|Get this Money
|J|choollio
|J|stacking cash
|J|reiku
|J|Felonyy
|J|I ABR I
|J|DerSweeper
|c|★Beds|have fun my man
|J|nowhere to escape
|J|metagame secrets
|J|Cizilian
|c|+Omfuga|lgi xtragod
|J|daftmau5
|c|★xtra$hine|u2 buddy
|J|Becks
|J|boudouche
|J|Rumor
|c|+metagame secrets|kill you're selv my man
|J|M Dragon
|J|giara
|c|★xtra$hine|had to load my trap lord music
|c|+Rumor|XTRASHINE
|c|★xtra$hine|alrite im redy
|J|BahaWin
|
|switch|p1a: Exeggutor|Exeggutor|393\/393
|move|p2a: Alakazam|Thunder Wave|p1a: Exeggutor
|-status|p1a: Exeggutor|par
|
|turn|2
|J|forthetroll
|
|move|p2a: Alakazam|Seismic Toss|p1a: Exeggutor
|-damage|p1a: Exeggutor|293\/393 par
|move|p1a: Exeggutor|Sleep Powder|p2a: Alakazam|[miss]
|-miss|p1a: Exeggutor
|
|turn|3
|J|spindaftw
|J|GoaoTwo
|c|★xtra$hine|o boy
|
|move|p2a: Alakazam|Seismic Toss|p1a: Exeggutor
|-damage|p1a: Exeggutor|193\/393 par
|move|p1a: Exeggutor|Sleep Powder|p2a: Alakazam
|-status|p2a: Alakazam|slp
|
|turn|4
|J|Epx
|J|Lusso
|J|Malekith
|
|switch|p1a: Snorlax|Snorlax|523\/523
|cant|p2a: Alakazam|slp
|
|turn|5
|J|Lyconik
|J|Bouff
|J|Tesung
|
|switch|p2a: Exeggutor|Exeggutor|393\/393
|move|p1a: Snorlax|Body Slam|p2a: Exeggutor
|-damage|p2a: Exeggutor|277\/393
|
|turn|6
|
|switch|p2a: Chansey|Chansey|703\/703
|switch|p1a: Exeggutor|Exeggutor|193\/393 par
|
|turn|7
|J|Soulgazer
|J|plsusezygarde
|J|eoa
|J|Yogiras
|J|Living So Zambian
|
|switch|p2a: Alakazam|Alakazam|313\/313 slp
|move|p1a: Exeggutor|Stun Spore|p2a: Alakazam|[miss]
|-miss|p1a: Exeggutor
|
|turn|8
|c|+Soulgazer|big fan of both
|J|Leftiez
|
|cant|p2a: Alakazam|slp
|-curestatus|p2a: Alakazam|slp
|move|p1a: Exeggutor|Stun Spore|p2a: Alakazam|[miss]
|-miss|p1a: Exeggutor
|
|turn|9
|J|Logic
|J|Evuelf
|J|Dice
|J|Lady bug
|L|I ABR I
|
|move|p2a: Alakazam|Seismic Toss|p1a: Exeggutor
|-damage|p1a: Exeggutor|93\/393 par
|cant|p1a: Exeggutor|par
|
|turn|10
|J|Bowlii
|J|Quaggsterrr
|c|★Beds|shoutout to my friend
|c|★Beds|Jesus
|
|switch|p1a: Chansey|Chansey|703\/703
|move|p2a: Alakazam|Seismic Toss|p1a: Chansey
|-damage|p1a: Chansey|603\/703
|
|turn|11
|c|★xtra$hine|ortheore did the same thing
|
|switch|p2a: Chansey|Chansey|703\/703
|move|p1a: Chansey|Thunder Wave|p2a: Chansey
|-status|p2a: Chansey|par
|
|turn|12
|J|Rewer
|J|Finchinator
|
|switch|p1a: Snorlax|Snorlax|523\/523
|cant|p2a: Chansey|par
|
|turn|13
|J|theurbandear
|J|blue Celestine
|
|switch|p2a: Exeggutor|Exeggutor|277\/393
|move|p1a: Snorlax|Body Slam|p2a: Exeggutor
|-damage|p2a: Exeggutor|168\/393
|
|turn|14
|J|1123581321L
|
|switch|p1a: Exeggutor|Exeggutor|93\/393 par
|move|p2a: Exeggutor|Sleep Powder|p1a: Exeggutor
|-fail|p1a: Exeggutor
|
|turn|15
|J|Mr.378
|J|Moony
|L|blue Celestine
|J|Genesis7
|c|★xtra$hine|dat was ur q
|c|★xtra$hine|for psycic
|c|★xtra$hine|cum on
|c|★Beds|i thought that was too obvious
|
|move|p2a: Exeggutor|Hyper Beam|p1a: Exeggutor
|-damage|p1a: Exeggutor|0 fnt
|faint|p1a: Exeggutor
|J|Subject 18
|c|★xtra$hine|oh that
|c|★xtra$hine|ofc
|
|switch|p1a: Jolteon|Jolteon|333\/333
|turn|16
|J|MoxieInfinite
|
|switch|p2a: Chansey|Chansey|703\/703 par
|move|p1a: Jolteon|Pin Missile|p2a: Chansey
|-damage|p2a: Chansey|681\/703 par
|-damage|p2a: Chansey|659\/703 par
|-damage|p2a: Chansey|637\/703 par
|-hitcount|p2a: Chansey|3
|
|turn|17
|J|silverbackkap
|
|move|p1a: Jolteon|Double Kick|p2a: Chansey
|-supereffective|p2a: Chansey
|-damage|p2a: Chansey|530\/703 par
|-damage|p2a: Chansey|423\/703 par
|-hitcount|p2a: Chansey|2
|cant|p2a: Chansey|par
|
|turn|18
|
|move|p1a: Jolteon|Double Kick|p2a: Chansey
|-supereffective|p2a: Chansey
|-damage|p2a: Chansey|323\/703 par
|-damage|p2a: Chansey|223\/703 par
|-hitcount|p2a: Chansey|2
|move|p2a: Chansey|Soft-Boiled|p2a: Chansey
|-heal|p2a: Chansey|574\/703 par
|
|turn|19
|
|move|p1a: Jolteon|Double Kick|p2a: Chansey
|-supereffective|p2a: Chansey
|-damage|p2a: Chansey|469\/703 par
|-damage|p2a: Chansey|364\/703 par
|-hitcount|p2a: Chansey|2
|move|p2a: Chansey|Ice Beam|p1a: Jolteon
|-damage|p1a: Jolteon|256\/333
|
|turn|20
|
|move|p1a: Jolteon|Double Kick|p2a: Chansey
|-supereffective|p2a: Chansey
|-damage|p2a: Chansey|259\/703 par
|-damage|p2a: Chansey|154\/703 par
|-hitcount|p2a: Chansey|2
|move|p2a: Chansey|Soft-Boiled|p2a: Chansey
|-heal|p2a: Chansey|505\/703 par
|
|turn|21
|
|move|p1a: Jolteon|Double Kick|p2a: Chansey
|-supereffective|p2a: Chansey
|-damage|p2a: Chansey|402\/703 par
|-damage|p2a: Chansey|299\/703 par
|-hitcount|p2a: Chansey|2
|cant|p2a: Chansey|par
|
|turn|22
|J|TheEnder
|
|move|p1a: Jolteon|Double Kick|p2a: Chansey
|-supereffective|p2a: Chansey
|-damage|p2a: Chansey|199\/703 par
|-damage|p2a: Chansey|99\/703 par
|-hitcount|p2a: Chansey|2
|cant|p2a: Chansey|par
|
|turn|23
|J|KlefkiHolder
|c|★xtra$hine|o
|J|mccauley
|J|tennis
|J|hyogafodex
|J|AntBadMon
|J|seductive funbro
|
|switch|p2a: Snorlax|Snorlax|523\/523
|move|p1a: Jolteon|Thunderbolt|p2a: Snorlax
|-crit|p2a: Snorlax
|-damage|p2a: Snorlax|247\/523
|
|turn|24
|J|craing
|J|blue Celestine
|L|tennis
|L|AntBadMon
|J|ludicrousman
|
|switch|p1a: Chansey|Chansey|603\/703
|move|p2a: Snorlax|Body Slam|p1a: Chansey
|-damage|p1a: Chansey|326\/703
|
|turn|25
|J|Cristal
|L|sca1d
|J|sca1d
|J|RainPB
|
|switch|p2a: Exeggutor|Exeggutor|168\/393
|move|p1a: Chansey|Soft-Boiled|p1a: Chansey
|-heal|p1a: Chansey|677\/703
|
|turn|26
|L|Bowlii
|J|I ABR I
|L|I ABR I
|J|I ABR I
|
|move|p2a: Exeggutor|Sleep Powder|p1a: Chansey
|-status|p1a: Chansey|slp
|cant|p1a: Chansey|slp
|
|turn|27
|J|tele
|J|OVERLORDFOLGORIO
|J|Problems
|J|Akuma Stocking
|J|Zephir
|L|OVERLORDFOLGORIO
|
|switch|p1a: Snorlax|Snorlax|523\/523
|move|p2a: Exeggutor|Psychic|p1a: Snorlax
|-damage|p1a: Snorlax|349\/523
|
|turn|28
|c|★xtra$hine|imma refresh
|L|xtra$hine
|player|p1
|J|xtra$hine
|player|p1|xtra$hine|169
|J|Isa RC
|c|★Beds|ok
|c|★xtra$hine|wtf
|c|★xtra$hine|why is ps gltiched
|c|★xtra$hine|like that
|c|★xtra$hine|i cant see what mons parad or sleep
|c|★Beds|everything ok?
|c|★xtra$hine|or percentage
|c|★xtra$hine|xd
|J|IKARI GENDO
|J|Melancholy Hills
|L|I ABR I
|c|★xtra$hine|whatever ill try 2 remmeber shit
|J|Bowlii
|c|+SOMALIA|jolteon 77% chansey 97%
|J|Isoflurane
|
|move|p2a: Exeggutor|Psychic|p1a: Snorlax
|-damage|p1a: Snorlax|188\/523
|move|p1a: Snorlax|Hyper Beam|p2a: Exeggutor|[miss]
|-miss|p1a: Snorlax
|
|turn|29
|c|+Leftiez|not like
|c|+Leftiez|you have a team for that
|c|★xtra$hine|wtf
|c|★xtra$hine|no whats 
|
|move|p2a: Exeggutor|Psychic|p1a: Snorlax
|-damage|p1a: Snorlax|24\/523
|-unboost|p1a: Snorlax|spd|1
|-unboost|p1a: Snorlax|spa|1
|move|p1a: Snorlax|Hyper Beam|p2a: Exeggutor
|-damage|p2a: Exeggutor|0 fnt
|faint|p2a: Exeggutor
|c|★xtra$hine|his chancey percent
|J|BeagleTime123
|c|+Felonyy|15
|c|+Omfuga|15
|
|switch|p2a: Alakazam|Alakazam|313\/313
|turn|30
|c|+SOMALIA|15%
|c|+Omfuga|para'd 
|c|+Leftiez|15M
|c|+Omfuga|as well
|L|BeagleTime123
|c|+SOMALIA|lax 48%
|
|switch|p1a: Jolteon|Jolteon|256\/333
|move|p2a: Alakazam|Psychic|p1a: Jolteon
|-damage|p1a: Jolteon|126\/333
|
|turn|31
|J|BeagleTime123
|c|★xtra$hine|o np
|
|move|p1a: Jolteon|Thunder Wave|p2a: Alakazam
|-status|p2a: Alakazam|par
|move|p2a: Alakazam|Psychic|p1a: Jolteon
|-damage|p1a: Jolteon|0 fnt
|faint|p1a: Jolteon
|
|switch|p1a: Snorlax|Snorlax|24\/523
|turn|32
|
|switch|p2a: Chansey|Chansey|99\/703 par
|move|p1a: Snorlax|Hyper Beam|p2a: Chansey
|-damage|p2a: Chansey|0 fnt
|faint|p2a: Chansey
|
|switch|p2a: Tauros|Tauros|353\/353
|turn|33
|J|innovamania
|J|Freeroamer
|L|Rewer
|J|Shoka
|
|switch|p1a: Chansey|Chansey|677\/703 slp
|move|p2a: Tauros|Body Slam|p1a: Chansey
|-damage|p1a: Chansey|416\/703 slp
|
|turn|34
|J|Lightchu
|
|move|p2a: Tauros|Body Slam|p1a: Chansey
|-damage|p1a: Chansey|146\/703 slp
|cant|p1a: Chansey|slp
|
|turn|35
|J|The RNGesus
|
|move|p2a: Tauros|Body Slam|p1a: Chansey
|-crit|p1a: Chansey
|-damage|p1a: Chansey|0 fnt
|faint|p1a: Chansey
|
|switch|p1a: Tauros|Tauros|353\/353
|turn|36
|
|switch|p2a: Alakazam|Alakazam|313\/313 par
|move|p1a: Tauros|Blizzard|p2a: Alakazam
|-damage|p2a: Alakazam|251\/313 par
|
|turn|37
|
|move|p1a: Tauros|Hyper Beam|p2a: Alakazam
|-damage|p2a: Alakazam|0 fnt
|faint|p2a: Alakazam
|J|dfgggggggggggggggg
|
|switch|p2a: Jolteon|Jolteon|333\/333
|turn|38
|J|DoubleOD
|
|move|p2a: Jolteon|Thunder Wave|p1a: Tauros
|-status|p1a: Tauros|par
|move|p1a: Tauros|Body Slam|p2a: Jolteon
|-damage|p2a: Jolteon|194\/333
|
|turn|39
|
|move|p2a: Jolteon|Thunderbolt|p1a: Tauros
|-damage|p1a: Tauros|214\/353 par
|move|p1a: Tauros|Earthquake|p2a: Jolteon
|-supereffective|p2a: Jolteon
|-damage|p2a: Jolteon|0 fnt
|faint|p2a: Jolteon
|
|switch|p2a: Tauros|Tauros|353\/353
|turn|40
|
|move|p2a: Tauros|Body Slam|p1a: Tauros
|-crit|p1a: Tauros
|-damage|p1a: Tauros|15\/353 par
|move|p1a: Tauros|Hyper Beam|p2a: Tauros
|-damage|p2a: Tauros|168\/353
|
|turn|41
|-mustrecharge|p1a: Tauros
|-mustrecharge|p1a: Tauros
|
|move|p2a: Tauros|Body Slam|p1a: Tauros
|-damage|p1a: Tauros|0 fnt
|faint|p1a: Tauros
|
|switch|p1a: Persian|Persian|333\/333
|turn|42
|J|the pdc show
|J|earth
|c|★xtra$hine|lmoaoo
|J|Kleiner Splasher
|J|BLUNDERR
|J|majaspic22
|J|Lohgock
|c|+Leftiez|omg
|J|Prince Python
|
|move|p1a: Persian|Slash|p2a: Tauros
|-crit|p2a: Tauros
|-damage|p2a: Tauros|41\/353
|move|p2a: Tauros|Hyper Beam|p1a: Persian
|-damage|p1a: Persian|83\/333
|
|turn|43
|-mustrecharge|p2a: Tauros
|J|BLINGAS
|-mustrecharge|p2a: Tauros
|
|move|p1a: Persian|Slash|p2a: Tauros
|-crit|p2a: Tauros
|-damage|p2a: Tauros|0 fnt
|faint|p2a: Tauros
|
|switch|p2a: Snorlax|Snorlax|247\/523
|turn|44
|c|★xtra$hine|speed tie game huh
|J|Mix
|J|ReshiRampage
|c|★xtra$hine|fuck that im not gunna rely
|c|★xtra$hine|on spede tie
|
|move|p1a: Persian|Hyper Beam|p2a: Snorlax
|-crit|p2a: Snorlax
|-damage|p2a: Snorlax|0 fnt
|faint|p2a: Snorlax
|
|win|xtra$hine
|c|★xtra$hine|gg
|c|★Beds|ayy
|L|dfgggggggggggggggg
|L|ReshiRampage
|L|Beds
|player|p2
|L|Genesis7
|L|Lady bug
|J|Itsyos
|L|Bowlii
|L|nowhere to escape
|L|Problems
|L|SOMALIA
|L|Freeroamer
|L|GoaoTwo
|L|Mr.378
|L|MoxieInfinite
|L|forthetroll
|L|BahaWin
|L|Lohgock
|L|Quaggsterrr
|L|theurbandear
|L|Isa RC
|L|Cizilian
|L|Soulgazer
|L|Itsyos
|L|DoubleOD
|J|Freeroamer
|L|the pdc show
|L|1123581321L
|L|BLINGAS
|L|stacking cash
|L|Yogiras
|L|xtra$hine
|player|p1
|L|The RNGesus
|L|mccauley
|L|sca1d
|J|Yogiras
|L|Halcyon of Light
|L|hairy toenail
|L|Subject 18
|L|Yogiras
|L|Epx
|L|Lyconik
|L|seductive funbro
|L|Moony
|L|BeagleTime123
|J|hodor
|L|reiku
|L|silverbackkap
|L|Freeroamer
|L|hodor
|L|giara
|L|boudouche
|L|Mix
|L|Leftiez
|L|Bouff