|inactive|Battle timer is ON: inactive players will automatically lose when time's up.
|J|IFM
|J|marcoasd
|player|p1|IFM|265
|player|p2|marcoasd|101
|gametype|singles
|gen|1
|tier|[Gen 1] OU
|rule|Sleep Clause Mod: Limit one foe put to sleep
|rule|Freeze Clause Mod: Limit one foe frozen
|rule|Species Clause: Limit one of each Pokémon
|rule|OHKO Clause: OHKO moves are banned
|rule|Evasion Moves Clause: Evasion moves are banned
|rule|HP Percentage Mod: HP is shown in percentages
|
|start
|switch|p1a: Gengar|Gengar|323\/323
|switch|p2a: Jynx|Jynx|333\/333
|turn|1
|J|Texas Cloverleaf
|J|New Breed
|J|Mizuhime
|J|leremyju
|J|tele
|J|HaxW.We R DNA
|J|Bomber
|J|Moony
|J|momzyadig
|J|Weegah
|J|Hack
|J|Anty
|J|Conflict
|J|The Goomy
|J|Genesis7
|J|Soulgazer
|J|Tiba
|J|bouff
|
|move|p1a: Gengar|Hypnosis|p2a: Jynx|[miss]
|-miss|p1a: Gengar
|move|p2a: Jynx|Psychic|p1a: Gengar
|-crit|p1a: Gengar
|-supereffective|p1a: Gengar
|-damage|p1a: Gengar|0 fnt
|faint|p1a: Gengar
|J|Tesung
|J|Tshrekt
|
|switch|p1a: Tauros|Tauros|353\/353
|turn|2
|L|Anty
|J|Teddeh
|J|Anty
|J|mccauley
|J|Funkasaurus
|J|Ciele
|
|switch|p2a: Snorlax|Snorlax|523\/523
|move|p1a: Tauros|Body Slam|p2a: Snorlax
|-damage|p2a: Snorlax|395\/523
|
|turn|3
|L|mccauley
|L|Genesis7
|
|move|p1a: Tauros|Earthquake|p2a: Snorlax
|-damage|p2a: Snorlax|295\/523
|move|p2a: Snorlax|Body Slam|p1a: Tauros
|-damage|p1a: Tauros|243\/353
|
|turn|4
|L|Funkasaurus
|
|switch|p1a: Exeggutor|Exeggutor|393\/393
|move|p2a: Snorlax|Self-Destruct|p1a: Exeggutor
|-crit|p1a: Exeggutor
|-damage|p1a: Exeggutor|0 fnt
|faint|p1a: Exeggutor
|faint|p2a: Snorlax
|L|Soulgazer
|c|@Texas Cloverleaf|man i'm the only cool user
|c|@Texas Cloverleaf|using aerodactyl
|
|switch|p1a: Tauros|Tauros|243\/353
|switch|p2a: Exeggutor|Exeggutor|393\/393
|turn|5
|c|@Texas Cloverleaf|lax counter lfgi
|
|switch|p1a: Starmie|Starmie|323\/323
|move|p2a: Exeggutor|Psychic|p1a: Starmie
|-resisted|p1a: Starmie
|-damage|p1a: Starmie|265\/323
|
|turn|6
|J|Lutra
|
|switch|p2a: Jynx|Jynx|333\/333
|move|p1a: Starmie|Thunder Wave|p2a: Jynx
|-status|p2a: Jynx|par
|
|turn|7
|
|move|p1a: Starmie|Thunderbolt|p2a: Jynx
|-damage|p2a: Jynx|253\/333 par
|move|p2a: Jynx|Lovely Kiss|p1a: Starmie
|-status|p1a: Starmie|slp
|
|turn|8
|J|zdrup
|J|srk1214
|L|zdrup
|
|switch|p1a: Chansey|Chansey|703\/703
|switch|p2a: Tauros|Tauros|353\/353
|
|turn|9
|
|switch|p2a: Chansey|Chansey|703\/703
|move|p1a: Chansey|Thunder Wave|p2a: Chansey
|-status|p2a: Chansey|par
|
|turn|10
|
|switch|p1a: Snorlax|Snorlax|523\/523
|move|p2a: Chansey|Ice Beam|p1a: Snorlax
|-damage|p1a: Snorlax|425\/523
|
|turn|11
|
|switch|p1a: Chansey|Chansey|703\/703
|cant|p2a: Chansey|par
|
|turn|12
|J|icey tea
|J|skup
|J|Get Backer
|
|switch|p1a: Snorlax|Snorlax|425\/523
|move|p2a: Chansey|Ice Beam|p1a: Snorlax
|-crit|p1a: Snorlax
|-damage|p1a: Snorlax|226\/523
|
|turn|13
|J|Meru
|
|switch|p2a: Lapras|Lapras|463\/463
|move|p1a: Snorlax|Earthquake|p2a: Lapras
|-crit|p2a: Lapras
|-damage|p2a: Lapras|266\/463
|
|turn|14
|J|Funkasaurus
|
|switch|p1a: Chansey|Chansey|703\/703
|move|p2a: Lapras|Blizzard|p1a: Chansey
|-damage|p1a: Chansey|578\/703
|
|turn|15
|J|IAmGingy
|L|IAmGingy
|
|switch|p2a: Chansey|Chansey|703\/703 par
|switch|p1a: Snorlax|Snorlax|226\/523
|
|turn|16
|J|xtraDOLLARshine
|L|xtraDOLLARshine
|J|xtraDOLLARshine
|
|switch|p2a: Exeggutor|Exeggutor|393\/393
|move|p1a: Snorlax|Earthquake|p2a: Exeggutor
|-resisted|p2a: Exeggutor
|-damage|p2a: Exeggutor|344\/393
|
|turn|17
|
|switch|p1a: Chansey|Chansey|578\/703
|move|p2a: Exeggutor|Psychic|p1a: Chansey
|-damage|p1a: Chansey|455\/703
|
|turn|18
|J|BLINGAS
|
|switch|p1a: Starmie|Starmie|265\/323 slp
|move|p2a: Exeggutor|Psychic|p1a: Starmie
|-resisted|p1a: Starmie
|-damage|p1a: Starmie|205\/323 slp
|-unboost|p1a: Starmie|spd|1
|-unboost|p1a: Starmie|spa|1
|
|turn|19
|J|Zamrock
|
|switch|p1a: Chansey|Chansey|455\/703
|move|p2a: Exeggutor|Psychic|p1a: Chansey
|-crit|p1a: Chansey
|-damage|p1a: Chansey|206\/703
|-unboost|p1a: Chansey|spd|1
|-unboost|p1a: Chansey|spa|1
|
|turn|20
|
|move|p2a: Exeggutor|Psychic|p1a: Chansey
|-damage|p1a: Chansey|29\/703
|move|p1a: Chansey|Thunder Wave|p2a: Exeggutor
|-status|p2a: Exeggutor|par
|
|turn|21
|J|lunarr
|J|Da Raikage
|J|Pomman
|
|move|p1a: Chansey|Soft-Boiled|p1a: Chansey
|-heal|p1a: Chansey|380\/703
|move|p2a: Exeggutor|Psychic|p1a: Chansey
|-damage|p1a: Chansey|192\/703
|-unboost|p1a: Chansey|spd|1
|-unboost|p1a: Chansey|spa|1
|
|turn|22
|L|Da Raikage
|
|move|p1a: Chansey|Soft-Boiled|p1a: Chansey
|-fail|p1a: Chansey
|move|p2a: Exeggutor|Psychic|p1a: Chansey
|-crit|p1a: Chansey
|-damage|p1a: Chansey|0 fnt
|faint|p1a: Chansey
|
|switch|p1a: Snorlax|Snorlax|226\/523
|turn|23
|c|★marcoasd|terribile
|
|move|p1a: Snorlax|Body Slam|p2a: Exeggutor
|-damage|p2a: Exeggutor|234\/393 par
|move|p2a: Exeggutor|Psychic|p1a: Snorlax
|-crit|p1a: Snorlax
|-damage|p1a: Snorlax|0 fnt
|faint|p1a: Snorlax
|c|★IFM|so this is why
|J|Nachos
|c|★IFM|i dont play rby that often
|c|★marcoasd|so much hax
|
|switch|p1a: Tauros|Tauros|243\/353
|turn|24
|J|innovamania
|J|hairy toenail
|J|4trackboy
|L|hairy toenail
|J|Slimbolio
|J|MKSLAYER97
|J|august
|
|move|p1a: Tauros|Blizzard|p2a: Exeggutor
|-supereffective|p2a: Exeggutor
|-damage|p2a: Exeggutor|108\/393 par
|move|p2a: Exeggutor|Psychic|p1a: Tauros
|-damage|p1a: Tauros|88\/353
|
|turn|25
|J|Jimb
|J|KA$H MONEY KEV
|L|leremyju
|J|KatheyIsme123
|J|tamahome
|
|move|p1a: Tauros|Body Slam|p2a: Exeggutor
|-damage|p2a: Exeggutor|4\/393 par
|move|p2a: Exeggutor|Explosion|p1a: Tauros
|-damage|p1a: Tauros|0 fnt
|faint|p1a: Tauros
|faint|p2a: Exeggutor
|c|★marcoasd|lol
|
|switch|p1a: Starmie|Starmie|205\/323 slp
|switch|p2a: Lapras|Lapras|266\/463
|turn|26
|J|Soulgazer
|L|Pomman
|L|Slimbolio
|
|cant|p1a: Starmie|slp
|move|p2a: Lapras|Thunderbolt|p1a: Starmie
|-supereffective|p1a: Starmie
|-damage|p1a: Starmie|53\/323 slp
|
|turn|27
|c|★marcoasd|ggs
|c|★IFM|ggs
|
|cant|p1a: Starmie|slp
|move|p2a: Lapras|Thunderbolt|p1a: Starmie
|-supereffective|p1a: Starmie
|-damage|p1a: Starmie|0 fnt
|faint|p1a: Starmie
|
|win|marcoasd