|J|teal6
|J|ZoroDark
|player|p1|teal6|101
|player|p2|ZoroDark|265
|gametype|singles
|gen|1
|tier|[Gen 1] OU
|seed|10226,35041,25003,57122
|rule|Sleep Clause Mod: Limit one foe put to sleep
|rule|Freeze Clause Mod: Limit one foe frozen
|rule|Species Clause: Limit one of each Pokémon
|rule|OHKO Clause: OHKO moves are banned
|rule|Evasion Moves Clause: Evasion moves are banned
|rule|HP Percentage Mod: HP is shown in percentages
|
|start
|switch|p1a: Jynx|Jynx|333\/333
|switch|p2a: black lady|Jynx|333\/333
|turn|1
|choice|move 1|move 1
|
|move|p1a: Jynx|Lovely Kiss|p2a: black lady
|-status|p2a: black lady|slp
|cant|p2a: black lady|slp
|
|turn|2
|J|Fortune
|choice|move 2|move 3
|
|move|p1a: Jynx|Psychic|p2a: black lady
|-resisted|p2a: black lady
|-damage|p2a: black lady|278\/333 slp
|-curestatus|p2a: black lady|slp
|
|turn|3
|choice|move 1|switch 3
|
|switch|p2a: star lady|Starmie|323\/323
|move|p1a: Jynx|Lovely Kiss|p2a: star lady
|-status|p2a: star lady|slp
|
|turn|4
|J|Finchinator
|L|Finchinator
|choice|switch 5|switch 6
|
|switch|p2a: plants lady|Exeggutor|393\/393
|switch|p1a: Zapdos|Zapdos|383\/383
|
|turn|5
|choice|move 1|move 2
|
|move|p1a: Zapdos|Drill Peck|p2a: plants lady
|-supereffective|p2a: plants lady
|-damage|p2a: plants lady|205\/393
|move|p2a: plants lady|Sleep Powder|p1a: Zapdos
|-status|p1a: Zapdos|slp
|
|turn|6
|choice|switch 5|move 4
|
|switch|p1a: Jynx|Jynx|333\/333
|move|p2a: plants lady|Stun Spore|p1a: Jynx
|-status|p1a: Jynx|par
|
|turn|7
|choice|move 3|switch 5
|
|switch|p2a: fat lady|Snorlax|523\/523
|move|p1a: Jynx|Blizzard|p2a: fat lady
|-damage|p2a: fat lady|346\/523
|-status|p2a: fat lady|frz
|
|turn|8
|c|★ZoroDark|where's scald when u need it
|c|★teal6|heh
|choice|move 2|switch 3
|
|switch|p2a: black lady|Jynx|278\/333
|move|p1a: Jynx|Psychic|p2a: black lady
|-resisted|p2a: black lady
|-damage|p2a: black lady|228\/333
|
|turn|9
|choice|move 2|move 2
|
|move|p2a: black lady|Psychic|p1a: Jynx
|-crit|p1a: Jynx
|-resisted|p1a: Jynx
|-damage|p1a: Jynx|232\/333 par
|move|p1a: Jynx|Psychic|p2a: black lady
|-resisted|p2a: black lady
|-damage|p2a: black lady|172\/333
|
|turn|10
|choice|move 2|move 2
|
|move|p2a: black lady|Psychic|p1a: Jynx
|-resisted|p1a: Jynx
|-damage|p1a: Jynx|178\/333 par
|cant|p1a: Jynx|par
|
|turn|11
|choice|move 2|move 2
|
|move|p2a: black lady|Psychic|p1a: Jynx
|-crit|p1a: Jynx
|-resisted|p1a: Jynx
|-damage|p1a: Jynx|69\/333 par
|move|p1a: Jynx|Psychic|p2a: black lady
|-crit|p2a: black lady
|-resisted|p2a: black lady
|-damage|p2a: black lady|77\/333
|
|turn|12
|choice|move 3|move 3
|
|move|p2a: black lady|Blizzard|p1a: Jynx
|-resisted|p1a: Jynx
|-damage|p1a: Jynx|0 fnt
|faint|p1a: Jynx
|choice|switch 2|
|
|switch|p1a: Tauros|Tauros|353\/353
|turn|13
|choice|move 1|switch 3
|
|switch|p2a: fat lady|Snorlax|346\/523 frz
|move|p1a: Tauros|Body Slam|p2a: fat lady
|-damage|p2a: fat lady|213\/523 frz
|
|turn|14
|choice|move 1|move 2
|
|move|p1a: Tauros|Body Slam|p2a: fat lady
|-crit|p2a: fat lady
|-damage|p2a: fat lady|0 fnt
|faint|p2a: fat lady
|choice||switch 2
|
|switch|p2a: white lady|Chansey|703\/703
|turn|15
|choice|switch 6|move 1
|
|switch|p1a: Chansey|Chansey|703\/703
|move|p2a: white lady|Thunder Wave|p1a: Chansey
|-status|p1a: Chansey|par
|
|turn|16
|choice|move 2|switch 3
|
|switch|p2a: black lady|Jynx|77\/333
|move|p1a: Chansey|Ice Beam|p2a: black lady
|-resisted|p2a: black lady
|-damage|p2a: black lady|36\/333
|
|turn|17
|choice|move 1|move 3
|
|move|p2a: black lady|Blizzard|p1a: Chansey
|-damage|p1a: Chansey|562\/703 par
|cant|p1a: Chansey|par
|
|turn|18
|choice|move 3|move 4
|
|move|p2a: black lady|Rest|p2a: black lady
|-status|p2a: black lady|slp
|-heal|p2a: black lady|333\/333 slp|[silent]
|-status|p2a: black lady|slp|[from] move: Rest
|move|p1a: Chansey|Soft-Boiled|p1a: Chansey
|-heal|p1a: Chansey|703\/703 par
|
|turn|19
|choice|switch 6|switch 5
|
|switch|p2a: plants lady|Exeggutor|205\/393
|switch|p1a: Tauros|Tauros|353\/353
|
|turn|20
|choice|switch 6|move 3
|
|switch|p1a: Chansey|Chansey|703\/703 par
|move|p2a: plants lady|Explosion|p1a: Chansey
|-crit|p1a: Chansey
|-damage|p1a: Chansey|0 fnt
|faint|p1a: Chansey
|faint|p2a: plants lady
|choice|switch 3|switch 3
|
|switch|p2a: white lady|Chansey|703\/703
|switch|p1a: Snorlax|Snorlax|523\/523
|turn|21
|choice|move 1|move 3
|
|move|p2a: white lady|Ice Beam|p1a: Snorlax
|-damage|p1a: Snorlax|429\/523
|move|p1a: Snorlax|Body Slam|p2a: white lady
|-damage|p2a: white lady|413\/703
|
|turn|22
|choice|move 1|move 4
|
|move|p2a: white lady|Soft-Boiled|p2a: white lady
|-heal|p2a: white lady|703\/703
|move|p1a: Snorlax|Body Slam|p2a: white lady
|-damage|p2a: white lady|433\/703
|
|turn|23
|choice|move 1|move 1
|
|move|p2a: white lady|Thunder Wave|p1a: Snorlax
|-status|p1a: Snorlax|par
|move|p1a: Snorlax|Body Slam|p2a: white lady
|-damage|p2a: white lady|149\/703
|
|turn|24
|choice|move 2|move 4
|
|move|p2a: white lady|Soft-Boiled|p2a: white lady
|-heal|p2a: white lady|500\/703
|move|p1a: Snorlax|Hyper Beam|p2a: white lady
|-damage|p2a: white lady|0 fnt
|faint|p2a: white lady
|choice||switch 4
|
|switch|p2a: angry lady|Tauros|353\/353
|turn|25
|choice|move 4|move 1
|
|move|p2a: angry lady|Body Slam|p1a: Snorlax
|-damage|p1a: Snorlax|310\/523 par
|move|p1a: Snorlax|Self-Destruct|p2a: angry lady
|-crit|p2a: angry lady
|-damage|p2a: angry lady|0 fnt
|faint|p2a: angry lady
|faint|p1a: Snorlax
|choice|switch 6|switch 6
|
|switch|p2a: star lady|Starmie|323\/323 slp
|switch|p1a: Tauros|Tauros|353\/353
|turn|26
|c|★teal6|bw is your tier right bro
|choice|move 1|move 4
|
|cant|p2a: star lady|slp
|move|p1a: Tauros|Body Slam|p2a: star lady
|-crit|p2a: star lady
|-damage|p2a: star lady|101\/323 slp
|
|turn|27
|c|★ZoroDark|yeah
|c|★ZoroDark|gg
|choice|move 1|move 4
|
|cant|p2a: star lady|slp
|move|p1a: Tauros|Body Slam|p2a: star lady
|-damage|p2a: star lady|0 fnt
|faint|p2a: star lady
|c|★teal6|gg
|-message|ZoroDark forfeited.
|
|win|teal6