|inactive|Battle timer is ON: inactive players will automatically lose when time's up.
|J|Lusch
|J|mael
|player|p1|Lusch|153
|player|p2|mael|20
|gametype|singles
|gen|1
|tier|[Gen 1] OU
|seed|13656,4289,1947,43830
|rule|Sleep Clause Mod: Limit one foe put to sleep
|rule|Freeze Clause Mod: Limit one foe frozen
|rule|Species Clause: Limit one of each Pokémon
|rule|OHKO Clause: OHKO moves are banned
|rule|Evasion Moves Clause: Evasion moves are banned
|rule|HP Percentage Mod: HP is shown in percentages
|
|start
|switch|p1a: Gengar|Gengar|323\/323
|switch|p2a: cool prize|Alakazam|313\/313
|turn|1
|c|★Lusch|hf
|choice|switch 2|move 4
|
|switch|p1a: Exeggutor|Exeggutor|393\/393
|move|p2a: cool prize|Psychic|p1a: Exeggutor
|-resisted|p1a: Exeggutor
|-damage|p1a: Exeggutor|337\/393
|
|turn|2
|player|p2|sun got tired|20
|choice|move 3|move 1
|
|move|p2a: cool prize|Thunder Wave|p1a: Exeggutor
|-status|p1a: Exeggutor|par
|move|p1a: Exeggutor|Sleep Powder|p2a: cool prize
|-status|p2a: cool prize|slp
|
|turn|3
|choice|move 4|switch 4
|
|switch|p2a: spin around|Chansey|703\/703
|cant|p1a: Exeggutor|par
|
|turn|4
|choice|move 1|move 1
|
|move|p2a: spin around|Ice Beam|p1a: Exeggutor
|-supereffective|p1a: Exeggutor
|-damage|p1a: Exeggutor|204\/393 par
|move|p1a: Exeggutor|Explosion|p2a: spin around
|-damage|p2a: spin around|0 fnt
|faint|p2a: spin around
|faint|p1a: Exeggutor
|choice|switch 4|switch 5
|
|switch|p1a: Zapdos|Zapdos|383\/383
|switch|p2a: lol look guys|Exeggutor|393\/393
|turn|5
|choice|move 2|move 1
|
|move|p1a: Zapdos|Drill Peck|p2a: lol look guys
|-supereffective|p2a: lol look guys
|-damage|p2a: lol look guys|185\/393
|move|p2a: lol look guys|Sleep Powder|p1a: Zapdos|[miss]
|-miss|p2a: lol look guys
|
|turn|6
|choice|move 2|switch 6
|
|switch|p2a: flashy dressing|Jolteon|333\/333
|move|p1a: Zapdos|Drill Peck|p2a: flashy dressing
|-crit|p2a: flashy dressing
|-resisted|p2a: flashy dressing
|-damage|p2a: flashy dressing|223\/333
|
|turn|7
|choice|switch 6|switch 2
|
|switch|p2a: new wind|Snorlax|523\/523
|switch|p1a: Chansey|Chansey|703\/703
|
|turn|8
|choice|move 3|move 3
|
|move|p1a: Chansey|Thunder Wave|p2a: new wind
|-status|p2a: new wind|par
|cant|p2a: new wind|par
|
|turn|9
|choice|move 1|move 3
|
|move|p1a: Chansey|Ice Beam|p2a: new wind
|-damage|p2a: new wind|414\/523 par
|move|p2a: new wind|Reflect|p2a: new wind
|-start|p2a: new wind|Reflect
|
|turn|10
|choice|move 1|move 1
|
|move|p1a: Chansey|Ice Beam|p2a: new wind
|-damage|p2a: new wind|309\/523 par
|cant|p2a: new wind|par
|
|turn|11
|choice|move 1|move 1
|
|move|p1a: Chansey|Ice Beam|p2a: new wind
|-damage|p2a: new wind|217\/523 par
|move|p2a: new wind|Body Slam|p1a: Chansey
|-damage|p1a: Chansey|403\/703
|
|turn|12
|choice|move 3|move 2
|
|move|p1a: Chansey|Thunder Wave|p2a: new wind
|-fail|p2a: new wind|par
|move|p2a: new wind|Rest|p2a: new wind
|-status|p2a: new wind|slp
|-heal|p2a: new wind|523\/523 slp|[silent]
|-status|p2a: new wind|slp|[from] move: Rest
|
|turn|13
|choice|switch 6|move 1
|
|switch|p1a: Zapdos|Zapdos|383\/383
|cant|p2a: new wind|slp
|
|turn|14
|choice|move 4|move 1
|
|move|p1a: Zapdos|Thunderbolt|p2a: new wind
|-crit|p2a: new wind
|-damage|p2a: new wind|189\/523 slp
|-curestatus|p2a: new wind|slp
|
|turn|15
|choice|switch 2|move 2
|
|switch|p1a: Gengar|Gengar|323\/323
|move|p2a: new wind|Rest|p2a: new wind
|-status|p2a: new wind|slp
|-heal|p2a: new wind|523\/523 slp|[silent]
|-status|p2a: new wind|slp|[from] move: Rest
|
|turn|16
|choice|move 2|move 4
|
|move|p1a: Gengar|Night Shade|p2a: new wind
|-damage|p2a: new wind|423\/523 slp
|cant|p2a: new wind|slp
|
|turn|17
|choice|move 4|move 4
|
|move|p1a: Gengar|Thunderbolt|p2a: new wind
|-damage|p2a: new wind|297\/523 slp
|-curestatus|p2a: new wind|slp
|
|turn|18
|choice|switch 2|move 4
|
|switch|p1a: Zapdos|Zapdos|383\/383
|move|p2a: new wind|Earthquake|p1a: Zapdos
|-immune|p1a: Zapdos|[msg]
|
|turn|19
|choice|move 4|move 1
|
|move|p1a: Zapdos|Thunderbolt|p2a: new wind
|-damage|p2a: new wind|138\/523
|move|p2a: new wind|Body Slam|p1a: Zapdos
|-damage|p1a: Zapdos|257\/383
|
|turn|20
|choice|move 3|switch 2
|
|switch|p2a: flashy dressing|Jolteon|223\/333
|move|p1a: Zapdos|Thunder Wave|p2a: flashy dressing
|-status|p2a: flashy dressing|par
|
|turn|21
|choice|switch 6|move 4
|
|switch|p1a: Chansey|Chansey|403\/703
|cant|p2a: flashy dressing|par
|
|turn|22
|choice|move 1|move 4
|
|move|p1a: Chansey|Ice Beam|p2a: flashy dressing
|-damage|p2a: flashy dressing|155\/333 par
|move|p2a: flashy dressing|Thunder Wave|p1a: Chansey
|-status|p1a: Chansey|par
|
|turn|23
|choice|move 2|move 2
|
|cant|p2a: flashy dressing|par
|move|p1a: Chansey|Soft-Boiled|p1a: Chansey
|-heal|p1a: Chansey|703\/703 par
|
|turn|24
|choice|move 1|move 2
|
|move|p2a: flashy dressing|Double Kick|p1a: Chansey
|-supereffective|p1a: Chansey
|-damage|p1a: Chansey|594\/703 par
|-damage|p1a: Chansey|485\/703 par
|-hitcount|p1a: Chansey|2
|move|p1a: Chansey|Ice Beam|p2a: flashy dressing
|-damage|p2a: flashy dressing|77\/333 par
|
|turn|25
|choice|switch 2|move 2
|
|switch|p1a: Gengar|Gengar|323\/323
|move|p2a: flashy dressing|Double Kick|p1a: Gengar
|-immune|p1a: Gengar|[msg]
|
|turn|26
|choice|move 2|switch 3
|
|switch|p2a: at the zoo|Tauros|353\/353
|move|p1a: Gengar|Night Shade|p2a: at the zoo
|-damage|p2a: at the zoo|253\/353
|
|turn|27
|choice|move 4|move 4
|
|move|p1a: Gengar|Thunderbolt|p2a: at the zoo
|-damage|p2a: at the zoo|133\/353
|move|p2a: at the zoo|Earthquake|p1a: Gengar
|-supereffective|p1a: Gengar
|-damage|p1a: Gengar|95\/323
|
|turn|28
|choice|move 4|move 4
|
|move|p1a: Gengar|Thunderbolt|p2a: at the zoo
|-damage|p2a: at the zoo|11\/353
|move|p2a: at the zoo|Earthquake|p1a: Gengar
|-supereffective|p1a: Gengar
|-damage|p1a: Gengar|0 fnt
|faint|p1a: Gengar
|choice|switch 5|
|
|switch|p1a: Tauros|Tauros|353\/353
|turn|29
|choice|move 2|move 2
|
|move|p1a: Tauros|Body Slam|p2a: at the zoo
|-damage|p2a: at the zoo|0 fnt
|faint|p2a: at the zoo
|-message|sun got tired forfeited.
|
|win|Lusch