|J|teal6
|J|fa pkingg
|player|p1|teal6|138
|player|p2|fa pkingg|96
|gametype|singles
|gen|1
|tier|[Gen 1] OU
|seed|
|rule|Sleep Clause Mod: Limit one foe put to sleep
|rule|Freeze Clause Mod: Limit one foe frozen
|rule|Species Clause: Limit one of each Pokémon
|rule|OHKO Clause: OHKO moves are banned
|rule|Evasion Moves Clause: Evasion moves are banned
|rule|HP Percentage Mod: HP is shown in percentages
|
|start
|switch|p1a: Starmie|Starmie|100\/100
|switch|p2a: Jynx|Jynx|100\/100
|turn|1
|choice||
|
|move|p1a: Starmie|Thunder Wave|p2a: Jynx|[miss]
|-miss|p1a: Starmie
|move|p2a: Jynx|Lovely Kiss|p1a: Starmie
|-status|p1a: Starmie|slp
|
|turn|2
|J|Alexander
|c|★fa pkingg|ahahaha
|c|★teal6|heh
|J|KratosMana
|choice||
|
|cant|p1a: Starmie|slp
|move|p2a: Jynx|Blizzard|p1a: Starmie
|-resisted|p1a: Starmie
|-damage|p1a: Starmie|78\/100 slp
|
|turn|3
|choice||
|
|-curestatus|p1a: Starmie|slp
|move|p2a: Jynx|Psychic|p1a: Starmie
|-resisted|p1a: Starmie
|-damage|p1a: Starmie|63\/100
|
|turn|4
|choice||
|
|move|p1a: Starmie|Thunder Wave|p2a: Jynx
|-status|p2a: Jynx|par
|cant|p2a: Jynx|par
|
|turn|5
|J|Purrl
|choice||
|
|move|p1a: Starmie|Recover|p1a: Starmie
|-heal|p1a: Starmie|100\/100
|cant|p2a: Jynx|par
|
|turn|6
|J|r0ady
|c|+Purrl|hi fapkingg big fan
|c|+Purrl|hi teal big fan
|c|★fa pkingg|same
|c|★teal6|hi pearl :)
|c|+Purrl|what's this for
|choice||
|
|move|p1a: Starmie|Psychic|p2a: Jynx
|-resisted|p2a: Jynx
|-damage|p2a: Jynx|84\/100 par
|move|p2a: Jynx|Lovely Kiss|p1a: Starmie
|-status|p1a: Starmie|slp
|
|turn|7
|L|r0ady
|c|★fa pkingg|fun
|c|+Purrl|i c
|choice||
|
|switch|p1a: Snorlax|Snorlax|100\/100
|cant|p2a: Jynx|par
|
|turn|8
|choice||
|
|switch|p2a: Lapras|Lapras, M|100\/100
|move|p1a: Snorlax|Amnesia|p1a: Snorlax
|-boost|p1a: Snorlax|spd|2
|-boost|p1a: Snorlax|spa|2
|
|turn|9
|choice||
|
|move|p2a: Lapras|Confuse Ray|p1a: Snorlax
|-start|p1a: Snorlax|confusion
|-activate|p1a: Snorlax|confusion
|move|p1a: Snorlax|Body Slam|p2a: Lapras
|-damage|p2a: Lapras|74\/100
|
|turn|10
|choice||
|
|move|p2a: Lapras|Blizzard|p1a: Snorlax
|-crit|p1a: Snorlax
|-damage|p1a: Snorlax|35\/100
|-end|p1a: Snorlax|confusion
|move|p1a: Snorlax|Body Slam|p2a: Lapras
|-damage|p2a: Lapras|48\/100
|-status|p2a: Lapras|par
|
|turn|11
|J|Bomber
|choice||
|
|switch|p2a: Tauros|Tauros|100\/100
|move|p1a: Snorlax|Self-Destruct|p2a: Tauros
|-damage|p2a: Tauros|2\/100
|faint|p1a: Snorlax
|c|★fa pkingg|o
|L|Bomber
|choice||
|
|switch|p1a: Tauros|Tauros|100\/100
|turn|12
|J|Tobes
|choice||
|
|switch|p2a: Cloyster|Cloyster, M|100\/100
|move|p1a: Tauros|Body Slam|p2a: Cloyster
|-damage|p2a: Cloyster|77\/100
|
|turn|13
|choice||
|
|move|p1a: Tauros|Body Slam|p2a: Cloyster
|-crit|p2a: Cloyster
|-damage|p2a: Cloyster|38\/100
|move|p2a: Cloyster|Blizzard|p1a: Tauros|[miss]
|-miss|p2a: Cloyster
|
|turn|14
|choice||
|
|switch|p2a: Articuno|Articuno|100\/100
|move|p1a: Tauros|Body Slam|p2a: Articuno
|-crit|p2a: Articuno
|-damage|p2a: Articuno|47\/100
|
|turn|15
|choice||
|
|move|p1a: Tauros|Hyper Beam|p2a: Articuno
|-damage|p2a: Articuno|3\/100
|move|p2a: Articuno|Blizzard|p1a: Tauros|[miss]
|-miss|p2a: Articuno
|
|turn|16
|-mustrecharge|p1a: Tauros
|c|★teal6|at least
|c|★teal6|you are getting your bad luck done with now
|c|★teal6|as opposed to the tournament
|c|★teal6|:(
|-mustrecharge|p1a: Tauros
|choice||
|
|cant|p1a: Tauros|recharge
|move|p2a: Articuno|Blizzard|p1a: Tauros
|-damage|p1a: Tauros|46\/100
|
|turn|17
|choice||
|
|move|p1a: Tauros|Body Slam|p2a: Articuno
|-damage|p2a: Articuno|0 fnt
|faint|p2a: Articuno
|c|★fa pkingg|cuno was the real man.
|choice||
|
|switch|p2a: Tauros|Tauros|2\/100
|turn|18
|choice||
|
|switch|p1a: Exeggutor|Exeggutor|100\/100
|move|p2a: Tauros|Hyper Beam|p1a: Exeggutor
|-damage|p1a: Exeggutor|48\/100
|
|turn|19
|-mustrecharge|p2a: Tauros
|c|+Purrl|i like rby cuno
|c|★teal6|im not sure
|-mustrecharge|p2a: Tauros
|choice||
|
|cant|p2a: Tauros|recharge
|move|p1a: Exeggutor|Psychic|p2a: Tauros
|-damage|p2a: Tauros|0 fnt
|faint|p2a: Tauros
|c|★teal6|what it does
|c|★fa pkingg|hey
|c|+Purrl|it hits like a truckk
|c|+Purrl|and 1v1s tauros
|c|+Purrl|from full
|c|★fa pkingg|strongest blizzard in the game
|c|★teal6|like strong blizzards?
|c|★teal6|ah
|c|★fa pkingg|1v1s even snorlax
|c|+Purrl|yh
|c|★fa pkingg|with reflect
|c|★teal6|oh wow
|choice||
|
|switch|p2a: Cloyster|Cloyster, M|38\/100
|turn|20
|choice||
|
|switch|p1a: Starmie|Starmie|100\/100 slp
|move|p2a: Cloyster|Blizzard|p1a: Starmie
|-resisted|p1a: Starmie
|-damage|p1a: Starmie|81\/100 slp
|
|turn|21
|choice||
|
|switch|p2a: Lapras|Lapras, M|48\/100 par
|cant|p1a: Starmie|slp
|
|turn|22
|choice||
|
|cant|p1a: Starmie|slp
|move|p2a: Lapras|Thunderbolt|p1a: Starmie
|-supereffective|p1a: Starmie
|-damage|p1a: Starmie|36\/100 slp
|
|turn|23
|choice||
|
|cant|p1a: Starmie|slp
|move|p2a: Lapras|Blizzard|p1a: Starmie|[miss]
|-miss|p2a: Lapras
|
|turn|24
|choice||
|
|-curestatus|p1a: Starmie|slp
|cant|p2a: Lapras|par
|
|turn|25
|choice||
|
|move|p1a: Starmie|Recover|p1a: Starmie
|-heal|p1a: Starmie|86\/100
|move|p2a: Lapras|Thunderbolt|p1a: Starmie
|-supereffective|p1a: Starmie
|-damage|p1a: Starmie|42\/100
|
|turn|26
|choice||
|
|move|p1a: Starmie|Recover|p1a: Starmie
|-heal|p1a: Starmie|92\/100
|cant|p2a: Lapras|par
|
|turn|27
|choice||
|
|move|p1a: Starmie|Psychic|p2a: Lapras
|-damage|p2a: Lapras|22\/100 par
|-unboost|p2a: Lapras|spd|1
|-unboost|p2a: Lapras|spa|1
|move|p2a: Lapras|Thunderbolt|p1a: Starmie
|-supereffective|p1a: Starmie
|-damage|p1a: Starmie|62\/100
|
|turn|28
|choice||
|
|switch|p2a: Jynx|Jynx|84\/100 par
|move|p1a: Starmie|Psychic|p2a: Jynx
|-resisted|p2a: Jynx
|-damage|p2a: Jynx|67\/100 par
|
|turn|29
|choice||
|
|move|p1a: Starmie|Psychic|p2a: Jynx
|-resisted|p2a: Jynx
|-damage|p2a: Jynx|52\/100 par
|-unboost|p2a: Jynx|spd|1
|-unboost|p2a: Jynx|spa|1
|move|p2a: Jynx|Blizzard|p1a: Starmie
|-resisted|p1a: Starmie
|-damage|p1a: Starmie|47\/100
|
|turn|30
|choice||
|
|move|p1a: Starmie|Recover|p1a: Starmie
|-heal|p1a: Starmie|97\/100
|move|p2a: Jynx|Blizzard|p1a: Starmie
|-resisted|p1a: Starmie
|-damage|p1a: Starmie|83\/100
|
|turn|31
|choice||
|
|move|p1a: Starmie|Psychic|p2a: Jynx
|-resisted|p2a: Jynx
|-damage|p2a: Jynx|25\/100 par
|-unboost|p2a: Jynx|spd|1
|-unboost|p2a: Jynx|spa|1
|cant|p2a: Jynx|par
|
|turn|32
|c|+Purrl|yo teal
|c|+Purrl|wanna play an uu matcha
|c|★teal6|yo
|c|+Purrl|after this 1
|c|★teal6|sure
|choice||
|
|switch|p2a: Chansey|Chansey|100\/100
|move|p1a: Starmie|Psychic|p2a: Chansey
|-damage|p2a: Chansey|86\/100
|
|turn|33
|choice||
|
|move|p1a: Starmie|Thunder Wave|p2a: Chansey
|-status|p2a: Chansey|par
|move|p2a: Chansey|Thunderbolt|p1a: Starmie
|-supereffective|p1a: Starmie
|-damage|p1a: Starmie|33\/100
|
|turn|34
|choice||
|
|move|p1a: Starmie|Psychic|p2a: Chansey
|-damage|p2a: Chansey|71\/100 par
|-unboost|p2a: Chansey|spd|1
|-unboost|p2a: Chansey|spa|1
|move|p2a: Chansey|Ice Beam|p1a: Starmie
|-resisted|p1a: Starmie
|-damage|p1a: Starmie|25\/100
|
|turn|35
|choice||
|
|move|p1a: Starmie|Psychic|p2a: Chansey
|-crit|p2a: Chansey
|-damage|p2a: Chansey|44\/100 par
|move|p2a: Chansey|Thunderbolt|p1a: Starmie
|-supereffective|p1a: Starmie
|-damage|p1a: Starmie|0 fnt
|faint|p1a: Starmie
|choice||
|
|switch|p1a: Cloyster|Cloyster|100\/100
|turn|36
|choice||
|
|switch|p2a: Cloyster|Cloyster, M|38\/100
|move|p1a: Cloyster|Clamp|p2a: Cloyster
|-resisted|p2a: Cloyster
|-damage|p2a: Cloyster|31\/100
|
|turn|37
|choice||
|
|cant|p2a: Cloyster|partiallytrapped
|move|p1a: Cloyster|Clamp|p2a: Cloyster|[from]Clamp
|-damage|p2a: Cloyster|25\/100
|
|turn|38
|choice||
|
|move|p1a: Cloyster|Clamp|p2a: Cloyster
|-resisted|p2a: Cloyster
|-damage|p2a: Cloyster|18\/100
|cant|p2a: Cloyster|partiallytrapped
|
|turn|39
|choice||
|
|move|p1a: Cloyster|Clamp|p2a: Cloyster|[from]Clamp
|-damage|p2a: Cloyster|11\/100
|cant|p2a: Cloyster|partiallytrapped
|
|turn|40
|choice||
|
|move|p1a: Cloyster|Clamp|p2a: Cloyster|[from]Clamp
|-damage|p2a: Cloyster|4\/100
|cant|p2a: Cloyster|partiallytrapped
|
|turn|41
|choice||
|
|switch|p1a: Exeggutor|Exeggutor|48\/100
|move|p2a: Cloyster|Blizzard|p1a: Exeggutor
|-supereffective|p1a: Exeggutor
|-damage|p1a: Exeggutor|0 fnt
|faint|p1a: Exeggutor
|J|veni vidi victini
|choice||
|
|switch|p1a: Tauros|Tauros|46\/100
|turn|42
|L|veni vidi victini
|c|★fa pkingg|the sweep.
|c|★fa pkingg|gg
|choice||
|
|move|p1a: Tauros|Body Slam|p2a: Cloyster
|-crit|p2a: Cloyster
|-damage|p2a: Cloyster|0 fnt
|faint|p2a: Cloyster
|choice||
|
|switch|p2a: Lapras|Lapras, M|22\/100 par
|turn|43
|c|★teal6|gg pal
|choice||
|
|move|p1a: Tauros|Body Slam|p2a: Lapras
|-damage|p2a: Lapras|0 fnt
|faint|p2a: Lapras
|choice||
|
|switch|p2a: Chansey|Chansey|44\/100 par
|turn|44
|choice||
|
|move|p1a: Tauros|Hyper Beam|p2a: Chansey
|-damage|p2a: Chansey|0 fnt
|faint|p2a: Chansey
|choice||
|
|switch|p2a: Jynx|Jynx|25\/100 par
|turn|45
|choice||
|
|move|p1a: Tauros|Body Slam|p2a: Jynx
|-damage|p2a: Jynx|0 fnt
|faint|p2a: Jynx
|
|win|teal6