|J|Nails
|J|Ortheore
|player|p1|Nails|282
|player|p2|Ortheore|2
|gametype|singles
|gen|1
|tier|[Gen 1] OU
|seed|
|rule|Sleep Clause Mod: Limit one foe put to sleep
|rule|Freeze Clause Mod: Limit one foe frozen
|rule|Species Clause: Limit one of each Pokémon
|rule|OHKO Clause: OHKO moves are banned
|rule|Evasion Moves Clause: Evasion moves are banned
|rule|HP Percentage Mod: HP is shown in percentages
|
|start
|switch|p1a: Alakazam|Alakazam|100\/100
|switch|p2a: Starmie|Starmie|100\/100
|turn|1
|choice||
|
|move|p1a: Alakazam|Thunder Wave|p2a: Starmie
|-status|p2a: Starmie|par
|move|p2a: Starmie|Ice Beam|p1a: Alakazam
|-damage|p1a: Alakazam|81\/100
|
|turn|2
|choice||
|
|move|p1a: Alakazam|Seismic Toss|p2a: Starmie
|-damage|p2a: Starmie|70\/100 par
|cant|p2a: Starmie|par
|
|turn|3
|J|jirachee
|choice||
|
|switch|p1a: Chansey|Chansey|100\/100
|cant|p2a: Starmie|par
|
|turn|4
|choice||
|
|switch|p2a: Exeggutor|Exeggutor, M|100\/100
|move|p1a: Chansey|Seismic Toss|p2a: Exeggutor
|-damage|p2a: Exeggutor|75\/100
|
|turn|5
|choice||
|
|switch|p1a: Alakazam|Alakazam|81\/100
|move|p2a: Exeggutor|Sleep Powder|p1a: Alakazam
|-status|p1a: Alakazam|slp
|
|turn|6
|choice||
|
|switch|p1a: Chansey|Chansey|100\/100
|move|p2a: Exeggutor|Stun Spore|p1a: Chansey
|-status|p1a: Chansey|par
|
|turn|7
|choice||
|
|switch|p2a: Golem|Golem, M|100\/100
|move|p1a: Chansey|Thunder Wave|p2a: Golem
|-immune|p2a: Golem|[msg]
|
|turn|8
|choice||
|
|switch|p1a: Dragonite|Dragonite|100\/100
|move|p2a: Golem|Body Slam|p1a: Dragonite
|-damage|p1a: Dragonite|82\/100
|
|turn|9
|choice||
|
|switch|p2a: Starmie|Starmie|70\/100 par
|move|p1a: Dragonite|Blizzard|p2a: Starmie
|-resisted|p2a: Starmie
|-damage|p2a: Starmie|56\/100 par
|
|turn|10
|choice||
|
|move|p1a: Dragonite|Wrap|p2a: Starmie
|-damage|p2a: Starmie|50\/100 par
|cant|p2a: Starmie|partiallytrapped
|
|turn|11
|choice||
|
|switch|p2a: Tauros|Tauros|100\/100
|move|p1a: Dragonite|Wrap|p2a: Tauros
|-damage|p2a: Tauros|97\/100
|
|turn|12
|choice||
|
|switch|p1a: Snorlax|Snorlax|100\/100
|cant|p2a: Tauros|partiallytrapped
|
|turn|13
|choice||
|
|switch|p2a: Chansey|Chansey|100\/100
|move|p1a: Snorlax|Body Slam|p2a: Chansey
|-damage|p2a: Chansey|58\/100
|
|turn|14
|choice||
|
|move|p2a: Chansey|Soft-Boiled|p2a: Chansey
|-heal|p2a: Chansey|100\/100
|move|p1a: Snorlax|Body Slam|p2a: Chansey
|-damage|p2a: Chansey|56\/100
|
|turn|15
|choice||
|
|move|p2a: Chansey|Thunder Wave|p1a: Snorlax
|-status|p1a: Snorlax|par
|cant|p1a: Snorlax|par
|
|turn|16
|choice||
|
|move|p2a: Chansey|Soft-Boiled|p2a: Chansey
|-heal|p2a: Chansey|100\/100
|cant|p1a: Snorlax|par
|
|turn|17
|choice||
|
|move|p2a: Chansey|Thunderbolt|p1a: Snorlax
|-crit|p1a: Snorlax
|-damage|p1a: Snorlax|65\/100 par
|move|p1a: Snorlax|Reflect|p1a: Snorlax
|-start|p1a: Snorlax|Reflect
|
|turn|18
|choice||
|
|move|p2a: Chansey|Thunderbolt|p1a: Snorlax
|-damage|p1a: Snorlax|45\/100 par
|cant|p1a: Snorlax|par
|
|turn|19
|choice||
|
|switch|p2a: Exeggutor|Exeggutor, M|75\/100
|move|p1a: Snorlax|Body Slam|p2a: Exeggutor
|-damage|p2a: Exeggutor|47\/100
|-status|p2a: Exeggutor|par
|
|turn|20
|choice||
|
|move|p2a: Exeggutor|Psychic|p1a: Snorlax
|-damage|p1a: Snorlax|15\/100 par
|move|p1a: Snorlax|Hyper Beam|p2a: Exeggutor
|-damage|p2a: Exeggutor|0 fnt
|faint|p2a: Exeggutor
|choice||
|
|switch|p2a: Chansey|Chansey|100\/100
|turn|21
|choice||
|
|switch|p1a: Chansey|Chansey|100\/100 par
|move|p2a: Chansey|Thunderbolt|p1a: Chansey
|-damage|p1a: Chansey|89\/100 par
|
|turn|22
|choice||
|
|switch|p2a: Golem|Golem, M|100\/100
|move|p1a: Chansey|Ice Beam|p2a: Golem
|-supereffective|p2a: Golem
|-damage|p2a: Golem|39\/100
|
|turn|23
|choice||
|
|switch|p1a: Snorlax|Snorlax|15\/100 par
|move|p2a: Golem|Earthquake|p1a: Snorlax
|-damage|p1a: Snorlax|0 fnt
|faint|p1a: Snorlax
|choice||
|
|switch|p1a: Dragonite|Dragonite|82\/100
|turn|24
|choice||
|
|move|p1a: Dragonite|Blizzard|p2a: Golem
|-crit|p2a: Golem
|-supereffective|p2a: Golem
|-damage|p2a: Golem|0 fnt
|faint|p2a: Golem
|choice||
|
|switch|p2a: Tauros|Tauros|97\/100
|turn|25
|choice||
|
|switch|p1a: Slowbro|Slowbro|100\/100
|move|p2a: Tauros|Blizzard|p1a: Slowbro|[miss]
|-miss|p2a: Tauros
|
|turn|26
|J|Void
|choice||
|
|switch|p2a: Starmie|Starmie|50\/100 par
|move|p1a: Slowbro|Amnesia|p1a: Slowbro
|-boost|p1a: Slowbro|spd|2
|-boost|p1a: Slowbro|spa|2
|
|turn|27
|choice||
|
|move|p1a: Slowbro|Psychic|p2a: Starmie
|-resisted|p2a: Starmie
|-damage|p2a: Starmie|22\/100 par
|move|p2a: Starmie|Recover|p2a: Starmie
|-heal|p2a: Starmie|72\/100 par
|
|turn|28
|choice||
|
|move|p1a: Slowbro|Amnesia|p1a: Slowbro
|-boost|p1a: Slowbro|spd|2
|-boost|p1a: Slowbro|spa|2
|move|p2a: Starmie|Light Screen|p2a: Starmie
|-start|p2a: Starmie|Light Screen
|
|turn|29
|choice||
|
|switch|p1a: Chansey|Chansey|89\/100 par
|move|p2a: Starmie|Ice Beam|p1a: Chansey
|-damage|p1a: Chansey|78\/100 par
|
|turn|30
|choice||
|
|move|p1a: Chansey|Seismic Toss|p2a: Starmie
|-damage|p2a: Starmie|41\/100 par
|move|p2a: Starmie|Recover|p2a: Starmie
|-heal|p2a: Starmie|91\/100 par
|
|turn|31
|choice||
|
|switch|p2a: Tauros|Tauros|97\/100
|move|p1a: Chansey|Thunder Wave|p2a: Tauros
|-status|p2a: Tauros|par
|
|turn|32
|choice||
|
|switch|p1a: Slowbro|Slowbro|100\/100
|move|p2a: Tauros|Body Slam|p1a: Slowbro
|-damage|p1a: Slowbro|79\/100
|-status|p1a: Slowbro|par
|
|turn|33
|choice||
|
|move|p2a: Tauros|Body Slam|p1a: Slowbro
|-damage|p1a: Slowbro|56\/100 par
|move|p1a: Slowbro|Amnesia|p1a: Slowbro
|-boost|p1a: Slowbro|spd|2
|-boost|p1a: Slowbro|spa|2
|
|turn|34
|choice||
|
|switch|p2a: Chansey|Chansey|100\/100
|move|p1a: Slowbro|Thunder Wave|p2a: Chansey
|-status|p2a: Chansey|par
|
|turn|35
|choice||
|
|move|p2a: Chansey|Thunderbolt|p1a: Slowbro
|-supereffective|p1a: Slowbro
|-damage|p1a: Slowbro|32\/100 par
|move|p1a: Slowbro|Amnesia|p1a: Slowbro
|-boost|p1a: Slowbro|spd|2
|-boost|p1a: Slowbro|spa|2
|
|turn|36
|choice||
|
|cant|p1a: Slowbro|par
|cant|p2a: Chansey|par
|
|turn|37
|choice||
|
|switch|p2a: Tauros|Tauros|97\/100 par
|move|p1a: Slowbro|Rest|p1a: Slowbro
|-status|p1a: Slowbro|slp
|-heal|p1a: Slowbro|100\/100 slp|[silent]
|-status|p1a: Slowbro|slp|[from] move: Rest
|
|turn|38
|choice||
|
|move|p2a: Tauros|Body Slam|p1a: Slowbro
|-damage|p1a: Slowbro|75\/100 slp
|cant|p1a: Slowbro|slp
|
|turn|39
|J|Omfuga
|choice||
|
|move|p2a: Tauros|Body Slam|p1a: Slowbro
|-damage|p1a: Slowbro|52\/100 slp
|-curestatus|p1a: Slowbro|slp
|
|turn|40
|choice||
|
|switch|p2a: Starmie|Starmie|91\/100 par
|move|p1a: Slowbro|Amnesia|p1a: Slowbro
|-boost|p1a: Slowbro|spd|2
|-boost|p1a: Slowbro|spa|2
|
|turn|41
|c|+Omfuga|nails
|c|+Omfuga|why the fuck
|c|+Omfuga|are u psychic
|c|+Omfuga|,
|c|★Nails|-
|choice||
|
|switch|p2a: Tauros|Tauros|97\/100 par
|move|p1a: Slowbro|Psychic|p2a: Tauros
|-damage|p2a: Tauros|0 fnt
|faint|p2a: Tauros
|choice||
|
|switch|p2a: Starmie|Starmie|91\/100 par
|turn|42
|choice||
|
|move|p2a: Starmie|Light Screen|p2a: Starmie
|-start|p2a: Starmie|Light Screen
|move|p1a: Slowbro|Psychic|p2a: Starmie
|-resisted|p2a: Starmie
|-damage|p2a: Starmie|64\/100 par
|
|turn|43
|c|+Omfuga|omg
|choice||
|
|cant|p2a: Starmie|par
|move|p1a: Slowbro|Rest|p1a: Slowbro
|-status|p1a: Slowbro|slp
|-heal|p1a: Slowbro|100\/100 slp|[silent]
|-status|p1a: Slowbro|slp|[from] move: Rest
|
|turn|44
|c|+Omfuga|slowbros the worst mon
|c|+Omfuga|known to man
|choice||
|
|move|p2a: Starmie|Recover|p2a: Starmie
|-heal|p2a: Starmie|100\/100 par
|cant|p1a: Slowbro|slp
|
|turn|45
|c|+Omfuga|u literally cant kill this starmie b
|c|+Omfuga|wtf u doin
|choice||
|
|switch|p2a: Chansey|Chansey|100\/100 par
|-curestatus|p1a: Slowbro|slp
|
|turn|46
|c|★Nails|its only attack is light screen
|c|★Nails|lol
|c|+Omfuga|,
|c|+Omfuga|it has ice beam
|c|+Omfuga|:P
|c|★Nails|thats not even a joke, it has ice beam twave recover light screen
|choice||
|
|switch|p2a: Starmie|Starmie|100\/100 par
|move|p1a: Slowbro|Psychic|p2a: Starmie
|-resisted|p2a: Starmie
|-damage|p2a: Starmie|46\/100 par
|
|turn|47
|c|+Omfuga|oml
|choice||
|
|move|p2a: Starmie|Light Screen|p2a: Starmie
|-start|p2a: Starmie|Light Screen
|move|p1a: Slowbro|Psychic|p2a: Starmie
|-resisted|p2a: Starmie
|-damage|p2a: Starmie|19\/100 par
|
|turn|48
|choice||
|
|cant|p2a: Starmie|par
|move|p1a: Slowbro|Psychic|p2a: Starmie
|-resisted|p2a: Starmie
|-damage|p2a: Starmie|0 fnt
|faint|p2a: Starmie
|choice||
|
|switch|p2a: Articuno|Articuno|100\/100
|turn|49
|c|+Omfuga|u couldve
|c|+Omfuga|freeze fished
|c|+Omfuga|and won
|c|+Omfuga|alaAS>
|choice||
|
|move|p2a: Articuno|Blizzard|p1a: Slowbro|[miss]
|-miss|p2a: Articuno
|move|p1a: Slowbro|Psychic|p2a: Articuno
|-damage|p2a: Articuno|22\/100
|
|turn|50
|choice||
|
|move|p2a: Articuno|Blizzard|p1a: Slowbro
|-resisted|p1a: Slowbro
|-damage|p1a: Slowbro|95\/100
|move|p1a: Slowbro|Psychic|p2a: Articuno|[miss]
|-miss|p1a: Slowbro
|
|turn|51
|c|★Nails|-
|c|+Omfuga|.
|c|+Omfuga|LOL
|choice||
|
|move|p2a: Articuno|Blizzard|p1a: Slowbro
|-crit|p1a: Slowbro
|-resisted|p1a: Slowbro
|-damage|p1a: Slowbro|45\/100
|move|p1a: Slowbro|Psychic|p2a: Articuno
|-damage|p2a: Articuno|0 fnt
|faint|p2a: Articuno
|c|★Nails|gg
|choice||
|
|switch|p2a: Chansey|Chansey|100\/100 par
|turn|52
|choice||
|
|move|p2a: Chansey|Thunderbolt|p1a: Slowbro
|-supereffective|p1a: Slowbro
|-damage|p1a: Slowbro|33\/100
|-status|p1a: Slowbro|par
|move|p1a: Slowbro|Psychic|p2a: Chansey
|-damage|p2a: Chansey|55\/100 par
|
|turn|53
|J|snagaa
|choice||
|
|cant|p2a: Chansey|par
|cant|p1a: Slowbro|par
|
|turn|54
|choice||
|
|cant|p2a: Chansey|par
|move|p1a: Slowbro|Amnesia|p1a: Slowbro
|-boost|p1a: Slowbro|spd|2
|-boost|p1a: Slowbro|spa|2
|
|turn|55
|L|snagaa
|choice||
|
|cant|p2a: Chansey|par
|move|p1a: Slowbro|Psychic|p2a: Chansey
|-damage|p2a: Chansey|7\/100 par
|
|turn|56
|c|&jirachee|remember when nails said gg before the game was over
|choice||
|
|move|p2a: Chansey|Soft-Boiled|p2a: Chansey
|-heal|p2a: Chansey|57\/100 par
|move|p1a: Slowbro|Psychic|p2a: Chansey
|-damage|p2a: Chansey|11\/100 par
|
|turn|57
|c|★Nails|i have a paraed chansey
|c|★Nails|and he has a chansey
|c|★Nails|it's
|c|★Nails|fairly over
|c|&jirachee|he could fp 75 times in a row
|choice||
|
|move|p2a: Chansey|Soft-Boiled|p2a: Chansey
|-heal|p2a: Chansey|61\/100 par
|move|p1a: Slowbro|Psychic|p2a: Chansey
|-damage|p2a: Chansey|12\/100 par
|
|turn|58
|c|&jirachee|while u waste ur pp
|choice||
|
|cant|p2a: Chansey|par
|move|p1a: Slowbro|Psychic|p2a: Chansey
|-damage|p2a: Chansey|0 fnt
|faint|p2a: Chansey
|
|win|Nails