|J|W3K
|J|smilzo
|player|p1|W3K|1
|player|p2|smilzo|157
|gametype|singles
|gen|1
|tier|[Gen 1] OU
|seed|27227,33671,31145,28465
|rule|Sleep Clause Mod: Limit one foe put to sleep
|rule|Freeze Clause Mod: Limit one foe frozen
|rule|Species Clause: Limit one of each Pokémon
|rule|OHKO Clause: OHKO moves are banned
|rule|Evasion Moves Clause: Evasion moves are banned
|rule|HP Percentage Mod: HP is shown in percentages
|
|start
|switch|p1a: Starmie|Starmie|323\/323
|switch|p2a: Alakazam|Alakazam|313\/313
|turn|1
|c|★smilzo|hf
|choice|switch 2|move 2
|
|switch|p1a: Chansey|Chansey|703\/703
|move|p2a: Alakazam|Thunder Wave|p1a: Chansey
|-status|p1a: Chansey|par
|
|turn|2
|c|★W3K|You too.
|choice|move 1|move 1
|
|move|p2a: Alakazam|Psychic|p1a: Chansey
|-damage|p1a: Chansey|569\/703 par
|move|p1a: Chansey|Ice Beam|p2a: Alakazam
|-damage|p2a: Alakazam|253\/313
|
|turn|3
|choice|move 1|move 1
|
|move|p2a: Alakazam|Psychic|p1a: Chansey
|-damage|p1a: Chansey|443\/703 par
|cant|p1a: Chansey|par
|
|turn|4
|choice|move 4|move 1
|
|move|p2a: Alakazam|Psychic|p1a: Chansey
|-damage|p1a: Chansey|305\/703 par
|move|p1a: Chansey|Soft-Boiled|p1a: Chansey
|-heal|p1a: Chansey|656\/703 par
|
|turn|5
|choice|move 1|move 1
|
|move|p2a: Alakazam|Psychic|p1a: Chansey
|-crit|p1a: Chansey
|-damage|p1a: Chansey|420\/703 par
|move|p1a: Chansey|Ice Beam|p2a: Alakazam
|-damage|p2a: Alakazam|190\/313
|
|turn|6
|choice|move 4|move 1
|
|move|p2a: Alakazam|Psychic|p1a: Chansey
|-damage|p1a: Chansey|292\/703 par
|-unboost|p1a: Chansey|spd|1
|-unboost|p1a: Chansey|spa|1
|move|p1a: Chansey|Soft-Boiled|p1a: Chansey
|-heal|p1a: Chansey|643\/703 par
|
|turn|7
|choice|move 3|move 3
|
|move|p2a: Alakazam|Recover|p2a: Alakazam
|-heal|p2a: Alakazam|313\/313
|move|p1a: Chansey|Thunder Wave|p2a: Alakazam
|-status|p2a: Alakazam|par
|
|turn|8
|choice|switch 3|move 1
|
|switch|p1a: Snorlax|Snorlax|523\/523
|move|p2a: Alakazam|Psychic|p1a: Snorlax
|-crit|p1a: Snorlax
|-damage|p1a: Snorlax|185\/523
|
|turn|9
|J|Nintendi
|choice|move 1|switch 4
|
|switch|p2a: Chansey|Chansey|703\/703
|move|p1a: Snorlax|Body Slam|p2a: Chansey
|-damage|p2a: Chansey|406\/703
|
|turn|10
|choice|move 2|move 3
|
|move|p2a: Chansey|Soft-Boiled|p2a: Chansey
|-heal|p2a: Chansey|703\/703
|move|p1a: Snorlax|Earthquake|p2a: Chansey
|-damage|p2a: Chansey|456\/703
|
|turn|11
|choice|switch 3|move 3
|
|switch|p1a: Chansey|Chansey|643\/703 par
|move|p2a: Chansey|Soft-Boiled|p2a: Chansey
|-heal|p2a: Chansey|703\/703
|
|turn|12
|J|reeeeeeeeeweeeee
|L|reeeeeeeeeweeeee
|choice|move 1|switch 4
|
|switch|p2a: Alakazam|Alakazam|313\/313 par
|cant|p1a: Chansey|par
|
|turn|13
|L|Nintendi
|choice|move 1|move 1
|
|cant|p2a: Alakazam|par
|cant|p1a: Chansey|par
|
|turn|14
|J|Nintendi
|L|Nintendi
|J|Nintendi
|L|Nintendi
|choice|move 2|move 1
|
|move|p2a: Alakazam|Psychic|p1a: Chansey
|-damage|p1a: Chansey|523\/703 par
|-unboost|p1a: Chansey|spd|1
|-unboost|p1a: Chansey|spa|1
|cant|p1a: Chansey|par
|
|turn|15
|J|Nintendi
|L|Nintendi
|J|Nintendi
|L|Nintendi
|J|Nintendi
|L|Nintendi
|J|Nintendi
|L|Nintendi
|J|Nintendi
|L|Nintendi
|J|Nintendi
|L|Nintendi
|J|Nintendi
|L|Nintendi
|J|Nintendi
|choice|move 4|move 1
|
|cant|p2a: Alakazam|par
|move|p1a: Chansey|Soft-Boiled|p1a: Chansey
|-heal|p1a: Chansey|703\/703 par
|
|turn|16
|choice|move 2|move 1
|
|cant|p2a: Alakazam|par
|move|p1a: Chansey|Thunderbolt|p2a: Alakazam
|-damage|p2a: Alakazam|275\/313 par
|
|turn|17
|choice|move 2|move 1
|
|move|p2a: Alakazam|Psychic|p1a: Chansey
|-damage|p1a: Chansey|493\/703 par
|cant|p1a: Chansey|par
|
|turn|18
|choice|switch 2|switch 5
|
|switch|p2a: Snorlax|Snorlax|523\/523
|switch|p1a: Starmie|Starmie|323\/323
|
|turn|19
|L|Nintendi
|J|Nintendi
|choice|move 3|switch 4
|
|switch|p2a: Chansey|Chansey|703\/703
|move|p1a: Starmie|Thunder Wave|p2a: Chansey
|-status|p2a: Chansey|par
|
|turn|20
|choice|switch 2|move 2
|
|switch|p1a: Chansey|Chansey|493\/703 par
|cant|p2a: Chansey|par
|
|turn|21
|choice|move 3|switch 4
|
|switch|p2a: Snorlax|Snorlax|523\/523
|cant|p1a: Chansey|par
|
|turn|22
|choice|switch 5|move 1
|
|switch|p1a: Golem|Golem|363\/363
|move|p2a: Snorlax|Body Slam|p1a: Golem
|-resisted|p1a: Golem
|-damage|p1a: Golem|315\/363
|
|turn|23
|choice|move 3|switch 3
|
|switch|p2a: Exeggutor|Exeggutor|393\/393
|move|p1a: Golem|Body Slam|p2a: Exeggutor
|-damage|p2a: Exeggutor|314\/393
|
|turn|24
|choice|switch 5|move 3
|
|switch|p1a: Chansey|Chansey|493\/703 par
|move|p2a: Exeggutor|Psychic|p1a: Chansey
|-damage|p1a: Chansey|378\/703 par
|
|turn|25
|choice|move 4|switch 3
|
|switch|p2a: Snorlax|Snorlax|523\/523
|cant|p1a: Chansey|par
|
|turn|26
|choice|switch 4|move 1
|
|switch|p1a: Exeggutor|Exeggutor|393\/393
|move|p2a: Snorlax|Body Slam|p1a: Exeggutor
|-damage|p1a: Exeggutor|277\/393
|
|turn|27
|choice|switch 3|switch 5
|
|switch|p1a: Snorlax|Snorlax|185\/523
|switch|p2a: Alakazam|Alakazam|275\/313 par
|
|turn|28
|c|★W3K|Test.
|choice|move 1|move 1
|
|move|p1a: Snorlax|Body Slam|p2a: Alakazam
|-damage|p2a: Alakazam|94\/313 par
|cant|p2a: Alakazam|par
|
|turn|29
|choice|move 1|switch 5
|
|switch|p2a: Snorlax|Snorlax|523\/523
|move|p1a: Snorlax|Body Slam|p2a: Snorlax
|-damage|p2a: Snorlax|373\/523
|
|turn|30
|choice|switch 3|switch 5
|
|switch|p1a: Exeggutor|Exeggutor|277\/393
|switch|p2a: Alakazam|Alakazam|94\/313 par
|
|turn|31
|choice|switch 3|move 3
|
|switch|p1a: Snorlax|Snorlax|185\/523
|move|p2a: Alakazam|Recover|p2a: Alakazam
|-heal|p2a: Alakazam|250\/313 par
|
|turn|32
|choice|move 1|switch 5
|
|switch|p2a: Snorlax|Snorlax|373\/523
|move|p1a: Snorlax|Body Slam|p2a: Snorlax
|-crit|p2a: Snorlax
|-damage|p2a: Snorlax|104\/523
|
|turn|33
|choice|move 1|move 2
|
|move|p1a: Snorlax|Body Slam|p2a: Snorlax
|-damage|p2a: Snorlax|0 fnt
|faint|p2a: Snorlax
|choice||switch 3
|
|switch|p2a: Exeggutor|Exeggutor|314\/393
|turn|34
|choice|switch 4|move 1
|
|switch|p1a: Chansey|Chansey|378\/703 par
|move|p2a: Exeggutor|Sleep Powder|p1a: Chansey
|-fail|p1a: Chansey
|
|turn|35
|choice|move 4|switch 5
|
|switch|p2a: Alakazam|Alakazam|250\/313 par
|cant|p1a: Chansey|par
|
|turn|36
|J|xJoelituh
|choice|move 4|move 1
|
|move|p2a: Alakazam|Psychic|p1a: Chansey
|-damage|p1a: Chansey|251\/703 par
|-unboost|p1a: Chansey|spd|1
|-unboost|p1a: Chansey|spa|1
|move|p1a: Chansey|Soft-Boiled|p1a: Chansey
|-heal|p1a: Chansey|602\/703 par
|
|turn|37
|choice|move 2|move 3
|
|move|p2a: Alakazam|Recover|p2a: Alakazam
|-heal|p2a: Alakazam|313\/313 par
|cant|p1a: Chansey|par
|
|turn|38
|choice|move 2|move 1
|
|move|p2a: Alakazam|Psychic|p1a: Chansey
|-crit|p1a: Chansey
|-damage|p1a: Chansey|360\/703 par
|-unboost|p1a: Chansey|spd|1
|-unboost|p1a: Chansey|spa|1
|cant|p1a: Chansey|par
|
|turn|39
|choice|move 4|move 2
|
|cant|p2a: Alakazam|par
|move|p1a: Chansey|Soft-Boiled|p1a: Chansey
|-heal|p1a: Chansey|703\/703 par
|
|turn|40
|L|xJoelituh
|choice|switch 2|move 2
|
|switch|p1a: Starmie|Starmie|323\/323
|move|p2a: Alakazam|Thunder Wave|p1a: Starmie
|-status|p1a: Starmie|par
|
|turn|41
|choice|switch 2|move 4
|
|switch|p1a: Chansey|Chansey|703\/703 par
|move|p2a: Alakazam|Seismic Toss|p1a: Chansey
|-damage|p1a: Chansey|603\/703 par
|
|turn|42
|choice|move 2|move 4
|
|move|p2a: Alakazam|Seismic Toss|p1a: Chansey
|-damage|p1a: Chansey|503\/703 par
|cant|p1a: Chansey|par
|
|turn|43
|choice|move 4|move 4
|
|move|p2a: Alakazam|Seismic Toss|p1a: Chansey
|-damage|p1a: Chansey|403\/703 par
|cant|p1a: Chansey|par
|
|turn|44
|choice|move 4|switch 6
|
|switch|p2a: Tauros|Tauros|353\/353
|cant|p1a: Chansey|par
|
|turn|45
|choice|switch 3|move 1
|
|switch|p1a: Exeggutor|Exeggutor|277\/393
|move|p2a: Tauros|Body Slam|p1a: Exeggutor
|-damage|p1a: Exeggutor|162\/393
|
|turn|46
|choice|move 4|switch 6
|
|switch|p2a: Alakazam|Alakazam|313\/313 par
|move|p1a: Exeggutor|Explosion|p2a: Alakazam
|-damage|p2a: Alakazam|0 fnt
|faint|p2a: Alakazam
|faint|p1a: Exeggutor
|choice|switch 2|switch 5
|
|switch|p2a: Exeggutor|Exeggutor|314\/393
|switch|p1a: Starmie|Starmie|323\/323 par
|turn|47
|choice|switch 3|switch 4
|
|switch|p2a: Chansey|Chansey|703\/703 par
|switch|p1a: Chansey|Chansey|403\/703 par
|
|turn|48
|choice|move 4|switch 6
|
|switch|p2a: Tauros|Tauros|353\/353
|move|p1a: Chansey|Soft-Boiled|p1a: Chansey
|-heal|p1a: Chansey|703\/703 par
|
|turn|49
|choice|move 3|switch 6
|
|switch|p2a: Chansey|Chansey|703\/703 par
|cant|p1a: Chansey|par
|
|turn|50
|choice|move 2|move 4
|
|move|p1a: Chansey|Thunderbolt|p2a: Chansey
|-damage|p2a: Chansey|632\/703 par
|move|p2a: Chansey|Seismic Toss|p1a: Chansey
|-damage|p1a: Chansey|603\/703 par
|
|turn|51
|choice|move 2|move 4
|
|cant|p2a: Chansey|par
|cant|p1a: Chansey|par
|
|turn|52
|choice|move 2|move 4
|
|move|p1a: Chansey|Thunderbolt|p2a: Chansey
|-crit|p2a: Chansey
|-damage|p2a: Chansey|490\/703 par
|move|p2a: Chansey|Seismic Toss|p1a: Chansey
|-damage|p1a: Chansey|503\/703 par
|
|turn|53
|choice|move 2|move 3
|
|cant|p2a: Chansey|par
|cant|p1a: Chansey|par
|
|turn|54
|choice|move 2|move 3
|
|move|p2a: Chansey|Soft-Boiled|p2a: Chansey
|-heal|p2a: Chansey|703\/703 par
|move|p1a: Chansey|Thunderbolt|p2a: Chansey
|-damage|p2a: Chansey|629\/703 par
|
|turn|55
|choice|move 2|move 4
|
|move|p1a: Chansey|Thunderbolt|p2a: Chansey
|-damage|p2a: Chansey|553\/703 par
|cant|p2a: Chansey|par
|
|turn|56
|choice|move 4|move 4
|
|move|p2a: Chansey|Seismic Toss|p1a: Chansey
|-damage|p1a: Chansey|403\/703 par
|move|p1a: Chansey|Soft-Boiled|p1a: Chansey
|-heal|p1a: Chansey|703\/703 par
|
|turn|57
|choice|move 2|move 2
|
|move|p2a: Chansey|Thunder Wave|p1a: Chansey
|-fail|p1a: Chansey|par
|move|p1a: Chansey|Thunderbolt|p2a: Chansey
|-damage|p2a: Chansey|477\/703 par
|
|turn|58
|choice|move 2|move 3
|
|move|p2a: Chansey|Soft-Boiled|p2a: Chansey
|-heal|p2a: Chansey|703\/703 par
|move|p1a: Chansey|Thunderbolt|p2a: Chansey
|-damage|p2a: Chansey|625\/703 par
|
|turn|59
|choice|move 2|move 4
|
|move|p1a: Chansey|Thunderbolt|p2a: Chansey
|-damage|p2a: Chansey|553\/703 par
|move|p2a: Chansey|Seismic Toss|p1a: Chansey
|-damage|p1a: Chansey|603\/703 par
|
|turn|60
|choice|move 2|move 2
|
|move|p1a: Chansey|Thunderbolt|p2a: Chansey
|-damage|p2a: Chansey|476\/703 par
|move|p2a: Chansey|Thunder Wave|p1a: Chansey
|-fail|p1a: Chansey|par
|
|turn|61
|choice|switch 5|move 3
|
|switch|p1a: Golem|Golem|315\/363
|move|p2a: Chansey|Soft-Boiled|p2a: Chansey
|-heal|p2a: Chansey|703\/703 par
|
|turn|62
|choice|move 2|switch 4
|
|switch|p2a: Exeggutor|Exeggutor|314\/393
|move|p1a: Golem|Rock Slide|p2a: Exeggutor
|-damage|p2a: Exeggutor|210\/393
|
|turn|63
|choice|switch 3|move 3
|
|switch|p1a: Starmie|Starmie|323\/323 par
|move|p2a: Exeggutor|Psychic|p1a: Starmie
|-resisted|p1a: Starmie
|-damage|p1a: Starmie|264\/323 par
|
|turn|64
|choice|move 2|switch 4
|
|switch|p2a: Chansey|Chansey|703\/703 par
|move|p1a: Starmie|Psychic|p2a: Chansey
|-damage|p2a: Chansey|600\/703 par
|-unboost|p2a: Chansey|spd|1
|-unboost|p2a: Chansey|spa|1
|
|turn|65
|choice|move 2|move 4
|
|cant|p1a: Starmie|par
|move|p2a: Chansey|Seismic Toss|p1a: Starmie|[miss]
|-miss|p2a: Chansey
|
|turn|66
|c|★W3K|lol
|c|★smilzo|eh
|c|★smilzo|xD
|c|★W3K|Always hilarious.
|choice|move 2|move 4
|
|move|p1a: Starmie|Psychic|p2a: Chansey
|-crit|p2a: Chansey
|-damage|p2a: Chansey|413\/703 par
|cant|p2a: Chansey|par
|
|turn|67
|choice|move 1|move 3
|
|move|p1a: Starmie|Blizzard|p2a: Chansey
|-damage|p2a: Chansey|270\/703 par
|move|p2a: Chansey|Soft-Boiled|p2a: Chansey
|-heal|p2a: Chansey|621\/703 par
|
|turn|68
|choice|move 2|switch 2
|
|switch|p2a: Starmie|Starmie|323\/323
|cant|p1a: Starmie|par
|
|turn|69
|choice|move 3|switch 2
|
|switch|p2a: Chansey|Chansey|621\/703 par
|move|p1a: Starmie|Thunder Wave|p2a: Chansey
|-fail|p2a: Chansey|par
|
|turn|70
|choice|move 2|move 4
|
|move|p1a: Starmie|Psychic|p2a: Chansey
|-damage|p2a: Chansey|515\/703 par
|move|p2a: Chansey|Seismic Toss|p1a: Starmie
|-damage|p1a: Starmie|164\/323 par
|
|turn|71
|choice|move 4|move 4
|
|move|p1a: Starmie|Recover|p1a: Starmie
|-heal|p1a: Starmie|323\/323 par
|move|p2a: Chansey|Seismic Toss|p1a: Starmie
|-damage|p1a: Starmie|223\/323 par
|
|turn|72
|choice|move 2|move 4
|
|move|p1a: Starmie|Psychic|p2a: Chansey
|-damage|p2a: Chansey|411\/703 par
|move|p2a: Chansey|Seismic Toss|p1a: Starmie
|-damage|p1a: Starmie|123\/323 par
|
|turn|73
|choice|move 4|move 3
|
|move|p1a: Starmie|Recover|p1a: Starmie
|-heal|p1a: Starmie|284\/323 par
|cant|p2a: Chansey|par
|
|turn|74
|choice|switch 4|move 3
|
|switch|p1a: Snorlax|Snorlax|185\/523
|move|p2a: Chansey|Soft-Boiled|p2a: Chansey
|-heal|p2a: Chansey|703\/703 par
|
|turn|75
|choice|move 1|switch 4
|
|switch|p2a: Exeggutor|Exeggutor|210\/393
|move|p1a: Snorlax|Body Slam|p2a: Exeggutor
|-damage|p2a: Exeggutor|96\/393
|
|turn|76
|choice|move 1|move 1
|
|move|p2a: Exeggutor|Sleep Powder|p1a: Snorlax|[miss]
|-miss|p2a: Exeggutor
|move|p1a: Snorlax|Body Slam|p2a: Exeggutor
|-damage|p2a: Exeggutor|0 fnt
|faint|p2a: Exeggutor
|c|★W3K|That's dumb.
|c|★smilzo|sob
|c|★W3K|Sorry.
|c|★smilzo|eh what can you do
|choice||switch 2
|
|switch|p2a: Starmie|Starmie|323\/323
|turn|77
|choice|move 1|move 2
|
|move|p2a: Starmie|Blizzard|p1a: Snorlax
|-damage|p1a: Snorlax|69\/523
|-status|p1a: Snorlax|frz
|cant|p1a: Snorlax|frz
|
|turn|78
|c|★smilzo|karma?
|choice|switch 5|move 1
|
|switch|p1a: Chansey|Chansey|603\/703 par
|move|p2a: Starmie|Thunderbolt|p1a: Chansey
|-crit|p1a: Chansey
|-damage|p1a: Chansey|458\/703 par
|
|turn|79
|c|★W3K|I was Rest Reflect so probably not as important.
|c|★smilzo|ah
|choice|move 3|switch 4
|
|switch|p2a: Chansey|Chansey|703\/703 par
|move|p1a: Chansey|Thunder Wave|p2a: Chansey
|-fail|p2a: Chansey|par
|
|turn|80
|choice|move 4|switch 6
|
|switch|p2a: Tauros|Tauros|353\/353
|move|p1a: Chansey|Soft-Boiled|p1a: Chansey
|-heal|p1a: Chansey|703\/703 par
|
|turn|81
|choice|move 3|switch 6
|
|switch|p2a: Chansey|Chansey|703\/703 par
|cant|p1a: Chansey|par
|
|turn|82
|choice|move 2|move 4
|
|move|p1a: Chansey|Thunderbolt|p2a: Chansey
|-damage|p2a: Chansey|627\/703 par
|move|p2a: Chansey|Seismic Toss|p1a: Chansey
|-damage|p1a: Chansey|603\/703 par
|
|turn|83
|choice|move 2|move 2
|
|cant|p1a: Chansey|par
|move|p2a: Chansey|Thunder Wave|p1a: Chansey
|-fail|p1a: Chansey|par
|
|turn|84
|choice|move 3|move 2
|
|cant|p1a: Chansey|par
|move|p2a: Chansey|Thunder Wave|p1a: Chansey
|-fail|p1a: Chansey|par
|
|turn|85
|choice|move 2|move 4
|
|move|p2a: Chansey|Seismic Toss|p1a: Chansey
|-damage|p1a: Chansey|503\/703 par
|cant|p1a: Chansey|par
|
|turn|86
|choice|move 2|move 4
|
|move|p2a: Chansey|Seismic Toss|p1a: Chansey
|-damage|p1a: Chansey|403\/703 par
|move|p1a: Chansey|Thunderbolt|p2a: Chansey
|-damage|p2a: Chansey|556\/703 par
|
|turn|87
|choice|move 4|move 2
|
|move|p1a: Chansey|Soft-Boiled|p1a: Chansey
|-heal|p1a: Chansey|703\/703 par
|move|p2a: Chansey|Thunder Wave|p1a: Chansey
|-fail|p1a: Chansey|par
|
|turn|88
|choice|move 2|move 2
|
|move|p2a: Chansey|Thunder Wave|p1a: Chansey
|-fail|p1a: Chansey|par
|move|p1a: Chansey|Thunderbolt|p2a: Chansey
|-damage|p2a: Chansey|480\/703 par
|
|turn|89
|choice|move 1|move 3
|
|move|p1a: Chansey|Ice Beam|p2a: Chansey
|-crit|p2a: Chansey
|-damage|p2a: Chansey|343\/703 par
|move|p2a: Chansey|Soft-Boiled|p2a: Chansey
|-heal|p2a: Chansey|694\/703 par
|
|turn|90
|choice|move 1|move 2
|
|cant|p2a: Chansey|par
|move|p1a: Chansey|Ice Beam|p2a: Chansey
|-damage|p2a: Chansey|616\/703 par
|
|turn|91
|choice|move 1|move 2
|
|move|p1a: Chansey|Ice Beam|p2a: Chansey
|-damage|p2a: Chansey|537\/703 par
|cant|p2a: Chansey|par
|
|turn|92
|choice|move 1|move 2
|
|move|p2a: Chansey|Thunder Wave|p1a: Chansey
|-fail|p1a: Chansey|par
|cant|p1a: Chansey|par
|
|turn|93
|choice|move 1|move 2
|
|move|p2a: Chansey|Thunder Wave|p1a: Chansey
|-fail|p1a: Chansey|par
|move|p1a: Chansey|Ice Beam|p2a: Chansey
|-crit|p2a: Chansey
|-damage|p2a: Chansey|386\/703 par
|
|turn|94
|choice|switch 3|move 3
|
|switch|p1a: Golem|Golem|315\/363
|move|p2a: Chansey|Soft-Boiled|p2a: Chansey
|-heal|p2a: Chansey|703\/703 par
|
|turn|95
|choice|move 3|move 1
|
|move|p1a: Golem|Body Slam|p2a: Chansey
|-crit|p2a: Chansey
|-damage|p2a: Chansey|331\/703 par
|move|p2a: Chansey|Sing|p1a: Golem|[miss]
|-miss|p2a: Chansey
|
|turn|96
|c|★W3K|That's also very dumb.
|c|★smilzo|nah
|c|★W3K|Was a great game up until this point imo.
|c|★smilzo|i took a very big risk
|J|Le Austin
|choice|move 3|switch 4
|
|switch|p2a: Starmie|Starmie|323\/323
|move|p1a: Golem|Body Slam|p2a: Starmie
|-damage|p2a: Starmie|245\/323
|-status|p2a: Starmie|par
|
|turn|97
|choice|move 1|move 4
|
|move|p1a: Golem|Earthquake|p2a: Starmie
|-damage|p2a: Starmie|96\/323 par
|move|p2a: Starmie|Recover|p2a: Starmie
|-heal|p2a: Starmie|257\/323 par
|
|turn|98
|choice|move 4|move 2
|
|move|p1a: Golem|Explosion|p2a: Starmie
|-damage|p2a: Starmie|0 fnt
|faint|p2a: Starmie
|faint|p1a: Golem
|choice|switch 6|switch 6
|
|switch|p2a: Tauros|Tauros|353\/353
|switch|p1a: Tauros|Tauros|353\/353
|turn|99
|choice|move 1|move 1
|
|move|p2a: Tauros|Body Slam|p1a: Tauros
|-damage|p1a: Tauros|246\/353
|move|p1a: Tauros|Body Slam|p2a: Tauros
|-damage|p2a: Tauros|242\/353
|
|turn|100
|choice|move 1|move 1
|
|move|p1a: Tauros|Body Slam|p2a: Tauros
|-damage|p2a: Tauros|137\/353
|move|p2a: Tauros|Body Slam|p1a: Tauros
|-damage|p1a: Tauros|151\/353
|
|turn|101
|choice|switch 5|move 1
|
|switch|p1a: Snorlax|Snorlax|69\/523 frz
|move|p2a: Tauros|Body Slam|p1a: Snorlax
|-damage|p1a: Snorlax|0 fnt
|faint|p1a: Snorlax
|choice|switch 4|
|
|switch|p1a: Starmie|Starmie|284\/323 par
|turn|102
|choice|move 3|move 2
|
|move|p2a: Tauros|Hyper Beam|p1a: Starmie
|-damage|p1a: Starmie|74\/323 par
|move|p1a: Starmie|Thunder Wave|p2a: Tauros
|-status|p2a: Tauros|par
|
|turn|103
|-mustrecharge|p2a: Tauros
|-mustrecharge|p2a: Tauros
|choice|move 2|move 1
|
|cant|p1a: Starmie|par
|cant|p2a: Tauros|recharge
|
|turn|104
|choice|move 2|switch 4
|
|switch|p2a: Chansey|Chansey|331\/703 par
|move|p1a: Starmie|Psychic|p2a: Chansey
|-damage|p2a: Chansey|237\/703 par
|-unboost|p2a: Chansey|spd|1
|-unboost|p2a: Chansey|spa|1
|
|turn|105
|choice|move 4|move 3
|
|cant|p1a: Starmie|par
|move|p2a: Chansey|Soft-Boiled|p2a: Chansey
|-heal|p2a: Chansey|588\/703 par
|
|turn|106
|choice|move 4|move 4
|
|move|p1a: Starmie|Recover|p1a: Starmie
|-heal|p1a: Starmie|235\/323 par
|cant|p2a: Chansey|par
|
|turn|107
|choice|move 2|move 4
|
|cant|p1a: Starmie|par
|move|p2a: Chansey|Seismic Toss|p1a: Starmie
|-damage|p1a: Starmie|135\/323 par
|
|turn|108
|choice|move 4|move 4
|
|move|p1a: Starmie|Recover|p1a: Starmie
|-heal|p1a: Starmie|296\/323 par
|move|p2a: Chansey|Seismic Toss|p1a: Starmie
|-damage|p1a: Starmie|196\/323 par
|
|turn|109
|choice|move 2|move 4
|
|cant|p1a: Starmie|par
|move|p2a: Chansey|Seismic Toss|p1a: Starmie
|-damage|p1a: Starmie|96\/323 par
|
|turn|110
|choice|move 4|move 4
|
|cant|p1a: Starmie|par
|move|p2a: Chansey|Seismic Toss|p1a: Starmie
|-damage|p1a: Starmie|0 fnt
|faint|p1a: Starmie
|choice|switch 3|
|
|switch|p1a: Chansey|Chansey|703\/703 par
|turn|111
|choice|move 2|move 1
|
|move|p1a: Chansey|Thunderbolt|p2a: Chansey
|-damage|p2a: Chansey|475\/703 par
|cant|p2a: Chansey|par
|
|turn|112
|choice|move 2|move 1
|
|move|p1a: Chansey|Thunderbolt|p2a: Chansey
|-damage|p2a: Chansey|368\/703 par
|move|p2a: Chansey|Sing|p1a: Chansey
|-fail|p1a: Chansey
|
|turn|113
|choice|move 1|move 3
|
|move|p1a: Chansey|Ice Beam|p2a: Chansey
|-damage|p2a: Chansey|261\/703 par
|cant|p2a: Chansey|par
|
|turn|114
|choice|move 1|move 3
|
|cant|p1a: Chansey|par
|move|p2a: Chansey|Soft-Boiled|p2a: Chansey
|-heal|p2a: Chansey|612\/703 par
|
|turn|115
|choice|move 1|move 1
|
|move|p1a: Chansey|Ice Beam|p2a: Chansey
|-crit|p2a: Chansey
|-damage|p2a: Chansey|459\/703 par
|cant|p2a: Chansey|par
|
|turn|116
|choice|move 1|move 3
|
|move|p1a: Chansey|Ice Beam|p2a: Chansey
|-damage|p2a: Chansey|336\/703 par
|move|p2a: Chansey|Soft-Boiled|p2a: Chansey
|-heal|p2a: Chansey|687\/703 par
|
|turn|117
|choice|move 1|move 4
|
|cant|p1a: Chansey|par
|move|p2a: Chansey|Seismic Toss|p1a: Chansey
|-damage|p1a: Chansey|603\/703 par
|
|turn|118
|choice|move 1|move 4
|
|move|p1a: Chansey|Ice Beam|p2a: Chansey
|-damage|p2a: Chansey|581\/703 par
|cant|p2a: Chansey|par
|
|turn|119
|choice|move 1|move 4
|
|move|p1a: Chansey|Ice Beam|p2a: Chansey
|-damage|p2a: Chansey|460\/703 par
|cant|p2a: Chansey|par
|
|turn|120
|choice|move 1|move 3
|
|move|p1a: Chansey|Ice Beam|p2a: Chansey
|-damage|p2a: Chansey|342\/703 par
|move|p2a: Chansey|Soft-Boiled|p2a: Chansey
|-heal|p2a: Chansey|693\/703 par
|
|turn|121
|choice|move 2|move 4
|
|cant|p1a: Chansey|par
|move|p2a: Chansey|Seismic Toss|p1a: Chansey
|-damage|p1a: Chansey|503\/703 par
|
|turn|122
|choice|move 2|move 4
|
|move|p1a: Chansey|Thunderbolt|p2a: Chansey
|-damage|p2a: Chansey|587\/703 par
|move|p2a: Chansey|Seismic Toss|p1a: Chansey
|-damage|p1a: Chansey|403\/703 par
|
|turn|123
|choice|move 4|switch 4
|
|switch|p2a: Tauros|Tauros|137\/353 par
|move|p1a: Chansey|Soft-Boiled|p1a: Chansey
|-heal|p1a: Chansey|703\/703 par
|
|turn|124
|choice|move 2|move 1
|
|move|p2a: Tauros|Body Slam|p1a: Chansey
|-damage|p1a: Chansey|427\/703 par
|move|p1a: Chansey|Thunderbolt|p2a: Tauros
|-damage|p2a: Tauros|37\/353 par
|
|turn|125
|choice|move 2|move 2
|
|move|p2a: Tauros|Hyper Beam|p1a: Chansey
|-crit|p1a: Chansey
|-damage|p1a: Chansey|0 fnt
|faint|p1a: Chansey
|choice|switch 5|
|
|switch|p1a: Tauros|Tauros|151\/353
|turn|126
|choice|move 1|move 1
|
|move|p1a: Tauros|Body Slam|p2a: Tauros
|-damage|p2a: Tauros|0 fnt
|faint|p2a: Tauros
|choice||switch 4
|
|switch|p2a: Chansey|Chansey|587\/703 par
|turn|127
|choice|move 1|move 1
|
|move|p1a: Tauros|Body Slam|p2a: Chansey
|-damage|p2a: Chansey|311\/703 par
|move|p2a: Chansey|Sing|p1a: Tauros
|-status|p1a: Tauros|slp
|
|turn|128
|choice|move 4|move 4
|
|-curestatus|p1a: Tauros|slp
|move|p2a: Chansey|Seismic Toss|p1a: Tauros
|-damage|p1a: Tauros|51\/353
|
|turn|129
|choice|move 4|move 4
|
|move|p1a: Tauros|Hyper Beam|p2a: Chansey
|-crit|p2a: Chansey
|-damage|p2a: Chansey|0 fnt
|faint|p2a: Chansey
|
|win|W3K