|inactive|Battle timer is ON: inactive players will automatically lose when time's up.
|J|Mister Tim
|J|teal6
|player|p1|Mister Tim|266
|player|p2|teal6|115
|gametype|singles
|gen|1
|tier|[Gen 1] OU
|seed|40819,5775,63312,10900
|rule|Sleep Clause Mod: Limit one foe put to sleep
|rule|Freeze Clause Mod: Limit one foe frozen
|rule|Species Clause: Limit one of each Pokémon
|rule|OHKO Clause: OHKO moves are banned
|rule|Evasion Moves Clause: Evasion moves are banned
|rule|HP Percentage Mod: HP is shown in percentages
|
|start
|switch|p1a: Trotskiy|Alakazam|313\/313
|switch|p2a: Jynx|Jynx|333\/333
|turn|1
|choice|move 1|move 2
|
|move|p1a: Trotskiy|Thunder Wave|p2a: Jynx
|-status|p2a: Jynx|par
|move|p2a: Jynx|Lovely Kiss|p1a: Trotskiy
|-status|p1a: Trotskiy|slp
|
|turn|2
|choice|move 3|move 4
|
|cant|p1a: Trotskiy|slp
|cant|p2a: Jynx|par
|
|turn|3
|choice|move 3|switch 3
|
|switch|p2a: Snorlax|Snorlax|523\/523
|cant|p1a: Trotskiy|slp
|
|turn|4
|choice|switch 3|move 1
|
|switch|p1a: Hruschev|Exeggutor|393\/393
|move|p2a: Snorlax|Body Slam|p1a: Hruschev
|-damage|p1a: Hruschev|277\/393
|
|turn|5
|choice|switch 4|switch 3
|
|switch|p1a: Brezhnev|Snorlax|523\/523
|switch|p2a: Jynx|Jynx|333\/333 par
|
|turn|6
|choice|move 3|move 4
|
|move|p1a: Brezhnev|Body Slam|p2a: Jynx
|-damage|p2a: Jynx|147\/333 par
|cant|p2a: Jynx|par
|
|turn|7
|choice|move 3|switch 3
|
|switch|p2a: Snorlax|Snorlax|523\/523
|move|p1a: Brezhnev|Body Slam|p2a: Snorlax
|-damage|p2a: Snorlax|378\/523
|
|turn|8
|choice|move 4|move 1
|
|move|p2a: Snorlax|Body Slam|p1a: Brezhnev
|-damage|p1a: Brezhnev|389\/523
|move|p1a: Brezhnev|Self-Destruct|p2a: Snorlax
|-damage|p2a: Snorlax|0 fnt
|faint|p2a: Snorlax
|faint|p1a: Brezhnev
|choice|switch 5|switch 4
|
|switch|p1a: Beria|Tauros|353\/353
|switch|p2a: Exeggutor|Exeggutor|393\/393
|turn|9
|choice|switch 4|move 4
|
|switch|p1a: Hruschev|Exeggutor|277\/393
|move|p2a: Exeggutor|Stun Spore|p1a: Hruschev
|-status|p1a: Hruschev|par
|
|turn|10
|choice|move 1|switch 3
|
|switch|p2a: Jynx|Jynx|147\/333 par
|cant|p1a: Hruschev|par
|
|turn|11
|choice|switch 6|move 4
|
|switch|p1a: CoupeDeBoule|Chansey|703\/703
|move|p2a: Jynx|Blizzard|p1a: CoupeDeBoule
|-crit|p1a: CoupeDeBoule
|-damage|p1a: CoupeDeBoule|465\/703
|
|turn|12
|choice|move 2|move 4
|
|move|p1a: CoupeDeBoule|Soft-Boiled|p1a: CoupeDeBoule
|-heal|p1a: CoupeDeBoule|703\/703
|move|p2a: Jynx|Blizzard|p1a: CoupeDeBoule|[miss]
|-miss|p2a: Jynx
|
|turn|13
|choice|move 3|move 3
|
|move|p1a: CoupeDeBoule|Thunderbolt|p2a: Jynx
|-damage|p2a: Jynx|67\/333 par
|move|p2a: Jynx|Rest|p2a: Jynx
|-status|p2a: Jynx|slp
|-heal|p2a: Jynx|333\/333 slp|[silent]
|-status|p2a: Jynx|slp|[from] move: Rest
|
|turn|14
|choice|switch 4|switch 5
|
|switch|p1a: Beria|Tauros|353\/353
|switch|p2a: Chansey|Chansey|703\/703
|
|turn|15
|choice|switch 4|move 1
|
|switch|p1a: CoupeDeBoule|Chansey|703\/703
|move|p2a: Chansey|Ice Beam|p1a: CoupeDeBoule
|-crit|p1a: CoupeDeBoule
|-damage|p1a: CoupeDeBoule|553\/703
|
|turn|16
|choice|switch 3|move 1
|
|switch|p1a: Trotskiy|Alakazam|313\/313 slp
|move|p2a: Chansey|Ice Beam|p1a: Trotskiy
|-damage|p1a: Trotskiy|248\/313 slp
|
|turn|17
|choice|move 4|switch 2
|
|switch|p2a: Tauros|Tauros|353\/353
|cant|p1a: Trotskiy|slp
|
|turn|18
|choice|switch 2|move 1
|
|switch|p1a: Golem|Golem|363\/363
|move|p2a: Tauros|Body Slam|p1a: Golem
|-crit|p1a: Golem
|-resisted|p1a: Golem
|-damage|p1a: Golem|284\/363
|
|turn|19
|choice|switch 6|move 2
|
|switch|p1a: Hruschev|Exeggutor|277\/393 par
|move|p2a: Tauros|Blizzard|p1a: Hruschev
|-supereffective|p1a: Hruschev
|-damage|p1a: Hruschev|152\/393 par
|
|turn|20
|choice|move 1|switch 5
|
|switch|p2a: Jynx|Jynx|333\/333 slp
|cant|p1a: Hruschev|par
|
|turn|21
|choice|switch 4|move 1
|
|switch|p1a: Beria|Tauros|353\/353
|cant|p2a: Jynx|slp
|
|turn|22
|choice|move 1|switch 3
|
|switch|p2a: Exeggutor|Exeggutor|393\/393
|move|p1a: Beria|Body Slam|p2a: Exeggutor
|-damage|p2a: Exeggutor|277\/393
|
|turn|23
|J|Tobes
|choice|switch 2|move 1
|
|switch|p1a: Trotskiy|Alakazam|248\/313 slp
|move|p2a: Exeggutor|Psychic|p1a: Trotskiy
|-resisted|p1a: Trotskiy
|-damage|p1a: Trotskiy|199\/313 slp
|-unboost|p1a: Trotskiy|spd|1
|-unboost|p1a: Trotskiy|spa|1
|
|turn|24
|choice|switch 3|switch 5
|
|switch|p1a: CoupeDeBoule|Chansey|553\/703
|switch|p2a: Tauros|Tauros|353\/353
|
|turn|25
|choice|move 4|switch 5
|
|switch|p2a: Exeggutor|Exeggutor|277\/393
|move|p1a: CoupeDeBoule|Thunder Wave|p2a: Exeggutor
|-status|p2a: Exeggutor|par
|
|turn|26
|choice|move 2|move 1
|
|move|p1a: CoupeDeBoule|Soft-Boiled|p1a: CoupeDeBoule
|-heal|p1a: CoupeDeBoule|703\/703
|move|p2a: Exeggutor|Psychic|p1a: CoupeDeBoule
|-damage|p1a: CoupeDeBoule|575\/703
|
|turn|27
|choice|move 1|move 3
|
|move|p1a: CoupeDeBoule|Ice Beam|p2a: Exeggutor
|-crit|p2a: Exeggutor
|-supereffective|p2a: Exeggutor
|-damage|p2a: Exeggutor|5\/393 par
|cant|p2a: Exeggutor|par
|
|turn|28
|choice|move 3|move 3
|
|move|p1a: CoupeDeBoule|Thunderbolt|p2a: Exeggutor
|-resisted|p2a: Exeggutor
|-damage|p2a: Exeggutor|0 fnt
|faint|p2a: Exeggutor
|J|r0ady
|choice||switch 2
|
|switch|p2a: Chansey|Chansey|703\/703
|turn|29
|choice|move 4|move 1
|
|move|p2a: Chansey|Ice Beam|p1a: CoupeDeBoule
|-damage|p1a: CoupeDeBoule|501\/703
|move|p1a: CoupeDeBoule|Thunder Wave|p2a: Chansey
|-status|p2a: Chansey|par
|
|turn|30
|choice|move 2|move 1
|
|move|p1a: CoupeDeBoule|Soft-Boiled|p1a: CoupeDeBoule
|-heal|p1a: CoupeDeBoule|703\/703
|cant|p2a: Chansey|par
|
|turn|31
|choice|switch 3|switch 5
|
|switch|p1a: Trotskiy|Alakazam|199\/313 slp
|switch|p2a: Tauros|Tauros|353\/353
|
|turn|32
|choice|move 2|move 3
|
|cant|p1a: Trotskiy|slp
|move|p2a: Tauros|Earthquake|p1a: Trotskiy
|-damage|p1a: Trotskiy|84\/313 slp
|
|turn|33
|choice|move 1|move 3
|
|-curestatus|p1a: Trotskiy|slp
|move|p2a: Tauros|Earthquake|p1a: Trotskiy
|-damage|p1a: Trotskiy|0 fnt
|faint|p1a: Trotskiy
|choice|switch 2|
|
|switch|p1a: Beria|Tauros|353\/353
|turn|34
|choice|move 1|switch 6
|
|switch|p2a: Slowbro|Slowbro|393\/393
|move|p1a: Beria|Body Slam|p2a: Slowbro
|-crit|p2a: Slowbro
|-damage|p2a: Slowbro|202\/393
|
|turn|35
|choice|switch 6|switch 6
|
|switch|p1a: Golem|Golem|284\/363
|switch|p2a: Tauros|Tauros|353\/353
|
|turn|36
|L|Tobes
|choice|move 2|switch 3
|
|switch|p2a: Jynx|Jynx|333\/333 slp
|move|p1a: Golem|Explosion|p2a: Jynx
|-crit|p2a: Jynx
|-damage|p2a: Jynx|0 fnt
|faint|p2a: Jynx
|faint|p1a: Golem
|choice|switch 6|switch 6
|
|switch|p1a: Beria|Tauros|353\/353
|switch|p2a: Slowbro|Slowbro|202\/393
|turn|37
|choice|move 1|move 3
|
|move|p1a: Beria|Body Slam|p2a: Slowbro
|-damage|p2a: Slowbro|104\/393
|move|p2a: Slowbro|Thunder Wave|p1a: Beria
|-status|p1a: Beria|par
|
|turn|38
|choice|move 3|move 1
|
|move|p2a: Slowbro|Amnesia|p2a: Slowbro
|-boost|p2a: Slowbro|spd|2
|-boost|p2a: Slowbro|spa|2
|move|p1a: Beria|Hyper Beam|p2a: Slowbro
|-damage|p2a: Slowbro|0 fnt
|faint|p2a: Slowbro
|choice||switch 3
|
|switch|p2a: Tauros|Tauros|353\/353
|turn|39
|choice|move 1|move 1
|
|move|p2a: Tauros|Body Slam|p1a: Beria
|-crit|p1a: Beria
|-damage|p1a: Beria|165\/353 par
|move|p1a: Beria|Body Slam|p2a: Tauros
|-damage|p2a: Tauros|253\/353
|
|turn|40
|L|r0ady
|choice|move 3|move 1
|
|move|p2a: Tauros|Body Slam|p1a: Beria
|-damage|p1a: Beria|53\/353 par
|move|p1a: Beria|Hyper Beam|p2a: Tauros|[miss]
|-miss|p1a: Beria
|
|turn|41
|choice|move 3|move 1
|
|move|p2a: Tauros|Body Slam|p1a: Beria
|-damage|p1a: Beria|0 fnt
|faint|p1a: Beria
|choice|switch 3|
|
|switch|p1a: CoupeDeBoule|Chansey|703\/703
|turn|42
|choice|move 4|switch 5
|
|switch|p2a: Chansey|Chansey|703\/703 par
|move|p1a: CoupeDeBoule|Thunder Wave|p2a: Chansey
|-fail|p2a: Chansey|par
|
|turn|43
|choice|switch 4|move 1
|
|switch|p1a: Hruschev|Exeggutor|152\/393 par
|move|p2a: Chansey|Ice Beam|p1a: Hruschev
|-supereffective|p1a: Hruschev
|-damage|p1a: Hruschev|21\/393 par
|
|turn|44
|choice|move 4|switch 5
|
|switch|p2a: Tauros|Tauros|253\/353
|move|p1a: Hruschev|Stun Spore|p2a: Tauros
|-status|p2a: Tauros|par
|
|turn|45
|choice|switch 4|move 1
|
|switch|p1a: CoupeDeBoule|Chansey|703\/703
|move|p2a: Tauros|Body Slam|p1a: CoupeDeBoule
|-damage|p1a: CoupeDeBoule|429\/703
|
|turn|46
|choice|move 2|move 1
|
|move|p1a: CoupeDeBoule|Soft-Boiled|p1a: CoupeDeBoule
|-heal|p1a: CoupeDeBoule|703\/703
|move|p2a: Tauros|Body Slam|p1a: CoupeDeBoule
|-damage|p1a: CoupeDeBoule|412\/703
|
|turn|47
|choice|move 2|move 1
|
|move|p1a: CoupeDeBoule|Soft-Boiled|p1a: CoupeDeBoule
|-heal|p1a: CoupeDeBoule|703\/703
|move|p2a: Tauros|Body Slam|p1a: CoupeDeBoule
|-crit|p1a: CoupeDeBoule
|-damage|p1a: CoupeDeBoule|157\/703
|
|turn|48
|choice|move 2|move 1
|
|move|p1a: CoupeDeBoule|Soft-Boiled|p1a: CoupeDeBoule
|-heal|p1a: CoupeDeBoule|508\/703
|cant|p2a: Tauros|par
|
|turn|49
|choice|move 1|move 1
|
|move|p1a: CoupeDeBoule|Ice Beam|p2a: Tauros
|-damage|p2a: Tauros|152\/353 par
|move|p2a: Tauros|Body Slam|p1a: CoupeDeBoule
|-damage|p1a: CoupeDeBoule|216\/703
|
|turn|50
|choice|move 2|move 1
|
|move|p1a: CoupeDeBoule|Soft-Boiled|p1a: CoupeDeBoule
|-heal|p1a: CoupeDeBoule|567\/703
|move|p2a: Tauros|Body Slam|p1a: CoupeDeBoule
|-damage|p1a: CoupeDeBoule|305\/703
|
|turn|51
|choice|move 2|move 1
|
|move|p1a: CoupeDeBoule|Soft-Boiled|p1a: CoupeDeBoule
|-heal|p1a: CoupeDeBoule|656\/703
|move|p2a: Tauros|Body Slam|p1a: CoupeDeBoule
|-damage|p1a: CoupeDeBoule|404\/703
|
|turn|52
|choice|move 2|move 1
|
|move|p1a: CoupeDeBoule|Soft-Boiled|p1a: CoupeDeBoule
|-heal|p1a: CoupeDeBoule|703\/703
|cant|p2a: Tauros|par
|
|turn|53
|choice|move 1|move 1
|
|move|p1a: CoupeDeBoule|Ice Beam|p2a: Tauros
|-crit|p2a: Tauros
|-damage|p2a: Tauros|0 fnt
|faint|p2a: Tauros
|choice||switch 5
|
|switch|p2a: Chansey|Chansey|703\/703 par
|turn|54
|choice|move 4|move 1
|
|move|p1a: CoupeDeBoule|Thunder Wave|p2a: Chansey
|-fail|p2a: Chansey|par
|move|p2a: Chansey|Ice Beam|p1a: CoupeDeBoule
|-damage|p1a: CoupeDeBoule|624\/703
|
|turn|55
|c|★teal6|ah darn
|c|★teal6|said to myself
|c|★teal6|as long as he doesn't crit here
|c|★teal6|hehe
|choice|move 1|move 1
|
|move|p1a: CoupeDeBoule|Ice Beam|p2a: Chansey
|-damage|p2a: Chansey|625\/703 par
|move|p2a: Chansey|Ice Beam|p1a: CoupeDeBoule
|-damage|p1a: CoupeDeBoule|547\/703
|
|turn|56
|c|★teal6|maybe too risky anyway
|choice|move 1|move 1
|
|move|p1a: CoupeDeBoule|Ice Beam|p2a: Chansey
|-damage|p2a: Chansey|555\/703 par
|move|p2a: Chansey|Ice Beam|p1a: CoupeDeBoule
|-damage|p1a: CoupeDeBoule|469\/703
|
|turn|57
|choice|move 2|move 1
|
|move|p1a: CoupeDeBoule|Soft-Boiled|p1a: CoupeDeBoule
|-heal|p1a: CoupeDeBoule|703\/703
|cant|p2a: Chansey|par
|
|turn|58
|choice|move 1|move 1
|
|move|p1a: CoupeDeBoule|Ice Beam|p2a: Chansey
|-damage|p2a: Chansey|476\/703 par
|move|p2a: Chansey|Ice Beam|p1a: CoupeDeBoule
|-damage|p1a: CoupeDeBoule|635\/703
|
|turn|59
|choice|move 1|move 1
|
|move|p1a: CoupeDeBoule|Ice Beam|p2a: Chansey
|-damage|p2a: Chansey|405\/703 par
|move|p2a: Chansey|Ice Beam|p1a: CoupeDeBoule
|-damage|p1a: CoupeDeBoule|561\/703
|
|turn|60
|choice|move 2|move 2
|
|move|p1a: CoupeDeBoule|Soft-Boiled|p1a: CoupeDeBoule
|-heal|p1a: CoupeDeBoule|703\/703
|move|p2a: Chansey|Soft-Boiled|p2a: Chansey
|-heal|p2a: Chansey|703\/703 par
|
|turn|61
|choice|move 1|move 4
|
|move|p1a: CoupeDeBoule|Ice Beam|p2a: Chansey
|-damage|p2a: Chansey|624\/703 par
|move|p2a: Chansey|Counter|p1a: CoupeDeBoule
|-fail|p2a: Chansey
|
|turn|62
|choice|move 1|move 4
|
|move|p1a: CoupeDeBoule|Ice Beam|p2a: Chansey
|-damage|p2a: Chansey|544\/703 par
|move|p2a: Chansey|Counter|p1a: CoupeDeBoule
|-fail|p2a: Chansey
|
|turn|63
|choice|move 1|move 1
|
|move|p1a: CoupeDeBoule|Ice Beam|p2a: Chansey
|-damage|p2a: Chansey|474\/703 par
|move|p2a: Chansey|Ice Beam|p1a: CoupeDeBoule
|-damage|p1a: CoupeDeBoule|631\/703
|
|turn|64
|choice|move 1|move 1
|
|move|p1a: CoupeDeBoule|Ice Beam|p2a: Chansey
|-damage|p2a: Chansey|400\/703 par
|move|p2a: Chansey|Ice Beam|p1a: CoupeDeBoule
|-damage|p1a: CoupeDeBoule|552\/703
|
|turn|65
|choice|switch 4|move 1
|
|switch|p1a: Hruschev|Exeggutor|21\/393 par
|move|p2a: Chansey|Ice Beam|p1a: Hruschev
|-supereffective|p1a: Hruschev
|-damage|p1a: Hruschev|0 fnt
|faint|p1a: Hruschev
|choice|switch 4|
|
|switch|p1a: CoupeDeBoule|Chansey|552\/703
|turn|66
|choice|move 1|move 1
|
|move|p1a: CoupeDeBoule|Ice Beam|p2a: Chansey
|-damage|p2a: Chansey|327\/703 par
|move|p2a: Chansey|Ice Beam|p1a: CoupeDeBoule
|-damage|p1a: CoupeDeBoule|478\/703
|
|turn|67
|choice|move 1|move 2
|
|move|p1a: CoupeDeBoule|Ice Beam|p2a: Chansey
|-damage|p2a: Chansey|255\/703 par
|cant|p2a: Chansey|par
|
|turn|68
|choice|move 1|move 2
|
|move|p1a: CoupeDeBoule|Ice Beam|p2a: Chansey
|-damage|p2a: Chansey|174\/703 par
|move|p2a: Chansey|Soft-Boiled|p2a: Chansey
|-heal|p2a: Chansey|525\/703 par
|
|turn|69
|choice|move 2|move 2
|
|move|p1a: CoupeDeBoule|Soft-Boiled|p1a: CoupeDeBoule
|-heal|p1a: CoupeDeBoule|703\/703
|move|p2a: Chansey|Soft-Boiled|p2a: Chansey
|-heal|p2a: Chansey|703\/703 par
|
|turn|70
|choice|move 4|move 1
|
|move|p1a: CoupeDeBoule|Thunder Wave|p2a: Chansey
|-fail|p2a: Chansey|par
|move|p2a: Chansey|Ice Beam|p1a: CoupeDeBoule
|-damage|p1a: CoupeDeBoule|631\/703
|
|turn|71
|choice|move 4|move 1
|
|move|p1a: CoupeDeBoule|Thunder Wave|p2a: Chansey
|-fail|p2a: Chansey|par
|move|p2a: Chansey|Ice Beam|p1a: CoupeDeBoule
|-damage|p1a: CoupeDeBoule|556\/703
|
|turn|72
|choice|move 4|move 1
|
|move|p1a: CoupeDeBoule|Thunder Wave|p2a: Chansey
|-fail|p2a: Chansey|par
|move|p2a: Chansey|Ice Beam|p1a: CoupeDeBoule
|-damage|p1a: CoupeDeBoule|483\/703
|
|turn|73
|c|★teal6|cmon no freeze
|choice|move 1|move 4
|
|move|p1a: CoupeDeBoule|Ice Beam|p2a: Chansey
|-damage|p2a: Chansey|632\/703 par
|move|p2a: Chansey|Counter|p1a: CoupeDeBoule
|-fail|p2a: Chansey
|
|turn|74
|choice|move 4|move 4
|
|move|p1a: CoupeDeBoule|Thunder Wave|p2a: Chansey
|-fail|p2a: Chansey|par
|move|p2a: Chansey|Counter|p1a: CoupeDeBoule
|-fail|p2a: Chansey
|
|turn|75
|choice|move 4|move 4
|
|move|p1a: CoupeDeBoule|Thunder Wave|p2a: Chansey
|-fail|p2a: Chansey|par
|move|p2a: Chansey|Counter|p1a: CoupeDeBoule
|-fail|p2a: Chansey
|
|turn|76
|choice|move 4|move 4
|
|move|p1a: CoupeDeBoule|Thunder Wave|p2a: Chansey|[miss]
|-miss|p1a: CoupeDeBoule
|move|p2a: Chansey|Counter|p1a: CoupeDeBoule
|-fail|p2a: Chansey
|
|turn|77
|c|★teal6|you there man? i gotta head out in like 15 minutes
|choice|move 4|move 4
|
|move|p1a: CoupeDeBoule|Thunder Wave|p2a: Chansey
|-fail|p2a: Chansey|par
|move|p2a: Chansey|Counter|p1a: CoupeDeBoule
|-fail|p2a: Chansey
|
|turn|78
|choice|move 4|move 4
|
|move|p1a: CoupeDeBoule|Thunder Wave|p2a: Chansey
|-fail|p2a: Chansey|par
|move|p2a: Chansey|Counter|p1a: CoupeDeBoule
|-fail|p2a: Chansey
|
|turn|79
|choice|move 4|move 4
|
|move|p1a: CoupeDeBoule|Thunder Wave|p2a: Chansey
|-fail|p2a: Chansey|par
|move|p2a: Chansey|Counter|p1a: CoupeDeBoule
|-fail|p2a: Chansey
|
|turn|80
|choice|move 4|move 4
|
|move|p1a: CoupeDeBoule|Thunder Wave|p2a: Chansey
|-fail|p2a: Chansey|par
|cant|p2a: Chansey|par
|
|turn|81
|c|★teal6|get para'd -_-
|choice|move 4|move 4
|
|move|p1a: CoupeDeBoule|Thunder Wave|p2a: Chansey
|-fail|p2a: Chansey|par
|move|p2a: Chansey|Counter|p1a: CoupeDeBoule
|-fail|p2a: Chansey
|
|turn|82
|choice|move 2|move 4
|
|move|p1a: CoupeDeBoule|Soft-Boiled|p1a: CoupeDeBoule
|-heal|p1a: CoupeDeBoule|703\/703
|move|p2a: Chansey|Counter|p1a: CoupeDeBoule
|-fail|p2a: Chansey
|
|turn|83
|choice|move 4|move 4
|
|move|p1a: CoupeDeBoule|Thunder Wave|p2a: Chansey
|-fail|p2a: Chansey|par
|move|p2a: Chansey|Counter|p1a: CoupeDeBoule
|-fail|p2a: Chansey
|
|turn|84
|choice|move 4|move 4
|
|move|p1a: CoupeDeBoule|Thunder Wave|p2a: Chansey
|-fail|p2a: Chansey|par
|cant|p2a: Chansey|par
|
|turn|85
|choice|move 4|move 4
|
|move|p1a: CoupeDeBoule|Thunder Wave|p2a: Chansey
|-fail|p2a: Chansey|par
|move|p2a: Chansey|Counter|p1a: CoupeDeBoule
|-fail|p2a: Chansey
|
|turn|86
|choice|move 4|move 4
|
|move|p1a: CoupeDeBoule|Thunder Wave|p2a: Chansey
|-fail|p2a: Chansey|par
|cant|p2a: Chansey|par
|
|turn|87
|choice|move 4|move 4
|
|move|p1a: CoupeDeBoule|Thunder Wave|p2a: Chansey
|-fail|p2a: Chansey|par
|move|p2a: Chansey|Counter|p1a: CoupeDeBoule
|-fail|p2a: Chansey
|
|turn|88
|choice|move 4|move 4
|
|move|p1a: CoupeDeBoule|Thunder Wave|p2a: Chansey
|-fail|p2a: Chansey|par
|cant|p2a: Chansey|par
|
|turn|89
|choice|move 4|move 4
|
|move|p1a: CoupeDeBoule|Thunder Wave|p2a: Chansey
|-fail|p2a: Chansey|par
|move|p2a: Chansey|Counter|p1a: CoupeDeBoule
|-fail|p2a: Chansey
|
|turn|90
|choice|move 4|move 4
|
|move|p1a: CoupeDeBoule|Thunder Wave|p2a: Chansey
|-fail|p2a: Chansey|par
|move|p2a: Chansey|Counter|p1a: CoupeDeBoule
|-fail|p2a: Chansey
|
|turn|91
|choice|move 4|move 4
|
|move|p1a: CoupeDeBoule|Thunder Wave|p2a: Chansey
|-fail|p2a: Chansey|par
|cant|p2a: Chansey|par
|
|turn|92
|choice|move 4|move 4
|
|move|p1a: CoupeDeBoule|Thunder Wave|p2a: Chansey
|-fail|p2a: Chansey|par
|move|p2a: Chansey|Counter|p1a: CoupeDeBoule
|-fail|p2a: Chansey
|
|turn|93
|choice|move 4|move 4
|
|move|p1a: CoupeDeBoule|Thunder Wave|p2a: Chansey
|-fail|p2a: Chansey|par
|cant|p2a: Chansey|par
|
|turn|94
|choice|move 4|move 4
|
|move|p1a: CoupeDeBoule|Thunder Wave|p2a: Chansey
|-fail|p2a: Chansey|par
|move|p2a: Chansey|Counter|p1a: CoupeDeBoule
|-fail|p2a: Chansey
|
|turn|95
|choice|move 4|move 4
|
|move|p1a: CoupeDeBoule|Thunder Wave|p2a: Chansey
|-fail|p2a: Chansey|par
|move|p2a: Chansey|Counter|p1a: CoupeDeBoule
|-fail|p2a: Chansey
|
|turn|96
|choice|move 4|move 4
|
|move|p1a: CoupeDeBoule|Thunder Wave|p2a: Chansey
|-fail|p2a: Chansey|par
|move|p2a: Chansey|Counter|p1a: CoupeDeBoule
|-fail|p2a: Chansey
|
|turn|97
|choice|move 4|move 4
|
|move|p1a: CoupeDeBoule|Thunder Wave|p2a: Chansey
|-fail|p2a: Chansey|par
|move|p2a: Chansey|Counter|p1a: CoupeDeBoule
|-fail|p2a: Chansey
|
|turn|98
|choice|move 3|move 4
|
|move|p1a: CoupeDeBoule|Thunderbolt|p2a: Chansey
|-damage|p2a: Chansey|559\/703 par
|move|p2a: Chansey|Counter|p1a: CoupeDeBoule
|-fail|p2a: Chansey
|
|turn|99
|choice|move 3|move 4
|
|move|p1a: CoupeDeBoule|Thunderbolt|p2a: Chansey
|-damage|p2a: Chansey|486\/703 par
|move|p2a: Chansey|Counter|p1a: CoupeDeBoule
|-fail|p2a: Chansey
|
|turn|100
|choice|move 3|move 4
|
|move|p1a: CoupeDeBoule|Thunderbolt|p2a: Chansey
|-damage|p2a: Chansey|408\/703 par
|move|p2a: Chansey|Counter|p1a: CoupeDeBoule
|-fail|p2a: Chansey
|
|turn|101
|choice|move 3|move 4
|
|move|p1a: CoupeDeBoule|Thunderbolt|p2a: Chansey
|-damage|p2a: Chansey|334\/703 par
|move|p2a: Chansey|Counter|p1a: CoupeDeBoule
|-fail|p2a: Chansey
|
|turn|102
|choice|move 3|move 2
|
|move|p1a: CoupeDeBoule|Thunderbolt|p2a: Chansey
|-crit|p2a: Chansey
|-damage|p2a: Chansey|190\/703 par
|move|p2a: Chansey|Soft-Boiled|p2a: Chansey
|-heal|p2a: Chansey|541\/703 par
|
|turn|103
|choice|move 3|move 4
|
|move|p1a: CoupeDeBoule|Thunderbolt|p2a: Chansey
|-damage|p2a: Chansey|472\/703 par
|cant|p2a: Chansey|par
|
|turn|104
|choice|move 3|move 4
|
|move|p1a: CoupeDeBoule|Thunderbolt|p2a: Chansey
|-damage|p2a: Chansey|397\/703 par
|move|p2a: Chansey|Counter|p1a: CoupeDeBoule
|-fail|p2a: Chansey
|
|turn|105
|choice|move 3|move 4
|
|move|p1a: CoupeDeBoule|Thunderbolt|p2a: Chansey
|-damage|p2a: Chansey|318\/703 par
|move|p2a: Chansey|Counter|p1a: CoupeDeBoule
|-fail|p2a: Chansey
|
|turn|106
|choice|move 3|move 2
|
|move|p1a: CoupeDeBoule|Thunderbolt|p2a: Chansey
|-crit|p2a: Chansey
|-damage|p2a: Chansey|171\/703 par
|move|p2a: Chansey|Soft-Boiled|p2a: Chansey
|-heal|p2a: Chansey|522\/703 par
|
|turn|107
|choice|move 3|move 4
|
|move|p1a: CoupeDeBoule|Thunderbolt|p2a: Chansey
|-damage|p2a: Chansey|451\/703 par
|move|p2a: Chansey|Counter|p1a: CoupeDeBoule
|-fail|p2a: Chansey
|
|turn|108
|choice|move 4|move 4
|
|move|p1a: CoupeDeBoule|Thunder Wave|p2a: Chansey
|-fail|p2a: Chansey|par
|cant|p2a: Chansey|par
|
|turn|109
|choice|move 4|move 4
|
|move|p1a: CoupeDeBoule|Thunder Wave|p2a: Chansey
|-fail|p2a: Chansey|par
|move|p2a: Chansey|Counter|p1a: CoupeDeBoule
|-fail|p2a: Chansey
|
|turn|110
|choice|move 3|move 4
|
|move|p1a: CoupeDeBoule|Thunderbolt|p2a: Chansey
|-damage|p2a: Chansey|373\/703 par
|move|p2a: Chansey|Counter|p1a: CoupeDeBoule
|-fail|p2a: Chansey
|
|turn|111
|choice|move 3|move 4
|
|move|p1a: CoupeDeBoule|Thunderbolt|p2a: Chansey
|-damage|p2a: Chansey|297\/703 par
|move|p2a: Chansey|Counter|p1a: CoupeDeBoule
|-fail|p2a: Chansey
|
|turn|112
|choice|move 3|move 2
|
|move|p1a: CoupeDeBoule|Thunderbolt|p2a: Chansey
|-damage|p2a: Chansey|225\/703 par
|cant|p2a: Chansey|par
|
|turn|113
|choice|move 3|move 2
|
|move|p1a: CoupeDeBoule|Thunderbolt|p2a: Chansey
|-damage|p2a: Chansey|148\/703 par
|move|p2a: Chansey|Soft-Boiled|p2a: Chansey
|-heal|p2a: Chansey|499\/703 par
|
|turn|114
|choice|move 3|move 4
|
|move|p1a: CoupeDeBoule|Thunderbolt|p2a: Chansey
|-damage|p2a: Chansey|421\/703 par
|cant|p2a: Chansey|par
|
|turn|115
|c|★Mister Tim|i forfeit
|c|★Mister Tim|ggs
|c|★teal6|gg man
|-message|Mister Tim forfeited.
|
|win|teal6