|J|Bomber
|J|teal6
|player|p1|Bomber|167
|player|p2|teal6|169
|gametype|singles
|gen|1
|tier|[Gen 1] OU
|seed|6187,26311,39464,18806
|rule|Sleep Clause Mod: Limit one foe put to sleep
|rule|Freeze Clause Mod: Limit one foe frozen
|rule|Species Clause: Limit one of each Pokémon
|rule|OHKO Clause: OHKO moves are banned
|rule|Evasion Moves Clause: Evasion moves are banned
|rule|HP Percentage Mod: HP is shown in percentages
|
|start
|switch|p1a: Gengar|Gengar|323\/323
|switch|p2a: Jynx|Jynx|333\/333
|turn|1
|J|Hodin
|choice|move 2|move 1
|
|move|p1a: Gengar|Hypnosis|p2a: Jynx
|-status|p2a: Jynx|slp
|-curestatus|p2a: Jynx|slp
|
|turn|2
|J|Alexander
|L|Hodin
|choice|move 2|move 2
|
|move|p1a: Gengar|Hypnosis|p2a: Jynx|[miss]
|-miss|p1a: Gengar
|move|p2a: Jynx|Lovely Kiss|p1a: Gengar
|-status|p1a: Gengar|slp
|
|turn|3
|choice|switch 2|move 4
|
|switch|p1a: Chansey|Chansey|703\/703
|move|p2a: Jynx|Blizzard|p1a: Chansey
|-damage|p1a: Chansey|560\/703
|
|turn|4
|choice|move 2|move 4
|
|move|p2a: Jynx|Blizzard|p1a: Chansey
|-damage|p1a: Chansey|416\/703
|move|p1a: Chansey|Thunder Wave|p2a: Jynx
|-status|p2a: Jynx|par
|
|turn|5
|choice|move 3|move 4
|
|move|p1a: Chansey|Soft-Boiled|p1a: Chansey
|-heal|p1a: Chansey|703\/703
|move|p2a: Jynx|Blizzard|p1a: Chansey
|-damage|p1a: Chansey|578\/703
|
|turn|6
|choice|move 4|move 4
|
|move|p1a: Chansey|Thunderbolt|p2a: Jynx
|-damage|p2a: Jynx|252\/333 par
|move|p2a: Jynx|Blizzard|p1a: Chansey
|-damage|p1a: Chansey|451\/703
|
|turn|7
|choice|move 3|move 4
|
|move|p1a: Chansey|Soft-Boiled|p1a: Chansey
|-heal|p1a: Chansey|703\/703
|move|p2a: Jynx|Blizzard|p1a: Chansey
|-damage|p1a: Chansey|577\/703
|
|turn|8
|choice|switch 4|move 4
|
|switch|p1a: Cloyster|Cloyster|303\/303
|move|p2a: Jynx|Blizzard|p1a: Cloyster
|-resisted|p1a: Cloyster
|-damage|p1a: Cloyster|264\/303
|
|turn|9
|J|r0ady
|choice|move 1|switch 2
|
|switch|p2a: Zapdos|Zapdos|383\/383
|move|p1a: Cloyster|Clamp|p2a: Zapdos
|-damage|p2a: Zapdos|349\/383
|-activate|p2a: Zapdos|move: Clamp|[of] p1a: Cloyster
|
|turn|10
|c|+r0ady|oml
|c|+r0ady|its
|c|+r0ady|**the**
|c|+r0ady|teal6
|choice|switch 4|move 1
|
|switch|p1a: Chansey|Chansey|577\/703
|cant|p2a: Zapdos|partiallytrapped
|
|-end|p2a: Zapdos|Clamp|[partiallytrapped]
|turn|11
|choice|move 4|switch 2
|
|switch|p2a: Jynx|Jynx|252\/333 par
|move|p1a: Chansey|Thunderbolt|p2a: Jynx
|-damage|p2a: Jynx|175\/333 par
|
|turn|12
|choice|move 4|move 3
|
|move|p1a: Chansey|Thunderbolt|p2a: Jynx
|-damage|p2a: Jynx|98\/333 par
|cant|p2a: Jynx|par
|
|turn|13
|choice|move 4|move 3
|
|move|p1a: Chansey|Thunderbolt|p2a: Jynx
|-damage|p2a: Jynx|12\/333 par
|move|p2a: Jynx|Rest|p2a: Jynx
|-status|p2a: Jynx|slp
|-heal|p2a: Jynx|333\/333 slp|[silent]
|-status|p2a: Jynx|slp|[from] move: Rest
|
|turn|14
|choice|switch 6|move 1
|
|switch|p1a: Tauros|Tauros|353\/353
|cant|p2a: Jynx|slp
|
|turn|15
|choice|move 2|switch 5
|
|switch|p2a: Exeggutor|Exeggutor|393\/393
|move|p1a: Tauros|Body Slam|p2a: Exeggutor
|-damage|p2a: Exeggutor|286\/393
|
|turn|16
|choice|switch 5|move 1
|
|switch|p1a: Exeggutor|Exeggutor|393\/393
|move|p2a: Exeggutor|Psychic|p1a: Exeggutor
|-resisted|p1a: Exeggutor
|-damage|p1a: Exeggutor|344\/393
|-unboost|p1a: Exeggutor|spd|1
|-unboost|p1a: Exeggutor|spa|1
|
|turn|17
|choice|move 3|move 4
|
|move|p1a: Exeggutor|Sleep Powder|p2a: Exeggutor|[miss]
|-miss|p1a: Exeggutor
|move|p2a: Exeggutor|Stun Spore|p1a: Exeggutor
|-status|p1a: Exeggutor|par
|
|turn|18
|choice|switch 4|switch 5
|
|switch|p2a: Jynx|Jynx|333\/333 slp
|switch|p1a: Cloyster|Cloyster|264\/303
|
|turn|19
|choice|move 1|move 1
|
|-curestatus|p2a: Jynx|slp
|move|p1a: Cloyster|Clamp|p2a: Jynx
|-damage|p2a: Jynx|292\/333
|-activate|p2a: Jynx|move: Clamp|[of] p1a: Cloyster
|
|turn|20
|choice|move 1|switch 2
|
|switch|p2a: Zapdos|Zapdos|349\/383
|move|p1a: Cloyster|Clamp|p2a: Zapdos
|-damage|p2a: Zapdos|315\/383
|-activate|p2a: Zapdos|move: Clamp|[of] p1a: Cloyster
|
|turn|21
|choice|move 1|move 1
|
|cant|p2a: Zapdos|partiallytrapped
|move|p1a: Cloyster|Clamp|p2a: Zapdos
|-damage|p2a: Zapdos|281\/383
|
|turn|22
|choice|switch 6|move 1
|
|switch|p1a: Chansey|Chansey|577\/703
|cant|p2a: Zapdos|partiallytrapped
|
|-end|p2a: Zapdos|Clamp|[partiallytrapped]
|turn|23
|choice|move 2|switch 6
|
|switch|p2a: Chansey|Chansey|703\/703
|move|p1a: Chansey|Thunder Wave|p2a: Chansey
|-status|p2a: Chansey|par
|
|turn|24
|choice|switch 2|move 4
|
|switch|p1a: Gengar|Gengar|323\/323 slp
|move|p2a: Chansey|Thunderbolt|p1a: Gengar
|-damage|p1a: Gengar|254\/323 slp
|
|turn|25
|choice|move 3|switch 2
|
|switch|p2a: Jynx|Jynx|292\/333
|-curestatus|p1a: Gengar|slp
|
|turn|26
|choice|move 1|move 1
|
|move|p1a: Gengar|Explosion|p2a: Jynx
|-damage|p2a: Jynx|0 fnt
|faint|p2a: Jynx
|faint|p1a: Gengar
|choice|switch 6|switch 6
|
|switch|p2a: Zapdos|Zapdos|281\/383
|switch|p1a: Cloyster|Cloyster|264\/303
|turn|27
|choice|switch 2|move 3
|
|switch|p1a: Chansey|Chansey|577\/703
|move|p2a: Zapdos|Drill Peck|p1a: Chansey
|-damage|p1a: Chansey|344\/703
|
|turn|28
|L|r0ady
|choice|move 3|switch 2
|
|switch|p2a: Chansey|Chansey|703\/703 par
|move|p1a: Chansey|Soft-Boiled|p1a: Chansey
|-heal|p1a: Chansey|695\/703
|
|turn|29
|choice|move 1|move 4
|
|move|p1a: Chansey|Ice Beam|p2a: Chansey
|-damage|p2a: Chansey|626\/703 par
|move|p2a: Chansey|Thunderbolt|p1a: Chansey
|-damage|p1a: Chansey|618\/703
|
|turn|30
|choice|switch 5|move 1
|
|switch|p1a: Tauros|Tauros|353\/353
|move|p2a: Chansey|Ice Beam|p1a: Tauros
|-damage|p1a: Tauros|255\/353
|-status|p1a: Tauros|frz
|
|turn|31
|choice|move 2|move 3
|
|cant|p1a: Tauros|frz
|move|p2a: Chansey|Thunder Wave|p1a: Tauros
|-fail|p1a: Tauros
|
|turn|32
|choice|move 2|move 4
|
|cant|p1a: Tauros|frz
|move|p2a: Chansey|Thunderbolt|p1a: Tauros
|-damage|p1a: Tauros|152\/353 frz
|
|turn|33
|choice|switch 4|move 3
|
|switch|p1a: Exeggutor|Exeggutor|344\/393 par
|move|p2a: Chansey|Thunder Wave|p1a: Exeggutor
|-fail|p1a: Exeggutor|par
|
|turn|34
|choice|move 2|switch 4
|
|switch|p2a: Snorlax|Snorlax|523\/523
|move|p1a: Exeggutor|Psychic|p2a: Snorlax
|-damage|p2a: Snorlax|368\/523
|
|turn|35
|J|xTSR
|choice|move 3|move 1
|
|move|p2a: Snorlax|Body Slam|p1a: Exeggutor
|-damage|p1a: Exeggutor|220\/393 par
|move|p1a: Exeggutor|Sleep Powder|p2a: Snorlax
|-status|p2a: Snorlax|slp
|
|turn|36
|choice|move 2|move 1
|
|cant|p2a: Snorlax|slp
|move|p1a: Exeggutor|Psychic|p2a: Snorlax
|-damage|p2a: Snorlax|200\/523 slp
|-unboost|p2a: Snorlax|spd|1
|-unboost|p2a: Snorlax|spa|1
|
|turn|37
|choice|move 1|switch 5
|
|switch|p2a: Exeggutor|Exeggutor|286\/393
|move|p1a: Exeggutor|Explosion|p2a: Exeggutor
|-damage|p2a: Exeggutor|9\/393
|faint|p1a: Exeggutor
|c|★teal6|ah got me
|choice|switch 2|
|
|switch|p1a: Cloyster|Cloyster|264\/303
|turn|38
|choice|move 2|switch 5
|
|switch|p2a: Snorlax|Snorlax|200\/523 slp
|move|p1a: Cloyster|Blizzard|p2a: Snorlax
|-damage|p2a: Snorlax|37\/523 slp
|
|turn|39
|choice|switch 3|move 1
|
|switch|p1a: Slowbro|Slowbro|393\/393
|cant|p2a: Snorlax|slp
|
|turn|40
|choice|move 1|move 4
|
|cant|p2a: Snorlax|slp
|move|p1a: Slowbro|Amnesia|p1a: Slowbro
|-boost|p1a: Slowbro|spd|2
|-boost|p1a: Slowbro|spa|2
|
|turn|41
|choice|move 2|move 4
|
|move|p1a: Slowbro|Surf|p2a: Snorlax
|-damage|p2a: Snorlax|0 fnt
|faint|p2a: Snorlax
|choice||switch 5
|
|switch|p2a: Exeggutor|Exeggutor|9\/393
|turn|42
|J|Seeergi
|L|Seeergi
|choice|move 2|move 2
|
|move|p2a: Exeggutor|Sleep Powder|p1a: Slowbro
|-status|p1a: Slowbro|slp
|-curestatus|p1a: Slowbro|slp
|
|turn|43
|choice|switch 4|move 2
|
|switch|p1a: Tauros|Tauros|152\/353 frz
|move|p2a: Exeggutor|Sleep Powder|p1a: Tauros|[miss]
|-miss|p2a: Exeggutor
|
|turn|44
|choice|move 2|move 1
|
|cant|p1a: Tauros|frz
|move|p2a: Exeggutor|Psychic|p1a: Tauros
|-damage|p1a: Tauros|0 fnt
|faint|p1a: Tauros
|choice|switch 3|
|
|switch|p1a: Cloyster|Cloyster|264\/303
|turn|45
|choice|move 2|switch 2
|
|switch|p2a: Zapdos|Zapdos|281\/383
|move|p1a: Cloyster|Blizzard|p2a: Zapdos
|-supereffective|p2a: Zapdos
|-damage|p2a: Zapdos|51\/383
|
|turn|46
|choice|switch 5|move 1
|
|switch|p1a: Chansey|Chansey|618\/703
|move|p2a: Zapdos|Thunderbolt|p1a: Chansey
|-damage|p1a: Chansey|482\/703
|
|turn|47
|choice|move 1|switch 4
|
|switch|p2a: Chansey|Chansey|626\/703 par
|move|p1a: Chansey|Ice Beam|p2a: Chansey
|-damage|p2a: Chansey|546\/703 par
|
|turn|48
|choice|switch 4|move 4
|
|switch|p1a: Slowbro|Slowbro|393\/393
|cant|p2a: Chansey|par
|
|turn|49
|choice|move 1|move 4
|
|move|p1a: Slowbro|Amnesia|p1a: Slowbro
|-boost|p1a: Slowbro|spd|2
|-boost|p1a: Slowbro|spa|2
|move|p2a: Chansey|Thunderbolt|p1a: Slowbro
|-supereffective|p1a: Slowbro
|-damage|p1a: Slowbro|300\/393
|
|turn|50
|choice|move 2|move 4
|
|move|p1a: Slowbro|Surf|p2a: Chansey
|-damage|p2a: Chansey|347\/703 par
|move|p2a: Chansey|Thunderbolt|p1a: Slowbro
|-supereffective|p1a: Slowbro
|-damage|p1a: Slowbro|206\/393
|
|turn|51
|choice|move 2|move 2
|
|move|p1a: Slowbro|Surf|p2a: Chansey
|-damage|p2a: Chansey|164\/703 par
|move|p2a: Chansey|Soft-Boiled|p2a: Chansey
|-heal|p2a: Chansey|515\/703 par
|
|turn|52
|choice|move 1|move 4
|
|move|p1a: Slowbro|Amnesia|p1a: Slowbro
|-boost|p1a: Slowbro|spd|2
|-boost|p1a: Slowbro|spa|2
|move|p2a: Chansey|Thunderbolt|p1a: Slowbro
|-supereffective|p1a: Slowbro
|-damage|p1a: Slowbro|141\/393
|
|turn|53
|choice|move 2|move 4
|
|move|p1a: Slowbro|Surf|p2a: Chansey
|-crit|p2a: Chansey
|-damage|p2a: Chansey|337\/703 par
|cant|p2a: Chansey|par
|
|turn|54
|choice|move 2|move 2
|
|move|p1a: Slowbro|Surf|p2a: Chansey
|-damage|p2a: Chansey|36\/703 par
|move|p2a: Chansey|Soft-Boiled|p2a: Chansey
|-heal|p2a: Chansey|387\/703 par
|
|turn|55
|J|Christo The Gr8
|choice|move 2|move 3
|
|move|p1a: Slowbro|Surf|p2a: Chansey
|-damage|p2a: Chansey|115\/703 par
|cant|p2a: Chansey|par
|
|turn|56
|choice|move 2|move 4
|
|move|p1a: Slowbro|Surf|p2a: Chansey
|-damage|p2a: Chansey|0 fnt
|faint|p2a: Chansey
|choice||switch 3
|
|switch|p2a: Tauros|Tauros|353\/353
|turn|57
|choice|move 3|move 4
|
|move|p2a: Tauros|Hyper Beam|p1a: Slowbro
|-damage|p1a: Slowbro|0 fnt
|faint|p1a: Slowbro
|choice|switch 5|
|
|switch|p1a: Cloyster|Cloyster|264\/303
|turn|58
|choice|move 2|move 1
|
|move|p2a: Tauros|Body Slam|p1a: Cloyster
|-damage|p1a: Cloyster|195\/303
|-status|p1a: Cloyster|par
|move|p1a: Cloyster|Blizzard|p2a: Tauros
|-damage|p2a: Tauros|199\/353
|
|turn|59
|choice|move 2|switch 4
|
|switch|p2a: Zapdos|Zapdos|51\/383
|move|p1a: Cloyster|Blizzard|p2a: Zapdos
|-supereffective|p2a: Zapdos
|-damage|p2a: Zapdos|0 fnt
|faint|p2a: Zapdos
|choice||switch 4
|
|switch|p2a: Tauros|Tauros|199\/353
|turn|60
|choice|move 2|move 1
|
|move|p2a: Tauros|Body Slam|p1a: Cloyster
|-crit|p1a: Cloyster
|-damage|p1a: Cloyster|78\/303 par
|move|p1a: Cloyster|Blizzard|p2a: Tauros|[miss]
|-miss|p1a: Cloyster
|
|turn|61
|c|★Bomber|obv
|c|★Bomber|nice battle
|c|★Bomber|luck was only on one side
|c|★Bomber|yours
|c|★teal6|sry -_-
|c|★Bomber|sorry a minchia
|c|★teal6|?
|-message|Bomber forfeited.
|
|win|teal6
|L|Bomber
|player|p1
|c|+Alexander|sry il cazzo
|c|+Christo The Gr8|olol
|L|xTSR
|c|★teal6|gl in olt alexander :)
|c|+Alexander|ty boss
|c|+Alexander|nice avy
|c|★teal6|ty pal
|L|Christo The Gr8