|J|gorgie
|J|Beds
|player|p1|gorgie|2
|player|p2|Beds|252
|gametype|singles
|gen|1
|tier|[Gen 1] OU
|seed|
|rule|Sleep Clause Mod: Limit one foe put to sleep
|rule|Freeze Clause Mod: Limit one foe frozen
|rule|Species Clause: Limit one of each Pokémon
|rule|OHKO Clause: OHKO moves are banned
|rule|Evasion Moves Clause: Evasion moves are banned
|rule|HP Percentage Mod: HP is shown in percentages
|
|start
|switch|p1a: cardinal|Starmie|100\/100
|switch|p2a: Jynx|Jynx|100\/100
|turn|1
|J|boudouche
|J|Dice
|J|Purrl
|J|Lady bug
|c|★Beds|gl hf
|J|blunderr
|J|KratosMana
|J|ABR
|choice||
|
|move|p1a: cardinal|Thunder Wave|p2a: Jynx
|-status|p2a: Jynx|par
|move|p2a: Jynx|Lovely Kiss|p1a: cardinal|[miss]
|-miss|p2a: Jynx
|
|turn|2
|c|★gorgie|aight
|J|Bouff
|choice||
|
|move|p1a: cardinal|Psychic|p2a: Jynx
|-resisted|p2a: Jynx
|-damage|p2a: Jynx|85\/100 par
|-unboost|p2a: Jynx|spd|1
|-unboost|p2a: Jynx|spa|1
|cant|p2a: Jynx|par
|
|turn|3
|choice||
|
|move|p1a: cardinal|Psychic|p2a: Jynx
|-resisted|p2a: Jynx
|-damage|p2a: Jynx|61\/100 par
|-unboost|p2a: Jynx|spd|1
|-unboost|p2a: Jynx|spa|1
|move|p2a: Jynx|Lovely Kiss|p1a: cardinal
|-status|p1a: cardinal|slp
|
|turn|4
|J|dekzeh
|choice||
|
|switch|p2a: Snorlax|Snorlax|100\/100
|-curestatus|p1a: cardinal|slp
|
|turn|5
|J|Jimmy Turtwig
|J|Vinc2612
|choice||
|
|move|p1a: cardinal|Psychic|p2a: Snorlax
|-crit|p2a: Snorlax
|-damage|p2a: Snorlax|48\/100
|-unboost|p2a: Snorlax|spd|1
|-unboost|p2a: Snorlax|spa|1
|move|p2a: Snorlax|Body Slam|p1a: cardinal
|-damage|p1a: cardinal|66\/100
|
|turn|6
|choice||
|
|switch|p2a: Jynx|Jynx|61\/100 par
|move|p1a: cardinal|Psychic|p2a: Jynx
|-resisted|p2a: Jynx
|-damage|p2a: Jynx|45\/100 par
|
|turn|7
|J|Becks
|choice||
|
|move|p1a: cardinal|Psychic|p2a: Jynx
|-resisted|p2a: Jynx
|-damage|p2a: Jynx|27\/100 par
|move|p2a: Jynx|Lovely Kiss|p1a: cardinal
|-status|p1a: cardinal|slp
|
|turn|8
|J|ReshiRampage
|choice||
|
|cant|p1a: cardinal|slp
|cant|p2a: Jynx|par
|
|turn|9
|choice||
|
|switch|p2a: Chansey|Chansey|100\/100
|cant|p1a: cardinal|slp
|
|turn|10
|choice||
|
|switch|p1a: sensei|Alakazam, M|100\/100
|move|p2a: Chansey|Thunderbolt|p1a: sensei
|-damage|p1a: sensei|81\/100
|
|turn|11
|choice||
|
|move|p1a: sensei|Thunder Wave|p2a: Chansey
|-status|p2a: Chansey|par
|move|p2a: Chansey|Ice Beam|p1a: sensei
|-damage|p1a: sensei|61\/100
|
|turn|12
|choice||
|
|switch|p1a: cardinal|Starmie|66\/100 slp
|cant|p2a: Chansey|par
|
|turn|13
|choice||
|
|switch|p1a: Bastard|Snorlax, M|100\/100
|move|p2a: Chansey|Thunderbolt|p1a: Bastard
|-damage|p1a: Bastard|80\/100
|
|turn|14
|J|qsns
|J|Vore Gidal
|choice||
|
|move|p1a: Bastard|Earthquake|p2a: Chansey
|-damage|p2a: Chansey|67\/100 par
|move|p2a: Chansey|Thunder Wave|p1a: Bastard
|-status|p1a: Bastard|par
|
|turn|15
|J|Shadestep
|choice||
|
|switch|p2a: Snorlax|Snorlax|48\/100
|move|p1a: Bastard|Body Slam|p2a: Snorlax
|-damage|p2a: Snorlax|23\/100
|
|turn|16
|J|SoulWind
|choice||
|
|switch|p1a: cardinal|Starmie|66\/100 slp
|move|p2a: Snorlax|Rest|p2a: Snorlax
|-status|p2a: Snorlax|slp
|-heal|p2a: Snorlax|100\/100 slp|[silent]
|-status|p2a: Snorlax|slp|[from] move: Rest
|
|turn|17
|J|raseri
|choice||
|
|cant|p1a: cardinal|slp
|cant|p2a: Snorlax|slp
|
|turn|18
|choice||
|
|-curestatus|p1a: cardinal|slp
|-curestatus|p2a: Snorlax|slp
|
|turn|19
|choice||
|
|move|p1a: cardinal|Thunder Wave|p2a: Snorlax
|-status|p2a: Snorlax|par
|move|p2a: Snorlax|Amnesia|p2a: Snorlax
|-boost|p2a: Snorlax|spd|2
|-boost|p2a: Snorlax|spa|2
|
|turn|20
|choice||
|
|move|p1a: cardinal|Psychic|p2a: Snorlax
|-damage|p2a: Snorlax|87\/100 par
|-unboost|p2a: Snorlax|spd|1
|-unboost|p2a: Snorlax|spa|1
|move|p2a: Snorlax|Body Slam|p1a: cardinal
|-damage|p1a: cardinal|31\/100
|
|turn|21
|choice||
|
|switch|p1a: Bastard|Snorlax, M|80\/100 par
|move|p2a: Snorlax|Body Slam|p1a: Bastard
|-damage|p1a: Bastard|53\/100 par
|
|turn|22
|choice||
|
|move|p2a: Snorlax|Blizzard|p1a: Bastard
|-damage|p1a: Bastard|26\/100 par
|move|p1a: Bastard|Counter|p2a: Snorlax
|-fail|p1a: Bastard
|
|turn|23
|choice||
|
|move|p1a: Bastard|Self-Destruct|p2a: Snorlax
|-damage|p2a: Snorlax|1\/100 par
|faint|p1a: Bastard
|J|Pohjis
|J|giara
|c|★gorgie|womp
|J|tal bachman
|choice||
|
|switch|p1a: MASTER DONK|Tauros|100\/100
|turn|24
|choice||
|
|move|p1a: MASTER DONK|Body Slam|p2a: Snorlax
|-damage|p2a: Snorlax|0 fnt
|faint|p2a: Snorlax
|choice||
|
|switch|p2a: Exeggutor|Exeggutor|100\/100
|turn|25
|J|parivard
|choice||
|
|switch|p1a: cardinal|Starmie|31\/100
|move|p2a: Exeggutor|Sleep Powder|p1a: cardinal
|-status|p1a: cardinal|slp
|
|turn|26
|choice||
|
|switch|p1a: roots manuva|Exeggutor|100\/100
|move|p2a: Exeggutor|Psychic|p1a: roots manuva
|-resisted|p1a: roots manuva
|-damage|p1a: roots manuva|88\/100
|
|turn|27
|choice||
|
|switch|p2a: Chansey|Chansey|67\/100 par
|move|p1a: roots manuva|Psychic|p2a: Chansey
|-damage|p2a: Chansey|51\/100 par
|
|turn|28
|choice||
|
|switch|p1a: MASTER DONK|Tauros|100\/100
|move|p2a: Chansey|Soft-Boiled|p2a: Chansey
|-heal|p2a: Chansey|100\/100 par
|
|turn|29
|J|Tesung
|choice||
|
|switch|p2a: Jynx|Jynx|27\/100 par
|move|p1a: MASTER DONK|Body Slam|p2a: Jynx
|-damage|p2a: Jynx|0 fnt
|faint|p2a: Jynx
|choice||
|
|switch|p2a: Exeggutor|Exeggutor|100\/100
|turn|30
|choice||
|
|switch|p1a: roots manuva|Exeggutor|88\/100
|move|p2a: Exeggutor|Stun Spore|p1a: roots manuva
|-status|p1a: roots manuva|par
|
|turn|31
|L|Tesung
|choice||
|
|switch|p1a: MASTER DONK|Tauros|100\/100
|move|p2a: Exeggutor|Psychic|p1a: MASTER DONK
|-damage|p1a: MASTER DONK|57\/100
|
|turn|32
|choice||
|
|switch|p1a: roots manuva|Exeggutor|88\/100 par
|move|p2a: Exeggutor|Stun Spore|p1a: roots manuva|[miss]
|-miss|p2a: Exeggutor
|
|turn|33
|choice||
|
|switch|p2a: Chansey|Chansey|100\/100 par
|switch|p1a: cardinal|Starmie|31\/100 slp
|
|turn|34
|choice||
|
|switch|p1a: sensei|Alakazam, M|61\/100
|move|p2a: Chansey|Thunderbolt|p1a: sensei
|-damage|p1a: sensei|41\/100
|
|turn|35
|choice||
|
|move|p1a: sensei|Recover|p1a: sensei
|-heal|p1a: sensei|91\/100
|cant|p2a: Chansey|par
|
|turn|36
|choice||
|
|switch|p1a: roots manuva|Exeggutor|88\/100 par
|cant|p2a: Chansey|par
|
|turn|37
|J|Kingler12345
|J|Kit10
|L|Kit10
|choice||
|
|cant|p1a: roots manuva|par
|move|p2a: Chansey|Ice Beam|p1a: roots manuva
|-supereffective|p1a: roots manuva
|-damage|p1a: roots manuva|57\/100 par
|
|turn|38
|choice||
|
|move|p1a: roots manuva|Explosion|p2a: Chansey
|-damage|p2a: Chansey|0 fnt
|faint|p2a: Chansey
|faint|p1a: roots manuva
|J|Eo
|choice||
|
|switch|p1a: sensei|Alakazam, M|91\/100
|switch|p2a: Exeggutor|Exeggutor|100\/100
|turn|39
|J|Captain Man Mode
|choice||
|
|move|p1a: sensei|Thunder Wave|p2a: Exeggutor
|-status|p2a: Exeggutor|par
|move|p2a: Exeggutor|Stun Spore|p1a: sensei
|-status|p1a: sensei|par
|
|turn|40
|choice||
|
|switch|p2a: Slowbro|Slowbro|100\/100
|move|p1a: sensei|Seismic Toss|p2a: Slowbro
|-damage|p2a: Slowbro|75\/100
|
|turn|41
|choice||
|
|move|p2a: Slowbro|Amnesia|p2a: Slowbro
|-boost|p2a: Slowbro|spd|2
|-boost|p2a: Slowbro|spa|2
|move|p1a: sensei|Thunder Wave|p2a: Slowbro
|-status|p2a: Slowbro|par
|
|turn|42
|choice||
|
|switch|p1a: bubba|Dragonite, M|100\/100
|move|p2a: Slowbro|Amnesia|p2a: Slowbro
|-boost|p2a: Slowbro|spd|2
|-boost|p2a: Slowbro|spa|2
|
|turn|43
|choice||
|
|move|p1a: bubba|Wrap|p2a: Slowbro
|-crit|p2a: Slowbro
|-damage|p2a: Slowbro|68\/100 par
|cant|p2a: Slowbro|partiallytrapped
|
|turn|44
|J|Soulgazer
|choice||
|
|move|p1a: bubba|Wrap|p2a: Slowbro|[from]Wrap
|-damage|p2a: Slowbro|62\/100 par
|cant|p2a: Slowbro|partiallytrapped
|
|turn|45
|J|Jsaok3
|choice||
|
|move|p1a: bubba|Wrap|p2a: Slowbro|[from]Wrap
|-damage|p2a: Slowbro|55\/100 par
|cant|p2a: Slowbro|partiallytrapped
|
|turn|46
|J|blapperl
|J|sg sux a lot
|choice||
|
|move|p1a: bubba|Wrap|p2a: Slowbro
|-damage|p2a: Slowbro|52\/100 par
|cant|p2a: Slowbro|partiallytrapped
|
|turn|47
|choice||
|
|move|p1a: bubba|Wrap|p2a: Slowbro|[from]Wrap
|-damage|p2a: Slowbro|48\/100 par
|cant|p2a: Slowbro|partiallytrapped
|
|turn|48
|choice||
|
|move|p1a: bubba|Wrap|p2a: Slowbro|[from]Wrap
|-damage|p2a: Slowbro|45\/100 par
|cant|p2a: Slowbro|partiallytrapped
|
|turn|49
|choice||
|
|move|p1a: bubba|Wrap|p2a: Slowbro
|-damage|p2a: Slowbro|41\/100 par
|cant|p2a: Slowbro|partiallytrapped
|
|turn|50
|choice||
|
|move|p1a: bubba|Wrap|p2a: Slowbro|[from]Wrap
|-damage|p2a: Slowbro|37\/100 par
|cant|p2a: Slowbro|partiallytrapped
|
|turn|51
|L|tal bachman
|J|Icey Tea
|J|Gee Mick
|c|★Beds|just out of interest, were you able to switch moves at any point?
|c|★gorgie|maybe
|J|Malekith
|J|BahaWin
|c|★Beds|it used to dice
|J|tal bachman
|c|★Beds|so that's why i was wondering
|c|★gorgie|ill satisfy youre curiosity post-battle breh
|c|★Beds|so they fixed it
|choice||
|
|switch|p1a: MASTER DONK|Tauros|57\/100
|cant|p2a: Slowbro|partiallytrapped
|
|turn|52
|c|★gorgie|your * *
|choice||
|
|move|p1a: MASTER DONK|Hyper Beam|p2a: Slowbro
|-crit|p2a: Slowbro
|-damage|p2a: Slowbro|0 fnt
|faint|p2a: Slowbro
|choice||
|
|switch|p2a: Tauros|Tauros|100\/100
|turn|53
|c|★gorgie|lets see
|J|zzygg
|L|Gee Mick
|c|★gorgie|pop that P*ssy for a rel N*gga
|c|+blunderr|rel
|c|★gorgie|sry thinkin bro
|c|★gorgie|ya ok
|c|★gorgie|i see the path here i believe
|choice||
|
|switch|p1a: cardinal|Starmie|31\/100 slp
|move|p2a: Tauros|Body Slam|p1a: cardinal
|-damage|p1a: cardinal|0 fnt
|faint|p1a: cardinal
|J|Astounded
|choice||
|
|switch|p1a: sensei|Alakazam, M|91\/100 par
|turn|54
|J|samqian2
|J|Build is to Grow
|J|SparksBlade
|J|Foggi
|c|★gorgie|are you a REAL n*gga
|J|DOGS & MEMES
|c|★Beds|i'm not sure yet
|c|★gorgie|lol
|c|★gorgie|thats the most un-rel-N*gga answer bro
|J|soviet
|c|★gorgie|dont worry about it
|J|GunnerRohan
|c|★gorgie|if i win this im goin balls out g3
|c|★Beds|i am as white as it gets so
|J|Monster 0
|choice||
|
|move|p2a: Tauros|Body Slam|p1a: sensei
|-damage|p1a: sensei|43\/100 par
|cant|p1a: sensei|par
|
|turn|55
|c|★gorgie|$g5
|c|★gorgie|4hw5yjeu6rjey5
|c|★gorgie|hwtgq
|c|★gorgie|qthwy5jeuk6
|c|★gorgie|ri7l
|L|Build is to Grow
|c|★Beds|those were the better odds my man
|J|darrell1297
|c|★gorgie|nah
|c|★gorgie|thebest play was to hb actually
|J|Honoka Kurai
|c|★gorgie|F*CK bro LOL
|c|★Beds|need like a top 25% roll for that
|c|★Beds|or a crit
|c|+parivard|lol
|J|teal6
|c|★Beds|and bslam crit kills too unless bottom 10% roll
|c|★gorgie|hmm
|L|Shadestep
|c|★gorgie|imma have to hack with my bull 
|c|★gorgie|f*ck
|choice||
|
|move|p2a: Tauros|Body Slam|p1a: sensei
|-damage|p1a: sensei|0 fnt
|faint|p1a: sensei
|c|★gorgie|or u gonna hb like a REAL whitie
|choice||
|
|switch|p1a: MASTER DONK|Tauros|57\/100
|turn|56
|choice||
|
|move|p1a: MASTER DONK|Body Slam|p2a: Tauros
|-crit|p2a: Tauros
|-damage|p2a: Tauros|39\/100
|move|p2a: Tauros|Body Slam|p1a: MASTER DONK
|-damage|p1a: MASTER DONK|28\/100
|
|turn|57
|J|edgar
|L|teal6
|c|★gorgie|master donk plz
|J|dodmen
|choice||
|
|move|p1a: MASTER DONK|Hyper Beam|p2a: Tauros
|-damage|p2a: Tauros|0 fnt
|faint|p2a: Tauros
|c|★gorgie|thx u donk
|choice||
|
|switch|p2a: Exeggutor|Exeggutor|100\/100 par
|turn|58
|c|★Beds|:I
|L|BahaWin
|c|★gorgie|u want me to blizz crit
|c|★gorgie|cos IM real
|c|★gorgie|bro do you think im sweatin
|c|★gorgie|for my team
|c|★Beds|if you only go for the crit why not hbeam
|c|★Beds|more damage
|c|★gorgie|bro you playin me
|choice||
|
|move|p1a: MASTER DONK|Hyper Beam|p2a: Exeggutor
|-damage|p2a: Exeggutor|50\/100 par
|move|p2a: Exeggutor|Psychic|p1a: MASTER DONK
|-damage|p1a: MASTER DONK|0 fnt
|faint|p1a: MASTER DONK
|c|★Beds|nice play!
|choice||
|
|switch|p1a: bubba|Dragonite, M|100\/100
|turn|59
|c|★gorgie|thx im kinda strong
|choice||
|
|move|p1a: bubba|Wrap|p2a: Exeggutor
|-damage|p2a: Exeggutor|46\/100 par
|cant|p2a: Exeggutor|partiallytrapped
|
|turn|60
|choice||
|
|move|p1a: bubba|Wrap|p2a: Exeggutor|[from]Wrap
|-damage|p2a: Exeggutor|41\/100 par
|cant|p2a: Exeggutor|partiallytrapped
|
|turn|61
|choice||
|
|move|p1a: bubba|Wrap|p2a: Exeggutor|[miss]
|-miss|p1a: bubba
|move|p2a: Exeggutor|Sleep Powder|p1a: bubba
|-status|p1a: bubba|slp
|
|turn|62
|c|★gorgie|dstrhyju6r
|c|★gorgie|7tl8
|choice||
|
|cant|p1a: bubba|slp
|move|p2a: Exeggutor|Psychic|p1a: bubba
|-crit|p1a: bubba
|-damage|p1a: bubba|35\/100 slp
|
|turn|63
|c|★gorgie|eargtrwhytejur
|c|★gorgie|F*CK
|J|sample size 13
|c|★Beds|jajaboys2016
|c|★gorgie|lady bug can u pray for me
|c|★gorgie|bro we use to be on tha same squad
|c|★gorgie|why you doin this haha
|c|★Beds|they betrayed us both
|c|★gorgie|bro dek
|c|★Beds|i am now a lawless
|c|★gorgie|wrap odds were better
|J|Chilled Elephant
|c|★gorgie|according to my calcs
|c|★Beds|i learned from a good friend
|c|★Beds|about never giving up
|c|★Beds|unless you are mathematically out
|c|★gorgie|who is this friend
|c|★gorgie|wanna meet him
|c|★Beds|this was pure mathematics right here
|J|Disenchanted
|c|★Beds|his name is tele
|c|★gorgie|rofl
|c|★gorgie|keep ur friend bro
|L|Foggi
|c|★gorgie|lgi
|choice||
|
|cant|p1a: bubba|slp
|move|p2a: Exeggutor|Psychic|p1a: bubba
|-damage|p1a: bubba|0 fnt
|faint|p1a: bubba
|
|win|Beds