|inactive|Battle timer is ON: inactive players will automatically lose when time's up.
|J|Dear Ophelia
|J|Nails
|player|p1|Dear Ophelia|70
|player|p2|Nails|266
|gametype|singles
|gen|1
|tier|[Gen 1] OU
|seed|17214,6943,13266,47026
|rule|Sleep Clause Mod: Limit one foe put to sleep
|rule|Freeze Clause Mod: Limit one foe frozen
|rule|Species Clause: Limit one of each Pokémon
|rule|OHKO Clause: OHKO moves are banned
|rule|Evasion Moves Clause: Evasion moves are banned
|rule|HP Percentage Mod: HP is shown in percentages
|
|start
|switch|p1a: Lucky Star|Starmie|323\/323
|switch|p2a: Alakazam|Alakazam|313\/313
|turn|1
|J|smilzo
|J|Triangles RSE
|J|TDK
|J|Finchinator
|J|Pyrogon
|choice|switch 2|switch 6
|
|switch|p2a: Chansey|Chansey|703\/703
|switch|p1a: Megidolaon|Exeggutor|393\/393
|
|turn|2
|choice|move 1|switch 6
|
|switch|p2a: Alakazam|Alakazam|313\/313
|move|p1a: Megidolaon|Sleep Powder|p2a: Alakazam
|-status|p2a: Alakazam|slp
|
|turn|3
|choice|switch 3|switch 4
|
|switch|p2a: Exeggutor|Exeggutor|393\/393
|switch|p1a: BORIS|Snorlax|523\/523
|
|turn|4
|choice|switch 3|move 1
|
|switch|p1a: Megidolaon|Exeggutor|393\/393
|move|p2a: Exeggutor|Sleep Powder|p1a: Megidolaon
|-status|p1a: Megidolaon|slp
|
|turn|5
|choice|move 2|move 3
|
|cant|p1a: Megidolaon|slp
|move|p2a: Exeggutor|Psychic|p1a: Megidolaon
|-resisted|p1a: Megidolaon
|-damage|p1a: Megidolaon|339\/393 slp
|
|turn|6
|choice|switch 2|move 3
|
|switch|p1a: Lucky Star|Starmie|323\/323
|move|p2a: Exeggutor|Psychic|p1a: Lucky Star
|-resisted|p1a: Lucky Star
|-damage|p1a: Lucky Star|260\/323
|
|turn|7
|choice|move 1|move 2
|
|move|p1a: Lucky Star|Blizzard|p2a: Exeggutor
|-supereffective|p2a: Exeggutor
|-damage|p2a: Exeggutor|241\/393
|move|p2a: Exeggutor|Stun Spore|p1a: Lucky Star
|-status|p1a: Lucky Star|par
|
|turn|8
|choice|move 1|switch 2
|
|switch|p2a: Snorlax|Snorlax|523\/523
|move|p1a: Lucky Star|Blizzard|p2a: Snorlax
|-damage|p2a: Snorlax|400\/523
|
|turn|9
|choice|move 1|move 1
|
|move|p2a: Snorlax|Body Slam|p1a: Lucky Star
|-crit|p1a: Lucky Star
|-damage|p1a: Lucky Star|15\/323 par
|move|p1a: Lucky Star|Blizzard|p2a: Snorlax|[miss]
|-miss|p1a: Lucky Star
|
|turn|10
|c|★Nails|ah
|choice|switch 3|move 1
|
|switch|p1a: BORIS|Snorlax|523\/523
|move|p2a: Snorlax|Body Slam|p1a: BORIS
|-crit|p1a: BORIS
|-damage|p1a: BORIS|234\/523
|
|turn|11
|c|★Dear Ophelia|good lax
|choice|move 1|move 2
|
|move|p1a: BORIS|Body Slam|p2a: Snorlax
|-damage|p2a: Snorlax|260\/523
|move|p2a: Snorlax|Hyper Beam|p1a: BORIS
|-damage|p1a: BORIS|5\/523
|
|turn|12
|-mustrecharge|p2a: Snorlax
|c|★Nails|D:
|-mustrecharge|p2a: Snorlax
|choice|move 4|move 1
|
|move|p1a: BORIS|Self-Destruct|p2a: Snorlax
|-damage|p2a: Snorlax|0 fnt
|faint|p2a: Snorlax
|faint|p1a: BORIS
|choice|switch 6|switch 3
|
|switch|p2a: Tauros|Tauros|353\/353
|switch|p1a: CHONSEY|Chansey|703\/703
|turn|13
|choice|switch 3|move 1
|
|switch|p1a: Lucky Star|Starmie|15\/323 par
|move|p2a: Tauros|Body Slam|p1a: Lucky Star
|-damage|p1a: Lucky Star|0 fnt
|faint|p1a: Lucky Star
|choice|switch 4|
|
|switch|p1a: Jace|Alakazam|313\/313
|turn|14
|choice|move 1|switch 6
|
|switch|p2a: Chansey|Chansey|703\/703
|move|p1a: Jace|Psychic|p2a: Chansey
|-damage|p2a: Chansey|565\/703
|-unboost|p2a: Chansey|spd|1
|-unboost|p2a: Chansey|spa|1
|
|turn|15
|choice|switch 3|move 2
|
|switch|p1a: CHONSEY|Chansey|703\/703
|move|p2a: Chansey|Ice Beam|p1a: CHONSEY
|-damage|p1a: CHONSEY|652\/703
|
|turn|16
|choice|move 1|move 2
|
|move|p2a: Chansey|Ice Beam|p1a: CHONSEY
|-damage|p1a: CHONSEY|601\/703
|move|p1a: CHONSEY|Ice Beam|p2a: Chansey
|-damage|p2a: Chansey|445\/703
|
|turn|17
|choice|move 1|switch 4
|
|switch|p2a: Alakazam|Alakazam|313\/313 slp
|move|p1a: CHONSEY|Ice Beam|p2a: Alakazam
|-crit|p2a: Alakazam
|-damage|p2a: Alakazam|183\/313 slp
|
|turn|18
|choice|switch 5|switch 4
|
|switch|p2a: Chansey|Chansey|445\/703
|switch|p1a: MASTERMUNE|Tauros|353\/353
|
|turn|19
|choice|move 4|move 3
|
|move|p1a: MASTERMUNE|Hyper Beam|p2a: Chansey
|-damage|p2a: Chansey|0 fnt
|faint|p2a: Chansey
|c|★Nails|chonsey D:
|choice||switch 6
|
|switch|p2a: Tauros|Tauros|353\/353
|turn|20
|c|★Dear Ophelia|BULL FIGHT
|choice|move 1|move 1
|
|move|p1a: MASTERMUNE|Body Slam|p2a: Tauros
|-crit|p2a: Tauros
|-damage|p2a: Tauros|153\/353
|move|p2a: Tauros|Body Slam|p1a: MASTERMUNE
|-damage|p1a: MASTERMUNE|257\/353
|
|turn|21
|choice|move 1|move 1
|
|move|p2a: Tauros|Body Slam|p1a: MASTERMUNE
|-damage|p1a: MASTERMUNE|161\/353
|move|p1a: MASTERMUNE|Body Slam|p2a: Tauros
|-crit|p2a: Tauros
|-damage|p2a: Tauros|0 fnt
|faint|p2a: Tauros
|c|★Nails|D:
|choice||switch 2
|
|switch|p2a: Exeggutor|Exeggutor|241\/393
|turn|22
|choice|switch 5|move 2
|
|switch|p1a: CHONSEY|Chansey|601\/703
|move|p2a: Exeggutor|Stun Spore|p1a: CHONSEY
|-status|p1a: CHONSEY|par
|
|turn|23
|choice|move 3|switch 5
|
|switch|p2a: Dragonite|Dragonite|385\/385
|cant|p1a: CHONSEY|par
|
|turn|24
|c|★Dear Ophelia|oh noes
|choice|move 3|move 3
|
|move|p2a: Dragonite|Wrap|p1a: CHONSEY
|-damage|p1a: CHONSEY|559\/703 par
|-activate|p1a: CHONSEY|move: Wrap|[of] p2a: Dragonite
|cant|p1a: CHONSEY|partiallytrapped
|
|turn|25
|choice|switch 5|move 3
|
|switch|p1a: MASTERMUNE|Tauros|161\/353
|move|p2a: Dragonite|Wrap|p1a: MASTERMUNE
|-damage|p1a: MASTERMUNE|146\/353
|-activate|p1a: MASTERMUNE|move: Wrap|[of] p2a: Dragonite
|
|turn|26
|choice|switch 3|move 3
|
|switch|p1a: Jace|Alakazam|313\/313
|move|p2a: Dragonite|Wrap|p1a: Jace
|-damage|p1a: Jace|288\/313
|-activate|p1a: Jace|move: Wrap|[of] p2a: Dragonite
|
|turn|27
|choice|switch 3|move 3
|
|switch|p1a: MASTERMUNE|Tauros|146\/353
|move|p2a: Dragonite|Wrap|p1a: MASTERMUNE|[miss]
|-miss|p2a: Dragonite
|
|turn|28
|choice|move 3|move 1
|
|move|p1a: MASTERMUNE|Blizzard|p2a: Dragonite
|-supereffective|p2a: Dragonite
|-damage|p2a: Dragonite|82\/385
|move|p2a: Dragonite|Agility|p2a: Dragonite
|-boost|p2a: Dragonite|spe|2
|
|turn|29
|choice|move 1|move 3
|
|move|p2a: Dragonite|Wrap|p1a: MASTERMUNE
|-crit|p1a: MASTERMUNE
|-damage|p1a: MASTERMUNE|114\/353
|-activate|p1a: MASTERMUNE|move: Wrap|[of] p2a: Dragonite
|cant|p1a: MASTERMUNE|partiallytrapped
|
|turn|30
|choice|switch 2|move 3
|
|switch|p1a: Megidolaon|Exeggutor|339\/393 slp
|move|p2a: Dragonite|Wrap|p1a: Megidolaon
|-damage|p1a: Megidolaon|323\/393 slp
|-activate|p1a: Megidolaon|move: Wrap|[of] p2a: Dragonite
|
|turn|31
|choice|switch 5|move 3
|
|switch|p1a: CHONSEY|Chansey|559\/703 par
|move|p2a: Dragonite|Wrap|p1a: CHONSEY
|-damage|p1a: CHONSEY|517\/703 par
|-activate|p1a: CHONSEY|move: Wrap|[of] p2a: Dragonite
|
|turn|32
|choice|switch 3|move 3
|
|switch|p1a: Jace|Alakazam|288\/313
|move|p2a: Dragonite|Wrap|p1a: Jace
|-damage|p1a: Jace|264\/313
|-activate|p1a: Jace|move: Wrap|[of] p2a: Dragonite
|
|turn|33
|choice|switch 5|move 3
|
|switch|p1a: Megidolaon|Exeggutor|323\/393 slp
|move|p2a: Dragonite|Wrap|p1a: Megidolaon
|-damage|p1a: Megidolaon|307\/393 slp
|-activate|p1a: Megidolaon|move: Wrap|[of] p2a: Dragonite
|
|turn|34
|choice|switch 3|move 3
|
|switch|p1a: CHONSEY|Chansey|517\/703 par
|move|p2a: Dragonite|Wrap|p1a: CHONSEY
|-damage|p1a: CHONSEY|479\/703 par
|-activate|p1a: CHONSEY|move: Wrap|[of] p2a: Dragonite
|
|turn|35
|choice|switch 3|move 3
|
|switch|p1a: Megidolaon|Exeggutor|307\/393 slp
|move|p2a: Dragonite|Wrap|p1a: Megidolaon
|-damage|p1a: Megidolaon|291\/393 slp
|-activate|p1a: Megidolaon|move: Wrap|[of] p2a: Dragonite
|
|turn|36
|choice|switch 3|move 3
|
|switch|p1a: CHONSEY|Chansey|479\/703 par
|move|p2a: Dragonite|Wrap|p1a: CHONSEY
|-damage|p1a: CHONSEY|441\/703 par
|-activate|p1a: CHONSEY|move: Wrap|[of] p2a: Dragonite
|
|turn|37
|choice|switch 3|move 3
|
|switch|p1a: Megidolaon|Exeggutor|291\/393 slp
|move|p2a: Dragonite|Wrap|p1a: Megidolaon
|-damage|p1a: Megidolaon|273\/393 slp
|-activate|p1a: Megidolaon|move: Wrap|[of] p2a: Dragonite
|
|turn|38
|choice|switch 3|move 3
|
|switch|p1a: CHONSEY|Chansey|441\/703 par
|move|p2a: Dragonite|Wrap|p1a: CHONSEY
|-damage|p1a: CHONSEY|399\/703 par
|-activate|p1a: CHONSEY|move: Wrap|[of] p2a: Dragonite
|
|turn|39
|choice|switch 2|move 3
|
|switch|p1a: MASTERMUNE|Tauros|114\/353
|move|p2a: Dragonite|Wrap|p1a: MASTERMUNE
|-damage|p1a: MASTERMUNE|99\/353
|-activate|p1a: MASTERMUNE|move: Wrap|[of] p2a: Dragonite
|
|turn|40
|choice|switch 2|move 3
|
|switch|p1a: CHONSEY|Chansey|399\/703 par
|move|p2a: Dragonite|Wrap|p1a: CHONSEY
|-crit|p1a: CHONSEY
|-damage|p1a: CHONSEY|316\/703 par
|-activate|p1a: CHONSEY|move: Wrap|[of] p2a: Dragonite
|
|turn|41
|choice|switch 3|move 3
|
|switch|p1a: Megidolaon|Exeggutor|273\/393 slp
|move|p2a: Dragonite|Wrap|p1a: Megidolaon
|-crit|p1a: Megidolaon
|-damage|p1a: Megidolaon|242\/393 slp
|-activate|p1a: Megidolaon|move: Wrap|[of] p2a: Dragonite
|
|turn|42
|choice|switch 2|move 3
|
|switch|p1a: MASTERMUNE|Tauros|99\/353
|move|p2a: Dragonite|Wrap|p1a: MASTERMUNE
|-damage|p1a: MASTERMUNE|82\/353
|-activate|p1a: MASTERMUNE|move: Wrap|[of] p2a: Dragonite
|
|turn|43
|c|★Nails|my dnite is strong
|choice|switch 3|move 3
|
|switch|p1a: CHONSEY|Chansey|316\/703 par
|move|p2a: Dragonite|Wrap|p1a: CHONSEY
|-damage|p1a: CHONSEY|276\/703 par
|-activate|p1a: CHONSEY|move: Wrap|[of] p2a: Dragonite
|
|turn|44
|choice|switch 2|move 3
|
|switch|p1a: Megidolaon|Exeggutor|242\/393 slp
|move|p2a: Dragonite|Wrap|p1a: Megidolaon
|-crit|p1a: Megidolaon
|-damage|p1a: Megidolaon|208\/393 slp
|-activate|p1a: Megidolaon|move: Wrap|[of] p2a: Dragonite
|
|turn|45
|choice|switch 2|move 3
|
|switch|p1a: CHONSEY|Chansey|276\/703 par
|move|p2a: Dragonite|Wrap|p1a: CHONSEY
|-crit|p1a: CHONSEY
|-damage|p1a: CHONSEY|196\/703 par
|-activate|p1a: CHONSEY|move: Wrap|[of] p2a: Dragonite
|
|turn|46
|choice|switch 2|move 3
|
|switch|p1a: Megidolaon|Exeggutor|208\/393 slp
|move|p2a: Dragonite|Wrap|p1a: Megidolaon|[miss]
|-miss|p2a: Dragonite
|
|turn|47
|choice|move 2|move 4
|
|move|p2a: Dragonite|Blizzard|p1a: Megidolaon
|-supereffective|p1a: Megidolaon
|-damage|p1a: Megidolaon|59\/393 slp
|cant|p1a: Megidolaon|slp
|
|turn|48
|choice|switch 2|move 4
|
|switch|p1a: CHONSEY|Chansey|196\/703 par
|move|p2a: Dragonite|Blizzard|p1a: CHONSEY
|-crit|p1a: CHONSEY
|-damage|p1a: CHONSEY|15\/703 par
|
|turn|49
|choice|move 1|move 4
|
|move|p2a: Dragonite|Blizzard|p1a: CHONSEY
|-damage|p1a: CHONSEY|0 fnt
|faint|p1a: CHONSEY
|choice|switch 5|
|
|switch|p1a: Jace|Alakazam|264\/313
|turn|50
|choice|move 1|move 3
|
|move|p2a: Dragonite|Wrap|p1a: Jace
|-damage|p1a: Jace|238\/313
|-activate|p1a: Jace|move: Wrap|[of] p2a: Dragonite
|cant|p1a: Jace|partiallytrapped
|
|turn|51
|choice|switch 2|move 3
|
|switch|p1a: Megidolaon|Exeggutor|59\/393 slp
|move|p2a: Dragonite|Wrap|p1a: Megidolaon
|-damage|p1a: Megidolaon|41\/393 slp
|-activate|p1a: Megidolaon|move: Wrap|[of] p2a: Dragonite
|
|turn|52
|choice|move 2|move 3
|
|move|p2a: Dragonite|Wrap|p1a: Megidolaon
|-damage|p1a: Megidolaon|23\/393 slp
|cant|p1a: Megidolaon|slp
|
|-end|p1a: Megidolaon|Wrap|[partiallytrapped]
|turn|53
|choice|move 2|move 4
|
|move|p2a: Dragonite|Blizzard|p1a: Megidolaon
|-supereffective|p1a: Megidolaon
|-damage|p1a: Megidolaon|0 fnt
|faint|p1a: Megidolaon
|choice|switch 3|
|
|switch|p1a: MASTERMUNE|Tauros|82\/353
|turn|54
|choice|move 1|move 4
|
|move|p2a: Dragonite|Blizzard|p1a: MASTERMUNE
|-damage|p1a: MASTERMUNE|0 fnt
|faint|p1a: MASTERMUNE
|choice|switch 2|
|
|switch|p1a: Jace|Alakazam|238\/313
|turn|55
|choice|move 1|move 3
|
|move|p2a: Dragonite|Wrap|p1a: Jace
|-damage|p1a: Jace|215\/313
|-activate|p1a: Jace|move: Wrap|[of] p2a: Dragonite
|cant|p1a: Jace|partiallytrapped
|
|turn|56
|choice|move 1|move 3
|
|move|p2a: Dragonite|Wrap|p1a: Jace
|-damage|p1a: Jace|192\/313
|cant|p1a: Jace|partiallytrapped
|
|-end|p1a: Jace|Wrap|[partiallytrapped]
|turn|57
|choice|move 1|move 2
|
|move|p2a: Dragonite|Hyper Beam|p1a: Jace
|-damage|p1a: Jace|0 fnt
|faint|p1a: Jace
|
|win|Nails