|J|Lusch
|J|eegergr
|player|p1|Lusch|153
|player|p2|eegergr|2
|gametype|singles
|gen|1
|tier|[Gen 1] OU
|seed|14173,18725,39713,49741
|rule|Sleep Clause Mod: Limit one foe put to sleep
|rule|Freeze Clause Mod: Limit one foe frozen
|rule|Species Clause: Limit one of each Pokémon
|rule|OHKO Clause: OHKO moves are banned
|rule|Evasion Moves Clause: Evasion moves are banned
|rule|HP Percentage Mod: HP is shown in percentages
|
|start
|switch|p1a: Gengar|Gengar|323\/323
|switch|p2a: Gengar|Gengar, M|323\/323
|turn|1
|c|★Lusch|hf
|choice|move 2|move 1
|
|move|p2a: Gengar|Hypnosis|p1a: Gengar|[miss]
|-miss|p2a: Gengar
|move|p1a: Gengar|Night Shade|p2a: Gengar
|-damage|p2a: Gengar|223\/323
|
|turn|2
|c|★Lusch|oh
|c|★Lusch|misclick^^
|choice|move 4|move 1
|
|move|p2a: Gengar|Hypnosis|p1a: Gengar
|-status|p1a: Gengar|slp
|-curestatus|p1a: Gengar|slp
|
|turn|3
|choice|move 4|move 1
|
|move|p1a: Gengar|Hypnosis|p2a: Gengar
|-status|p2a: Gengar|slp
|-curestatus|p2a: Gengar|slp
|
|turn|4
|choice|move 4|move 1
|
|move|p2a: Gengar|Hypnosis|p1a: Gengar|[miss]
|-miss|p2a: Gengar
|move|p1a: Gengar|Hypnosis|p2a: Gengar
|-status|p2a: Gengar|slp
|
|turn|5
|choice|move 2|switch 2
|
|switch|p2a: Chansey|Chansey|703\/703
|move|p1a: Gengar|Night Shade|p2a: Chansey
|-damage|p2a: Chansey|603\/703
|
|turn|6
|choice|move 2|move 1
|
|move|p1a: Gengar|Night Shade|p2a: Chansey
|-damage|p2a: Chansey|503\/703
|move|p2a: Chansey|Soft-Boiled|p2a: Chansey
|-heal|p2a: Chansey|703\/703
|
|turn|7
|choice|move 1|switch 2
|
|switch|p2a: Gengar|Gengar, M|223\/323 slp
|move|p1a: Gengar|Explosion|p2a: Gengar
|-immune|p2a: Gengar|[msg]
|faint|p1a: Gengar
|choice|switch 4|
|
|switch|p1a: Alakazam|Alakazam|313\/313
|turn|8
|choice|move 3|switch 3
|
|switch|p2a: Exeggutor|Exeggutor, M|393\/393
|move|p1a: Alakazam|Thunder Wave|p2a: Exeggutor
|-status|p2a: Exeggutor|par
|
|turn|9
|choice|move 1|move 2
|
|move|p1a: Alakazam|Psychic|p2a: Exeggutor
|-crit|p2a: Exeggutor
|-resisted|p2a: Exeggutor
|-damage|p2a: Exeggutor|283\/393 par
|-unboost|p2a: Exeggutor|spd|1
|-unboost|p2a: Exeggutor|spa|1
|move|p2a: Exeggutor|Sleep Powder|p1a: Alakazam
|-status|p1a: Alakazam|slp
|
|turn|10
|choice|move 1|switch 6
|
|switch|p2a: Tauros|Tauros|353\/353
|cant|p1a: Alakazam|slp
|
|turn|11
|choice|switch 6|move 1
|
|switch|p1a: Starmie|Starmie|323\/323
|move|p2a: Tauros|Body Slam|p1a: Starmie
|-damage|p1a: Starmie|216\/323
|
|turn|12
|choice|move 4|switch 4
|
|switch|p2a: Lapras|Lapras, M|463\/463
|move|p1a: Starmie|Thunder Wave|p2a: Lapras
|-status|p2a: Lapras|par
|
|turn|13
|choice|move 3|switch 2
|
|switch|p2a: Chansey|Chansey|703\/703
|move|p1a: Starmie|Thunderbolt|p2a: Chansey
|-damage|p2a: Chansey|632\/703
|
|turn|14
|choice|move 4|move 3
|
|move|p1a: Starmie|Thunder Wave|p2a: Chansey
|-status|p2a: Chansey|par
|move|p2a: Chansey|Ice Beam|p1a: Starmie
|-resisted|p1a: Starmie
|-damage|p1a: Starmie|178\/323
|
|turn|15
|choice|move 2|move 3
|
|move|p1a: Starmie|Recover|p1a: Starmie
|-heal|p1a: Starmie|323\/323
|move|p2a: Chansey|Ice Beam|p1a: Starmie
|-resisted|p1a: Starmie
|-damage|p1a: Starmie|282\/323
|
|turn|16
|choice|move 1|move 3
|
|move|p1a: Starmie|Blizzard|p2a: Chansey
|-damage|p2a: Chansey|545\/703 par
|move|p2a: Chansey|Ice Beam|p1a: Starmie
|-resisted|p1a: Starmie
|-damage|p1a: Starmie|244\/323
|
|turn|17
|choice|move 2|move 3
|
|move|p1a: Starmie|Recover|p1a: Starmie
|-heal|p1a: Starmie|323\/323
|move|p2a: Chansey|Ice Beam|p1a: Starmie
|-resisted|p1a: Starmie
|-damage|p1a: Starmie|281\/323
|
|turn|18
|choice|switch 3|move 3
|
|switch|p1a: Snorlax|Snorlax|523\/523
|cant|p2a: Chansey|par
|
|turn|19
|choice|move 2|move 1
|
|move|p1a: Snorlax|Earthquake|p2a: Chansey
|-damage|p2a: Chansey|329\/703 par
|move|p2a: Chansey|Soft-Boiled|p2a: Chansey
|-heal|p2a: Chansey|680\/703 par
|
|turn|20
|choice|move 1|switch 2
|
|switch|p2a: Lapras|Lapras, M|463\/463 par
|move|p1a: Snorlax|Body Slam|p2a: Lapras
|-damage|p2a: Lapras|332\/463 par
|
|turn|21
|choice|switch 3|move 1
|
|switch|p1a: Starmie|Starmie|281\/323
|move|p2a: Lapras|Blizzard|p1a: Starmie
|-resisted|p1a: Starmie
|-damage|p1a: Starmie|211\/323
|
|turn|22
|choice|switch 3|switch 2
|
|switch|p1a: Snorlax|Snorlax|523\/523
|switch|p2a: Chansey|Chansey|680\/703 par
|
|turn|23
|choice|move 1|move 2
|
|move|p1a: Snorlax|Body Slam|p2a: Chansey
|-damage|p2a: Chansey|404\/703 par
|move|p2a: Chansey|Thunder Wave|p1a: Snorlax
|-status|p1a: Snorlax|par
|
|turn|24
|choice|move 1|switch 3
|
|switch|p2a: Gengar|Gengar, M|223\/323 slp
|cant|p1a: Snorlax|par
|
|turn|25
|choice|move 1|switch 6
|
|switch|p2a: Exeggutor|Exeggutor, M|283\/393 par
|move|p1a: Snorlax|Body Slam|p2a: Exeggutor
|-damage|p2a: Exeggutor|159\/393 par
|
|turn|26
|choice|switch 3|move 1
|
|switch|p1a: Starmie|Starmie|211\/323
|move|p2a: Exeggutor|Psychic|p1a: Starmie
|-resisted|p1a: Starmie
|-damage|p1a: Starmie|146\/323
|-unboost|p1a: Starmie|spd|1
|-unboost|p1a: Starmie|spa|1
|
|turn|27
|choice|move 2|move 3
|
|move|p1a: Starmie|Recover|p1a: Starmie
|-heal|p1a: Starmie|307\/323
|move|p2a: Exeggutor|Mega Drain|p1a: Starmie
|-supereffective|p1a: Starmie
|-damage|p1a: Starmie|126\/323
|-heal|p2a: Exeggutor|249\/393 par|[from] drain|[of] p1a: Starmie
|
|turn|28
|choice|switch 2|move 3
|
|switch|p1a: Exeggutor|Exeggutor|393\/393
|move|p2a: Exeggutor|Mega Drain|p1a: Exeggutor
|-resisted|p1a: Exeggutor
|-damage|p1a: Exeggutor|371\/393
|-heal|p2a: Exeggutor|260\/393 par|[from] drain|[of] p1a: Exeggutor
|
|turn|29
|choice|switch 2|move 1
|
|switch|p1a: Starmie|Starmie|126\/323
|move|p2a: Exeggutor|Psychic|p1a: Starmie
|-resisted|p1a: Starmie
|-damage|p1a: Starmie|60\/323
|
|turn|30
|choice|move 2|move 3
|
|move|p1a: Starmie|Recover|p1a: Starmie
|-heal|p1a: Starmie|221\/323
|move|p2a: Exeggutor|Mega Drain|p1a: Starmie
|-supereffective|p1a: Starmie
|-damage|p1a: Starmie|112\/323
|-heal|p2a: Exeggutor|314\/393 par|[from] drain|[of] p1a: Starmie
|
|turn|31
|choice|move 2|move 3
|
|move|p1a: Starmie|Recover|p1a: Starmie
|-heal|p1a: Starmie|273\/323
|move|p2a: Exeggutor|Mega Drain|p1a: Starmie
|-crit|p1a: Starmie
|-supereffective|p1a: Starmie
|-damage|p1a: Starmie|54\/323
|-heal|p2a: Exeggutor|393\/393 par|[from] drain|[of] p1a: Starmie
|
|turn|32
|choice|move 2|switch 3
|
|switch|p2a: Chansey|Chansey|404\/703 par
|move|p1a: Starmie|Recover|p1a: Starmie
|-heal|p1a: Starmie|215\/323
|
|turn|33
|choice|switch 3|move 1
|
|switch|p1a: Snorlax|Snorlax|523\/523 par
|move|p2a: Chansey|Soft-Boiled|p2a: Chansey
|-heal|p2a: Chansey|703\/703 par
|
|turn|34
|choice|move 2|move 4
|
|move|p2a: Chansey|Thunderbolt|p1a: Snorlax
|-damage|p1a: Snorlax|426\/523 par
|move|p1a: Snorlax|Earthquake|p2a: Chansey
|-damage|p2a: Chansey|463\/703 par
|
|turn|35
|choice|move 1|move 1
|
|move|p2a: Chansey|Soft-Boiled|p2a: Chansey
|-heal|p2a: Chansey|703\/703 par
|move|p1a: Snorlax|Body Slam|p2a: Chansey
|-damage|p2a: Chansey|395\/703 par
|
|turn|36
|choice|move 1|move 1
|
|move|p2a: Chansey|Soft-Boiled|p2a: Chansey
|-heal|p2a: Chansey|703\/703 par
|move|p1a: Snorlax|Body Slam|p2a: Chansey
|-damage|p2a: Chansey|414\/703 par
|
|turn|37
|choice|move 1|move 1
|
|move|p2a: Chansey|Soft-Boiled|p2a: Chansey
|-heal|p2a: Chansey|703\/703 par
|move|p1a: Snorlax|Body Slam|p2a: Chansey
|-damage|p2a: Chansey|390\/703 par
|
|turn|38
|choice|move 1|move 1
|
|move|p2a: Chansey|Soft-Boiled|p2a: Chansey
|-heal|p2a: Chansey|703\/703 par
|move|p1a: Snorlax|Body Slam|p2a: Chansey
|-damage|p2a: Chansey|424\/703 par
|
|turn|39
|choice|move 1|switch 6
|
|switch|p2a: Gengar|Gengar, M|223\/323 slp
|move|p1a: Snorlax|Body Slam|p2a: Gengar
|-immune|p2a: Gengar|[msg]
|
|turn|40
|choice|move 2|switch 3
|
|switch|p2a: Exeggutor|Exeggutor, M|393\/393 par
|cant|p1a: Snorlax|par
|
|turn|41
|choice|switch 3|move 1
|
|switch|p1a: Starmie|Starmie|215\/323
|move|p2a: Exeggutor|Psychic|p1a: Starmie
|-crit|p1a: Starmie
|-resisted|p1a: Starmie
|-damage|p1a: Starmie|103\/323
|
|turn|42
|choice|move 2|switch 6
|
|switch|p2a: Chansey|Chansey|424\/703 par
|move|p1a: Starmie|Recover|p1a: Starmie
|-heal|p1a: Starmie|264\/323
|
|turn|43
|choice|switch 3|switch 5
|
|switch|p1a: Snorlax|Snorlax|426\/523 par
|switch|p2a: Rhydon|Rhydon, M|413\/413
|
|turn|44
|choice|switch 2|move 4
|
|switch|p1a: Exeggutor|Exeggutor|371\/393
|move|p2a: Rhydon|Body Slam|p1a: Exeggutor
|-damage|p1a: Exeggutor|276\/393
|-status|p1a: Exeggutor|par
|
|turn|45
|choice|switch 2|switch 6
|
|switch|p2a: Exeggutor|Exeggutor, M|393\/393 par
|switch|p1a: Snorlax|Snorlax|426\/523 par
|
|turn|46
|choice|switch 3|move 1
|
|switch|p1a: Starmie|Starmie|264\/323
|move|p2a: Exeggutor|Psychic|p1a: Starmie
|-resisted|p1a: Starmie
|-damage|p1a: Starmie|202\/323
|-unboost|p1a: Starmie|spd|1
|-unboost|p1a: Starmie|spa|1
|
|turn|47
|choice|switch 2|move 1
|
|switch|p1a: Exeggutor|Exeggutor|276\/393 par
|move|p2a: Exeggutor|Psychic|p1a: Exeggutor
|-resisted|p1a: Exeggutor
|-damage|p1a: Exeggutor|223\/393 par
|
|turn|48
|choice|move 2|switch 2
|
|switch|p2a: Lapras|Lapras, M|332\/463 par
|move|p1a: Exeggutor|Psychic|p2a: Lapras
|-damage|p2a: Lapras|196\/463 par
|
|turn|49
|choice|switch 2|move 1
|
|switch|p1a: Starmie|Starmie|202\/323
|move|p2a: Lapras|Blizzard|p1a: Starmie
|-resisted|p1a: Starmie
|-damage|p1a: Starmie|137\/323
|
|turn|50
|choice|move 2|move 2
|
|move|p1a: Starmie|Recover|p1a: Starmie
|-heal|p1a: Starmie|298\/323
|cant|p2a: Lapras|par
|
|turn|51
|choice|switch 3|switch 5
|
|switch|p1a: Snorlax|Snorlax|426\/523 par
|switch|p2a: Chansey|Chansey|424\/703 par
|
|turn|52
|choice|move 1|move 1
|
|cant|p2a: Chansey|par
|move|p1a: Snorlax|Body Slam|p2a: Chansey
|-damage|p2a: Chansey|147\/703 par
|
|turn|53
|choice|move 3|move 1
|
|cant|p2a: Chansey|par
|move|p1a: Snorlax|Hyper Beam|p2a: Chansey
|-crit|p2a: Chansey
|-damage|p2a: Chansey|0 fnt
|faint|p2a: Chansey
|choice||switch 6
|
|switch|p2a: Rhydon|Rhydon, M|413\/413
|turn|54
|choice|move 2|move 1
|
|move|p2a: Rhydon|Earthquake|p1a: Snorlax
|-damage|p1a: Snorlax|244\/523 par
|cant|p1a: Snorlax|par
|
|turn|55
|choice|switch 2|move 2
|
|switch|p1a: Exeggutor|Exeggutor|223\/393 par
|move|p2a: Rhydon|Rock Slide|p1a: Exeggutor
|-damage|p1a: Exeggutor|107\/393 par
|
|turn|56
|choice|move 2|move 2
|
|move|p2a: Rhydon|Rock Slide|p1a: Exeggutor
|-crit|p1a: Exeggutor
|-damage|p1a: Exeggutor|0 fnt
|faint|p1a: Exeggutor
|choice|switch 3|
|
|switch|p1a: Starmie|Starmie|298\/323
|turn|57
|J|LT2 Seventh
|choice|move 1|switch 5
|
|switch|p2a: Lapras|Lapras, M|196\/463 par
|move|p1a: Starmie|Blizzard|p2a: Lapras
|-resisted|p2a: Lapras
|-damage|p2a: Lapras|174\/463 par
|
|turn|58
|choice|move 3|switch 2
|
|switch|p2a: Exeggutor|Exeggutor, M|393\/393 par
|move|p1a: Starmie|Thunderbolt|p2a: Exeggutor
|-crit|p2a: Exeggutor
|-resisted|p2a: Exeggutor
|-damage|p2a: Exeggutor|333\/393 par
|
|turn|59
|choice|move 1|move 3
|
|move|p1a: Starmie|Blizzard|p2a: Exeggutor
|-supereffective|p2a: Exeggutor
|-damage|p2a: Exeggutor|162\/393 par
|move|p2a: Exeggutor|Mega Drain|p1a: Starmie
|-supereffective|p1a: Starmie
|-damage|p1a: Starmie|180\/323
|-heal|p2a: Exeggutor|221\/393 par|[from] drain|[of] p1a: Starmie
|
|turn|60
|choice|switch 6|move 3
|
|switch|p1a: Alakazam|Alakazam|313\/313 slp
|move|p2a: Exeggutor|Mega Drain|p1a: Alakazam
|-damage|p1a: Alakazam|270\/313 slp
|-heal|p2a: Exeggutor|242\/393 par|[from] drain|[of] p1a: Alakazam
|
|turn|61
|choice|move 1|move 3
|
|-curestatus|p1a: Alakazam|slp
|cant|p2a: Exeggutor|par
|
|turn|62
|choice|switch 2|move 2
|
|switch|p1a: Snorlax|Snorlax|244\/523 par
|move|p2a: Exeggutor|Sleep Powder|p1a: Snorlax
|-fail|p1a: Snorlax
|
|turn|63
|choice|move 3|move 2
|
|cant|p2a: Exeggutor|par
|move|p1a: Snorlax|Hyper Beam|p2a: Exeggutor
|-damage|p2a: Exeggutor|38\/393 par
|
|turn|64
|-mustrecharge|p1a: Snorlax
|-mustrecharge|p1a: Snorlax
|choice|move 1|move 1
|
|move|p2a: Exeggutor|Psychic|p1a: Snorlax
|-damage|p1a: Snorlax|94\/523 par
|-unboost|p1a: Snorlax|spd|1
|-unboost|p1a: Snorlax|spa|1
|cant|p1a: Snorlax|recharge
|
|turn|65
|choice|move 1|move 3
|
|move|p2a: Exeggutor|Mega Drain|p1a: Snorlax
|-damage|p1a: Snorlax|0 fnt
|-heal|p2a: Exeggutor|85\/393 par|[from] drain|[of] p1a: Snorlax
|faint|p1a: Snorlax
|choice|switch 5|
|
|switch|p1a: Tauros|Tauros|353\/353
|turn|66
|L|SOMALIA
|c|★Lusch|test
|choice|move 2|switch 3
|
|switch|p2a: Gengar|Gengar, M|223\/323 slp
|move|p1a: Tauros|Body Slam|p2a: Gengar
|-immune|p2a: Gengar|[msg]
|
|turn|67
|choice|move 1|move 1
|
|cant|p2a: Gengar|slp
|move|p1a: Tauros|Blizzard|p2a: Gengar
|-damage|p2a: Gengar|157\/323 slp
|
|turn|68
|choice|move 1|move 1
|
|move|p1a: Tauros|Blizzard|p2a: Gengar
|-damage|p2a: Gengar|91\/323 slp
|cant|p2a: Gengar|slp
|
|turn|69
|choice|move 1|move 1
|
|move|p1a: Tauros|Blizzard|p2a: Gengar
|-damage|p2a: Gengar|29\/323 slp
|cant|p2a: Gengar|slp
|
|turn|70
|choice|switch 6|move 1
|
|switch|p1a: Starmie|Starmie|180\/323
|-curestatus|p2a: Gengar|slp
|
|turn|71
|c|★eegergr|brb
|choice|move 3|switch 5
|
|switch|p2a: Rhydon|Rhydon, M|413\/413
|move|p1a: Starmie|Thunderbolt|p2a: Rhydon
|-immune|p2a: Rhydon|[msg]
|
|turn|72
|choice|move 2|switch 2
|
|switch|p2a: Lapras|Lapras, M|174\/463 par
|move|p1a: Starmie|Recover|p1a: Starmie
|-heal|p1a: Starmie|323\/323
|
|turn|73
|choice|move 3|move 2
|
|move|p1a: Starmie|Thunderbolt|p2a: Lapras
|-supereffective|p2a: Lapras
|-damage|p2a: Lapras|9\/463 par
|move|p2a: Lapras|Thunderbolt|p1a: Starmie
|-crit|p1a: Starmie
|-supereffective|p1a: Starmie
|-damage|p1a: Starmie|50\/323
|
|turn|74
|choice|move 2|move 2
|
|move|p1a: Starmie|Recover|p1a: Starmie
|-heal|p1a: Starmie|211\/323
|move|p2a: Lapras|Thunderbolt|p1a: Starmie
|-supereffective|p1a: Starmie
|-damage|p1a: Starmie|74\/323
|
|turn|75
|choice|move 2|move 4
|
|move|p1a: Starmie|Recover|p1a: Starmie
|-heal|p1a: Starmie|235\/323
|cant|p2a: Lapras|par
|
|turn|76
|choice|move 3|move 2
|
|move|p1a: Starmie|Thunderbolt|p2a: Lapras
|-supereffective|p2a: Lapras
|-damage|p2a: Lapras|0 fnt
|faint|p2a: Lapras
|choice||switch 4
|
|switch|p2a: Tauros|Tauros|353\/353
|turn|77
|choice|move 4|move 1
|
|move|p1a: Starmie|Thunder Wave|p2a: Tauros
|-status|p2a: Tauros|par
|move|p2a: Tauros|Body Slam|p1a: Starmie
|-damage|p1a: Starmie|123\/323
|-status|p1a: Starmie|par
|
|turn|78
|choice|move 2|move 2
|
|move|p1a: Starmie|Recover|p1a: Starmie
|-heal|p1a: Starmie|284\/323 par
|move|p2a: Tauros|Hyper Beam|p1a: Starmie
|-crit|p1a: Starmie
|-damage|p1a: Starmie|0 fnt
|faint|p1a: Starmie
|c|★Lusch|ugh
|c|★eegergr|gg
|choice|switch 2|
|
|switch|p1a: Alakazam|Alakazam|270\/313
|turn|79
|choice|move 4|move 1
|
|move|p1a: Alakazam|Reflect|p1a: Alakazam
|-start|p1a: Alakazam|Reflect
|move|p2a: Tauros|Body Slam|p1a: Alakazam
|-crit|p1a: Alakazam
|-damage|p1a: Alakazam|0 fnt
|faint|p1a: Alakazam
|c|★Lusch|oh dear
|choice|switch 6|
|
|switch|p1a: Tauros|Tauros|353\/353
|turn|80
|c|★eegergr|the counter!
|c|★Lusch|what can u do
|J|SOMALIA
|choice|move 2|move 1
|
|move|p1a: Tauros|Body Slam|p2a: Tauros
|-damage|p2a: Tauros|254\/353 par
|move|p2a: Tauros|Body Slam|p1a: Tauros
|-crit|p1a: Tauros
|-damage|p1a: Tauros|153\/353
|
|turn|81
|c|★Lusch|lol
|c|★eegergr|whats the set
|c|★eegergr|does it run
|c|★eegergr|stoss
|c|★Lusch|what?
|c|★eegergr|idk man u kinda lucked me
|c|★Lusch|haha
|c|★Lusch|where did i luck u?
|c|★eegergr|chans lax
|c|★eegergr|bro.
|c|★Lusch|haha
|c|★Lusch|do u play rby?
|c|★eegergr|idk wat those starmie throws were
|c|★eegergr|i shoulda just parad
|c|★eegergr|u were handing me the game
|c|★Lusch|one bodyslam
|c|★Lusch|on mie
|c|★Lusch|yeah
|c|★Lusch|lol
|c|★eegergr|im referring to starm vs chans early game
|c|★eegergr|well bro
|c|★eegergr|if u do in fact
|c|★eegergr|play rb
|c|★Lusch|well u didnt click wave
|c|★eegergr|rby
|c|★eegergr|u did not impress me
|c|★eegergr|and i have no idea who are
|c|★Lusch|i didnt play to impress u
|c|★eegergr|and i got the majority of da reads
|c|★eegergr|gg
|choice|move 2|move 1
|
|move|p1a: Tauros|Body Slam|p2a: Tauros
|-damage|p2a: Tauros|146\/353 par
|move|p2a: Tauros|Body Slam|p1a: Tauros
|-damage|p1a: Tauros|51\/353
|
|turn|82
|c|★Lusch|but as an rbyer u should know that lax has the better matchup va chansey
|c|★Lusch|vs
|c|★eegergr|this is about my 20th game
|c|★eegergr|of rby
|c|★Lusch|even when paralyzed
|c|★eegergr|i can still heal up lol
|c|★eegergr|but u were immune
|c|★eegergr|topara
|c|★eegergr|while i wasnt
|c|★eegergr|thanks for the easy game
|c|★Lusch|oh well
|c|★eegergr|i switched rhydon
|c|★eegergr|into ur starmie
|c|★eegergr|twice
|c|★Lusch|i dont know what ure complaining about
|c|★Lusch|u crittet with a paralyzed tauros 3 times
|c|★Lusch|no para whatsoever
|c|★eegergr|ur the only one who started complaining
|c|★eegergr|gg
|c|★eegergr|i outplayed so i all i really have to say is gg
|choice|move 4|move 1
|
|move|p1a: Tauros|Hyper Beam|p2a: Tauros
|-damage|p2a: Tauros|0 fnt
|faint|p2a: Tauros
|choice||switch 5
|
|switch|p2a: Gengar|Gengar, M|29\/323
|turn|83
|choice|move 3|move 3
|
|move|p1a: Tauros|Earthquake|p2a: Gengar
|-supereffective|p2a: Gengar
|-damage|p2a: Gengar|0 fnt
|faint|p2a: Gengar
|choice||switch 2
|
|switch|p2a: Rhydon|Rhydon, M|413\/413
|turn|84
|choice|move 1|move 1
|
|move|p1a: Tauros|Blizzard|p2a: Rhydon|[miss]
|-miss|p1a: Tauros
|move|p2a: Rhydon|Earthquake|p1a: Tauros
|-damage|p1a: Tauros|0 fnt
|faint|p1a: Tauros
|
|win|eegergr