|J|Nails
|J|Tesung
|player|p1|Nails|282
|player|p2|Tesung|2
|gametype|singles
|gen|1
|tier|[Gen 1] OU
|seed|
|rule|Sleep Clause Mod: Limit one foe put to sleep
|rule|Freeze Clause Mod: Limit one foe frozen
|rule|Species Clause: Limit one of each Pokémon
|rule|OHKO Clause: OHKO moves are banned
|rule|Evasion Moves Clause: Evasion moves are banned
|rule|HP Percentage Mod: HP is shown in percentages
|
|start
|switch|p1a: Gengar|Gengar|100\/100
|switch|p2a: Alakazam|Alakazam|100\/100
|turn|1
|c|★Tesung|gl
|c|★Nails|ty
|choice||
|
|switch|p1a: Exeggutor|Exeggutor|100\/100
|move|p2a: Alakazam|Psychic|p1a: Exeggutor
|-crit|p1a: Exeggutor
|-resisted|p1a: Exeggutor
|-damage|p1a: Exeggutor|74\/100
|-unboost|p1a: Exeggutor|spd|1
|-unboost|p1a: Exeggutor|spa|1
|
|turn|2
|choice||
|
|move|p2a: Alakazam|Psychic|p1a: Exeggutor
|-resisted|p1a: Exeggutor
|-damage|p1a: Exeggutor|53\/100
|-unboost|p1a: Exeggutor|spd|1
|-unboost|p1a: Exeggutor|spa|1
|move|p1a: Exeggutor|Sleep Powder|p2a: Alakazam
|-status|p2a: Alakazam|slp
|
|turn|3
|choice||
|
|switch|p2a: Exeggutor|Exeggutor|100\/100
|move|p1a: Exeggutor|Explosion|p2a: Exeggutor
|-damage|p2a: Exeggutor|28\/100
|faint|p1a: Exeggutor
|choice||
|
|switch|p1a: Tauros|Tauros|100\/100
|turn|4
|choice||
|
|switch|p2a: Snorlax|Snorlax|100\/100
|move|p1a: Tauros|Body Slam|p2a: Snorlax
|-crit|p2a: Snorlax
|-damage|p2a: Snorlax|56\/100
|
|turn|5
|choice||
|
|move|p1a: Tauros|Earthquake|p2a: Snorlax
|-damage|p2a: Snorlax|38\/100
|move|p2a: Snorlax|Reflect|p2a: Snorlax
|-start|p2a: Snorlax|Reflect
|
|turn|6
|choice||
|
|move|p1a: Tauros|Body Slam|p2a: Snorlax
|-crit|p2a: Snorlax
|-damage|p2a: Snorlax|0 fnt
|faint|p2a: Snorlax
|c|★Tesung|hey
|c|★Tesung|hey.
|c|★Nails|nice
|choice||
|
|switch|p2a: Articuno|Articuno|100\/100
|turn|7
|choice||
|
|switch|p1a: Gengar|Gengar|100\/100
|move|p2a: Articuno|Blizzard|p1a: Gengar
|-crit|p1a: Gengar
|-damage|p1a: Gengar|20\/100
|
|turn|8
|c|★Nails|oh..
|choice||
|
|switch|p2a: Golem|Golem|100\/100
|move|p1a: Gengar|Night Shade|p2a: Golem
|-damage|p2a: Golem|73\/100
|
|turn|9
|choice||
|
|move|p1a: Gengar|Night Shade|p2a: Golem
|-damage|p2a: Golem|45\/100
|move|p2a: Golem|Earthquake|p1a: Gengar
|-supereffective|p1a: Gengar
|-damage|p1a: Gengar|0 fnt
|faint|p1a: Gengar
|choice||
|
|switch|p1a: Tauros|Tauros|100\/100
|turn|10
|choice||
|
|switch|p2a: Articuno|Articuno|100\/100
|move|p1a: Tauros|Blizzard|p2a: Articuno
|-damage|p2a: Articuno|82\/100
|
|turn|11
|choice||
|
|switch|p1a: Alakazam|Alakazam|100\/100
|move|p2a: Articuno|Blizzard|p1a: Alakazam
|-damage|p1a: Alakazam|55\/100
|
|turn|12
|choice||
|
|move|p1a: Alakazam|Psychic|p2a: Articuno
|-damage|p2a: Articuno|52\/100
|move|p2a: Articuno|Blizzard|p1a: Alakazam
|-crit|p1a: Alakazam
|-damage|p1a: Alakazam|0 fnt
|faint|p1a: Alakazam
|choice||
|
|switch|p1a: Tauros|Tauros|100\/100
|turn|13
|c|★Tesung|-
|choice||
|
|move|p1a: Tauros|Body Slam|p2a: Articuno
|-damage|p2a: Articuno|27\/100
|move|p2a: Articuno|Blizzard|p1a: Tauros
|-damage|p1a: Tauros|44\/100
|
|turn|14
|choice||
|
|move|p1a: Tauros|Body Slam|p2a: Articuno
|-damage|p2a: Articuno|1\/100
|move|p2a: Articuno|Blizzard|p1a: Tauros
|-damage|p1a: Tauros|0 fnt
|faint|p1a: Tauros
|choice||
|
|switch|p1a: Snorlax|Snorlax|100\/100
|turn|15
|c|★Tesung|love cuno
|choice||
|
|move|p2a: Articuno|Blizzard|p1a: Snorlax
|-crit|p1a: Snorlax
|-damage|p1a: Snorlax|17\/100
|move|p1a: Snorlax|Body Slam|p2a: Articuno
|-damage|p2a: Articuno|0 fnt
|faint|p2a: Articuno
|c|★Tesung|holy shit
|c|★Tesung|this mon
|c|★Tesung|is broke
|choice||
|
|switch|p2a: Exeggutor|Exeggutor|28\/100
|turn|16
|c|★Nails|nah
|c|★Nails|it's only broke
|c|★Nails|vs teams with no ice resist
|c|★Nails|-
|c|★Tesung|and no chans
|c|★Tesung|i assume
|choice||
|
|switch|p1a: Rhydon|Rhydon|100\/100
|move|p2a: Exeggutor|Sleep Powder|p1a: Rhydon
|-status|p1a: Rhydon|slp
|
|turn|17
|c|★Tesung|unless u really suck
|c|★Tesung|ye
|choice||
|
|move|p2a: Exeggutor|Psychic|p1a: Rhydon
|-damage|p1a: Rhydon|51\/100 slp
|cant|p1a: Rhydon|slp
|
|turn|18
|c|★Tesung|gg
|choice||
|
|move|p2a: Exeggutor|Psychic|p1a: Rhydon
|-damage|p1a: Rhydon|5\/100 slp
|cant|p1a: Rhydon|slp
|
|turn|19
|choice||
|
|move|p2a: Exeggutor|Psychic|p1a: Rhydon
|-crit|p1a: Rhydon
|-damage|p1a: Rhydon|0 fnt
|faint|p1a: Rhydon
|choice||
|
|switch|p1a: Snorlax|Snorlax|17\/100
|turn|20
|choice||
|
|move|p2a: Exeggutor|Psychic|p1a: Snorlax
|-damage|p1a: Snorlax|0 fnt
|faint|p1a: Snorlax
|
|win|Tesung