|inactive|Battle timer is ON: inactive players will automatically lose when time's up.
|J|BKC
|J|Nails
|player|p1|BKC|#bkc
|player|p2|Nails|282
|gametype|singles
|gen|1
|tier|[Gen 1] OU
|seed|25084,14861,39563,31154
|rule|Sleep Clause Mod: Limit one foe put to sleep
|rule|Freeze Clause Mod: Limit one foe frozen
|rule|Species Clause: Limit one of each Pokémon
|rule|OHKO Clause: OHKO moves are banned
|rule|Evasion Moves Clause: Evasion moves are banned
|rule|HP Percentage Mod: HP is shown in percentages
|
|start
|switch|p1a: Jynx|Jynx|333\/333
|switch|p2a: Jynx|Jynx|333\/333
|turn|1
|choice|move 2|move 1
|
|move|p1a: Jynx|Lovely Kiss|p2a: Jynx
|-status|p2a: Jynx|slp
|cant|p2a: Jynx|slp
|
|turn|2
|choice|move 1|switch 6
|
|switch|p2a: Starmie|Starmie|323\/323
|move|p1a: Jynx|Psychic|p2a: Starmie
|-resisted|p2a: Starmie
|-damage|p2a: Starmie|274\/323
|
|turn|3
|choice|switch 3|switch 2
|
|switch|p2a: Exeggutor|Exeggutor|393\/393
|switch|p1a: Chansey|Chansey|703\/703
|
|turn|4
|choice|switch 3|move 1
|
|switch|p1a: Jynx|Jynx|333\/333
|move|p2a: Exeggutor|Sleep Powder|p1a: Jynx
|-status|p1a: Jynx|slp
|
|turn|5
|choice|switch 3|switch 2
|
|switch|p1a: Chansey|Chansey|703\/703
|switch|p2a: Starmie|Starmie|274\/323
|
|turn|6
|choice|move 4|move 1
|
|move|p2a: Starmie|Blizzard|p1a: Chansey
|-damage|p1a: Chansey|606\/703
|move|p1a: Chansey|Ice Beam|p2a: Starmie
|-resisted|p2a: Starmie
|-damage|p2a: Starmie|238\/323
|
|turn|7
|choice|move 2|move 1
|
|move|p2a: Starmie|Blizzard|p1a: Chansey
|-damage|p1a: Chansey|513\/703
|move|p1a: Chansey|Thunder Wave|p2a: Starmie
|-status|p2a: Starmie|par
|
|turn|8
|choice|move 1|move 4
|
|move|p1a: Chansey|Soft-Boiled|p1a: Chansey
|-heal|p1a: Chansey|703\/703
|move|p2a: Starmie|Recover|p2a: Starmie
|-heal|p2a: Starmie|323\/323 par
|
|turn|9
|c|★Nails|if you're bluffing no tbolt still you're a god
|c|★BKC|wink
|c|★Nails|and i bow down to your greatness
|choice|move 4|move 1
|
|move|p1a: Chansey|Ice Beam|p2a: Starmie
|-resisted|p2a: Starmie
|-damage|p2a: Starmie|287\/323 par
|move|p2a: Starmie|Blizzard|p1a: Chansey
|-damage|p1a: Chansey|617\/703
|-status|p1a: Chansey|frz
|
|turn|10
|c|★Nails|rip
|choice|switch 5|move 3
|
|switch|p1a: Snorlax|Snorlax|523\/523
|cant|p2a: Starmie|par
|
|turn|11
|choice|move 3|move 3
|
|move|p1a: Snorlax|Reflect|p1a: Snorlax
|-start|p1a: Snorlax|Reflect
|move|p2a: Starmie|Thunder Wave|p1a: Snorlax
|-status|p1a: Snorlax|par
|
|turn|12
|choice|move 1|switch 3
|
|switch|p2a: Snorlax|Snorlax|523\/523
|cant|p1a: Snorlax|par
|
|turn|13
|c|★Nails|cool set bro
|choice|move 1|move 3
|
|move|p2a: Snorlax|Reflect|p2a: Snorlax
|-start|p2a: Snorlax|Reflect
|move|p1a: Snorlax|Amnesia|p1a: Snorlax
|-boost|p1a: Snorlax|spd|2
|-boost|p1a: Snorlax|spa|2
|
|turn|14
|choice|move 2|move 1
|
|move|p2a: Snorlax|Body Slam|p1a: Snorlax
|-damage|p1a: Snorlax|454\/523 par
|cant|p1a: Snorlax|par
|
|turn|15
|choice|move 2|move 1
|
|move|p2a: Snorlax|Body Slam|p1a: Snorlax
|-damage|p1a: Snorlax|384\/523 par
|cant|p1a: Snorlax|par
|
|turn|16
|choice|move 2|move 1
|
|move|p2a: Snorlax|Body Slam|p1a: Snorlax
|-damage|p1a: Snorlax|320\/523 par
|move|p1a: Snorlax|Ice Beam|p2a: Snorlax
|-damage|p2a: Snorlax|380\/523
|
|turn|17
|choice|move 4|move 1
|
|move|p2a: Snorlax|Body Slam|p1a: Snorlax
|-damage|p1a: Snorlax|245\/523 par
|move|p1a: Snorlax|Rest|p1a: Snorlax
|-status|p1a: Snorlax|slp
|-heal|p1a: Snorlax|523\/523 slp|[silent]
|-status|p1a: Snorlax|slp|[from] move: Rest
|
|turn|18
|choice|move 2|switch 5
|
|switch|p2a: Alakazam|Alakazam|313\/313
|cant|p1a: Snorlax|slp
|
|turn|19
|choice|move 1|move 1
|
|move|p2a: Alakazam|Psychic|p1a: Snorlax
|-damage|p1a: Snorlax|433\/523 slp
|-unboost|p1a: Snorlax|spd|1
|-unboost|p1a: Snorlax|spa|1
|-curestatus|p1a: Snorlax|slp
|
|turn|20
|choice|move 1|move 2
|
|move|p2a: Alakazam|Thunder Wave|p1a: Snorlax
|-status|p1a: Snorlax|par
|move|p1a: Snorlax|Amnesia|p1a: Snorlax
|-boost|p1a: Snorlax|spd|2
|-boost|p1a: Snorlax|spa|2
|
|turn|21
|choice|move 1|move 1
|
|move|p2a: Alakazam|Psychic|p1a: Snorlax
|-damage|p1a: Snorlax|361\/523 par
|cant|p1a: Snorlax|par
|
|turn|22
|choice|move 2|move 1
|
|move|p2a: Alakazam|Psychic|p1a: Snorlax
|-damage|p1a: Snorlax|294\/523 par
|-unboost|p1a: Snorlax|spd|1
|-unboost|p1a: Snorlax|spa|1
|move|p1a: Snorlax|Ice Beam|p2a: Alakazam
|-crit|p2a: Alakazam
|-damage|p2a: Alakazam|219\/313
|
|turn|23
|choice|move 4|move 1
|
|move|p2a: Alakazam|Psychic|p1a: Snorlax
|-crit|p1a: Snorlax
|-damage|p1a: Snorlax|0 fnt
|faint|p1a: Snorlax
|c|★BKC|into the traaaaaaash this team goes
|c|★Nails|rip
|c|★Nails|idk
|c|★BKC|(its seriously bad)
|-message|BKC forfeited.
|
|win|Nails