|inactive|Battle timer is ON: inactive players will automatically lose when time's up.
|J|xtra$hine
|J|Disaster Area
|player|p1|xtra$hine|102
|player|p2|Disaster Area|32
|gametype|singles
|gen|1
|tier|[Gen 1] OU
|rule|Sleep Clause Mod: Limit one foe put to sleep
|rule|Freeze Clause Mod: Limit one foe frozen
|rule|Species Clause: Limit one of each Pokémon
|rule|OHKO Clause: OHKO moves are banned
|rule|Evasion Moves Clause: Evasion moves are banned
|rule|HP Percentage Mod: HP is shown in percentages
|
|start
|switch|p1a: Jolteon|Jolteon|333\/333
|switch|p2a: DEATH CAT|Jolteon|333\/333
|turn|1
|J|MoxieInfinite
|J|Fortune
|c|★Disaster Area|gl hf
|c|★Disaster Area|nice mirror tho
|
|switch|p1a: Alakazam|Alakazam|313\/313
|move|p2a: DEATH CAT|Thunder Wave|p1a: Alakazam
|-status|p1a: Alakazam|par
|
|turn|2
|
|move|p2a: DEATH CAT|Thunderbolt|p1a: Alakazam
|-damage|p1a: Alakazam|213\/313 par
|cant|p1a: Alakazam|par
|
|turn|3
|
|move|p2a: DEATH CAT|Thunderbolt|p1a: Alakazam
|-damage|p1a: Alakazam|124\/313 par
|move|p1a: Alakazam|Recover|p1a: Alakazam
|-heal|p1a: Alakazam|280\/313 par
|
|turn|4
|
|move|p2a: DEATH CAT|Thunderbolt|p1a: Alakazam
|-damage|p1a: Alakazam|184\/313 par
|move|p1a: Alakazam|Thunder Wave|p2a: DEATH CAT
|-status|p2a: DEATH CAT|par
|
|turn|5
|
|switch|p2a: Koopa Cow|Tauros|353\/353
|move|p1a: Alakazam|Recover|p1a: Alakazam
|-heal|p1a: Alakazam|313\/313 par
|
|turn|6
|
|switch|p1a: Exeggutor|Exeggutor|393\/393
|move|p2a: Koopa Cow|Body Slam|p1a: Exeggutor
|-damage|p1a: Exeggutor|275\/393
|-status|p1a: Exeggutor|par
|
|turn|7
|J|WreckDra
|
|switch|p2a: DEATH CAT|Jolteon|333\/333 par
|cant|p1a: Exeggutor|par
|
|turn|8
|
|switch|p1a: Snorlax|Snorlax|523\/523
|move|p2a: DEATH CAT|Pin Missile|p1a: Snorlax
|-damage|p1a: Snorlax|512\/523
|-damage|p1a: Snorlax|501\/523
|-damage|p1a: Snorlax|490\/523
|-damage|p1a: Snorlax|479\/523
|-hitcount|p1a: Snorlax|4
|
|turn|9
|J|SOMALIA
|
|switch|p2a: Still Standing|Exeggutor|393\/393
|move|p1a: Snorlax|Earthquake|p2a: Still Standing
|-resisted|p2a: Still Standing
|-damage|p2a: Still Standing|348\/393
|
|turn|10
|
|switch|p2a: Koopa Cow|Tauros|353\/353
|switch|p1a: Alakazam|Alakazam|313\/313 par
|
|turn|11
|
|move|p2a: Koopa Cow|Body Slam|p1a: Alakazam
|-damage|p1a: Alakazam|162\/313 par
|cant|p1a: Alakazam|par
|
|turn|12
|
|switch|p1a: Exeggutor|Exeggutor|275\/393 par
|move|p2a: Koopa Cow|Body Slam|p1a: Exeggutor
|-damage|p1a: Exeggutor|171\/393 par
|
|turn|13
|
|switch|p2a: DEATH CAT|Jolteon|333\/333 par
|move|p1a: Exeggutor|Explosion|p2a: DEATH CAT
|-damage|p2a: DEATH CAT|0 fnt
|faint|p2a: DEATH CAT
|faint|p1a: Exeggutor
|J|davidTheMaster
|J|hellpowna
|L|davidTheMaster
|
|switch|p1a: Jolteon|Jolteon|333\/333
|switch|p2a: Porco Dio|Snorlax|523\/523
|turn|14
|c|+hellpowna|damn my hero xtra cant lose
|c|+SOMALIA|hes in a pickle
|c|+SOMALIA|:(
|
|switch|p1a: Starmie|Starmie|323\/323
|switch|p2a: Siberia|Alakazam|313\/313
|
|turn|15
|c|+hellpowna|omg is disaster
|c|+hellpowna|italian
|
|switch|p1a: Alakazam|Alakazam|162\/313 par
|move|p2a: Siberia|Thunder Wave|p1a: Alakazam
|-fail|p1a: Alakazam|par
|
|turn|16
|J|Quackwaddle
|c|★Disaster Area|nah
|c|★Disaster Area|same place as
|c|★Disaster Area|my brotha somalia
|c|★Disaster Area|brits we in dis
|c|+SOMALIA|the great land
|c|★xtra$hine|hes sumlaia
|
|move|p2a: Siberia|Psychic|p1a: Alakazam
|-resisted|p1a: Alakazam
|-damage|p1a: Alakazam|106\/313 par
|-unboost|p1a: Alakazam|spd|1
|-unboost|p1a: Alakazam|spa|1
|move|p1a: Alakazam|Recover|p1a: Alakazam
|-heal|p1a: Alakazam|262\/313 par
|
|turn|17
|c|+SOMALIA|OF great britian
|c|+hellpowna|y'all fuckin from africa
|c|+hellpowna|wtf
|c|+SOMALIA|no no xtra im british proud
|c|+SOMALIA|i disown my heritage
|c|★Disaster Area|u should see me I am
|c|+SOMALIA|uigh
|
|switch|p1a: Starmie|Starmie|323\/323
|move|p2a: Siberia|Psychic|p1a: Starmie
|-resisted|p1a: Starmie
|-damage|p1a: Starmie|260\/323
|-unboost|p1a: Starmie|spd|1
|-unboost|p1a: Starmie|spa|1
|
|turn|18
|c|★Disaster Area|white as fuck
|c|★xtra$hine|dam breh
|
|move|p2a: Siberia|Thunder Wave|p1a: Starmie
|-status|p1a: Starmie|par
|cant|p1a: Starmie|par
|
|turn|19
|c|★xtra$hine|drop me
|c|+hellpowna|where are u from
|c|+hellpowna|xtra
|c|★xtra$hine|DAMN BRE
|c|+hellpowna|i gues
|c|+hellpowna|u porn
|c|★Disaster Area|https:\/\/fbcdn-sphotos-d-a.akamaihd.net\/hphotos-ak-xpf1\/v\/t1.0-9\/10959507_414087642092333_3827974916564694416_n.jpg?oh=c521a09b3d9c38c43ec8fc66cffa02c9&oe=55F6F555&__gda__=1443294527_4d6fba5f8138bc8ef4964de254f88d64
|J|The leprechaun
|
|switch|p1a: Alakazam|Alakazam|262\/313 par
|move|p2a: Siberia|Psychic|p1a: Alakazam
|-resisted|p1a: Alakazam
|-damage|p1a: Alakazam|207\/313 par
|
|turn|20
|c|+SOMALIA|woooot
|L|The leprechaun
|c|+SOMALIA|ur pale 
|
|move|p2a: Siberia|Psychic|p1a: Alakazam
|-resisted|p1a: Alakazam
|-damage|p1a: Alakazam|152\/313 par
|move|p1a: Alakazam|Thunder Wave|p2a: Siberia
|-status|p2a: Siberia|par
|
|turn|21
|c|+hellpowna|rby is orribe
|c|+hellpowna|damn
|c|★xtra$hine|u look like
|c|★xtra$hine|captain ginyu
|c|★Disaster Area|nah it's chill
|c|+hellpowna|sprite makes
|c|★xtra$hine|from dbz
|c|+SOMALIA|im the opposite of u im black as the coal in my coalmine
|c|★Disaster Area|i am playin
|
|switch|p2a: Porco Dio|Snorlax|523\/523
|move|p1a: Alakazam|Recover|p1a: Alakazam
|-heal|p1a: Alakazam|308\/313 par
|
|turn|22
|c|★Disaster Area|listenin to somalia
|c|★Disaster Area|slaggin off
|c|★Disaster Area|fast food places
|c|★Disaster Area|this is golden
|c|+SOMALIA|loool
|c|+hellpowna|lol
|J|whenever you want
|c|+WreckDra|lol
|c|+hellpowna|damn
|c|+hellpowna|everyppl
|c|+hellpowna|type lol
|c|+SOMALIA|its a bad habit
|
|move|p2a: Porco Dio|Body Slam|p1a: Alakazam
|-damage|p1a: Alakazam|141\/313 par
|move|p1a: Alakazam|Thunder Wave|p2a: Porco Dio
|-status|p2a: Porco Dio|par
|
|turn|23
|J|fresh two death
|c|+hellpowna|somalia can i come at ur home
|c|+hellpowna|?
|c|+SOMALIA|if theres space :(
|
|switch|p1a: Snorlax|Snorlax|479\/523
|move|p2a: Porco Dio|Body Slam|p1a: Snorlax
|-damage|p1a: Snorlax|330\/523
|
|turn|24
|c|★xtra$hine|DRACULAS WEDDINGG
|c|+hellpowna|its hellpowna bra
|c|+hellpowna|theres space
|c|+hellpowna|for me
|c|+SOMALIA|can u sleep
|
|move|p1a: Snorlax|Body Slam|p2a: Porco Dio
|-damage|p2a: Porco Dio|395\/523 par
|cant|p2a: Porco Dio|par
|
|turn|25
|c|+SOMALIA|in the bathtub
|
|move|p1a: Snorlax|Body Slam|p2a: Porco Dio
|-damage|p2a: Porco Dio|268\/523 par
|move|p2a: Porco Dio|Counter|p1a: Snorlax
|-damage|p1a: Snorlax|76\/523
|
|turn|26
|c|+hellpowna|with u
|c|+hellpowna|?
|c|+SOMALIA|LOL
|
|move|p1a: Snorlax|Self-Destruct|p2a: Porco Dio
|-crit|p2a: Porco Dio
|-damage|p2a: Porco Dio|0 fnt
|faint|p2a: Porco Dio
|faint|p1a: Snorlax
|c|+SOMALIA|its too small for 2
|c|+hellpowna|yea
|
|switch|p1a: Jolteon|Jolteon|333\/333
|switch|p2a: Koopa Cow|Tauros|353\/353
|turn|27
|c|+hellpowna|i have great poppas
|c|+hellpowna|so
|c|+hellpowna|mh
|
|switch|p2a: Siberia|Alakazam|313\/313 par
|move|p1a: Jolteon|Thunder Wave|p2a: Siberia
|-fail|p2a: Siberia|par
|
|turn|28
|
|switch|p1a: Starmie|Starmie|260\/323 par
|move|p2a: Siberia|Seismic Toss|p1a: Starmie
|-damage|p1a: Starmie|160\/323 par
|
|turn|29
|
|move|p2a: Siberia|Psychic|p1a: Starmie
|-resisted|p1a: Starmie
|-damage|p1a: Starmie|95\/323 par
|move|p1a: Starmie|Recover|p1a: Starmie
|-heal|p1a: Starmie|256\/323 par
|
|turn|30
|
|move|p2a: Siberia|Psychic|p1a: Starmie
|-resisted|p1a: Starmie
|-damage|p1a: Starmie|194\/323 par
|-unboost|p1a: Starmie|spd|1
|-unboost|p1a: Starmie|spa|1
|move|p1a: Starmie|Psychic|p2a: Siberia
|-resisted|p2a: Siberia
|-damage|p2a: Siberia|283\/313 par
|
|turn|31
|c|+hellpowna|...
|
|switch|p1a: Alakazam|Alakazam|141\/313 par
|move|p2a: Siberia|Psychic|p1a: Alakazam
|-resisted|p1a: Alakazam
|-damage|p1a: Alakazam|84\/313 par
|-unboost|p1a: Alakazam|spd|1
|-unboost|p1a: Alakazam|spa|1
|
|turn|32
|
|move|p1a: Alakazam|Recover|p1a: Alakazam
|-heal|p1a: Alakazam|240\/313 par
|move|p2a: Siberia|Seismic Toss|p1a: Alakazam
|-damage|p1a: Alakazam|140\/313 par
|
|turn|33
|
|move|p1a: Alakazam|Recover|p1a: Alakazam
|-heal|p1a: Alakazam|296\/313 par
|cant|p2a: Siberia|par
|
|turn|34
|
|move|p1a: Alakazam|Seismic Toss|p2a: Siberia
|-damage|p2a: Siberia|183\/313 par
|cant|p2a: Siberia|par
|
|turn|35
|
|move|p1a: Alakazam|Seismic Toss|p2a: Siberia
|-damage|p2a: Siberia|83\/313 par
|move|p2a: Siberia|Recover|p2a: Siberia
|-heal|p2a: Siberia|239\/313 par
|
|turn|36
|c|+SOMALIA|lool
|
|move|p1a: Alakazam|Psychic|p2a: Siberia
|-resisted|p2a: Siberia
|-damage|p2a: Siberia|202\/313 par
|-unboost|p2a: Siberia|spd|1
|-unboost|p2a: Siberia|spa|1
|move|p2a: Siberia|Recover|p2a: Siberia
|-heal|p2a: Siberia|313\/313 par
|
|turn|37
|
|move|p1a: Alakazam|Psychic|p2a: Siberia
|-resisted|p2a: Siberia
|-damage|p2a: Siberia|257\/313 par
|move|p2a: Siberia|Seismic Toss|p1a: Alakazam
|-damage|p1a: Alakazam|196\/313 par
|
|turn|38
|
|move|p1a: Alakazam|Psychic|p2a: Siberia
|-crit|p2a: Siberia
|-resisted|p2a: Siberia
|-damage|p2a: Siberia|162\/313 par
|move|p2a: Siberia|Psychic|p1a: Alakazam
|-resisted|p1a: Alakazam
|-damage|p1a: Alakazam|141\/313 par
|-unboost|p1a: Alakazam|spd|1
|-unboost|p1a: Alakazam|spa|1
|
|turn|39
|
|switch|p1a: Tauros|Tauros|353\/353
|move|p2a: Siberia|Recover|p2a: Siberia
|-heal|p2a: Siberia|313\/313 par
|
|turn|40
|
|switch|p1a: Alakazam|Alakazam|141\/313 par
|move|p2a: Siberia|Thunder Wave|p1a: Alakazam
|-fail|p1a: Alakazam|par
|
|turn|41
|
|cant|p1a: Alakazam|par
|move|p2a: Siberia|Seismic Toss|p1a: Alakazam
|-damage|p1a: Alakazam|41\/313 par
|
|turn|42
|
|switch|p2a: Koopa Cow|Tauros|353\/353
|cant|p1a: Alakazam|par
|
|turn|43
|c|★xtra$hine|ah shit
|c|★xtra$hine|ye
|
|move|p2a: Koopa Cow|Body Slam|p1a: Alakazam
|-damage|p1a: Alakazam|0 fnt
|faint|p1a: Alakazam
|
|switch|p1a: Jolteon|Jolteon|333\/333
|turn|44
|J|Regnite
|L|Regnite
|
|switch|p2a: Siberia|Alakazam|313\/313 par
|move|p1a: Jolteon|Thunderbolt|p2a: Siberia
|-crit|p2a: Siberia
|-damage|p2a: Siberia|123\/313 par
|
|turn|45
|
|move|p1a: Jolteon|Pin Missile|p2a: Siberia
|-supereffective|p2a: Siberia
|-damage|p2a: Siberia|96\/313 par
|-damage|p2a: Siberia|69\/313 par
|-hitcount|p2a: Siberia|2
|move|p2a: Siberia|Thunder Wave|p1a: Jolteon
|-status|p1a: Jolteon|par
|
|turn|46
|c|+hellpowna|ooo xtra
|c|★Disaster Area|tbolt outdamages
|c|★Disaster Area|pin missile
|c|★xtra$hine|i know
|c|★xtra$hine|but
|c|+hellpowna|r u plain wcop
|c|★Disaster Area|altho pin has higher maxx
|c|★Disaster Area|xd
|c|★xtra$hine|i went for the 5 attacks haha
|
|move|p1a: Jolteon|Thunderbolt|p2a: Siberia
|-damage|p2a: Siberia|0 fnt
|faint|p2a: Siberia
|c|★xtra$hine|yes hellpwona
|c|★xtra$hine|im playin rby
|
|switch|p2a: Koopa Cow|Tauros|353\/353
|turn|47
|c|+hellpowna|damn
|
|move|p2a: Koopa Cow|Earthquake|p1a: Jolteon
|-supereffective|p1a: Jolteon
|-damage|p1a: Jolteon|108\/333 par
|move|p1a: Jolteon|Thunder Wave|p2a: Koopa Cow
|-status|p2a: Koopa Cow|par
|
|turn|48
|
|cant|p1a: Jolteon|par
|move|p2a: Koopa Cow|Body Slam|p1a: Jolteon
|-damage|p1a: Jolteon|0 fnt
|faint|p1a: Jolteon
|L|hellpowna
|
|switch|p1a: Starmie|Starmie|194\/323 par
|turn|49
|c|+SOMALIA|its looking grim
|
|move|p1a: Starmie|Recover|p1a: Starmie
|-heal|p1a: Starmie|323\/323 par
|move|p2a: Koopa Cow|Hyper Beam|p1a: Starmie|[miss]
|-miss|p2a: Koopa Cow
|
|turn|50
|c|★xtra$hine|oof
|
|switch|p2a: Still Standing|Exeggutor|348\/393
|cant|p1a: Starmie|par
|
|turn|51
|
|move|p2a: Still Standing|Explosion|p1a: Starmie
|-damage|p1a: Starmie|24\/323 par
|faint|p2a: Still Standing
|
|switch|p2a: Suspension|Starmie|323\/323
|turn|52
|
|move|p2a: Suspension|Thunderbolt|p1a: Starmie
|-supereffective|p1a: Starmie
|-damage|p1a: Starmie|0 fnt
|faint|p1a: Starmie
|
|switch|p1a: Tauros|Tauros|353\/353
|turn|53
|c|+SOMALIA|lmao
|
|move|p2a: Suspension|Thunder Wave|p1a: Tauros
|-status|p1a: Tauros|par
|move|p1a: Tauros|Blizzard|p2a: Suspension|[miss]
|-miss|p1a: Tauros
|
|turn|54
|c|★Disaster Area|gg
|
|move|p2a: Suspension|Psychic|p1a: Tauros
|-damage|p1a: Tauros|224\/353 par
|move|p1a: Tauros|Blizzard|p2a: Suspension
|-crit|p2a: Suspension
|-resisted|p2a: Suspension
|-damage|p2a: Suspension|252\/323
|-status|p2a: Suspension|frz
|
|turn|55
|c|★xtra$hine|yup
|
|cant|p2a: Suspension|frz
|move|p1a: Tauros|Body Slam|p2a: Suspension
|-damage|p2a: Suspension|145\/323 frz
|
|turn|56
|
|cant|p2a: Suspension|frz
|move|p1a: Tauros|Hyper Beam|p2a: Suspension|[miss]
|-miss|p1a: Tauros
|
|turn|57
|c|★Disaster Area|nice freeze btw
|c|★xtra$hine|shit shit
|
|cant|p2a: Suspension|frz
|move|p1a: Tauros|Body Slam|p2a: Suspension
|-crit|p2a: Suspension
|-damage|p2a: Suspension|0 fnt
|faint|p2a: Suspension
|
|switch|p2a: Koopa Cow|Tauros|353\/353 par
|turn|58
|
|move|p1a: Tauros|Body Slam|p2a: Koopa Cow
|-damage|p2a: Koopa Cow|258\/353 par
|move|p2a: Koopa Cow|Body Slam|p1a: Tauros
|-crit|p1a: Tauros
|-damage|p1a: Tauros|39\/353 par
|
|turn|59
|
|move|p1a: Tauros|Hyper Beam|p2a: Koopa Cow
|-crit|p2a: Koopa Cow
|-damage|p2a: Koopa Cow|0 fnt
|faint|p2a: Koopa Cow
|
|win|xtra$hine
|c|★Disaster Area|lmao
|c|★Disaster Area|tight and nice mirror
|c|★xtra$hine|GG
|c|★Disaster Area|xd