|inactive|Battle timer is ON: inactive players will automatically lose when time's up.
|J|Beds
|J|reyscarface
|player|p1|Beds|252
|player|p2|reyscarface|170
|gametype|singles
|gen|1
|tier|[Gen 1] OU
|seed|17528,26508,55550,52640
|rule|Sleep Clause Mod: Limit one foe put to sleep
|rule|Freeze Clause Mod: Limit one foe frozen
|rule|Species Clause: Limit one of each Pokémon
|rule|OHKO Clause: OHKO moves are banned
|rule|Evasion Moves Clause: Evasion moves are banned
|rule|HP Percentage Mod: HP is shown in percentages
|
|start
|switch|p1a: Jynx|Jynx|333\/333
|switch|p2a: ST|Jynx|333\/333
|turn|1
|c|★Beds|gl hf
|J|FLCL
|J|bus stop
|J|Ary
|J|bro fist
|c|+Ary|bedschibadbar more like
|J|kokoloko
|c|+Ary|get fucked men
|J|Sam
|J|ggggd
|J|CrashinBoomBang
|J|Texas Cloverleaf
|J|Mael
|c|+kokoloko|zero
|J|BKC
|J|fitzy
|c|+kokoloko|pharaoh
|J|metagame secrets
|J|Can's paper house
|c|%Sam|zero
|J|blarajan
|c|%Sam|pharaoh
|J|Hack
|J|Genesis7
|J|UltiMario
|c|+CrashinBoomBang|zero
|J|Jayde
|c|+metagame secrets|beds!!!!!!!!!!!!!
|c|+CrashinBoomBang|pharaoh
|c|★Beds|please don't post bad memes in my games
|c|★Beds|thanks
|c|+Ary|i only post bad memes
|J|fleggumfl
|c|★reyscarface|can someone put modchat
|J|Isa
|raw|<div class="broadcast-red"><b>Moderated chat was set to @!<\/b><br \/>Only users of rank @ and higher can talk.<\/div>
|choice|move 1|move 1
|
|move|p2a: ST|Lovely Kiss|p1a: Jynx
|-status|p1a: Jynx|slp
|-curestatus|p1a: Jynx|slp
|
|turn|2
|J|durnk on copper
|J|Valkyrie10+1
|choice|move 1|move 1
|
|move|p2a: ST|Lovely Kiss|p1a: Jynx|[miss]
|-miss|p2a: ST
|move|p1a: Jynx|Lovely Kiss|p2a: ST
|-status|p2a: ST|slp
|
|turn|3
|c|★reyscarface|mmm
|J|TDK
|choice|move 2|move 1
|
|move|p1a: Jynx|Blizzard|p2a: ST
|-resisted|p2a: ST
|-damage|p2a: ST|265\/333 slp
|cant|p2a: ST|slp
|
|turn|4
|J|Updated Kanto
|J|DESTINY DEVICE
|choice|move 3|switch 4
|
|switch|p2a: P|Starmie|323\/323
|move|p1a: Jynx|Psychic|p2a: P
|-resisted|p2a: P
|-damage|p2a: P|276\/323
|
|turn|5
|choice|move 2|move 3
|
|move|p2a: P|Thunderbolt|p1a: Jynx
|-damage|p1a: Jynx|259\/333
|-status|p1a: Jynx|par
|move|p1a: Jynx|Blizzard|p2a: P
|-crit|p2a: P
|-resisted|p2a: P
|-damage|p2a: P|153\/323
|
|turn|6
|J|Despotar274
|choice|switch 5|move 2
|
|switch|p1a: Chansey|Chansey|703\/703
|move|p2a: P|Recover|p2a: P
|-heal|p2a: P|314\/323
|
|turn|7
|J|BLINGAS
|choice|move 2|switch 3
|
|switch|p2a: QT|Chansey|703\/703
|move|p1a: Chansey|Ice Beam|p2a: QT
|-damage|p2a: QT|633\/703
|-status|p2a: QT|frz
|
|turn|8
|c|★reyscarface|ok
|choice|move 1|switch 4
|
|switch|p2a: ST|Jynx|265\/333 slp
|move|p1a: Chansey|Thunder Wave|p2a: ST
|-fail|p2a: ST
|
|turn|9
|J|KratosMana
|choice|move 3|move 1
|
|cant|p2a: ST|slp
|move|p1a: Chansey|Thunderbolt|p2a: ST
|-damage|p2a: ST|188\/333 slp
|
|turn|10
|J|Mizuhime
|choice|switch 4|move 1
|
|switch|p1a: Snorlax|Snorlax|523\/523
|-curestatus|p2a: ST|slp
|
|turn|11
|choice|switch 5|move 1
|
|switch|p1a: Jynx|Jynx|259\/333 par
|move|p2a: ST|Lovely Kiss|p1a: Jynx
|-fail|p1a: Jynx
|
|turn|12
|J|CasedVictory
|choice|move 1|move 2
|
|move|p2a: ST|Blizzard|p1a: Jynx
|-crit|p1a: Jynx
|-resisted|p1a: Jynx
|-damage|p1a: Jynx|124\/333 par
|move|p1a: Jynx|Lovely Kiss|p2a: ST
|-status|p2a: ST|slp
|
|turn|13
|J|Imanalt
|J|McMeghan
|J|bouff
|J|Nails
|choice|switch 5|switch 2
|
|switch|p2a: QRS|Tauros|353\/353
|switch|p1a: Snorlax|Snorlax|523\/523
|
|turn|14
|choice|move 1|switch 3
|
|switch|p2a: P|Starmie|314\/323
|move|p1a: Snorlax|Body Slam|p2a: P
|-damage|p2a: P|189\/323
|
|turn|15
|J|Dundies
|choice|switch 4|move 4
|
|switch|p1a: Chansey|Chansey|703\/703
|move|p2a: P|Thunder Wave|p1a: Chansey
|-status|p1a: Chansey|par
|
|turn|16
|J|reiku
|J|Conflict
|choice|move 1|switch 5
|
|switch|p2a: PQ|Golem|363\/363
|move|p1a: Chansey|Thunder Wave|p2a: PQ
|-immune|p2a: PQ|[msg]
|
|turn|17
|J|Tricking
|J|Don't cry for me
|J|KingOfMars
|J|TheChaser
|choice|switch 3|move 2
|
|switch|p1a: Exeggutor|Exeggutor|393\/393
|move|p2a: PQ|Earthquake|p1a: Exeggutor
|-resisted|p1a: Exeggutor
|-damage|p1a: Exeggutor|326\/393
|
|turn|18
|J|Akuma Stocking
|J|RFlush
|J|Colchonero
|choice|move 3|switch 5
|
|switch|p2a: P|Starmie|189\/323
|move|p1a: Exeggutor|Psychic|p2a: P
|-resisted|p2a: P
|-damage|p2a: P|132\/323
|-unboost|p2a: P|spd|1
|-unboost|p2a: P|spa|1
|
|turn|19
|J|rozes
|choice|move 2|move 2
|
|move|p2a: P|Recover|p2a: P
|-heal|p2a: P|293\/323
|move|p1a: Exeggutor|Stun Spore|p2a: P|[miss]
|-miss|p1a: Exeggutor
|
|turn|20
|J|WhiteQueen
|J|Omfuga
|choice|move 2|move 4
|
|move|p2a: P|Thunder Wave|p1a: Exeggutor
|-status|p1a: Exeggutor|par
|move|p1a: Exeggutor|Stun Spore|p2a: P|[miss]
|-miss|p1a: Exeggutor
|
|turn|21
|J|Can
|L|WhiteQueen
|choice|move 2|switch 2
|
|switch|p2a: ST|Jynx|188\/333 slp
|move|p1a: Exeggutor|Stun Spore|p2a: ST
|-fail|p2a: ST
|
|turn|22
|choice|switch 4|move 2
|
|switch|p1a: Snorlax|Snorlax|523\/523
|cant|p2a: ST|slp
|
|turn|23
|choice|move 1|switch 2
|
|switch|p2a: P|Starmie|293\/323
|move|p1a: Snorlax|Body Slam|p2a: P
|-damage|p2a: P|168\/323
|
|turn|24
|choice|switch 3|move 2
|
|switch|p1a: Chansey|Chansey|703\/703 par
|move|p2a: P|Recover|p2a: P
|-heal|p2a: P|323\/323
|
|turn|25
|choice|move 1|switch 4
|
|switch|p2a: QT|Chansey|633\/703 frz
|move|p1a: Chansey|Thunder Wave|p2a: QT
|-fail|p2a: QT
|
|turn|26
|choice|move 1|switch 5
|
|switch|p2a: PQ|Golem|363\/363
|move|p1a: Chansey|Thunder Wave|p2a: PQ
|-immune|p2a: PQ|[msg]
|
|turn|27
|choice|switch 4|move 1
|
|switch|p1a: Exeggutor|Exeggutor|326\/393 par
|move|p2a: PQ|Rock Slide|p1a: Exeggutor
|-damage|p1a: Exeggutor|214\/393 par
|
|turn|28
|choice|move 2|move 1
|
|move|p2a: PQ|Rock Slide|p1a: Exeggutor
|-damage|p1a: Exeggutor|112\/393 par
|move|p1a: Exeggutor|Stun Spore|p2a: PQ
|-status|p2a: PQ|par
|
|turn|29
|J|SoulWind
|choice|move 3|move 1
|
|cant|p1a: Exeggutor|par
|move|p2a: PQ|Rock Slide|p1a: Exeggutor
|-damage|p1a: Exeggutor|15\/393 par
|
|turn|30
|choice|move 3|move 2
|
|move|p1a: Exeggutor|Psychic|p2a: PQ
|-damage|p2a: PQ|178\/363 par
|cant|p2a: PQ|par
|
|turn|31
|choice|move 3|switch 5
|
|switch|p2a: QT|Chansey|633\/703 frz
|move|p1a: Exeggutor|Psychic|p2a: QT
|-crit|p2a: QT
|-damage|p2a: QT|405\/703 frz
|-unboost|p2a: QT|spd|1
|-unboost|p2a: QT|spa|1
|
|turn|32
|J|ne2531
|choice|move 3|switch 4
|
|switch|p2a: P|Starmie|323\/323
|move|p1a: Exeggutor|Psychic|p2a: P
|-resisted|p2a: P
|-damage|p2a: P|262\/323
|
|turn|33
|choice|switch 4|move 3
|
|switch|p1a: Chansey|Chansey|703\/703 par
|move|p2a: P|Thunderbolt|p1a: Chansey
|-crit|p1a: Chansey
|-damage|p1a: Chansey|561\/703 par
|
|turn|34
|J|Confide
|J|Prankster
|J|WhiteQueen
|L|WhiteQueen
|J|Demerging
|J|Cash Rules
|J|Jurishit
|J|Zamrock
|J|Jsaok3
|L|Jurishit
|choice|move 2|switch 5
|
|switch|p2a: PQ|Golem|178\/363 par
|move|p1a: Chansey|Ice Beam|p2a: PQ
|-crit|p2a: PQ
|-supereffective|p2a: PQ
|-damage|p2a: PQ|0 fnt
|faint|p2a: PQ
|choice||switch 6
|
|switch|p2a: Line|Zapdos|383\/383
|turn|35
|J|Derk
|choice|switch 2|move 2
|
|switch|p1a: Jolteon|Jolteon|333\/333
|move|p2a: Line|Drill Peck|p1a: Jolteon
|-crit|p1a: Jolteon
|-resisted|p1a: Jolteon
|-damage|p1a: Jolteon|209\/333
|
|turn|36
|J|Shubaki
|choice|move 4|move 4
|
|move|p1a: Jolteon|Thunder Wave|p2a: Line
|-status|p2a: Line|par
|move|p2a: Line|Thunder Wave|p1a: Jolteon
|-status|p1a: Jolteon|par
|
|turn|37
|J|r0ady
|choice|move 1|switch 4
|
|switch|p2a: QT|Chansey|405\/703 frz
|move|p1a: Jolteon|Thunderbolt|p2a: QT
|-damage|p2a: QT|294\/703 frz
|
|turn|38
|L|Tricking
|J|0NE + TW0
|choice|move 1|move 3
|
|cant|p2a: QT|frz
|cant|p1a: Jolteon|par
|
|turn|39
|J|ashuahas
|L|FLCL
|choice|move 1|move 1
|
|cant|p2a: QT|frz
|move|p1a: Jolteon|Thunderbolt|p2a: QT
|-damage|p2a: QT|175\/703 frz
|
|turn|40
|J|FLCL
|L|Shubaki
|choice|move 1|move 1
|
|cant|p2a: QT|frz
|move|p1a: Jolteon|Thunderbolt|p2a: QT
|-damage|p2a: QT|56\/703 frz
|
|turn|41
|choice|move 1|move 1
|
|cant|p2a: QT|frz
|move|p1a: Jolteon|Thunderbolt|p2a: QT
|-damage|p2a: QT|0 fnt
|faint|p2a: QT
|J|THE PDC SHOW
|choice||switch 3
|
|switch|p2a: QRS|Tauros|353\/353
|turn|42
|L|FLCL
|J|FLCL
|J|WhiteQueen
|L|WhiteQueen
|choice|switch 4|move 3
|
|switch|p1a: Exeggutor|Exeggutor|15\/393 par
|move|p2a: QRS|Earthquake|p1a: Exeggutor
|-resisted|p1a: Exeggutor
|-damage|p1a: Exeggutor|0 fnt
|faint|p1a: Exeggutor
|choice|switch 3|
|
|switch|p1a: Snorlax|Snorlax|523\/523
|turn|43
|choice|move 1|switch 5
|
|switch|p2a: P|Starmie|262\/323
|move|p1a: Snorlax|Body Slam|p2a: P
|-damage|p2a: P|146\/323
|
|turn|44
|J|sunsetsarsaparilla
|choice|move 1|move 2
|
|move|p2a: P|Recover|p2a: P
|-heal|p2a: P|307\/323
|move|p1a: Snorlax|Body Slam|p2a: P
|-damage|p2a: P|193\/323
|
|turn|45
|choice|switch 2|move 4
|
|switch|p1a: Chansey|Chansey|561\/703 par
|move|p2a: P|Thunder Wave|p1a: Chansey
|-fail|p1a: Chansey|par
|
|turn|46
|choice|move 1|switch 4
|
|switch|p2a: Line|Zapdos|383\/383 par
|move|p1a: Chansey|Thunder Wave|p2a: Line
|-fail|p2a: Line|par
|
|turn|47
|choice|switch 4|move 2
|
|switch|p1a: Jolteon|Jolteon|209\/333 par
|cant|p2a: Line|par
|
|turn|48
|J|derperion
|choice|move 1|switch 2
|
|switch|p2a: ST|Jynx|188\/333 slp
|cant|p1a: Jolteon|par
|
|turn|49
|choice|switch 6|move 3
|
|switch|p1a: Tauros|Tauros|353\/353
|cant|p2a: ST|slp
|
|turn|50
|J|potato14798
|choice|move 1|move 1
|
|move|p1a: Tauros|Body Slam|p2a: ST
|-damage|p2a: ST|11\/333 slp
|-curestatus|p2a: ST|slp
|
|turn|51
|L|Dundies
|choice|move 1|move 3
|
|move|p1a: Tauros|Body Slam|p2a: ST
|-damage|p2a: ST|0 fnt
|faint|p2a: ST
|choice||switch 5
|
|switch|p2a: QRS|Tauros|353\/353
|turn|52
|J|Krahzer
|J|ChillShadow
|L|Sam
|choice|switch 5|move 1
|
|switch|p1a: Jynx|Jynx|124\/333 par
|move|p2a: QRS|Body Slam|p1a: Jynx
|-crit|p1a: Jynx
|-damage|p1a: Jynx|0 fnt
|faint|p1a: Jynx
|choice|switch 2|
|
|switch|p1a: Snorlax|Snorlax|523\/523
|turn|53
|J|Prajpran
|choice|move 1|move 1
|
|move|p2a: QRS|Body Slam|p1a: Snorlax
|-damage|p1a: Snorlax|385\/523
|move|p1a: Snorlax|Body Slam|p2a: QRS
|-damage|p2a: QRS|236\/353
|
|turn|54
|J|ne2531
|choice|move 1|move 3
|
|move|p2a: QRS|Earthquake|p1a: Snorlax
|-damage|p1a: Snorlax|284\/523
|move|p1a: Snorlax|Body Slam|p2a: QRS
|-damage|p2a: QRS|134\/353
|
|turn|55
|J|Vore Gidal
|L|ne2531
|J|BlueShrek
|J|IBIREVER
|J|Tesung
|choice|move 3|switch 2
|
|switch|p2a: Line|Zapdos|383\/383 par
|move|p1a: Snorlax|Hyper Beam|p2a: Line
|-damage|p2a: Line|166\/383 par
|
|turn|56
|-mustrecharge|p1a: Snorlax
|-mustrecharge|p1a: Snorlax
|choice|move 1|move 4
|
|cant|p1a: Snorlax|recharge
|move|p2a: Line|Thunder Wave|p1a: Snorlax
|-status|p1a: Snorlax|par
|
|turn|57
|J|ibaneful
|J|once adreamed
|J|Sam
|choice|move 3|move 3
|
|cant|p2a: Line|par
|move|p1a: Snorlax|Hyper Beam|p2a: Line
|-damage|p2a: Line|0 fnt
|faint|p2a: Line
|choice||switch 4
|
|switch|p2a: P|Starmie|193\/323
|turn|58
|choice|move 4|move 1
|
|move|p2a: P|Blizzard|p1a: Snorlax
|-damage|p1a: Snorlax|154\/523 par
|cant|p1a: Snorlax|par
|
|turn|59
|choice|move 4|move 1
|
|move|p2a: P|Blizzard|p1a: Snorlax
|-damage|p1a: Snorlax|26\/523 par
|move|p1a: Snorlax|Self-Destruct|p2a: P
|-damage|p2a: P|0 fnt
|faint|p2a: P
|faint|p1a: Snorlax
|choice|switch 4|switch 2
|
|switch|p2a: QRS|Tauros|134\/353
|switch|p1a: Chansey|Chansey|561\/703 par
|turn|60
|J|tele
|choice|move 1|move 1
|
|move|p2a: QRS|Body Slam|p1a: Chansey
|-damage|p1a: Chansey|273\/703 par
|move|p1a: Chansey|Thunder Wave|p2a: QRS
|-status|p2a: QRS|par
|
|turn|61
|-message|reyscarface forfeited.
|
|win|Beds