|inactive|Battle timer is ON: inactive players will automatically lose when time's up.
|J|marcoasd
|J|Sapientia
|player|p1|marcoasd|1
|player|p2|Sapientia|4
|gametype|singles
|gen|1
|tier|[Gen 1] Custom Game
|rule|HP Percentage Mod: HP is shown in percentages
|
|start
|switch|p1a: Jynx|Jynx|333\/333
|switch|p2a: Mewtwo|Mewtwo|415\/415
|turn|1
|J|XxRayxX
|
|switch|p2a: Slowbro|Slowbro|393\/393
|move|p1a: Jynx|Lovely Kiss|p2a: Slowbro|[miss]
|debug|randBW(256) = 209
|-miss|p1a: Jynx
|
|turn|2
|
|move|p1a: Jynx|Lovely Kiss|p2a: Slowbro
|debug|randBW(256) = 73
|-status|p2a: Slowbro|slp
|debug|randBW(1, 7) = 1
|cant|p2a: Slowbro|slp
|-curestatus|p2a: Slowbro|slp
|
|turn|3
|
|move|p1a: Jynx|Lovely Kiss|p2a: Slowbro
|debug|randBW(256) = 117
|-status|p2a: Slowbro|slp
|debug|randBW(1, 7) = 3
|cant|p2a: Slowbro|slp
|
|turn|4
|J|the black beard
|
|switch|p1a: Zapdos|Zapdos|383\/383
|cant|p2a: Slowbro|slp
|
|turn|5
|c|★marcoasd|cruuu
|
|switch|p2a: Chansey|Chansey|703\/703
|move|p1a: Zapdos|Thunder Wave|p2a: Chansey
|debug|randBW(256) = 76
|-status|p2a: Chansey|par
|
|turn|6
|
|switch|p1a: Jynx|Jynx|333\/333
|debug|randBW(256) = 253
|move|p2a: Chansey|Thunder Wave|p1a: Jynx
|debug|randBW(256) = 105
|-status|p1a: Jynx|par
|
|turn|7
|
|switch|p1a: Snorlax|Snorlax|523\/523
|switch|p2a: Mewtwo|Mewtwo|415\/415
|
|turn|8
|
|switch|p2a: Exeggutor|Exeggutor|393\/393
|move|p1a: Snorlax|Body Slam|p2a: Exeggutor
|debug|randBW(256) = 97
|debug|randBW(256) = 108
|debug|randBW(217, 256) = 225
|-damage|p2a: Exeggutor|280\/393
|debug|randBW(256) = 192
|
|turn|9
|
|switch|p1a: Jynx|Jynx|333\/333 par
|move|p2a: Exeggutor|Sleep Powder|p1a: Jynx
|debug|randBW(256) = 186
|-fail|p1a: Jynx
|
|turn|10
|
|switch|p2a: Slowbro|Slowbro|393\/393 slp
|switch|p1a: Snorlax|Snorlax|523\/523
|
|turn|11
|L|XxRayxX
|
|switch|p2a: Exeggutor|Exeggutor|280\/393
|move|p1a: Snorlax|Body Slam|p2a: Exeggutor
|debug|randBW(256) = 168
|debug|randBW(256) = 35
|debug|randBW(217, 256) = 220
|-damage|p2a: Exeggutor|169\/393
|debug|randBW(256) = 204
|
|turn|12
|
|switch|p1a: Jynx|Jynx|333\/333 par
|move|p2a: Exeggutor|Leech Seed|p1a: Jynx
|debug|randBW(256) = 129
|-start|p1a: Jynx|move: Leech Seed
|
|turn|13
|
|switch|p2a: Slowbro|Slowbro|393\/393 slp
|debug|randBW(256) = 211
|move|p1a: Jynx|Ice Beam|p2a: Slowbro
|debug|randBW(256) = 71
|debug|randBW(256) = 215
|-resisted|p2a: Slowbro
|debug|randBW(217, 256) = 229
|-damage|p2a: Slowbro|332\/393 slp
|debug|randBW(256) = 162
|-damage|p1a: Jynx|313\/333 par|[from] Leech Seed|[of] p2a: Slowbro
|-heal|p2a: Slowbro|352\/393 slp|[silent]
|
|turn|14
|
|switch|p2a: Exeggutor|Exeggutor|169\/393
|switch|p1a: Zapdos|Zapdos|383\/383
|
|turn|15
|
|switch|p2a: Snorlax|Snorlax|523\/523
|move|p1a: Zapdos|Drill Peck|p2a: Snorlax
|debug|randBW(256) = 135
|debug|randBW(256) = 209
|debug|randBW(217, 256) = 242
|-damage|p2a: Snorlax|406\/523
|
|turn|16
|
|move|p1a: Zapdos|Thunderbolt|p2a: Snorlax
|debug|randBW(256) = 131
|debug|randBW(256) = 246
|debug|randBW(217, 256) = 231
|-damage|p2a: Snorlax|240\/523
|debug|randBW(256) = 175
|move|p2a: Snorlax|Amnesia|p2a: Snorlax
|-boost|p2a: Snorlax|spd|2
|-boost|p2a: Snorlax|spa|2
|
|turn|17
|
|move|p1a: Zapdos|Thunder Wave|p2a: Snorlax
|debug|randBW(256) = 159
|-status|p2a: Snorlax|par
|debug|randBW(256) = 209
|move|p2a: Snorlax|Ice Beam|p1a: Zapdos
|debug|randBW(256) = 57
|debug|randBW(256) = 170
|-supereffective|p1a: Zapdos
|debug|randBW(217, 256) = 245
|-damage|p1a: Zapdos|180\/383
|debug|randBW(256) = 236
|
|turn|18
|
|move|p1a: Zapdos|Thunderbolt|p2a: Snorlax
|debug|randBW(256) = 244
|debug|randBW(256) = 63
|debug|randBW(217, 256) = 227
|-damage|p2a: Snorlax|158\/523 par
|debug|randBW(256) = 38
|debug|randBW(256) = 12
|cant|p2a: Snorlax|par
|
|turn|19
|
|move|p1a: Zapdos|Thunderbolt|p2a: Snorlax
|debug|randBW(256) = 183
|debug|randBW(256) = 172
|debug|randBW(217, 256) = 236
|-damage|p2a: Snorlax|72\/523 par
|debug|randBW(256) = 166
|debug|randBW(256) = 149
|move|p2a: Snorlax|Rest|p2a: Snorlax
|-status|p2a: Snorlax|slp
|debug|randBW(1, 7) = 1
|-heal|p2a: Snorlax|523\/523 slp|[silent]
|-status|p2a: Snorlax|slp|[from] move: Rest
|
|turn|20
|
|move|p1a: Zapdos|Thunderbolt|p2a: Snorlax
|debug|randBW(256) = 14
|debug|randBW(256) = 113
|debug|randBW(217, 256) = 241
|-damage|p2a: Snorlax|436\/523 slp
|debug|randBW(256) = 97
|cant|p2a: Snorlax|slp
|
|turn|21
|J|KRGL
|
|move|p1a: Zapdos|Thunderbolt|p2a: Snorlax
|debug|randBW(256) = 8
|debug|randBW(256) = 4
|-crit|p2a: Snorlax
|debug|Negating (sp)atk boost\/penalty.
|debug|Negating (sp)def boost\/penalty.
|debug|randBW(217, 256) = 224
|-damage|p2a: Snorlax|122\/523 slp
|debug|randBW(256) = 15
|cant|p2a: Snorlax|slp
|-curestatus|p2a: Snorlax|slp
|
|turn|22
|L|KRGL
|
|move|p1a: Zapdos|Drill Peck|p2a: Snorlax
|debug|randBW(256) = 9
|debug|randBW(256) = 171
|debug|randBW(217, 256) = 242
|-damage|p2a: Snorlax|5\/523
|move|p2a: Snorlax|Rest|p2a: Snorlax
|-status|p2a: Snorlax|slp
|debug|randBW(1, 7) = 1
|-heal|p2a: Snorlax|523\/523 slp|[silent]
|-status|p2a: Snorlax|slp|[from] move: Rest
|
|turn|23
|
|switch|p1a: Mewtwo|Mewtwo|415\/415
|cant|p2a: Snorlax|slp
|
|turn|24
|
|move|p1a: Mewtwo|Amnesia|p1a: Mewtwo
|-boost|p1a: Mewtwo|spd|2
|-boost|p1a: Mewtwo|spa|2
|cant|p2a: Snorlax|slp
|-curestatus|p2a: Snorlax|slp
|
|turn|25
|
|move|p1a: Mewtwo|Amnesia|p1a: Mewtwo
|-boost|p1a: Mewtwo|spd|2
|-boost|p1a: Mewtwo|spa|2
|move|p2a: Snorlax|Body Slam|p1a: Mewtwo
|debug|randBW(256) = 57
|debug|randBW(256) = 48
|debug|randBW(217, 256) = 254
|-damage|p1a: Mewtwo|292\/415
|debug|randBW(256) = 117
|
|turn|26
|
|move|p1a: Mewtwo|Ice Beam|p2a: Snorlax
|debug|randBW(256) = 118
|debug|randBW(256) = 194
|debug|randBW(217, 256) = 221
|-damage|p2a: Snorlax|371\/523
|debug|randBW(256) = 202
|move|p2a: Snorlax|Body Slam|p1a: Mewtwo
|debug|randBW(256) = 39
|debug|randBW(256) = 90
|debug|randBW(217, 256) = 239
|-damage|p1a: Mewtwo|176\/415
|debug|randBW(256) = 143
|
|turn|27
|
|move|p1a: Mewtwo|Recover|p1a: Mewtwo
|-heal|p1a: Mewtwo|383\/415
|move|p2a: Snorlax|Body Slam|p1a: Mewtwo
|debug|randBW(256) = 149
|debug|randBW(256) = 209
|debug|randBW(217, 256) = 251
|-damage|p1a: Mewtwo|261\/415
|debug|randBW(256) = 100
|
|turn|28
|
|move|p1a: Mewtwo|Recover|p1a: Mewtwo
|-heal|p1a: Mewtwo|415\/415
|move|p2a: Snorlax|Body Slam|p1a: Mewtwo
|debug|randBW(256) = 78
|debug|randBW(256) = 191
|debug|randBW(217, 256) = 228
|-damage|p1a: Mewtwo|305\/415
|debug|randBW(256) = 50
|-status|p1a: Mewtwo|par
|
|turn|29
|
|switch|p1a: Snorlax|Snorlax|523\/523
|move|p2a: Snorlax|Amnesia|p2a: Snorlax
|-boost|p2a: Snorlax|spd|2
|-boost|p2a: Snorlax|spa|2
|
|turn|30
|
|switch|p2a: Exeggutor|Exeggutor|169\/393
|move|p1a: Snorlax|Self-Destruct|p2a: Exeggutor
|debug|randBW(256) = 187
|debug|randBW(256) = 76
|debug|randBW(217, 256) = 223
|-damage|p2a: Exeggutor|0 fnt
|faint|p2a: Exeggutor
|faint|p1a: Snorlax
|
|switch|p2a: Mewtwo|Mewtwo|415\/415
|switch|p1a: Zapdos|Zapdos|180\/383
|turn|31
|J|steelphoenix
|L|steelphoenix
|
|switch|p1a: Mewtwo|Mewtwo|305\/415 par
|move|p2a: Mewtwo|Ice Beam|p1a: Mewtwo
|debug|randBW(256) = 79
|debug|randBW(256) = 244
|debug|randBW(217, 256) = 219
|-damage|p1a: Mewtwo|236\/415 par
|debug|randBW(256) = 46
|
|turn|32
|
|switch|p2a: Snorlax|Snorlax|371\/523
|debug|randBW(256) = 100
|move|p1a: Mewtwo|Recover|p1a: Mewtwo
|-heal|p1a: Mewtwo|415\/415 par
|
|turn|33
|
|switch|p1a: Exeggutor|Exeggutor|393\/393
|move|p2a: Snorlax|Amnesia|p2a: Snorlax
|-boost|p2a: Snorlax|spd|2
|-boost|p2a: Snorlax|spa|2
|
|turn|34
|
|move|p1a: Exeggutor|Explosion|p2a: Snorlax
|debug|randBW(256) = 124
|debug|randBW(256) = 238
|debug|randBW(217, 256) = 229
|-damage|p2a: Snorlax|40\/523
|faint|p1a: Exeggutor
|
|switch|p1a: Mew|Mew|403\/403
|turn|35
|J|KRGL
|
|switch|p2a: Mew|Mew|403\/403
|move|p1a: Mew|Body Slam|p2a: Mew
|debug|randBW(256) = 249
|debug|randBW(256) = 203
|debug|randBW(217, 256) = 226
|-damage|p2a: Mew|339\/403
|debug|randBW(256) = 254
|
|turn|36
|
|move|p2a: Mew|Thunder Wave|p1a: Mew
|debug|randBW(256) = 92
|-status|p1a: Mew|par
|debug|randBW(256) = 209
|move|p1a: Mew|Swords Dance|p1a: Mew
|-boost|p1a: Mew|atk|2
|
|turn|37
|L|KRGL
|
|move|p2a: Mew|Reflect|p2a: Mew
|-start|p2a: Mew|Reflect
|debug|randBW(256) = 107
|move|p1a: Mew|Body Slam|p2a: Mew
|debug|randBW(256) = 216
|debug|randBW(256) = 72
|debug|Screen doubling (Sp)Def
|debug|randBW(217, 256) = 240
|-damage|p2a: Mew|271\/403
|debug|randBW(256) = 59
|-status|p2a: Mew|par
|
|turn|38
|
|switch|p2a: Mewtwo|Mewtwo|415\/415
|debug|randBW(256) = 56
|cant|p1a: Mew|par
|
|turn|39
|
|move|p2a: Mewtwo|Amnesia|p2a: Mewtwo
|-boost|p2a: Mewtwo|spd|2
|-boost|p2a: Mewtwo|spa|2
|debug|randBW(256) = 229
|move|p1a: Mew|Body Slam|p2a: Mewtwo
|debug|randBW(256) = 204
|debug|randBW(256) = 172
|debug|randBW(217, 256) = 254
|-damage|p2a: Mewtwo|260\/415
|debug|randBW(256) = 79
|
|turn|40
|
|move|p2a: Mewtwo|Ice Beam|p1a: Mew
|debug|randBW(256) = 109
|debug|randBW(256) = 102
|debug|randBW(217, 256) = 242
|-damage|p1a: Mew|195\/403 par
|debug|randBW(256) = 129
|debug|randBW(256) = 110
|move|p1a: Mew|Explosion|p2a: Mewtwo
|debug|randBW(256) = 246
|debug|randBW(256) = 188
|debug|randBW(217, 256) = 255
|-damage|p2a: Mewtwo|0 fnt
|faint|p2a: Mewtwo
|faint|p1a: Mew
|
|switch|p1a: Zapdos|Zapdos|180\/383
|switch|p2a: Snorlax|Snorlax|40\/523
|turn|41
|
|switch|p2a: Chansey|Chansey|703\/703 par
|move|p1a: Zapdos|Drill Peck|p2a: Chansey
|debug|randBW(256) = 64
|debug|randBW(256) = 139
|debug|randBW(217, 256) = 229
|-damage|p2a: Chansey|471\/703 par
|
|turn|42
|
|switch|p1a: Mewtwo|Mewtwo|415\/415 par
|debug|randBW(256) = 214
|move|p2a: Chansey|Soft-Boiled|p2a: Chansey
|-heal|p2a: Chansey|703\/703 par
|
|turn|43
|
|switch|p2a: Mew|Mew|271\/403 par
|debug|randBW(256) = 49
|cant|p1a: Mewtwo|par
|
|turn|44
|
|switch|p1a: Jynx|Jynx|313\/333 par
|debug|randBW(256) = 102
|move|p2a: Mew|Transform|p1a: Jynx
|-transform|p2a: Mew|p1a: Jynx
|
|turn|45
|
|switch|p2a: Slowbro|Slowbro|352\/393 slp
|debug|randBW(256) = 91
|move|p1a: Jynx|Psychic|p2a: Slowbro
|debug|randBW(256) = 146
|debug|randBW(256) = 125
|-resisted|p2a: Slowbro
|debug|randBW(217, 256) = 231
|-damage|p2a: Slowbro|294\/393 slp
|debug|randBW(256) = 203
|
|turn|46
|
|switch|p1a: Zapdos|Zapdos|180\/383
|cant|p2a: Slowbro|slp
|-curestatus|p2a: Slowbro|slp
|
|turn|47
|
|switch|p2a: Chansey|Chansey|703\/703 par
|move|p1a: Zapdos|Thunderbolt|p2a: Chansey
|debug|randBW(256) = 5
|debug|randBW(256) = 159
|debug|randBW(217, 256) = 249
|-damage|p2a: Chansey|569\/703 par
|debug|randBW(256) = 246
|
|turn|48
|
|move|p1a: Zapdos|Drill Peck|p2a: Chansey
|debug|randBW(256) = 152
|debug|randBW(256) = 129
|debug|randBW(217, 256) = 238
|-damage|p2a: Chansey|328\/703 par
|debug|randBW(256) = 147
|move|p2a: Chansey|Ice Beam|p1a: Zapdos
|debug|randBW(256) = 180
|debug|randBW(256) = 145
|-supereffective|p1a: Zapdos
|debug|randBW(217, 256) = 243
|-damage|p1a: Zapdos|43\/383
|debug|randBW(256) = 223
|
|turn|49
|
|move|p1a: Zapdos|Drill Peck|p2a: Chansey
|debug|randBW(256) = 98
|debug|randBW(256) = 10
|-crit|p2a: Chansey
|debug|Negating (sp)atk boost\/penalty.
|debug|Negating (sp)def boost\/penalty.
|debug|randBW(217, 256) = 220
|-damage|p2a: Chansey|0 fnt
|faint|p2a: Chansey
|
|switch|p2a: Mew|Mew|271\/403 par
|turn|50
|
|switch|p1a: Jynx|Jynx|313\/333 par
|debug|randBW(256) = 90
|move|p2a: Mew|Thunder Wave|p1a: Jynx
|debug|randBW(256) = 27
|-fail|p1a: Jynx|par
|
|turn|51
|
|switch|p2a: Snorlax|Snorlax|40\/523
|debug|randBW(256) = 245
|move|p1a: Jynx|Psychic|p2a: Snorlax
|debug|randBW(256) = 36
|debug|randBW(256) = 142
|debug|randBW(217, 256) = 254
|-damage|p2a: Snorlax|0 fnt
|debug|randBW(256) = 211
|faint|p2a: Snorlax
|J|Isa RC
|
|switch|p2a: Slowbro|Slowbro|294\/393
|turn|52
|J|Regnite
|
|move|p2a: Slowbro|Amnesia|p2a: Slowbro
|-boost|p2a: Slowbro|spd|2
|-boost|p2a: Slowbro|spa|2
|debug|randBW(256) = 68
|move|p1a: Jynx|Lovely Kiss|p2a: Slowbro|[miss]
|debug|randBW(256) = 252
|-miss|p1a: Jynx
|
|turn|53
|
|move|p2a: Slowbro|Surf|p1a: Jynx
|debug|randBW(256) = 164
|debug|randBW(256) = 139
|debug|randBW(217, 256) = 238
|-damage|p1a: Jynx|112\/333 par
|debug|randBW(256) = 107
|move|p1a: Jynx|Lovely Kiss|p2a: Slowbro|[miss]
|debug|randBW(256) = 193
|-miss|p1a: Jynx
|
|turn|54
|
|move|p2a: Slowbro|Surf|p1a: Jynx
|debug|randBW(256) = 241
|debug|randBW(256) = 55
|debug|randBW(217, 256) = 220
|-damage|p1a: Jynx|0 fnt
|faint|p1a: Jynx
|
|switch|p1a: Zapdos|Zapdos|43\/383
|turn|55
|
|move|p1a: Zapdos|Thunderbolt|p2a: Slowbro
|debug|randBW(256) = 131
|debug|randBW(256) = 218
|-supereffective|p2a: Slowbro
|debug|randBW(217, 256) = 245
|-damage|p2a: Slowbro|137\/393
|debug|randBW(256) = 59
|move|p2a: Slowbro|Ice Beam|p1a: Zapdos
|debug|randBW(256) = 18
|debug|randBW(256) = 100
|-supereffective|p1a: Zapdos
|debug|randBW(217, 256) = 222
|-damage|p1a: Zapdos|0 fnt
|debug|randBW(256) = 232
|faint|p1a: Zapdos
|
|switch|p1a: Mewtwo|Mewtwo|415\/415 par
|turn|56
|L|Isa RC
|
|move|p2a: Slowbro|Amnesia|p2a: Slowbro
|-boost|p2a: Slowbro|spd|2
|-boost|p2a: Slowbro|spa|2
|debug|randBW(256) = 32
|cant|p1a: Mewtwo|par
|
|turn|57
|J|Ranger mike
|
|move|p2a: Slowbro|Surf|p1a: Mewtwo
|debug|randBW(256) = 124
|debug|randBW(256) = 129
|debug|randBW(217, 256) = 247
|-damage|p1a: Mewtwo|192\/415 par
|debug|randBW(256) = 236
|move|p1a: Mewtwo|Amnesia|p1a: Mewtwo
|-boost|p1a: Mewtwo|spd|2
|-boost|p1a: Mewtwo|spa|2
|
|turn|58
|
|move|p2a: Slowbro|Surf|p1a: Mewtwo
|debug|randBW(256) = 11
|debug|randBW(256) = 73
|debug|randBW(217, 256) = 249
|-damage|p1a: Mewtwo|80\/415 par
|debug|randBW(256) = 47
|cant|p1a: Mewtwo|par
|
|turn|59
|c|★marcoasd|gg
|c|★Sapientia|gg
|
|move|p2a: Slowbro|Surf|p1a: Mewtwo
|debug|randBW(256) = 154
|debug|randBW(256) = 204
|debug|randBW(217, 256) = 234
|-damage|p1a: Mewtwo|0 fnt
|faint|p1a: Mewtwo
|
|win|Sapientia