|inactive|Battle timer is ON: inactive players will automatically lose when time's up.
|J|Hack
|J|marcoasd
|player|p1|Hack|10
|player|p2|marcoasd|169
|gametype|singles
|gen|1
|tier|[Gen 1] OU
|rule|Sleep Clause Mod: Limit one foe put to sleep
|rule|Freeze Clause Mod: Limit one foe frozen
|rule|Species Clause: Limit one of each Pokémon
|rule|OHKO Clause: OHKO moves are banned
|rule|Evasion Moves Clause: Evasion moves are banned
|rule|HP Percentage Mod: HP is shown in percentages
|
|start
|switch|p1a: 10-0|Alakazam|313\/313
|switch|p2a: Jynx|Jynx|333\/333
|turn|1
|c|★Hack|glhf
|c|★marcoasd|u2 beautiful day
|J|Disaster Area
|
|move|p1a: 10-0|Thunder Wave|p2a: Jynx
|-status|p2a: Jynx|par
|move|p2a: Jynx|Lovely Kiss|p1a: 10-0|[miss]
|-miss|p2a: Jynx
|
|turn|2
|c|+Disaster Area|**Awoo!!** Go Marco!
|c|+Disaster Area|Porco dio
|J|Isa RC
|J|choollio
|J|Lutra
|J|kamehameha2333
|
|move|p1a: 10-0|Seismic Toss|p2a: Jynx
|-damage|p2a: Jynx|233\/333 par
|move|p2a: Jynx|Lovely Kiss|p1a: 10-0
|-status|p1a: 10-0|slp
|
|turn|3
|J|haxiom
|J|TraceOfLife
|c|+TraceOfLife|go marco *-*
|
|switch|p1a: Chansey|Chansey|703\/703
|move|p2a: Jynx|Blizzard|p1a: Chansey|[miss]
|-miss|p2a: Jynx
|
|turn|4
|J|moony
|
|switch|p2a: Chansey|Chansey|703\/703
|move|p1a: Chansey|Thunderbolt|p2a: Chansey
|-damage|p2a: Chansey|627\/703
|
|turn|5
|L|TraceOfLife
|J|Earth
|J|Lacus Clyne
|L|kamehameha2333
|J|TraceofLife
|L|choollio
|J|choollio
|
|move|p1a: Chansey|Ice Beam|p2a: Chansey
|-crit|p2a: Chansey
|-damage|p2a: Chansey|475\/703
|move|p2a: Chansey|Thunder Wave|p1a: Chansey
|-status|p1a: Chansey|par
|
|turn|6
|
|move|p2a: Chansey|Soft-Boiled|p2a: Chansey
|-heal|p2a: Chansey|703\/703
|move|p1a: Chansey|Ice Beam|p2a: Chansey
|-crit|p2a: Chansey
|-damage|p2a: Chansey|550\/703
|
|turn|7
|J|Hardhat Area
|
|switch|p2a: Snorlax|Snorlax|523\/523
|move|p1a: Chansey|Ice Beam|p2a: Snorlax
|-damage|p2a: Snorlax|423\/523
|
|turn|8
|J|alexander-
|J|Alexander
|
|switch|p1a: skog|Exeggutor|393\/393
|move|p2a: Snorlax|Body Slam|p1a: skog
|-crit|p1a: skog
|-damage|p1a: skog|150\/393
|
|turn|9
|
|switch|p2a: Jynx|Jynx|233\/333 par
|move|p1a: skog|Sleep Powder|p2a: Jynx
|-fail|p2a: Jynx
|
|turn|10
|
|move|p1a: skog|Sleep Powder|p2a: Jynx
|-fail|p2a: Jynx
|move|p2a: Jynx|Blizzard|p1a: skog
|-crit|p1a: skog
|-supereffective|p1a: skog
|-damage|p1a: skog|0 fnt
|faint|p1a: skog
|J|sdhsdhs
|L|sdhsdhs
|
|switch|p1a: this tour is|Tauros|353\/353
|turn|11
|J|Jellicent
|
|switch|p2a: Exeggutor|Exeggutor|393\/393
|move|p1a: this tour is|Body Slam|p2a: Exeggutor
|-damage|p2a: Exeggutor|280\/393
|
|turn|12
|
|switch|p1a: Chansey|Chansey|703\/703 par
|move|p2a: Exeggutor|Psychic|p1a: Chansey
|-damage|p1a: Chansey|577\/703 par
|-unboost|p1a: Chansey|spd|1
|-unboost|p1a: Chansey|spa|1
|
|turn|13
|
|switch|p2a: Snorlax|Snorlax|423\/523
|move|p1a: Chansey|Thunder Wave|p2a: Snorlax
|-status|p2a: Snorlax|par
|
|turn|14
|J|MoxieInfinite
|
|switch|p1a: welfare|Snorlax|523\/523
|move|p2a: Snorlax|Body Slam|p1a: welfare
|-damage|p1a: welfare|379\/523
|
|turn|15
|
|move|p1a: welfare|Reflect|p1a: welfare
|-start|p1a: welfare|Reflect
|move|p2a: Snorlax|Reflect|p2a: Snorlax
|-start|p2a: Snorlax|Reflect
|
|turn|16
|
|move|p1a: welfare|Body Slam|p2a: Snorlax
|-damage|p2a: Snorlax|354\/523 par
|move|p2a: Snorlax|Body Slam|p1a: welfare
|-damage|p1a: welfare|309\/523
|
|turn|17
|
|move|p1a: welfare|Amnesia|p1a: welfare
|-boost|p1a: welfare|spd|2
|-boost|p1a: welfare|spa|2
|move|p2a: Snorlax|Body Slam|p1a: welfare
|-damage|p1a: welfare|240\/523
|
|turn|18
|J|majaspic22
|L|majaspic22
|
|move|p1a: welfare|Amnesia|p1a: welfare
|-boost|p1a: welfare|spd|2
|-boost|p1a: welfare|spa|2
|move|p2a: Snorlax|Body Slam|p1a: welfare
|-damage|p1a: welfare|173\/523
|
|turn|19
|
|switch|p2a: Chansey|Chansey|550\/703
|move|p1a: welfare|Rest|p1a: welfare
|-status|p1a: welfare|slp
|-heal|p1a: welfare|523\/523 slp|[silent]
|-status|p1a: welfare|slp|[from] move: Rest
|
|turn|20
|
|move|p2a: Chansey|Seismic Toss|p1a: welfare
|-damage|p1a: welfare|423\/523 slp
|cant|p1a: welfare|slp
|
|turn|21
|J|fitzy
|
|move|p2a: Chansey|Reflect|p2a: Chansey
|-start|p2a: Chansey|Reflect
|-curestatus|p1a: welfare|slp
|
|turn|22
|
|move|p2a: Chansey|Thunder Wave|p1a: welfare
|-status|p1a: welfare|par
|cant|p1a: welfare|par
|
|turn|23
|
|move|p2a: Chansey|Seismic Toss|p1a: welfare
|-damage|p1a: welfare|323\/523 par
|move|p1a: welfare|Rest|p1a: welfare
|-status|p1a: welfare|slp
|-heal|p1a: welfare|523\/523 slp|[silent]
|-status|p1a: welfare|slp|[from] move: Rest
|
|turn|24
|
|move|p2a: Chansey|Seismic Toss|p1a: welfare
|-damage|p1a: welfare|423\/523 slp
|cant|p1a: welfare|slp
|
|turn|25
|
|move|p2a: Chansey|Seismic Toss|p1a: welfare
|-damage|p1a: welfare|323\/523 slp
|-curestatus|p1a: welfare|slp
|
|turn|26
|
|move|p2a: Chansey|Thunder Wave|p1a: welfare
|-status|p1a: welfare|par
|move|p1a: welfare|Amnesia|p1a: welfare
|-boost|p1a: welfare|spd|2
|-boost|p1a: welfare|spa|2
|
|turn|27
|
|move|p2a: Chansey|Seismic Toss|p1a: welfare
|-damage|p1a: welfare|223\/523 par
|move|p1a: welfare|Reflect|p1a: welfare
|-fail|p1a: welfare
|
|turn|28
|
|switch|p2a: Alakazam|Alakazam|313\/313
|move|p1a: welfare|Rest|p1a: welfare
|-status|p1a: welfare|slp
|-heal|p1a: welfare|523\/523 slp|[silent]
|-status|p1a: welfare|slp|[from] move: Rest
|
|turn|29
|
|move|p2a: Alakazam|Psychic|p1a: welfare
|-damage|p1a: welfare|478\/523 slp
|cant|p1a: welfare|slp
|
|turn|30
|
|move|p2a: Alakazam|Psychic|p1a: welfare
|-damage|p1a: welfare|432\/523 slp
|-curestatus|p1a: welfare|slp
|
|turn|31
|
|move|p2a: Alakazam|Reflect|p2a: Alakazam
|-start|p2a: Alakazam|Reflect
|move|p1a: welfare|Body Slam|p2a: Alakazam
|-damage|p2a: Alakazam|223\/313
|
|turn|32
|
|move|p2a: Alakazam|Thunder Wave|p1a: welfare
|-status|p1a: welfare|par
|cant|p1a: welfare|par
|
|turn|33
|
|move|p2a: Alakazam|Psychic|p1a: welfare
|-damage|p1a: welfare|390\/523 par
|-unboost|p1a: welfare|spd|1
|-unboost|p1a: welfare|spa|1
|move|p1a: welfare|Body Slam|p2a: Alakazam
|-damage|p2a: Alakazam|143\/313
|
|turn|34
|
|move|p2a: Alakazam|Recover|p2a: Alakazam
|-heal|p2a: Alakazam|299\/313
|move|p1a: welfare|Body Slam|p2a: Alakazam
|-damage|p2a: Alakazam|216\/313
|
|turn|35
|
|move|p2a: Alakazam|Psychic|p1a: welfare
|-damage|p1a: welfare|341\/523 par
|move|p1a: welfare|Body Slam|p2a: Alakazam
|-damage|p2a: Alakazam|127\/313
|
|turn|36
|
|move|p2a: Alakazam|Recover|p2a: Alakazam
|-heal|p2a: Alakazam|283\/313
|move|p1a: welfare|Body Slam|p2a: Alakazam
|-damage|p2a: Alakazam|195\/313
|
|turn|37
|
|move|p2a: Alakazam|Psychic|p1a: welfare
|-crit|p1a: welfare
|-damage|p1a: welfare|35\/523 par
|move|p1a: welfare|Body Slam|p2a: Alakazam
|-damage|p2a: Alakazam|115\/313
|-status|p2a: Alakazam|par
|
|turn|38
|
|cant|p2a: Alakazam|par
|move|p1a: welfare|Rest|p1a: welfare
|-status|p1a: welfare|slp
|-heal|p1a: welfare|523\/523 slp|[silent]
|-status|p1a: welfare|slp|[from] move: Rest
|
|turn|39
|
|move|p2a: Alakazam|Recover|p2a: Alakazam
|-heal|p2a: Alakazam|271\/313 par
|cant|p1a: welfare|slp
|
|turn|40
|
|move|p2a: Alakazam|Psychic|p1a: welfare
|-damage|p1a: welfare|477\/523 slp
|-curestatus|p1a: welfare|slp
|
|turn|41
|J|MANN3RS
|
|move|p2a: Alakazam|Thunder Wave|p1a: welfare
|-status|p1a: welfare|par
|move|p1a: welfare|Amnesia|p1a: welfare
|-boost|p1a: welfare|spd|2
|-boost|p1a: welfare|spa|2
|
|turn|42
|
|move|p2a: Alakazam|Psychic|p1a: welfare
|-damage|p1a: welfare|437\/523 par
|-unboost|p1a: welfare|spd|1
|-unboost|p1a: welfare|spa|1
|move|p1a: welfare|Body Slam|p2a: Alakazam
|-damage|p2a: Alakazam|181\/313 par
|
|turn|43
|
|move|p2a: Alakazam|Recover|p2a: Alakazam
|-heal|p2a: Alakazam|313\/313 par
|move|p1a: welfare|Body Slam|p2a: Alakazam
|-damage|p2a: Alakazam|222\/313 par
|
|turn|44
|
|move|p2a: Alakazam|Psychic|p1a: welfare
|-damage|p1a: welfare|384\/523 par
|move|p1a: welfare|Amnesia|p1a: welfare
|-boost|p1a: welfare|spd|2
|-boost|p1a: welfare|spa|2
|
|turn|45
|
|move|p2a: Alakazam|Psychic|p1a: welfare
|-damage|p1a: welfare|339\/523 par
|move|p1a: welfare|Body Slam|p2a: Alakazam
|-damage|p2a: Alakazam|143\/313 par
|
|turn|46
|
|move|p2a: Alakazam|Recover|p2a: Alakazam
|-heal|p2a: Alakazam|299\/313 par
|cant|p1a: welfare|par
|
|turn|47
|J|Pleasure
|
|cant|p2a: Alakazam|par
|move|p1a: welfare|Rest|p1a: welfare
|-status|p1a: welfare|slp
|-heal|p1a: welfare|523\/523 slp|[silent]
|-status|p1a: welfare|slp|[from] move: Rest
|
|turn|48
|J|Freak Otaku
|
|switch|p2a: Chansey|Chansey|550\/703
|cant|p1a: welfare|slp
|
|turn|49
|L|Jellicent
|
|move|p2a: Chansey|Reflect|p2a: Chansey
|-start|p2a: Chansey|Reflect
|-curestatus|p1a: welfare|slp
|
|turn|50
|L|Freak Otaku
|J|Freak Otaku
|L|Freak Otaku
|
|switch|p1a: Chansey|Chansey|577\/703 par
|move|p2a: Chansey|Thunder Wave|p1a: Chansey
|-fail|p1a: Chansey|par
|
|turn|51
|
|switch|p1a: this tour is|Tauros|353\/353
|move|p2a: Chansey|Seismic Toss|p1a: this tour is
|-damage|p1a: this tour is|253\/353
|
|turn|52
|
|switch|p1a: Chansey|Chansey|577\/703 par
|move|p2a: Chansey|Thunder Wave|p1a: Chansey
|-fail|p1a: Chansey|par
|
|turn|53
|L|Pleasure
|
|switch|p1a: this tour is|Tauros|253\/353
|move|p2a: Chansey|Seismic Toss|p1a: this tour is
|-damage|p1a: this tour is|153\/353
|
|turn|54
|
|switch|p1a: Chansey|Chansey|577\/703 par
|move|p2a: Chansey|Seismic Toss|p1a: Chansey
|-damage|p1a: Chansey|477\/703 par
|
|turn|55
|
|move|p2a: Chansey|Seismic Toss|p1a: Chansey
|-damage|p1a: Chansey|377\/703 par
|cant|p1a: Chansey|par
|
|turn|56
|
|switch|p2a: Snorlax|Snorlax|354\/523 par
|move|p1a: Chansey|Thunder Wave|p2a: Snorlax
|-fail|p2a: Snorlax|par
|
|turn|57
|
|move|p1a: Chansey|Soft-Boiled|p1a: Chansey
|-heal|p1a: Chansey|703\/703 par
|move|p2a: Snorlax|Reflect|p2a: Snorlax
|-start|p2a: Snorlax|Reflect
|
|turn|58
|
|move|p1a: Chansey|Thunderbolt|p2a: Snorlax
|-damage|p2a: Snorlax|256\/523 par
|cant|p2a: Snorlax|par
|
|turn|59
|
|move|p1a: Chansey|Thunderbolt|p2a: Snorlax
|-damage|p2a: Snorlax|149\/523 par
|move|p2a: Snorlax|Body Slam|p1a: Chansey
|-damage|p1a: Chansey|402\/703 par
|
|turn|60
|
|move|p1a: Chansey|Soft-Boiled|p1a: Chansey
|-heal|p1a: Chansey|703\/703 par
|move|p2a: Snorlax|Rest|p2a: Snorlax
|-status|p2a: Snorlax|slp
|-heal|p2a: Snorlax|523\/523 slp|[silent]
|-status|p2a: Snorlax|slp|[from] move: Rest
|
|turn|61
|
|cant|p1a: Chansey|par
|cant|p2a: Snorlax|slp
|
|turn|62
|
|move|p1a: Chansey|Ice Beam|p2a: Snorlax
|-damage|p2a: Snorlax|417\/523 slp
|-curestatus|p2a: Snorlax|slp
|
|turn|63
|
|cant|p1a: Chansey|par
|move|p2a: Snorlax|Body Slam|p1a: Chansey
|-damage|p1a: Chansey|403\/703 par
|
|turn|64
|
|cant|p1a: Chansey|par
|move|p2a: Snorlax|Body Slam|p1a: Chansey
|-damage|p1a: Chansey|113\/703 par
|
|turn|65
|
|move|p1a: Chansey|Soft-Boiled|p1a: Chansey
|-heal|p1a: Chansey|464\/703 par
|move|p2a: Snorlax|Body Slam|p1a: Chansey
|-damage|p1a: Chansey|157\/703 par
|
|turn|66
|L|MoxieInfinite
|J|MoxieInfinite
|J|eleceus
|J|ChillShadow
|
|cant|p1a: Chansey|par
|move|p2a: Snorlax|Body Slam|p1a: Chansey
|-damage|p1a: Chansey|0 fnt
|faint|p1a: Chansey
|
|switch|p1a: this tour is|Tauros|153\/353
|turn|67
|J|Finchinator
|J|Breakspear
|
|move|p1a: this tour is|Blizzard|p2a: Snorlax
|-damage|p2a: Snorlax|321\/523
|move|p2a: Snorlax|Body Slam|p1a: this tour is
|-damage|p1a: this tour is|40\/353
|
|turn|68
|J|Aboos Caboos
|c|★marcoasd|cheap shots
|
|move|p1a: this tour is|Hyper Beam|p2a: Snorlax
|-damage|p2a: Snorlax|207\/523
|move|p2a: Snorlax|Body Slam|p1a: this tour is
|-damage|p1a: this tour is|0 fnt
|faint|p1a: this tour is
|
|switch|p1a: Zapdos|Zapdos|383\/383
|turn|69
|
|move|p1a: Zapdos|Thunder|p2a: Snorlax|[miss]
|-miss|p1a: Zapdos
|move|p2a: Snorlax|Self-Destruct|p1a: Zapdos
|-damage|p1a: Zapdos|30\/383
|faint|p2a: Snorlax
|
|switch|p2a: Tauros|Tauros|353\/353
|turn|70
|c|★Hack|yeah gg
|c|★marcoasd|not yet
|
|move|p2a: Tauros|Body Slam|p1a: Zapdos
|-damage|p1a: Zapdos|0 fnt
|faint|p1a: Zapdos
|-message|Hack forfeited.
|
|win|marcoasd
|c|★marcoasd|gg
|L|Hack
|player|p1
|L|MoxieInfinite
|L|Finchinator
|L|eleceus
|L|MANN3RS
|L|Alexander
|L|TraceofLife
|L|choollio
|J|Real FV13
|L|Real FV13
|L|Lacus Clyne
|L|Disaster Area
|L|Breakspear
|L|Aboos Caboos
|L|haxiom
|L|moony
|L|ChillShadow
|J|Slimmer