|J|boudouche
|J|Dice
|player|p1|boudouche|126
|player|p2|Dice|134
|gametype|singles
|gen|1
|tier|[Gen 1] OU
|seed|
|rule|Sleep Clause Mod: Limit one foe put to sleep
|rule|Freeze Clause Mod: Limit one foe frozen
|rule|Species Clause: Limit one of each Pokémon
|rule|OHKO Clause: OHKO moves are banned
|rule|Evasion Moves Clause: Evasion moves are banned
|rule|HP Percentage Mod: HP is shown in percentages
|
|start
|switch|p1a: Gengar|Gengar, M|100\/100
|switch|p2a: Alakazam|Alakazam|100\/100
|turn|1
|J|Pohjis
|choice||
|
|switch|p1a: Chansey|Chansey|100\/100
|move|p2a: Alakazam|Thunder Wave|p1a: Chansey
|-status|p1a: Chansey|par
|
|turn|2
|choice||
|
|move|p2a: Alakazam|Psychic|p1a: Chansey
|-damage|p1a: Chansey|81\/100 par
|move|p1a: Chansey|Ice Beam|p2a: Alakazam
|-damage|p2a: Alakazam|82\/100
|
|turn|3
|choice||
|
|move|p2a: Alakazam|Psychic|p1a: Chansey
|-damage|p1a: Chansey|65\/100 par
|-unboost|p1a: Chansey|spd|1
|-unboost|p1a: Chansey|spa|1
|move|p1a: Chansey|Ice Beam|p2a: Alakazam
|-damage|p2a: Alakazam|68\/100
|
|turn|4
|choice||
|
|move|p2a: Alakazam|Psychic|p1a: Chansey
|-crit|p1a: Chansey
|-damage|p1a: Chansey|30\/100 par
|move|p1a: Chansey|Soft-Boiled|p1a: Chansey
|-heal|p1a: Chansey|79\/100 par
|
|turn|5
|choice||
|
|move|p2a: Alakazam|Psychic|p1a: Chansey
|-damage|p1a: Chansey|53\/100 par
|move|p1a: Chansey|Soft-Boiled|p1a: Chansey
|-heal|p1a: Chansey|100\/100 par
|
|turn|6
|choice||
|
|move|p2a: Alakazam|Psychic|p1a: Chansey
|-damage|p1a: Chansey|71\/100 par
|cant|p1a: Chansey|par
|
|turn|7
|choice||
|
|move|p2a: Alakazam|Psychic|p1a: Chansey
|-crit|p1a: Chansey
|-damage|p1a: Chansey|36\/100 par
|move|p1a: Chansey|Soft-Boiled|p1a: Chansey
|-heal|p1a: Chansey|86\/100 par
|
|turn|8
|choice||
|
|move|p2a: Alakazam|Psychic|p1a: Chansey
|-crit|p1a: Chansey
|-damage|p1a: Chansey|51\/100 par
|-unboost|p1a: Chansey|spd|1
|-unboost|p1a: Chansey|spa|1
|cant|p1a: Chansey|par
|
|turn|9
|choice||
|
|move|p2a: Alakazam|Psychic|p1a: Chansey
|-damage|p1a: Chansey|14\/100 par
|-unboost|p1a: Chansey|spd|1
|-unboost|p1a: Chansey|spa|1
|move|p1a: Chansey|Soft-Boiled|p1a: Chansey
|-heal|p1a: Chansey|64\/100 par
|
|turn|10
|J|carcy
|choice||
|
|move|p2a: Alakazam|Thunder Wave|p1a: Chansey
|-fail|p1a: Chansey|par
|move|p1a: Chansey|Soft-Boiled|p1a: Chansey
|-heal|p1a: Chansey|100\/100 par
|
|turn|11
|choice||
|
|move|p2a: Alakazam|Thunder Wave|p1a: Chansey
|-fail|p1a: Chansey|par
|move|p1a: Chansey|Thunder Wave|p2a: Alakazam
|-status|p2a: Alakazam|par
|
|turn|12
|choice||
|
|switch|p1a: Snorlax|Snorlax, M|100\/100
|move|p2a: Alakazam|Thunder Wave|p1a: Snorlax
|-status|p1a: Snorlax|par
|
|turn|13
|choice||
|
|switch|p2a: Rhydon|Rhydon|100\/100
|move|p1a: Snorlax|Body Slam|p2a: Rhydon
|-resisted|p2a: Rhydon
|-damage|p2a: Rhydon|89\/100
|
|turn|14
|choice||
|
|move|p2a: Rhydon|Earthquake|p1a: Snorlax
|-crit|p1a: Snorlax
|-damage|p1a: Snorlax|35\/100 par
|move|p1a: Snorlax|Surf|p2a: Rhydon
|-supereffective|p2a: Rhydon
|-damage|p2a: Rhydon|3\/100
|
|turn|15
|choice||
|
|switch|p1a: Exeggutor|Exeggutor, M|100\/100
|move|p2a: Rhydon|Fire Blast|p1a: Exeggutor|[miss]
|-miss|p2a: Rhydon
|
|turn|16
|choice||
|
|switch|p2a: Alakazam|Alakazam|68\/100 par
|move|p1a: Exeggutor|Mega Drain|p2a: Alakazam
|-damage|p2a: Alakazam|54\/100 par
|
|turn|17
|choice||
|
|switch|p1a: Chansey|Chansey|100\/100 par
|cant|p2a: Alakazam|par
|
|turn|18
|choice||
|
|move|p2a: Alakazam|Recover|p2a: Alakazam
|-heal|p2a: Alakazam|100\/100 par
|move|p1a: Chansey|Ice Beam|p2a: Alakazam
|-damage|p2a: Alakazam|81\/100 par
|
|turn|19
|choice||
|
|move|p2a: Alakazam|Seismic Toss|p1a: Chansey
|-damage|p1a: Chansey|86\/100 par
|cant|p1a: Chansey|par
|
|turn|20
|J|FullLifeGames
|choice||
|
|move|p2a: Alakazam|Seismic Toss|p1a: Chansey
|-damage|p1a: Chansey|72\/100 par
|move|p1a: Chansey|Ice Beam|p2a: Alakazam
|-damage|p2a: Alakazam|62\/100 par
|
|turn|21
|J|Kathryn Janeway
|J|chechen
|choice||
|
|cant|p2a: Alakazam|par
|move|p1a: Chansey|Soft-Boiled|p1a: Chansey
|-heal|p1a: Chansey|100\/100 par
|
|turn|22
|J|Chilled Elephant
|choice||
|
|switch|p1a: Snorlax|Snorlax, M|35\/100 par
|move|p2a: Alakazam|Recover|p2a: Alakazam
|-heal|p2a: Alakazam|100\/100 par
|
|turn|23
|choice||
|
|move|p2a: Alakazam|Psychic|p1a: Snorlax
|-damage|p1a: Snorlax|0 fnt
|faint|p1a: Snorlax
|choice||
|
|switch|p1a: Zapdos|Zapdos|100\/100
|turn|24
|choice||
|
|switch|p2a: Golem|Golem|100\/100
|move|p1a: Zapdos|Drill Peck|p2a: Golem
|-resisted|p2a: Golem
|-damage|p2a: Golem|90\/100
|
|turn|25
|J|Gee Mick
|choice||
|
|switch|p1a: Exeggutor|Exeggutor, M|100\/100
|move|p2a: Golem|Body Slam|p1a: Exeggutor
|-damage|p1a: Exeggutor|80\/100
|
|turn|26
|choice||
|
|switch|p1a: Zapdos|Zapdos|100\/100
|switch|p2a: Alakazam|Alakazam|100\/100 par
|
|turn|27
|choice||
|
|switch|p2a: Golem|Golem|90\/100
|move|p1a: Zapdos|Drill Peck|p2a: Golem
|-crit|p2a: Golem
|-resisted|p2a: Golem
|-damage|p2a: Golem|72\/100
|
|turn|28
|choice||
|
|move|p1a: Zapdos|Drill Peck|p2a: Golem
|-resisted|p2a: Golem
|-damage|p2a: Golem|62\/100
|move|p2a: Golem|Rock Slide|p1a: Zapdos
|-crit|p1a: Zapdos
|-supereffective|p1a: Zapdos
|-damage|p1a: Zapdos|2\/100
|
|turn|29
|choice||
|
|move|p1a: Zapdos|Drill Peck|p2a: Golem
|-crit|p2a: Golem
|-resisted|p2a: Golem
|-damage|p2a: Golem|43\/100
|move|p2a: Golem|Body Slam|p1a: Zapdos
|-damage|p1a: Zapdos|0 fnt
|faint|p1a: Zapdos
|choice||
|
|switch|p1a: Tauros|Tauros|100\/100
|turn|30
|choice||
|
|switch|p2a: Starmie|Starmie|100\/100
|move|p1a: Tauros|Blizzard|p2a: Starmie
|-crit|p2a: Starmie
|-resisted|p2a: Starmie
|-damage|p2a: Starmie|77\/100
|
|turn|31
|L|Gee Mick
|choice||
|
|switch|p2a: Rhydon|Rhydon|3\/100
|switch|p1a: Chansey|Chansey|100\/100 par
|
|turn|32
|choice||
|
|move|p2a: Rhydon|Earthquake|p1a: Chansey
|-damage|p1a: Chansey|41\/100 par
|cant|p1a: Chansey|par
|
|turn|33
|choice||
|
|move|p2a: Rhydon|Fire Blast|p1a: Chansey
|-damage|p1a: Chansey|33\/100 par
|cant|p1a: Chansey|par
|
|turn|34
|choice||
|
|switch|p1a: Exeggutor|Exeggutor, M|80\/100
|move|p2a: Rhydon|Earthquake|p1a: Exeggutor
|-resisted|p1a: Exeggutor
|-damage|p1a: Exeggutor|60\/100
|
|turn|35
|choice||
|
|switch|p2a: Alakazam|Alakazam|100\/100 par
|move|p1a: Exeggutor|Psychic|p2a: Alakazam
|-resisted|p2a: Alakazam
|-damage|p2a: Alakazam|85\/100 par
|-unboost|p2a: Alakazam|spd|1
|-unboost|p2a: Alakazam|spa|1
|
|turn|36
|choice||
|
|switch|p2a: Exeggutor|Exeggutor|100\/100
|move|p1a: Exeggutor|Psychic|p2a: Exeggutor
|-resisted|p2a: Exeggutor
|-damage|p2a: Exeggutor|87\/100
|-unboost|p2a: Exeggutor|spd|1
|-unboost|p2a: Exeggutor|spa|1
|
|turn|37
|choice||
|
|switch|p2a: Alakazam|Alakazam|85\/100 par
|move|p1a: Exeggutor|Psychic|p2a: Alakazam
|-resisted|p2a: Alakazam
|-damage|p2a: Alakazam|70\/100 par
|
|turn|38
|choice||
|
|switch|p1a: Tauros|Tauros|100\/100
|move|p2a: Alakazam|Thunder Wave|p1a: Tauros
|-status|p1a: Tauros|par
|
|turn|39
|choice||
|
|switch|p2a: Starmie|Starmie|77\/100
|cant|p1a: Tauros|par
|
|turn|40
|choice||
|
|move|p2a: Starmie|Blizzard|p1a: Tauros
|-damage|p1a: Tauros|66\/100 par
|move|p1a: Tauros|Body Slam|p2a: Starmie
|-damage|p2a: Starmie|43\/100
|-status|p2a: Starmie|par
|
|turn|41
|L|chechen
|choice||
|
|move|p2a: Starmie|Recover|p2a: Starmie
|-heal|p2a: Starmie|92\/100 par
|move|p1a: Tauros|Body Slam|p2a: Starmie
|-crit|p2a: Starmie
|-damage|p2a: Starmie|30\/100 par
|
|turn|42
|choice||
|
|cant|p2a: Starmie|par
|cant|p1a: Tauros|par
|
|turn|43
|choice||
|
|move|p2a: Starmie|Recover|p2a: Starmie
|-heal|p2a: Starmie|80\/100 par
|move|p1a: Tauros|Body Slam|p2a: Starmie
|-damage|p2a: Starmie|44\/100 par
|
|turn|44
|choice||
|
|cant|p2a: Starmie|par
|move|p1a: Tauros|Body Slam|p2a: Starmie
|-damage|p2a: Starmie|10\/100 par
|
|turn|45
|choice||
|
|move|p2a: Starmie|Blizzard|p1a: Tauros
|-damage|p1a: Tauros|35\/100 par
|move|p1a: Tauros|Body Slam|p2a: Starmie
|-crit|p2a: Starmie
|-damage|p2a: Starmie|0 fnt
|faint|p2a: Starmie
|choice||
|
|switch|p2a: Rhydon|Rhydon|3\/100
|turn|46
|choice||
|
|switch|p1a: Exeggutor|Exeggutor, M|60\/100
|move|p2a: Rhydon|Earthquake|p1a: Exeggutor
|-resisted|p1a: Exeggutor
|-damage|p1a: Exeggutor|39\/100
|
|turn|47
|choice||
|
|switch|p2a: Alakazam|Alakazam|70\/100 par
|move|p1a: Exeggutor|Psychic|p2a: Alakazam
|-resisted|p2a: Alakazam
|-damage|p2a: Alakazam|55\/100 par
|
|turn|48
|choice||
|
|move|p1a: Exeggutor|Explosion|p2a: Alakazam
|-damage|p2a: Alakazam|0 fnt
|faint|p2a: Alakazam
|faint|p1a: Exeggutor
|choice||
|
|switch|p1a: Gengar|Gengar, M|100\/100
|switch|p2a: Golem|Golem|43\/100
|turn|49
|choice||
|
|move|p1a: Gengar|Mega Drain|p2a: Golem
|-supereffective|p2a: Golem
|-damage|p2a: Golem|0 fnt
|faint|p2a: Golem
|choice||
|
|switch|p2a: Exeggutor|Exeggutor|87\/100
|turn|50
|choice||
|
|move|p1a: Gengar|Hypnosis|p2a: Exeggutor
|-status|p2a: Exeggutor|slp
|cant|p2a: Exeggutor|slp
|
|turn|51
|choice||
|
|switch|p2a: Rhydon|Rhydon|3\/100
|move|p1a: Gengar|Seismic Toss|p2a: Rhydon
|-damage|p2a: Rhydon|0 fnt
|faint|p2a: Rhydon
|choice||
|
|switch|p2a: Tauros|Tauros|100\/100
|turn|52
|choice||
|
|move|p1a: Gengar|Seismic Toss|p2a: Tauros
|-damage|p2a: Tauros|72\/100
|move|p2a: Tauros|Earthquake|p1a: Gengar
|-supereffective|p1a: Gengar
|-damage|p1a: Gengar|30\/100
|
|turn|53
|choice||
|
|switch|p2a: Exeggutor|Exeggutor|87\/100 slp
|move|p1a: Gengar|Explosion|p2a: Exeggutor
|-damage|p2a: Exeggutor|27\/100 slp
|faint|p1a: Gengar
|choice||
|
|switch|p1a: Chansey|Chansey|33\/100 par
|turn|54
|choice||
|
|switch|p2a: Tauros|Tauros|72\/100
|cant|p1a: Chansey|par
|
|turn|55
|choice||
|
|move|p2a: Tauros|Body Slam|p1a: Chansey
|-damage|p1a: Chansey|0 fnt
|faint|p1a: Chansey
|choice||
|
|switch|p1a: Tauros|Tauros|35\/100 par
|turn|56
|c|★boudouche|gg
|choice||
|
|move|p2a: Tauros|Body Slam|p1a: Tauros
|-damage|p1a: Tauros|7\/100 par
|move|p1a: Tauros|Body Slam|p2a: Tauros
|-crit|p2a: Tauros
|-damage|p2a: Tauros|17\/100
|
|turn|57
|c|★boudouche|o shouldve beam'd
|choice||
|
|move|p2a: Tauros|Body Slam|p1a: Tauros
|-crit|p1a: Tauros
|-damage|p1a: Tauros|0 fnt
|faint|p1a: Tauros
|
|win|Dice