|J|tesung
|J|Dice
|player|p1|tesung|170
|player|p2|Dice|168
|gametype|singles
|gen|1
|tier|[Gen 1] OU
|seed|11483,18159,57609,15201
|rule|Sleep Clause Mod: Limit one foe put to sleep
|rule|Freeze Clause Mod: Limit one foe frozen
|rule|Species Clause: Limit one of each Pokémon
|rule|OHKO Clause: OHKO moves are banned
|rule|Evasion Moves Clause: Evasion moves are banned
|rule|HP Percentage Mod: HP is shown in percentages
|
|start
|switch|p1a: Gengar|Gengar|323\/323
|switch|p2a: Gengar|Gengar|323\/323
|turn|1
|J|Soulgazer
|J|Fortune
|J|Raiza
|J|Frochtejoghurt
|J|scald
|c|★tesung|gll
|J|TDK
|J|Pohjis
|J|Not A Gym Ldr
|J|Kingmidas
|J|qho
|J|kratosmana
|J|choollio
|J|jeran
|L|Not A Gym Ldr
|c|★Dice|i'll need it
|J|SparksBlade
|L|qho
|J|GET THIS MONEY
|c|★Dice|u gonna go ham on me
|c|★Dice|crit every turn
|L|kratosmana
|c|★Dice|win this hypno tie
|J|tdw law
|J|moony
|choice|move 1|move 1
|
|move|p2a: Gengar|Hypnosis|p1a: Gengar|[miss]
|-miss|p2a: Gengar
|move|p1a: Gengar|Hypnosis|p2a: Gengar|[miss]
|-miss|p1a: Gengar
|
|turn|2
|J|Imanalt
|c|★Dice|o boy
|L|Soulgazer
|c|★tesung|lolol
|choice|move 1|move 1
|
|move|p2a: Gengar|Hypnosis|p1a: Gengar
|-status|p1a: Gengar|slp
|cant|p1a: Gengar|slp
|
|turn|3
|c|★Dice|NICE
|c|★tesung|lucked
|choice|move 1|move 4
|
|move|p2a: Gengar|Night Shade|p1a: Gengar
|-damage|p1a: Gengar|223\/323 slp
|cant|p1a: Gengar|slp
|
|turn|4
|c|★Dice|r u rly staying in
|c|★Dice|max rby sleep is 7 turns
|choice|switch 3|move 2
|
|switch|p1a: Chansey|Chansey|703\/703
|move|p2a: Gengar|Thunderbolt|p1a: Chansey
|-damage|p1a: Chansey|611\/703
|
|turn|5
|choice|move 2|switch 4
|
|switch|p2a: Chansey|Chansey|703\/703
|move|p1a: Chansey|Sing|p2a: Chansey
|-status|p2a: Chansey|slp
|
|turn|6
|c|★tesung|raped
|L|moony
|choice|move 4|move 3
|
|move|p1a: Chansey|Ice Beam|p2a: Chansey
|-damage|p2a: Chansey|632\/703 slp
|cant|p2a: Chansey|slp
|
|turn|7
|choice|move 4|switch 4
|
|switch|p2a: Gengar|Gengar|323\/323
|move|p1a: Chansey|Ice Beam|p2a: Gengar
|-crit|p2a: Gengar
|-damage|p2a: Gengar|189\/323
|
|turn|8
|choice|move 4|move 3
|
|move|p2a: Gengar|Explosion|p1a: Chansey
|-damage|p1a: Chansey|95\/703
|faint|p2a: Gengar
|choice||switch 2
|
|switch|p2a: Dragonite|Dragonite|385\/385
|turn|9
|c|★Dice|vamos
|choice|switch 4|move 2
|
|switch|p1a: Starmie|Starmie|323\/323
|move|p2a: Dragonite|Wrap|p1a: Starmie
|-damage|p1a: Starmie|305\/323
|-activate|p1a: Starmie|move: Wrap|[of] p2a: Dragonite
|
|turn|10
|c|★tesung|this gay
|choice|move 3|switch 4
|
|switch|p2a: Chansey|Chansey|632\/703 slp
|cant|p1a: Starmie|partiallytrapped
|
|-end|p1a: Starmie|Wrap|[partiallytrapped]
|turn|11
|choice|switch 5|switch 6
|
|switch|p1a: Tauros|Tauros|353\/353
|switch|p2a: Snorlax|Snorlax|523\/523
|
|turn|12
|choice|switch 5|move 2
|
|switch|p1a: Starmie|Starmie|305\/323
|move|p2a: Snorlax|Body Slam|p1a: Starmie
|-crit|p1a: Starmie
|-damage|p1a: Starmie|79\/323
|
|turn|13
|choice|move 4|move 2
|
|move|p1a: Starmie|Recover|p1a: Starmie
|-heal|p1a: Starmie|240\/323
|move|p2a: Snorlax|Body Slam|p1a: Starmie
|-damage|p1a: Starmie|114\/323
|
|turn|14
|L|GET THIS MONEY
|choice|move 4|move 2
|
|move|p1a: Starmie|Recover|p1a: Starmie
|-heal|p1a: Starmie|275\/323
|move|p2a: Snorlax|Body Slam|p1a: Starmie
|-damage|p1a: Starmie|161\/323
|
|turn|15
|choice|move 3|move 2
|
|move|p1a: Starmie|Thunder Wave|p2a: Snorlax
|-status|p2a: Snorlax|par
|move|p2a: Snorlax|Body Slam|p1a: Starmie
|-damage|p1a: Starmie|44\/323
|-status|p1a: Starmie|par
|
|turn|16
|choice|move 4|move 1
|
|move|p1a: Starmie|Recover|p1a: Starmie
|-heal|p1a: Starmie|205\/323 par
|move|p2a: Snorlax|Hyper Beam|p1a: Starmie|[miss]
|-miss|p2a: Snorlax
|
|turn|17
|choice|move 1|move 2
|
|cant|p1a: Starmie|par
|move|p2a: Snorlax|Body Slam|p1a: Starmie
|-damage|p1a: Starmie|91\/323 par
|
|turn|18
|choice|move 4|move 2
|
|move|p1a: Starmie|Recover|p1a: Starmie
|-heal|p1a: Starmie|252\/323 par
|move|p2a: Snorlax|Body Slam|p1a: Starmie
|-damage|p1a: Starmie|139\/323 par
|
|turn|19
|choice|move 4|move 2
|
|cant|p1a: Starmie|par
|move|p2a: Snorlax|Body Slam|p1a: Starmie
|-damage|p1a: Starmie|29\/323 par
|
|turn|20
|choice|move 4|move 1
|
|cant|p1a: Starmie|par
|move|p2a: Snorlax|Hyper Beam|p1a: Starmie
|-damage|p1a: Starmie|0 fnt
|faint|p1a: Starmie
|c|★tesung|lucked
|choice|switch 6|
|
|switch|p1a: Zapdos|Zapdos|383\/383
|turn|21
|choice|move 1|switch 5
|
|switch|p2a: Rhydon|Rhydon|413\/413
|move|p1a: Zapdos|Thunderbolt|p2a: Rhydon
|-immune|p2a: Rhydon|[msg]
|
|turn|22
|choice|switch 3|move 3
|
|switch|p1a: Gengar|Gengar|223\/323 slp
|move|p2a: Rhydon|Earthquake|p1a: Gengar
|-supereffective|p1a: Gengar
|-damage|p1a: Gengar|0 fnt
|faint|p1a: Gengar
|choice|switch 4|
|
|switch|p1a: Chansey|Chansey|95\/703
|turn|23
|choice|move 1|move 3
|
|move|p1a: Chansey|Soft-Boiled|p1a: Chansey
|-heal|p1a: Chansey|446\/703
|move|p2a: Rhydon|Earthquake|p1a: Chansey
|-damage|p1a: Chansey|90\/703
|
|turn|24
|choice|move 4|move 3
|
|move|p1a: Chansey|Ice Beam|p2a: Rhydon
|-supereffective|p2a: Rhydon
|-damage|p2a: Rhydon|173\/413
|move|p2a: Rhydon|Earthquake|p1a: Chansey
|-crit|p1a: Chansey
|-damage|p1a: Chansey|0 fnt
|faint|p1a: Chansey
|choice|switch 5|
|
|switch|p1a: Tauros|Tauros|353\/353
|turn|25
|choice|move 2|switch 3
|
|switch|p2a: Slowbro|Slowbro|393\/393
|move|p1a: Tauros|Blizzard|p2a: Slowbro
|-crit|p2a: Slowbro
|-resisted|p2a: Slowbro
|-damage|p2a: Slowbro|314\/393
|
|turn|26
|choice|switch 2|move 2
|
|switch|p1a: Jolteon|Jolteon|333\/333
|move|p2a: Slowbro|Thunder Wave|p1a: Jolteon
|-status|p1a: Jolteon|par
|
|turn|27
|L|Fortune
|choice|move 2|switch 3
|
|switch|p2a: Rhydon|Rhydon|173\/413
|move|p1a: Jolteon|Double Kick|p2a: Rhydon
|-supereffective|p2a: Rhydon
|-damage|p2a: Rhydon|136\/413
|-damage|p2a: Rhydon|99\/413
|-hitcount|p2a: Rhydon|2
|
|turn|28
|choice|switch 3|move 4
|
|switch|p1a: Zapdos|Zapdos|383\/383
|move|p2a: Rhydon|Rock Slide|p1a: Zapdos|[miss]
|-miss|p2a: Rhydon
|
|turn|29
|c|★Dice|where u at
|c|★tesung|here boo
|choice|switch 2|move 4
|
|switch|p1a: Tauros|Tauros|353\/353
|move|p2a: Rhydon|Rock Slide|p1a: Tauros
|-damage|p1a: Tauros|243\/353
|
|turn|30
|choice|move 3|switch 6
|
|switch|p2a: Chansey|Chansey|632\/703 slp
|move|p1a: Tauros|Earthquake|p2a: Chansey
|-damage|p2a: Chansey|421\/703 slp
|
|turn|31
|choice|move 1|move 4
|
|move|p1a: Tauros|Body Slam|p2a: Chansey
|-damage|p2a: Chansey|140\/703 slp
|-curestatus|p2a: Chansey|slp
|
|turn|32
|choice|move 1|switch 4
|
|switch|p2a: Dragonite|Dragonite|385\/385
|move|p1a: Tauros|Body Slam|p2a: Dragonite
|-damage|p2a: Dragonite|284\/385
|-status|p2a: Dragonite|par
|
|turn|33
|choice|move 2|move 1
|
|move|p1a: Tauros|Blizzard|p2a: Dragonite
|-supereffective|p2a: Dragonite
|-damage|p2a: Dragonite|0 fnt
|faint|p2a: Dragonite
|choice||switch 3
|
|switch|p2a: Slowbro|Slowbro|314\/393
|turn|34
|choice|switch 3|move 2
|
|switch|p1a: Jolteon|Jolteon|333\/333 par
|move|p2a: Slowbro|Thunder Wave|p1a: Jolteon
|-fail|p1a: Jolteon|par
|
|turn|35
|choice|switch 3|switch 6
|
|switch|p2a: Rhydon|Rhydon|99\/413
|switch|p1a: Tauros|Tauros|243\/353
|
|turn|36
|L|Raiza
|choice|move 3|move 3
|
|move|p1a: Tauros|Earthquake|p2a: Rhydon
|-supereffective|p2a: Rhydon
|-damage|p2a: Rhydon|0 fnt
|faint|p2a: Rhydon
|choice||switch 6
|
|switch|p2a: Slowbro|Slowbro|314\/393
|turn|37
|choice|switch 3|move 1
|
|switch|p1a: Jolteon|Jolteon|333\/333 par
|move|p2a: Slowbro|Psychic|p1a: Jolteon
|-damage|p1a: Jolteon|246\/333 par
|-unboost|p1a: Jolteon|spd|1
|-unboost|p1a: Jolteon|spa|1
|
|turn|38
|choice|move 3|move 1
|
|move|p2a: Slowbro|Psychic|p1a: Jolteon
|-damage|p1a: Jolteon|106\/333 par
|move|p1a: Jolteon|Thunder Wave|p2a: Slowbro
|-status|p2a: Slowbro|par
|
|turn|39
|choice|move 1|move 1
|
|move|p2a: Slowbro|Psychic|p1a: Jolteon
|-damage|p1a: Jolteon|0 fnt
|faint|p1a: Jolteon
|choice|switch 2|
|
|switch|p1a: Zapdos|Zapdos|383\/383
|turn|40
|choice|move 1|switch 4
|
|switch|p2a: Chansey|Chansey|140\/703
|move|p1a: Zapdos|Thunderbolt|p2a: Chansey
|-damage|p2a: Chansey|8\/703
|-status|p2a: Chansey|par
|
|turn|41
|choice|move 1|move 4
|
|move|p1a: Zapdos|Thunderbolt|p2a: Chansey
|-crit|p2a: Chansey
|-damage|p2a: Chansey|0 fnt
|faint|p2a: Chansey
|choice||switch 5
|
|switch|p2a: Snorlax|Snorlax|523\/523 par
|turn|42
|choice|move 1|move 2
|
|move|p1a: Zapdos|Thunderbolt|p2a: Snorlax
|-damage|p2a: Snorlax|367\/523 par
|cant|p2a: Snorlax|par
|
|turn|43
|choice|move 1|move 4
|
|move|p1a: Zapdos|Thunderbolt|p2a: Snorlax
|-crit|p2a: Snorlax
|-damage|p2a: Snorlax|32\/523 par
|move|p2a: Snorlax|Self-Destruct|p1a: Zapdos
|-damage|p1a: Zapdos|37\/383
|faint|p2a: Snorlax
|choice||switch 4
|
|switch|p2a: Slowbro|Slowbro|314\/393 par
|turn|44
|c|★tesung|bop
|choice|move 1|move 1
|
|move|p1a: Zapdos|Thunderbolt|p2a: Slowbro
|-supereffective|p2a: Slowbro
|-damage|p2a: Slowbro|25\/393 par
|move|p2a: Slowbro|Psychic|p1a: Zapdos
|-damage|p1a: Zapdos|0 fnt
|faint|p1a: Zapdos
|c|★tesung|gg
|c|★Dice|gay
|choice|switch 3|
|
|switch|p1a: Tauros|Tauros|243\/353
|turn|45
|choice|move 4|move 2
|
|move|p1a: Tauros|Hyper Beam|p2a: Slowbro|[miss]
|-miss|p1a: Tauros
|move|p2a: Slowbro|Thunder Wave|p1a: Tauros
|-status|p1a: Tauros|par
|
|turn|46
|c|★tesung|LOl
|choice|move 1|move 4
|
|move|p1a: Tauros|Body Slam|p2a: Slowbro
|-damage|p2a: Slowbro|0 fnt
|faint|p2a: Slowbro
|
|win|tesung
|c|★Dice|gg
|L|Dice
|player|p2
|L|TDK