|J|Earthworm
|J|Dice
|player|p1|Earthworm|265
|player|p2|Dice|134
|gametype|singles
|gen|1
|tier|[Gen 1] OU
|seed|
|rule|Sleep Clause Mod: Limit one foe put to sleep
|rule|Freeze Clause Mod: Limit one foe frozen
|rule|Species Clause: Limit one of each Pokémon
|rule|OHKO Clause: OHKO moves are banned
|rule|Evasion Moves Clause: Evasion moves are banned
|rule|HP Percentage Mod: HP is shown in percentages
|
|start
|switch|p1a: Hypno|Hypno|100\/100
|switch|p2a: Alakazam|Alakazam|100\/100
|turn|1
|choice||
|
|move|p2a: Alakazam|Thunder Wave|p1a: Hypno
|-status|p1a: Hypno|par
|cant|p1a: Hypno|par
|
|turn|2
|choice||
|
|move|p2a: Alakazam|Seismic Toss|p1a: Hypno
|-damage|p1a: Hypno|74\/100 par
|cant|p1a: Hypno|par
|
|turn|3
|choice||
|
|move|p2a: Alakazam|Seismic Toss|p1a: Hypno
|-damage|p1a: Hypno|47\/100 par
|cant|p1a: Hypno|par
|
|turn|4
|choice||
|
|switch|p2a: Tauros|Tauros|100\/100
|move|p1a: Hypno|Rest|p1a: Hypno
|-status|p1a: Hypno|slp
|-heal|p1a: Hypno|100\/100 slp|[silent]
|-status|p1a: Hypno|slp|[from] move: Rest
|
|turn|5
|J|scheisse
|J|tamahome
|choice||
|
|switch|p1a: Starmie|Starmie|100\/100
|move|p2a: Tauros|Body Slam|p1a: Starmie
|-damage|p1a: Starmie|67\/100
|
|turn|6
|J|Mizuhime
|choice||
|
|switch|p1a: Exeggutor|Exeggutor|100\/100
|move|p2a: Tauros|Body Slam|p1a: Exeggutor
|-crit|p1a: Exeggutor
|-damage|p1a: Exeggutor|48\/100
|-status|p1a: Exeggutor|par
|
|turn|7
|c|%Mizuhime|you chickened out of our bo5.
|c|%Mizuhime|<- winner
|J|daftmau5
|c|+tamahome|mizuhime
|c|+tamahome|fite me
|c|%Mizuhime|what tier.
|choice||
|
|switch|p2a: Alakazam|Alakazam|100\/100
|move|p1a: Exeggutor|Explosion|p2a: Alakazam
|-damage|p2a: Alakazam|0 fnt
|faint|p2a: Alakazam
|faint|p1a: Exeggutor
|c|+tamahome|any real tier
|c|%Mizuhime|pick 
|c|%Mizuhime|and die
|choice||
|
|switch|p2a: Exeggutor|Exeggutor|100\/100
|switch|p1a: Chansey|Chansey|100\/100
|turn|8
|choice||
|
|switch|p1a: Hypno|Hypno|100\/100 slp
|move|p2a: Exeggutor|Sleep Powder|p1a: Hypno
|-fail|p1a: Hypno|slp
|
|turn|9
|choice||
|
|cant|p1a: Hypno|slp
|move|p2a: Exeggutor|Psychic|p1a: Hypno
|-resisted|p1a: Hypno
|-damage|p1a: Hypno|84\/100 slp
|
|turn|10
|choice||
|
|-curestatus|p1a: Hypno|slp
|move|p2a: Exeggutor|Sleep Powder|p1a: Hypno
|-status|p1a: Hypno|slp
|
|turn|11
|choice||
|
|cant|p1a: Hypno|slp
|move|p2a: Exeggutor|Psychic|p1a: Hypno
|-resisted|p1a: Hypno
|-damage|p1a: Hypno|68\/100 slp
|
|turn|12
|choice||
|
|switch|p1a: Starmie|Starmie|67\/100
|switch|p2a: Tauros|Tauros|100\/100
|
|turn|13
|J|Jayde
|choice||
|
|switch|p2a: Chansey|Chansey|100\/100
|move|p1a: Starmie|Thunder Wave|p2a: Chansey
|-status|p2a: Chansey|par
|
|turn|14
|choice||
|
|switch|p1a: Snorlax|Snorlax|100\/100
|move|p2a: Chansey|Thunder Wave|p1a: Snorlax
|-status|p1a: Snorlax|par
|
|turn|15
|choice||
|
|switch|p2a: Exeggutor|Exeggutor|100\/100
|move|p1a: Snorlax|Body Slam|p2a: Exeggutor
|-damage|p2a: Exeggutor|71\/100
|
|turn|16
|choice||
|
|switch|p1a: Starmie|Starmie|67\/100
|move|p2a: Exeggutor|Psychic|p1a: Starmie
|-resisted|p1a: Starmie
|-damage|p1a: Starmie|49\/100
|
|turn|17
|choice||
|
|move|p1a: Starmie|Blizzard|p2a: Exeggutor|[miss]
|-miss|p1a: Starmie
|move|p2a: Exeggutor|Stun Spore|p1a: Starmie
|-status|p1a: Starmie|par
|
|turn|18
|choice||
|
|switch|p2a: Snorlax|Snorlax|100\/100
|cant|p1a: Starmie|par
|
|turn|19
|choice||
|
|move|p2a: Snorlax|Amnesia|p2a: Snorlax
|-boost|p2a: Snorlax|spd|2
|-boost|p2a: Snorlax|spa|2
|cant|p1a: Starmie|par
|
|turn|20
|choice||
|
|switch|p1a: Chansey|Chansey|100\/100
|move|p2a: Snorlax|Body Slam|p1a: Chansey
|-damage|p1a: Chansey|60\/100
|
|turn|21
|choice||
|
|move|p1a: Chansey|Sing|p2a: Snorlax
|-status|p2a: Snorlax|slp
|cant|p2a: Snorlax|slp
|
|turn|22
|choice||
|
|switch|p1a: Tauros|Tauros|100\/100
|cant|p2a: Snorlax|slp
|
|turn|23
|choice||
|
|move|p1a: Tauros|Body Slam|p2a: Snorlax
|-damage|p2a: Snorlax|74\/100 slp
|cant|p2a: Snorlax|slp
|
|turn|24
|choice||
|
|move|p1a: Tauros|Body Slam|p2a: Snorlax
|-damage|p2a: Snorlax|50\/100 slp
|cant|p2a: Snorlax|slp
|
|turn|25
|choice||
|
|move|p1a: Tauros|Body Slam|p2a: Snorlax
|-crit|p2a: Snorlax
|-damage|p2a: Snorlax|3\/100 slp
|cant|p2a: Snorlax|slp
|
|turn|26
|choice||
|
|move|p1a: Tauros|Body Slam|p2a: Snorlax
|-damage|p2a: Snorlax|0 fnt
|faint|p2a: Snorlax
|choice||
|
|switch|p2a: Exeggutor|Exeggutor|71\/100
|turn|27
|choice||
|
|switch|p1a: Starmie|Starmie|49\/100 par
|move|p2a: Exeggutor|Psychic|p1a: Starmie
|-crit|p1a: Starmie
|-resisted|p1a: Starmie
|-damage|p1a: Starmie|9\/100 par
|-unboost|p1a: Starmie|spd|1
|-unboost|p1a: Starmie|spa|1
|
|turn|28
|L|Jayde
|choice||
|
|switch|p1a: Chansey|Chansey|60\/100
|move|p2a: Exeggutor|Psychic|p1a: Chansey
|-damage|p1a: Chansey|42\/100
|
|turn|29
|choice||
|
|switch|p1a: Starmie|Starmie|9\/100 par
|move|p2a: Exeggutor|Explosion|p1a: Starmie
|-damage|p1a: Starmie|0 fnt
|faint|p1a: Starmie
|faint|p2a: Exeggutor
|choice||
|
|switch|p1a: Tauros|Tauros|100\/100
|switch|p2a: Lapras|Lapras|100\/100
|turn|30
|choice||
|
|switch|p1a: Hypno|Hypno|68\/100 slp
|move|p2a: Lapras|Blizzard|p1a: Hypno
|-damage|p1a: Hypno|33\/100 slp
|
|turn|31
|choice||
|
|-curestatus|p1a: Hypno|slp
|move|p2a: Lapras|Blizzard|p1a: Hypno
|-damage|p1a: Hypno|0 fnt
|faint|p1a: Hypno
|choice||
|
|switch|p1a: Chansey|Chansey|42\/100
|turn|32
|choice||
|
|move|p2a: Lapras|Sing|p1a: Chansey
|-status|p1a: Chansey|slp
|cant|p1a: Chansey|slp
|
|turn|33
|choice||
|
|move|p2a: Lapras|Blizzard|p1a: Chansey
|-crit|p1a: Chansey
|-damage|p1a: Chansey|8\/100 slp
|cant|p1a: Chansey|slp
|
|turn|34
|choice||
|
|move|p2a: Lapras|Thunderbolt|p1a: Chansey
|-damage|p1a: Chansey|0 fnt
|faint|p1a: Chansey
|choice||
|
|switch|p1a: Snorlax|Snorlax|100\/100 par
|turn|35
|choice||
|
|move|p2a: Lapras|Blizzard|p1a: Snorlax
|-damage|p1a: Snorlax|64\/100 par
|move|p1a: Snorlax|Body Slam|p2a: Lapras
|-crit|p2a: Lapras
|-damage|p2a: Lapras|50\/100
|-status|p2a: Lapras|par
|
|turn|36
|c|★Dice|dont do it.
|choice||
|
|cant|p2a: Lapras|par
|move|p1a: Snorlax|Self-Destruct|p2a: Lapras
|-damage|p2a: Lapras|0 fnt
|faint|p2a: Lapras
|faint|p1a: Snorlax
|c|★Dice|ok
|c|★Dice|chansey
|c|★Dice|be a good egg
|choice||
|
|switch|p1a: Tauros|Tauros|100\/100
|switch|p2a: Chansey|Chansey|100\/100 par
|turn|37
|choice||
|
|move|p1a: Tauros|Body Slam|p2a: Chansey
|-crit|p2a: Chansey
|-damage|p2a: Chansey|23\/100 par
|cant|p2a: Chansey|par
|
|turn|38
|c|★Dice|-.-
|choice||
|
|move|p1a: Tauros|Body Slam|p2a: Chansey
|-crit|p2a: Chansey
|-damage|p2a: Chansey|0 fnt
|faint|p2a: Chansey
|choice||
|
|switch|p2a: Tauros|Tauros|100\/100
|turn|39
|c|★Dice|gdi
|c|★Dice|ur gonna
|c|★Dice|fire blast burn me
|choice||
|
|move|p1a: Tauros|Body Slam|p2a: Tauros
|-damage|p2a: Tauros|72\/100
|move|p2a: Tauros|Body Slam|p1a: Tauros
|-crit|p1a: Tauros
|-damage|p1a: Tauros|44\/100
|
|turn|40
|c|★Dice|nice
|c|★Earthworm|i took it off
|c|★Dice|dont have it.
|c|★Dice|:P
|choice||
|
|move|p1a: Tauros|Hyper Beam|p2a: Tauros
|-crit|p2a: Tauros
|-damage|p2a: Tauros|0 fnt
|faint|p2a: Tauros
|
|win|Earthworm