|J|Alexander
|J|SunnyORAS
|player|p1|Alexander|101
|player|p2|SunnyORAS|163
|gametype|singles
|gen|1
|tier|[Gen 1] OU
|seed|44632,4221,29613,1759
|rule|Sleep Clause Mod: Limit one foe put to sleep
|rule|Freeze Clause Mod: Limit one foe frozen
|rule|Species Clause: Limit one of each Pokémon
|rule|OHKO Clause: OHKO moves are banned
|rule|Evasion Moves Clause: Evasion moves are banned
|rule|HP Percentage Mod: HP is shown in percentages
|
|start
|switch|p1a: Jynx|Jynx|333\/333
|switch|p2a: Starmie|Starmie|323\/323
|turn|1
|choice|move 1|move 3
|
|move|p2a: Starmie|Thunder Wave|p1a: Jynx
|-status|p1a: Jynx|par
|cant|p1a: Jynx|par
|
|turn|2
|J|KratosMana
|choice|move 1|move 2
|
|move|p2a: Starmie|Psychic|p1a: Jynx
|-crit|p1a: Jynx
|-resisted|p1a: Jynx
|-damage|p1a: Jynx|235\/333 par
|move|p1a: Jynx|Lovely Kiss|p2a: Starmie
|-status|p2a: Starmie|slp
|
|turn|3
|choice|move 2|switch 2
|
|switch|p2a: Snorlax|Snorlax|523\/523
|cant|p1a: Jynx|par
|
|turn|4
|choice|switch 3|move 1
|
|switch|p1a: Chansey|Chansey|703\/703
|move|p2a: Snorlax|Body Slam|p1a: Chansey
|-damage|p1a: Chansey|407\/703
|
|turn|5
|choice|move 4|move 2
|
|move|p1a: Chansey|Soft-Boiled|p1a: Chansey
|-heal|p1a: Chansey|703\/703
|move|p2a: Snorlax|Hyper Beam|p1a: Chansey
|-damage|p1a: Chansey|157\/703
|
|turn|6
|-mustrecharge|p2a: Snorlax
|-mustrecharge|p2a: Snorlax
|choice|move 4|move 1
|
|move|p1a: Chansey|Soft-Boiled|p1a: Chansey
|-heal|p1a: Chansey|508\/703
|cant|p2a: Snorlax|recharge
|
|turn|7
|choice|move 2|move 1
|
|move|p1a: Chansey|Reflect|p1a: Chansey
|-start|p1a: Chansey|Reflect
|move|p2a: Snorlax|Body Slam|p1a: Chansey
|-damage|p1a: Chansey|361\/703
|
|turn|8
|choice|move 1|switch 4
|
|switch|p2a: Exeggutor|Exeggutor|393\/393
|move|p1a: Chansey|Thunder Wave|p2a: Exeggutor
|-status|p2a: Exeggutor|par
|
|turn|9
|choice|move 4|move 4
|
|move|p1a: Chansey|Soft-Boiled|p1a: Chansey
|-heal|p1a: Chansey|703\/703
|move|p2a: Exeggutor|Hyper Beam|p1a: Chansey
|-damage|p1a: Chansey|551\/703
|
|turn|10
|-mustrecharge|p2a: Exeggutor
|c|★SunnyORAS|aw
|-mustrecharge|p2a: Exeggutor
|choice|move 3|move 1
|
|move|p1a: Chansey|Seismic Toss|p2a: Exeggutor
|-damage|p2a: Exeggutor|293\/393 par
|cant|p2a: Exeggutor|recharge
|
|turn|11
|choice|switch 3|move 2
|
|switch|p1a: Jynx|Jynx|235\/333 par
|cant|p2a: Exeggutor|par
|
|turn|12
|choice|move 2|switch 2
|
|switch|p2a: Starmie|Starmie|323\/323 slp
|cant|p1a: Jynx|par
|
|turn|13
|choice|switch 5|switch 4
|
|switch|p2a: Snorlax|Snorlax|523\/523
|switch|p1a: Tauros|Tauros|353\/353
|
|turn|14
|choice|switch 3|move 1
|
|switch|p1a: Chansey|Chansey|551\/703
|move|p2a: Snorlax|Body Slam|p1a: Chansey
|-damage|p1a: Chansey|269\/703
|
|turn|15
|choice|move 4|move 1
|
|move|p1a: Chansey|Soft-Boiled|p1a: Chansey
|-heal|p1a: Chansey|620\/703
|move|p2a: Snorlax|Body Slam|p1a: Chansey
|-damage|p1a: Chansey|307\/703
|
|turn|16
|choice|move 4|move 1
|
|move|p1a: Chansey|Soft-Boiled|p1a: Chansey
|-heal|p1a: Chansey|658\/703
|move|p2a: Snorlax|Body Slam|p1a: Chansey
|-damage|p1a: Chansey|383\/703
|
|turn|17
|choice|move 2|move 1
|
|move|p1a: Chansey|Reflect|p1a: Chansey
|-start|p1a: Chansey|Reflect
|move|p2a: Snorlax|Body Slam|p1a: Chansey
|-damage|p1a: Chansey|228\/703
|
|turn|18
|choice|move 4|switch 2
|
|switch|p2a: Exeggutor|Exeggutor|293\/393 par
|move|p1a: Chansey|Soft-Boiled|p1a: Chansey
|-heal|p1a: Chansey|579\/703
|
|turn|19
|choice|switch 5|move 2
|
|switch|p1a: Jynx|Jynx|235\/333 par
|move|p2a: Exeggutor|Sleep Powder|p1a: Jynx|[miss]
|-miss|p2a: Exeggutor
|
|turn|20
|choice|move 2|switch 4
|
|switch|p2a: Starmie|Starmie|323\/323 slp
|cant|p1a: Jynx|par
|
|turn|21
|choice|move 2|switch 2
|
|switch|p2a: Snorlax|Snorlax|523\/523
|move|p1a: Jynx|Blizzard|p2a: Snorlax
|-crit|p2a: Snorlax
|-damage|p2a: Snorlax|168\/523
|
|turn|22
|choice|switch 5|move 2
|
|switch|p1a: Chansey|Chansey|579\/703
|move|p2a: Snorlax|Hyper Beam|p1a: Chansey
|-damage|p1a: Chansey|85\/703
|
|turn|23
|-mustrecharge|p2a: Snorlax
|-mustrecharge|p2a: Snorlax
|choice|move 2|move 1
|
|move|p1a: Chansey|Reflect|p1a: Chansey
|-start|p1a: Chansey|Reflect
|cant|p2a: Snorlax|recharge
|
|turn|24
|choice|move 4|move 4
|
|move|p1a: Chansey|Soft-Boiled|p1a: Chansey
|-heal|p1a: Chansey|436\/703
|move|p2a: Snorlax|Self-Destruct|p1a: Chansey
|-damage|p1a: Chansey|0 fnt
|faint|p1a: Chansey
|faint|p2a: Snorlax
|choice|switch 2|switch 3
|
|switch|p2a: Tauros|Tauros|353\/353
|switch|p1a: Exeggutor|Exeggutor|393\/393
|turn|25
|choice|move 3|switch 4
|
|switch|p2a: Exeggutor|Exeggutor|293\/393 par
|move|p1a: Exeggutor|Psychic|p2a: Exeggutor
|-resisted|p2a: Exeggutor
|-damage|p2a: Exeggutor|242\/393 par
|-unboost|p2a: Exeggutor|spd|1
|-unboost|p2a: Exeggutor|spa|1
|
|turn|26
|choice|switch 5|move 4
|
|switch|p1a: Jynx|Jynx|235\/333 par
|move|p2a: Exeggutor|Hyper Beam|p1a: Jynx
|-damage|p1a: Jynx|20\/333 par
|
|turn|27
|-mustrecharge|p2a: Exeggutor
|-mustrecharge|p2a: Exeggutor
|choice|move 2|move 1
|
|move|p1a: Jynx|Blizzard|p2a: Exeggutor
|-supereffective|p2a: Exeggutor
|-damage|p2a: Exeggutor|0 fnt
|faint|p2a: Exeggutor
|choice||switch 4
|
|switch|p2a: Tauros|Tauros|353\/353
|turn|28
|choice|switch 6|move 2
|
|switch|p1a: Snorlax|Snorlax|523\/523
|move|p2a: Tauros|Body Slam|p1a: Snorlax
|-damage|p1a: Snorlax|402\/523
|
|turn|29
|choice|move 1|move 2
|
|move|p2a: Tauros|Body Slam|p1a: Snorlax
|-damage|p1a: Snorlax|274\/523
|move|p1a: Snorlax|Body Slam|p2a: Tauros
|-damage|p2a: Tauros|241\/353
|
|turn|30
|choice|move 1|move 2
|
|move|p2a: Tauros|Body Slam|p1a: Snorlax
|-damage|p1a: Snorlax|149\/523
|move|p1a: Snorlax|Body Slam|p2a: Tauros
|-damage|p2a: Tauros|122\/353
|
|turn|31
|choice|switch 6|move 3
|
|switch|p1a: Jynx|Jynx|20\/333 par
|move|p2a: Tauros|Hyper Beam|p1a: Jynx
|-damage|p1a: Jynx|0 fnt
|faint|p1a: Jynx
|choice|switch 4|
|
|switch|p1a: Lapras|Lapras|463\/463
|turn|32
|choice|move 1|switch 5
|
|switch|p2a: Chansey|Chansey|703\/703
|move|p1a: Lapras|Blizzard|p2a: Chansey
|-damage|p2a: Chansey|562\/703
|
|turn|33
|choice|switch 5|move 2
|
|switch|p1a: Exeggutor|Exeggutor|393\/393
|move|p2a: Chansey|Thunder Wave|p1a: Exeggutor
|-status|p1a: Exeggutor|par
|
|turn|34
|choice|move 2|switch 2
|
|switch|p2a: Starmie|Starmie|323\/323 slp
|cant|p1a: Exeggutor|par
|
|turn|35
|choice|move 3|switch 2
|
|switch|p2a: Chansey|Chansey|562\/703
|move|p1a: Exeggutor|Psychic|p2a: Chansey
|-damage|p2a: Chansey|444\/703
|-unboost|p2a: Chansey|spd|1
|-unboost|p2a: Chansey|spa|1
|
|turn|36
|choice|move 2|move 3
|
|move|p2a: Chansey|Soft-Boiled|p2a: Chansey
|-heal|p2a: Chansey|703\/703
|move|p1a: Exeggutor|Stun Spore|p2a: Chansey
|-status|p2a: Chansey|par
|
|turn|37
|choice|move 3|move 1
|
|move|p1a: Exeggutor|Psychic|p2a: Chansey
|-damage|p2a: Chansey|512\/703 par
|move|p2a: Chansey|Ice Beam|p1a: Exeggutor
|-supereffective|p1a: Exeggutor
|-damage|p1a: Exeggutor|303\/393 par
|
|turn|38
|choice|switch 6|switch 2
|
|switch|p1a: Snorlax|Snorlax|149\/523
|switch|p2a: Starmie|Starmie|323\/323 slp
|
|turn|39
|choice|move 1|move 1
|
|cant|p2a: Starmie|slp
|move|p1a: Snorlax|Body Slam|p2a: Starmie
|-damage|p2a: Starmie|205\/323 slp
|
|turn|40
|choice|move 1|move 1
|
|-curestatus|p2a: Starmie|slp
|move|p1a: Snorlax|Body Slam|p2a: Starmie
|-damage|p2a: Starmie|88\/323
|
|turn|41
|choice|move 4|move 4
|
|move|p2a: Starmie|Recover|p2a: Starmie
|-heal|p2a: Starmie|249\/323
|move|p1a: Snorlax|Self-Destruct|p2a: Starmie
|-damage|p2a: Starmie|0 fnt
|faint|p2a: Starmie
|faint|p1a: Snorlax
|choice|switch 5|switch 2
|
|switch|p1a: Lapras|Lapras|463\/463
|switch|p2a: Chansey|Chansey|512\/703 par
|turn|42
|choice|switch 6|move 2
|
|switch|p1a: Exeggutor|Exeggutor|303\/393 par
|move|p2a: Chansey|Thunder Wave|p1a: Exeggutor
|-fail|p1a: Exeggutor|par
|
|turn|43
|choice|move 4|switch 6
|
|switch|p2a: Alakazam|Alakazam|313\/313
|move|p1a: Exeggutor|Explosion|p2a: Alakazam
|-damage|p2a: Alakazam|0 fnt
|faint|p2a: Alakazam
|faint|p1a: Exeggutor
|choice|switch 3|switch 6
|
|switch|p1a: Tauros|Tauros|353\/353
|switch|p2a: Chansey|Chansey|512\/703 par
|turn|44
|choice|move 2|move 2
|
|move|p1a: Tauros|Earthquake|p2a: Chansey
|-damage|p2a: Chansey|304\/703 par
|move|p2a: Chansey|Thunder Wave|p1a: Tauros
|-status|p1a: Tauros|par
|
|turn|45
|choice|move 3|move 3
|
|move|p1a: Tauros|Hyper Beam|p2a: Chansey
|-damage|p2a: Chansey|0 fnt
|faint|p2a: Chansey
|choice||switch 5
|
|switch|p2a: Tauros|Tauros|122\/353
|turn|46
|choice|move 3|move 2
|
|move|p2a: Tauros|Body Slam|p1a: Tauros
|-damage|p1a: Tauros|244\/353 par
|move|p1a: Tauros|Hyper Beam|p2a: Tauros|[miss]
|-miss|p1a: Tauros
|
|turn|47
|choice|move 3|move 2
|
|move|p2a: Tauros|Body Slam|p1a: Tauros
|-damage|p1a: Tauros|148\/353 par
|move|p1a: Tauros|Hyper Beam|p2a: Tauros
|-crit|p2a: Tauros
|-damage|p2a: Tauros|0 fnt
|faint|p2a: Tauros
|
|win|Alexander