|inactive|Battle timer is ON: inactive players will automatically lose when time's up.
|J|fapkingg
|J|fleggumfl
|player|p1|fapkingg|25
|player|p2|fleggumfl|217
|gametype|singles
|gen|1
|tier|[Gen 1] OU
|rule|Sleep Clause Mod: Limit one foe put to sleep
|rule|Freeze Clause Mod: Limit one foe frozen
|rule|Species Clause: Limit one of each Pokémon
|rule|OHKO Clause: OHKO moves are banned
|rule|Evasion Moves Clause: Evasion moves are banned
|rule|HP Percentage Mod: HP is shown in percentages
|
|start
|switch|p1a: Jynx|Jynx|333\/333
|switch|p2a: Jynx|Jynx|333\/333
|turn|1
|J|m00ns
|c|★fleggumfl|FOR FUCK SAKE
|c|★fleggumfl|WHY DO I KEEP MISSING MOVES
|J|Beds
|
|move|p1a: Jynx|Lovely Kiss|p2a: Jynx
|-status|p2a: Jynx|slp
|cant|p2a: Jynx|slp
|
|turn|2
|c|+m00ns|looooooooooooool
|c|★fapkingg|ez
|c|+Beds|shekels more like getting wrecked
|
|switch|p2a: Hypno|Hypno|373\/373
|move|p1a: Jynx|Psychic|p2a: Hypno
|-resisted|p2a: Hypno
|-damage|p2a: Hypno|323\/373
|-unboost|p2a: Hypno|spd|1
|-unboost|p2a: Hypno|spa|1
|
|turn|3
|
|move|p1a: Jynx|Blizzard|p2a: Hypno
|-damage|p2a: Hypno|139\/373
|move|p2a: Hypno|Hypnosis|p1a: Jynx
|-status|p1a: Jynx|slp
|
|turn|4
|
|switch|p2a: Slowbro|Slowbro|393\/393
|-curestatus|p1a: Jynx|slp
|
|turn|5
|
|switch|p1a: Zapdos|Zapdos|383\/383
|move|p2a: Slowbro|Thunder Wave|p1a: Zapdos
|-status|p1a: Zapdos|par
|
|turn|6
|
|switch|p2a: Hypno|Hypno|139\/373
|move|p1a: Zapdos|Thunderbolt|p2a: Hypno
|-damage|p2a: Hypno|26\/373
|
|turn|7
|
|move|p2a: Hypno|Psychic|p1a: Zapdos
|-damage|p1a: Zapdos|290\/383 par
|-unboost|p1a: Zapdos|spd|1
|-unboost|p1a: Zapdos|spa|1
|move|p1a: Zapdos|Drill Peck|p2a: Hypno
|-crit|p2a: Hypno
|-damage|p2a: Hypno|0 fnt
|faint|p2a: Hypno
|
|switch|p2a: Alakazam|Alakazam|313\/313
|turn|8
|c|+Beds|dude psychic lmao
|
|move|p2a: Alakazam|Psychic|p1a: Zapdos
|-crit|p1a: Zapdos
|-damage|p1a: Zapdos|83\/383 par
|cant|p1a: Zapdos|par
|
|turn|9
|
|switch|p1a: Jynx|Jynx|333\/333
|move|p2a: Alakazam|Psychic|p1a: Jynx
|-resisted|p1a: Jynx
|-damage|p1a: Jynx|267\/333
|-unboost|p1a: Jynx|spd|1
|-unboost|p1a: Jynx|spa|1
|
|turn|10
|
|switch|p1a: Exeggutor|Exeggutor|393\/393
|move|p2a: Alakazam|Thunder Wave|p1a: Exeggutor
|-status|p1a: Exeggutor|par
|
|turn|11
|
|switch|p2a: Exeggutor|Exeggutor|393\/393
|move|p1a: Exeggutor|Psychic|p2a: Exeggutor
|-resisted|p2a: Exeggutor
|-damage|p2a: Exeggutor|343\/393
|-unboost|p2a: Exeggutor|spd|1
|-unboost|p2a: Exeggutor|spa|1
|
|turn|12
|
|switch|p1a: Jynx|Jynx|267\/333
|move|p2a: Exeggutor|Explosion|p1a: Jynx
|-damage|p1a: Jynx|0 fnt
|faint|p1a: Jynx
|faint|p2a: Exeggutor
|
|switch|p2a: Starmie|Starmie|323\/323
|switch|p1a: Exeggutor|Exeggutor|393\/393 par
|turn|13
|c|★fapkingg|why do u have no tauros
|c|★fapkingg|D:
|c|★fleggumfl|too good 
|
|switch|p1a: Zapdos|Zapdos|83\/383 par
|move|p2a: Starmie|Ice Beam|p1a: Zapdos
|-supereffective|p1a: Zapdos
|-damage|p1a: Zapdos|0 fnt
|faint|p1a: Zapdos
|c|+m00ns|fleggumfl is that
|c|+m00ns|mono psychic
|c|+Beds|!dt ice meme
No Pokémon, item, move, ability or nature named 'ice meme' was found. Showing the data of 'Ice Gem' instead.
|c|~|\/data-item Ice Gem
|raw|<font size="1"><font color=#585858>Gen:<\/font> 5&nbsp;|&ThickSpace;<font color=#585858>Fling:<\/font> This item cannot be used with Fling.<\/font>
|c|+m00ns|on purpose
|c|+m00ns|or by accident 
|c|★fapkingg|oh wait
|c|★fapkingg|OF COURSE
|c|★fapkingg|MONO PSYCHIC
|c|★fleggumfl|you just
|c|★fapkingg|!!
|c|★fleggumfl|realised
|c|★fleggumfl|gj!!!!
|c|★fapkingg|lol!
|
|switch|p1a: Exeggutor|Exeggutor|393\/393 par
|turn|14
|
|move|p2a: Starmie|Ice Beam|p1a: Exeggutor
|-supereffective|p1a: Exeggutor
|-damage|p1a: Exeggutor|257\/393 par
|cant|p1a: Exeggutor|par
|
|turn|15
|
|move|p2a: Starmie|Ice Beam|p1a: Exeggutor
|-supereffective|p1a: Exeggutor
|-damage|p1a: Exeggutor|139\/393 par
|move|p1a: Exeggutor|Explosion|p2a: Starmie
|-damage|p2a: Starmie|19\/323
|faint|p1a: Exeggutor
|c|★fleggumfl|another one
|c|★fapkingg|no sorry
|
|switch|p1a: Snorlax|Snorlax|523\/523
|turn|16
|
|switch|p2a: Jynx|Jynx|333\/333 slp
|move|p1a: Snorlax|Body Slam|p2a: Jynx
|-damage|p2a: Jynx|144\/333 slp
|
|turn|17
|
|cant|p2a: Jynx|slp
|move|p1a: Snorlax|Body Slam|p2a: Jynx
|-damage|p2a: Jynx|0 fnt
|faint|p2a: Jynx
|
|switch|p2a: Slowbro|Slowbro|393\/393
|turn|18
|
|move|p2a: Slowbro|Amnesia|p2a: Slowbro
|-boost|p2a: Slowbro|spd|2
|-boost|p2a: Slowbro|spa|2
|move|p1a: Snorlax|Body Slam|p2a: Slowbro
|-damage|p2a: Slowbro|286\/393
|
|turn|19
|c|★fleggumfl|you wouldnt boom would you
|c|★fleggumfl|youve not got the balls to
|c|★fapkingg|:(
|
|switch|p2a: Starmie|Starmie|19\/323
|move|p1a: Snorlax|Self-Destruct|p2a: Starmie
|-damage|p2a: Starmie|0 fnt
|faint|p2a: Starmie
|faint|p1a: Snorlax
|
|switch|p2a: Alakazam|Alakazam|313\/313
|switch|p1a: Tauros|Tauros|353\/353
|turn|20
|
|move|p2a: Alakazam|Thunder Wave|p1a: Tauros
|-status|p1a: Tauros|par
|move|p1a: Tauros|Body Slam|p2a: Alakazam
|-damage|p2a: Alakazam|154\/313
|
|turn|21
|
|move|p2a: Alakazam|Recover|p2a: Alakazam
|-heal|p2a: Alakazam|310\/313
|move|p1a: Tauros|Body Slam|p2a: Alakazam
|-crit|p2a: Alakazam
|-damage|p2a: Alakazam|11\/313
|
|turn|22
|
|move|p2a: Alakazam|Psychic|p1a: Tauros
|-damage|p1a: Tauros|198\/353 par
|-unboost|p1a: Tauros|spd|1
|-unboost|p1a: Tauros|spa|1
|cant|p1a: Tauros|par
|
|turn|23
|J|Omastar
|c|★fapkingg|shh
|c|★fleggumfl|memed on
|c|★fapkingg|what a hacker
|
|switch|p1a: Golem|Golem|363\/363
|move|p2a: Alakazam|Psychic|p1a: Golem
|-damage|p1a: Golem|175\/363
|-unboost|p1a: Golem|spd|1
|-unboost|p1a: Golem|spa|1
|
|turn|24
|c|★fleggumfl|oh
|c|★fleggumfl|wheres the chansey
|c|★fleggumfl|!_!
|c|★fapkingg|idk
|c|★fapkingg|miss imo
|
|move|p2a: Alakazam|Psychic|p1a: Golem
|-damage|p1a: Golem|0 fnt
|faint|p1a: Golem
|c|★fapkingg|pussy.
|
|switch|p1a: Tauros|Tauros|198\/353 par
|turn|25
|
|move|p2a: Alakazam|Psychic|p1a: Tauros
|-damage|p1a: Tauros|31\/353 par
|cant|p1a: Tauros|par
|
|turn|26
|c|★fleggumfl|zam god
|
|move|p2a: Alakazam|Psychic|p1a: Tauros
|-damage|p1a: Tauros|0 fnt
|faint|p1a: Tauros
|
|win|fleggumfl