|inactive|Battle timer is ON: inactive players will automatically lose when time's up.
|J|Hack
|J|Dice
|player|p1|Hack|10
|player|p2|Dice|168
|gametype|singles
|gen|1
|tier|[Gen 1] OU
|seed|33994,30945,39734,38517
|rule|Sleep Clause Mod: Limit one foe put to sleep
|rule|Freeze Clause Mod: Limit one foe frozen
|rule|Species Clause: Limit one of each Pokémon
|rule|OHKO Clause: OHKO moves are banned
|rule|Evasion Moves Clause: Evasion moves are banned
|rule|HP Percentage Mod: HP is shown in percentages
|
|start
|switch|p1a: Starmie|Starmie|323\/323
|switch|p2a: Alakazam|Alakazam|313\/313
|turn|1
|c|★Hack|Oo
|J|Nayrz
|J|Can
|choice|switch 3|move 2
|
|switch|p1a: Exeggutor|Exeggutor|393\/393
|move|p2a: Alakazam|Thunder Wave|p1a: Exeggutor
|-status|p1a: Exeggutor|par
|
|turn|2
|J|shaneghoul
|J|metaphorical acid
|choice|move 1|move 4
|
|move|p2a: Alakazam|Seismic Toss|p1a: Exeggutor
|-damage|p1a: Exeggutor|293\/393 par
|move|p1a: Exeggutor|Sleep Powder|p2a: Alakazam
|-status|p2a: Alakazam|slp
|
|turn|3
|choice|switch 5|move 1
|
|switch|p1a: Tauros|Tauros|353\/353
|cant|p2a: Alakazam|slp
|
|turn|4
|choice|move 1|switch 3
|
|switch|p2a: Slowbro|Slowbro|393\/393
|move|p1a: Tauros|Body Slam|p2a: Slowbro
|-crit|p2a: Slowbro
|-damage|p2a: Slowbro|207\/393
|-status|p2a: Slowbro|par
|
|turn|5
|choice|switch 3|move 3
|
|switch|p1a: Starmie|Starmie|323\/323
|move|p2a: Slowbro|Rest|p2a: Slowbro
|-status|p2a: Slowbro|slp
|-heal|p2a: Slowbro|393\/393 slp|[silent]
|-status|p2a: Slowbro|slp|[from] move: Rest
|
|turn|6
|J|KratosMana
|choice|move 3|switch 5
|
|switch|p2a: Chansey|Chansey|703\/703
|move|p1a: Starmie|Blizzard|p2a: Chansey
|-damage|p2a: Chansey|614\/703
|-status|p2a: Chansey|frz
|
|turn|7
|c|★Hack|ah nice
|L|Can
|choice|switch 4|switch 2
|
|switch|p1a: Snorlax|Snorlax|523\/523
|switch|p2a: Snorlax|Snorlax|523\/523
|
|turn|8
|choice|switch 2|move 1
|
|switch|p1a: Chansey|Chansey|703\/703
|move|p2a: Snorlax|Body Slam|p1a: Chansey
|-crit|p1a: Chansey
|-damage|p1a: Chansey|100\/703
|
|turn|9
|choice|move 1|move 4
|
|move|p1a: Chansey|Thunder Wave|p2a: Snorlax
|-status|p2a: Snorlax|par
|move|p2a: Snorlax|Hyper Beam|p1a: Chansey|[miss]
|-miss|p2a: Snorlax
|
|turn|10
|choice|switch 6|move 1
|
|switch|p1a: Golem|Golem|363\/363
|cant|p2a: Snorlax|par
|
|turn|11
|choice|move 1|switch 6
|
|switch|p2a: Exeggutor|Exeggutor|393\/393
|move|p1a: Golem|Earthquake|p2a: Exeggutor
|-resisted|p2a: Exeggutor
|-damage|p2a: Exeggutor|325\/393
|
|turn|12
|choice|switch 5|move 4
|
|switch|p1a: Exeggutor|Exeggutor|293\/393 par
|move|p2a: Exeggutor|Mega Drain|p1a: Exeggutor
|-resisted|p1a: Exeggutor
|-damage|p1a: Exeggutor|270\/393 par
|-heal|p2a: Exeggutor|336\/393|[from] drain|[of] p1a: Exeggutor
|
|turn|13
|choice|switch 6|move 1
|
|switch|p1a: Chansey|Chansey|100\/703
|move|p2a: Exeggutor|Psychic|p1a: Chansey
|-damage|p1a: Chansey|0 fnt
|faint|p1a: Chansey
|c|★Hack|hmm
|c|★Hack|why did i do that
|choice|switch 6|
|
|switch|p1a: Exeggutor|Exeggutor|270\/393 par
|turn|14
|choice|move 2|move 1
|
|move|p2a: Exeggutor|Psychic|p1a: Exeggutor
|-resisted|p1a: Exeggutor
|-damage|p1a: Exeggutor|214\/393 par
|move|p1a: Exeggutor|Stun Spore|p2a: Exeggutor|[miss]
|-miss|p1a: Exeggutor
|
|turn|15
|choice|move 2|switch 2
|
|switch|p2a: Chansey|Chansey|614\/703 frz
|cant|p1a: Exeggutor|par
|
|turn|16
|J|reeeeeeeeeweeeee
|choice|move 2|switch 2
|
|switch|p2a: Exeggutor|Exeggutor|336\/393
|move|p1a: Exeggutor|Stun Spore|p2a: Exeggutor|[miss]
|-miss|p1a: Exeggutor
|
|turn|17
|choice|move 2|move 1
|
|move|p2a: Exeggutor|Psychic|p1a: Exeggutor
|-resisted|p1a: Exeggutor
|-damage|p1a: Exeggutor|158\/393 par
|-unboost|p1a: Exeggutor|spd|1
|-unboost|p1a: Exeggutor|spa|1
|cant|p1a: Exeggutor|par
|
|turn|18
|choice|move 2|move 1
|
|move|p2a: Exeggutor|Psychic|p1a: Exeggutor
|-resisted|p1a: Exeggutor
|-damage|p1a: Exeggutor|73\/393 par
|move|p1a: Exeggutor|Stun Spore|p2a: Exeggutor
|-status|p2a: Exeggutor|par
|
|turn|19
|J|BKC
|choice|move 4|move 1
|
|move|p2a: Exeggutor|Psychic|p1a: Exeggutor
|-resisted|p1a: Exeggutor
|-damage|p1a: Exeggutor|0 fnt
|faint|p1a: Exeggutor
|choice|switch 4|
|
|switch|p1a: Starmie|Starmie|323\/323
|turn|20
|choice|move 3|move 3
|
|move|p1a: Starmie|Blizzard|p2a: Exeggutor
|-crit|p2a: Exeggutor
|-supereffective|p2a: Exeggutor
|-damage|p2a: Exeggutor|10\/393 par
|cant|p2a: Exeggutor|par
|
|turn|21
|choice|move 2|move 3
|
|move|p1a: Starmie|Psychic|p2a: Exeggutor
|-resisted|p2a: Exeggutor
|-damage|p2a: Exeggutor|0 fnt
|faint|p2a: Exeggutor
|choice||switch 6
|
|switch|p2a: Snorlax|Snorlax|523\/523 par
|turn|22
|choice|move 2|move 1
|
|move|p1a: Starmie|Psychic|p2a: Snorlax
|-damage|p2a: Snorlax|389\/523 par
|move|p2a: Snorlax|Body Slam|p1a: Starmie
|-damage|p1a: Starmie|204\/323
|
|turn|23
|choice|move 2|move 1
|
|move|p1a: Starmie|Psychic|p2a: Snorlax
|-damage|p2a: Snorlax|249\/523 par
|-unboost|p2a: Snorlax|spd|1
|-unboost|p2a: Snorlax|spa|1
|cant|p2a: Snorlax|par
|
|turn|24
|choice|move 2|switch 4
|
|switch|p2a: Tauros|Tauros|353\/353
|move|p1a: Starmie|Psychic|p2a: Tauros
|-damage|p2a: Tauros|216\/353
|
|turn|25
|choice|move 1|move 1
|
|move|p1a: Starmie|Thunder Wave|p2a: Tauros
|-status|p2a: Tauros|par
|move|p2a: Tauros|Body Slam|p1a: Starmie
|-damage|p1a: Starmie|91\/323
|
|turn|26
|c|★Dice|gg
|-message|Dice forfeited.
|
|win|Hack