|J|Beds
|J|Isa RC
|player|p1|Beds|252
|player|p2|Isa RC|35
|gametype|singles
|gen|1
|tier|[Gen 1] OU
|seed|16840,6452,7793,381
|rule|Sleep Clause Mod: Limit one foe put to sleep
|rule|Freeze Clause Mod: Limit one foe frozen
|rule|Species Clause: Limit one of each Pokémon
|rule|OHKO Clause: OHKO moves are banned
|rule|Evasion Moves Clause: Evasion moves are banned
|rule|HP Percentage Mod: HP is shown in percentages
|
|start
|switch|p1a: Gengar|Gengar|323\/323
|switch|p2a: Starmie|Starmie|323\/323
|turn|1
|c|★Isa RC|atta boy
|J|shaian
|J|Henry
|c|★Beds|goodassleadmatchupfam123
|choice|move 1|switch 5
|
|switch|p2a: Exeggutor|Exeggutor|393\/393
|move|p1a: Gengar|Hypnosis|p2a: Exeggutor
|-status|p2a: Exeggutor|slp
|
|turn|2
|c|★Isa RC|ur mean
|J|Alexander
|choice|move 2|move 3
|
|move|p1a: Gengar|Thunderbolt|p2a: Exeggutor
|-resisted|p2a: Exeggutor
|-damage|p2a: Exeggutor|353\/393 slp
|cant|p2a: Exeggutor|slp
|
|turn|3
|choice|move 3|switch 3
|
|switch|p2a: Chansey|Chansey|703\/703
|move|p1a: Gengar|Night Shade|p2a: Chansey
|-damage|p2a: Chansey|603\/703
|
|turn|4
|J|Time Stall
|choice|move 3|move 2
|
|move|p1a: Gengar|Night Shade|p2a: Chansey
|-damage|p2a: Chansey|503\/703
|move|p2a: Chansey|Thunder Wave|p1a: Gengar
|-status|p1a: Gengar|par
|
|turn|5
|c|+Time Stall|genga
|c|+Time Stall|r
|c|+Time Stall|looks scary
|c|★Isa RC|its spooky
|c|+Time Stall|O_O
|choice|move 3|switch 6
|
|switch|p2a: Snorlax|Snorlax|523\/523
|move|p1a: Gengar|Night Shade|p2a: Snorlax
|-damage|p2a: Snorlax|423\/523
|
|turn|6
|L|shaian
|J|Lohgock
|choice|move 4|move 3
|
|move|p2a: Snorlax|Earthquake|p1a: Gengar
|-supereffective|p1a: Gengar
|-damage|p1a: Gengar|107\/323 par
|cant|p1a: Gengar|par
|
|turn|7
|c|★Isa RC|quality
|c|★Beds|frick
|choice|switch 2|move 3
|
|switch|p1a: Exeggutor|Exeggutor|393\/393
|move|p2a: Snorlax|Earthquake|p1a: Exeggutor
|-resisted|p1a: Exeggutor
|-damage|p1a: Exeggutor|350\/393
|
|turn|8
|choice|move 4|switch 5
|
|switch|p2a: Starmie|Starmie|323\/323
|move|p1a: Exeggutor|Stun Spore|p2a: Starmie|[miss]
|-miss|p1a: Exeggutor
|
|turn|9
|c|★Isa RC|all this quality
|choice|switch 3|move 3
|
|switch|p1a: Chansey|Chansey|703\/703
|move|p2a: Starmie|Thunder Wave|p1a: Chansey
|-status|p1a: Chansey|par
|
|turn|10
|choice|move 1|switch 5
|
|switch|p2a: Snorlax|Snorlax|423\/523
|cant|p1a: Chansey|par
|
|turn|11
|c|★Beds|STOP THIS MEME HELL
|c|★Isa RC|welcome to memememe
|choice|switch 3|move 3
|
|switch|p1a: Exeggutor|Exeggutor|350\/393
|move|p2a: Snorlax|Earthquake|p1a: Exeggutor
|-resisted|p1a: Exeggutor
|-damage|p1a: Exeggutor|307\/393
|
|turn|12
|choice|move 4|move 1
|
|move|p1a: Exeggutor|Stun Spore|p2a: Snorlax
|-status|p2a: Snorlax|par
|move|p2a: Snorlax|Body Slam|p1a: Exeggutor
|-damage|p1a: Exeggutor|187\/393
|
|turn|13
|choice|switch 2|switch 5
|
|switch|p1a: Gengar|Gengar|107\/323 par
|switch|p2a: Starmie|Starmie|323\/323
|
|turn|14
|c|★Isa RC|hello
|choice|move 4|move 1
|
|move|p2a: Starmie|Psychic|p1a: Gengar
|-supereffective|p1a: Gengar
|-damage|p1a: Gengar|0 fnt
|faint|p1a: Gengar
|choice|switch 3|
|
|switch|p1a: Chansey|Chansey|703\/703 par
|turn|15
|choice|switch 4|switch 5
|
|switch|p2a: Snorlax|Snorlax|423\/523 par
|switch|p1a: Snorlax|Snorlax|523\/523
|
|turn|16
|choice|move 2|move 4
|
|move|p1a: Snorlax|Earthquake|p2a: Snorlax
|-damage|p2a: Snorlax|316\/523 par
|move|p2a: Snorlax|Reflect|p2a: Snorlax
|-start|p2a: Snorlax|Reflect
|
|turn|17
|choice|move 1|move 3
|
|move|p1a: Snorlax|Body Slam|p2a: Snorlax
|-damage|p2a: Snorlax|249\/523 par
|move|p2a: Snorlax|Earthquake|p1a: Snorlax
|-damage|p1a: Snorlax|411\/523
|
|turn|18
|choice|move 1|move 2
|
|move|p1a: Snorlax|Body Slam|p2a: Snorlax
|-crit|p2a: Snorlax
|-damage|p2a: Snorlax|0 fnt
|faint|p2a: Snorlax
|c|★Isa RC|ouch!
|c|★Beds|HA
|choice||switch 5
|
|switch|p2a: Starmie|Starmie|323\/323
|turn|19
|c|★Beds|you thought you could get me with your devilish tournament director powers
|choice|move 1|move 1
|
|move|p2a: Starmie|Psychic|p1a: Snorlax
|-damage|p1a: Snorlax|262\/523
|-unboost|p1a: Snorlax|spd|1
|-unboost|p1a: Snorlax|spa|1
|move|p1a: Snorlax|Body Slam|p2a: Starmie
|-damage|p2a: Starmie|196\/323
|-status|p2a: Starmie|par
|
|turn|20
|choice|move 1|move 3
|
|move|p1a: Snorlax|Body Slam|p2a: Starmie
|-damage|p2a: Starmie|71\/323 par
|move|p2a: Starmie|Thunder Wave|p1a: Snorlax
|-status|p1a: Snorlax|par
|
|turn|21
|J|Sam I Yam
|L|Sam I Yam
|choice|move 1|move 4
|
|move|p2a: Starmie|Recover|p2a: Starmie
|-heal|p2a: Starmie|232\/323 par
|move|p1a: Snorlax|Body Slam|p2a: Starmie
|-crit|p2a: Starmie
|-damage|p2a: Starmie|0 fnt
|faint|p2a: Starmie
|c|★Isa RC|stahp
|J|Kanbe Kotori
|c|★Beds|need for speed most wanted
|c|★Isa RC|dont you know
|L|Time Stall
|c|★Isa RC|that you have a lower crit rate in rby
|c|★Isa RC|this is rude
|c|+Henry|Beds Is The Better Player Here
|choice||switch 4
|
|switch|p2a: Tauros|Tauros|353\/353
|turn|22
|choice|move 4|move 2
|
|move|p2a: Tauros|Body Slam|p1a: Snorlax
|-damage|p1a: Snorlax|128\/523 par
|move|p1a: Snorlax|Self-Destruct|p2a: Tauros
|-damage|p2a: Tauros|0 fnt
|faint|p2a: Tauros
|faint|p1a: Snorlax
|c|★Isa RC|max roll too wtf 
|c|★Isa RC|Snorlax Selfdestruct vs. Tauros: 307-361 (86.9 - 102.2%) -- 15.4% chance to OHKO
|c|★Isa RC|whats up with your lax man
|choice|switch 4|switch 6
|
|switch|p2a: Chansey|Chansey|503\/703
|switch|p1a: Chansey|Chansey|703\/703 par
|turn|23
|c|★Beds|ThErE iS aN oFfChAnCe ThAt I wOuLd'Ve JuSt CaMe In WiTh My LaStMoN aFtEr ThAt HaPpEnEd
|choice|move 1|move 3
|
|move|p2a: Chansey|Ice Beam|p1a: Chansey
|-damage|p1a: Chansey|632\/703 par
|move|p1a: Chansey|Ice Beam|p2a: Chansey
|-damage|p2a: Chansey|425\/703
|-status|p2a: Chansey|frz
|
|turn|24
|c|★Isa RC|ayy
|choice|move 2|switch 3
|
|switch|p2a: Exeggutor|Exeggutor|353\/393 slp
|cant|p1a: Chansey|par
|
|turn|25
|choice|move 1|move 3
|
|cant|p2a: Exeggutor|slp
|move|p1a: Chansey|Ice Beam|p2a: Exeggutor
|-supereffective|p2a: Exeggutor
|-damage|p2a: Exeggutor|225\/393 slp
|
|turn|26
|choice|move 1|move 3
|
|cant|p2a: Exeggutor|slp
|move|p1a: Chansey|Ice Beam|p2a: Exeggutor
|-supereffective|p2a: Exeggutor
|-damage|p2a: Exeggutor|96\/393 slp
|
|turn|27
|choice|move 1|move 3
|
|cant|p2a: Exeggutor|slp
|move|p1a: Chansey|Ice Beam|p2a: Exeggutor
|-supereffective|p2a: Exeggutor
|-damage|p2a: Exeggutor|0 fnt
|faint|p2a: Exeggutor
|choice||switch 2
|
|switch|p2a: Slowbro|Slowbro|393\/393
|turn|28
|c|★Isa RC|AlAs
|choice|move 2|move 2
|
|move|p2a: Slowbro|Amnesia|p2a: Slowbro
|-boost|p2a: Slowbro|spd|2
|-boost|p2a: Slowbro|spa|2
|move|p1a: Chansey|Thunder Wave|p2a: Slowbro
|-status|p2a: Slowbro|par
|
|turn|29
|choice|switch 6|move 2
|
|switch|p1a: Starmie|Starmie|323\/323
|move|p2a: Slowbro|Amnesia|p2a: Slowbro
|-boost|p2a: Slowbro|spd|2
|-boost|p2a: Slowbro|spa|2
|
|turn|30
|choice|move 3|move 1
|
|move|p1a: Starmie|Thunderbolt|p2a: Slowbro
|-crit|p2a: Slowbro
|-supereffective|p2a: Slowbro
|-damage|p2a: Slowbro|41\/393 par
|cant|p2a: Slowbro|par
|
|turn|31
|c|★Beds|Good Ass Pizza
|choice|move 3|move 3
|
|move|p1a: Starmie|Thunderbolt|p2a: Slowbro
|-crit|p2a: Slowbro
|-supereffective|p2a: Slowbro
|-damage|p2a: Slowbro|0 fnt
|faint|p2a: Slowbro
|c|★Isa RC|hue
|choice||switch 3
|
|switch|p2a: Chansey|Chansey|425\/703 frz
|turn|32
|-message|Isa RC forfeited.
|
|win|Beds
|c|★Isa RC|G-G
|c|★Beds|geeg