|J|Golden Gyarados
|J|Hack
|player|p1|Golden Gyarados|1
|player|p2|Hack|10
|gametype|singles
|gen|1
|tier|[Gen 1] OU
|rule|Sleep Clause Mod: Limit one foe put to sleep
|rule|Freeze Clause Mod: Limit one foe frozen
|rule|Species Clause: Limit one of each Pokémon
|rule|OHKO Clause: OHKO moves are banned
|rule|Evasion Moves Clause: Evasion moves are banned
|rule|HP Percentage Mod: HP is shown in percentages
|
|start
|switch|p1a: Jynx|Jynx|333\/333
|switch|p2a: Starmie|Starmie|323\/323
|turn|1
|
|move|p2a: Starmie|Thunder Wave|p1a: Jynx
|-status|p1a: Jynx|par
|move|p1a: Jynx|Lovely Kiss|p2a: Starmie
|-status|p2a: Starmie|slp
|
|turn|2
|c|★Hack|glhf
|
|cant|p2a: Starmie|slp
|cant|p1a: Jynx|par
|
|turn|3
|
|switch|p1a: Chansey|Chansey|703\/703
|-curestatus|p2a: Starmie|slp
|
|turn|4
|
|move|p2a: Starmie|Blizzard|p1a: Chansey
|-damage|p1a: Chansey|617\/703
|move|p1a: Chansey|Thunderbolt|p2a: Starmie
|-supereffective|p2a: Starmie
|-damage|p2a: Starmie|178\/323
|
|turn|5
|
|switch|p2a: Chansey|Chansey|703\/703
|move|p1a: Chansey|Thunderbolt|p2a: Chansey
|-damage|p2a: Chansey|624\/703
|
|turn|6
|
|move|p1a: Chansey|Ice Beam|p2a: Chansey
|-crit|p2a: Chansey
|-damage|p2a: Chansey|478\/703
|move|p2a: Chansey|Ice Beam|p1a: Chansey
|-damage|p1a: Chansey|548\/703
|
|turn|7
|
|move|p2a: Chansey|Soft-Boiled|p2a: Chansey
|-heal|p2a: Chansey|703\/703
|move|p1a: Chansey|Ice Beam|p2a: Chansey
|-damage|p2a: Chansey|623\/703
|
|turn|8
|
|move|p2a: Chansey|Ice Beam|p1a: Chansey
|-damage|p1a: Chansey|479\/703
|move|p1a: Chansey|Ice Beam|p2a: Chansey
|-damage|p2a: Chansey|543\/703
|
|turn|9
|
|move|p1a: Chansey|Soft-Boiled|p1a: Chansey
|-heal|p1a: Chansey|703\/703
|move|p2a: Chansey|Ice Beam|p1a: Chansey
|-damage|p1a: Chansey|628\/703
|
|turn|10
|
|move|p2a: Chansey|Ice Beam|p1a: Chansey
|-crit|p1a: Chansey
|-damage|p1a: Chansey|488\/703
|move|p1a: Chansey|Ice Beam|p2a: Chansey
|-damage|p2a: Chansey|468\/703
|
|turn|11
|
|move|p2a: Chansey|Soft-Boiled|p2a: Chansey
|-heal|p2a: Chansey|703\/703
|move|p1a: Chansey|Ice Beam|p2a: Chansey
|-damage|p2a: Chansey|622\/703
|
|turn|12
|
|move|p1a: Chansey|Ice Beam|p2a: Chansey
|-damage|p2a: Chansey|545\/703
|-status|p2a: Chansey|frz
|cant|p2a: Chansey|frz
|
|turn|13
|
|switch|p2a: Exeggutor|Exeggutor|393\/393
|move|p1a: Chansey|Soft-Boiled|p1a: Chansey
|-heal|p1a: Chansey|703\/703
|
|turn|14
|
|switch|p1a: Jynx|Jynx|333\/333 par
|move|p2a: Exeggutor|Psychic|p1a: Jynx
|-resisted|p1a: Jynx
|-damage|p1a: Jynx|271\/333 par
|-unboost|p1a: Jynx|spd|1
|-unboost|p1a: Jynx|spa|1
|
|turn|15
|
|switch|p2a: Starmie|Starmie|178\/323
|move|p1a: Jynx|Lovely Kiss|p2a: Starmie
|-status|p2a: Starmie|slp
|
|turn|16
|
|switch|p2a: Snorlax|Snorlax|523\/523
|switch|p1a: Chansey|Chansey|703\/703
|
|turn|17
|
|move|p1a: Chansey|Thunder Wave|p2a: Snorlax
|-status|p2a: Snorlax|par
|move|p2a: Snorlax|Self-Destruct|p1a: Chansey
|-damage|p1a: Chansey|0 fnt
|faint|p1a: Chansey
|faint|p2a: Snorlax
|
|switch|p2a: Tauros|Tauros|353\/353
|switch|p1a: Exeggutor|Exeggutor|393\/393
|turn|18
|
|switch|p2a: Alakazam|Alakazam|313\/313
|move|p1a: Exeggutor|Stun Spore|p2a: Alakazam
|-status|p2a: Alakazam|par
|
|turn|19
|
|move|p1a: Exeggutor|Psychic|p2a: Alakazam
|-resisted|p2a: Alakazam
|-damage|p2a: Alakazam|261\/313 par
|-unboost|p2a: Alakazam|spd|1
|-unboost|p2a: Alakazam|spa|1
|move|p2a: Alakazam|Reflect|p2a: Alakazam
|-start|p2a: Alakazam|Reflect
|
|turn|20
|
|move|p1a: Exeggutor|Psychic|p2a: Alakazam
|-crit|p2a: Alakazam
|-resisted|p2a: Alakazam
|-damage|p2a: Alakazam|166\/313 par
|move|p2a: Alakazam|Thunder Wave|p1a: Exeggutor
|-status|p1a: Exeggutor|par
|
|turn|21
|
|move|p1a: Exeggutor|Psychic|p2a: Alakazam
|-resisted|p2a: Alakazam
|-damage|p2a: Alakazam|89\/313 par
|cant|p2a: Alakazam|par
|
|turn|22
|
|cant|p1a: Exeggutor|par
|cant|p2a: Alakazam|par
|
|turn|23
|
|move|p1a: Exeggutor|Psychic|p2a: Alakazam
|-resisted|p2a: Alakazam
|-damage|p2a: Alakazam|8\/313 par
|move|p2a: Alakazam|Recover|p2a: Alakazam
|-heal|p2a: Alakazam|164\/313 par
|
|turn|24
|
|cant|p1a: Exeggutor|par
|move|p2a: Alakazam|Recover|p2a: Alakazam
|-heal|p2a: Alakazam|313\/313 par
|
|turn|25
|
|switch|p2a: Chansey|Chansey|545\/703 frz
|move|p1a: Exeggutor|Psychic|p2a: Chansey
|-damage|p2a: Chansey|423\/703 frz
|
|turn|26
|
|switch|p2a: Alakazam|Alakazam|313\/313 par
|switch|p1a: Snorlax|Snorlax|523\/523
|
|turn|27
|
|switch|p2a: Exeggutor|Exeggutor|393\/393
|move|p1a: Snorlax|Body Slam|p2a: Exeggutor
|-damage|p2a: Exeggutor|281\/393
|
|turn|28
|
|switch|p2a: Tauros|Tauros|353\/353
|switch|p1a: Exeggutor|Exeggutor|393\/393 par
|
|turn|29
|
|switch|p2a: Alakazam|Alakazam|313\/313 par
|move|p1a: Exeggutor|Psychic|p2a: Alakazam
|-resisted|p2a: Alakazam
|-damage|p2a: Alakazam|264\/313 par
|-unboost|p2a: Alakazam|spd|1
|-unboost|p2a: Alakazam|spa|1
|
|turn|30
|
|move|p1a: Exeggutor|Psychic|p2a: Alakazam
|-resisted|p2a: Alakazam
|-damage|p2a: Alakazam|191\/313 par
|-unboost|p2a: Alakazam|spd|1
|-unboost|p2a: Alakazam|spa|1
|cant|p2a: Alakazam|par
|
|turn|31
|
|move|p1a: Exeggutor|Psychic|p2a: Alakazam
|-resisted|p2a: Alakazam
|-damage|p2a: Alakazam|91\/313 par
|-unboost|p2a: Alakazam|spd|1
|-unboost|p2a: Alakazam|spa|1
|move|p2a: Alakazam|Recover|p2a: Alakazam
|-heal|p2a: Alakazam|247\/313 par
|
|turn|32
|
|move|p1a: Exeggutor|Psychic|p2a: Alakazam
|-resisted|p2a: Alakazam
|-damage|p2a: Alakazam|129\/313 par
|move|p2a: Alakazam|Recover|p2a: Alakazam
|-heal|p2a: Alakazam|285\/313 par
|
|turn|33
|
|switch|p2a: Chansey|Chansey|423\/703 frz
|move|p1a: Exeggutor|Psychic|p2a: Chansey
|-damage|p2a: Chansey|300\/703 frz
|
|turn|34
|
|switch|p2a: Alakazam|Alakazam|285\/313 par
|move|p1a: Exeggutor|Psychic|p2a: Alakazam
|-resisted|p2a: Alakazam
|-damage|p2a: Alakazam|235\/313 par
|
|turn|35
|
|move|p2a: Alakazam|Reflect|p2a: Alakazam
|-start|p2a: Alakazam|Reflect
|move|p1a: Exeggutor|Psychic|p2a: Alakazam
|-resisted|p2a: Alakazam
|-damage|p2a: Alakazam|188\/313 par
|
|turn|36
|
|move|p2a: Alakazam|Recover|p2a: Alakazam
|-heal|p2a: Alakazam|313\/313 par
|move|p1a: Exeggutor|Psychic|p2a: Alakazam
|-resisted|p2a: Alakazam
|-damage|p2a: Alakazam|265\/313 par
|-unboost|p2a: Alakazam|spd|1
|-unboost|p2a: Alakazam|spa|1
|
|turn|37
|
|move|p1a: Exeggutor|Psychic|p2a: Alakazam
|-resisted|p2a: Alakazam
|-damage|p2a: Alakazam|192\/313 par
|move|p2a: Alakazam|Psychic|p1a: Exeggutor
|-crit|p1a: Exeggutor
|-resisted|p1a: Exeggutor
|-damage|p1a: Exeggutor|276\/393 par
|
|turn|38
|
|move|p1a: Exeggutor|Psychic|p2a: Alakazam
|-resisted|p2a: Alakazam
|-damage|p2a: Alakazam|119\/313 par
|move|p2a: Alakazam|Recover|p2a: Alakazam
|-heal|p2a: Alakazam|275\/313 par
|
|turn|39
|
|switch|p1a: Jynx|Jynx|271\/333 par
|move|p2a: Alakazam|Psychic|p1a: Jynx
|-crit|p1a: Jynx
|-resisted|p1a: Jynx
|-damage|p1a: Jynx|133\/333 par
|
|turn|40
|
|move|p1a: Jynx|Psychic|p2a: Alakazam
|-resisted|p2a: Alakazam
|-damage|p2a: Alakazam|215\/313 par
|move|p2a: Alakazam|Psychic|p1a: Jynx
|-resisted|p1a: Jynx
|-damage|p1a: Jynx|88\/333 par
|
|turn|41
|
|move|p1a: Jynx|Psychic|p2a: Alakazam
|-resisted|p2a: Alakazam
|-damage|p2a: Alakazam|151\/313 par
|cant|p2a: Alakazam|par
|
|turn|42
|
|switch|p2a: Chansey|Chansey|300\/703 frz
|move|p1a: Jynx|Psychic|p2a: Chansey
|-damage|p2a: Chansey|198\/703 frz
|
|turn|43
|
|switch|p2a: Alakazam|Alakazam|151\/313 par
|move|p1a: Jynx|Blizzard|p2a: Alakazam
|-damage|p2a: Alakazam|37\/313 par
|
|turn|44
|
|move|p2a: Alakazam|Recover|p2a: Alakazam
|-heal|p2a: Alakazam|193\/313 par
|move|p1a: Jynx|Blizzard|p2a: Alakazam|[miss]
|-miss|p1a: Jynx
|
|turn|45
|
|cant|p2a: Alakazam|par
|move|p1a: Jynx|Blizzard|p2a: Alakazam|[miss]
|-miss|p1a: Jynx
|
|turn|46
|
|move|p2a: Alakazam|Psychic|p1a: Jynx
|-resisted|p1a: Jynx
|-damage|p1a: Jynx|26\/333 par
|cant|p1a: Jynx|par
|
|turn|47
|
|move|p2a: Alakazam|Recover|p2a: Alakazam
|-heal|p2a: Alakazam|313\/313 par
|move|p1a: Jynx|Blizzard|p2a: Alakazam
|-damage|p2a: Alakazam|198\/313 par
|
|turn|48
|
|move|p2a: Alakazam|Recover|p2a: Alakazam
|-heal|p2a: Alakazam|313\/313 par
|move|p1a: Jynx|Blizzard|p2a: Alakazam
|-damage|p2a: Alakazam|209\/313 par
|
|turn|49
|
|move|p2a: Alakazam|Recover|p2a: Alakazam
|-heal|p2a: Alakazam|313\/313 par
|move|p1a: Jynx|Blizzard|p2a: Alakazam
|-damage|p2a: Alakazam|208\/313 par
|
|turn|50
|
|move|p2a: Alakazam|Recover|p2a: Alakazam
|-heal|p2a: Alakazam|313\/313 par
|move|p1a: Jynx|Blizzard|p2a: Alakazam
|-damage|p2a: Alakazam|195\/313 par
|
|turn|51
|
|move|p2a: Alakazam|Recover|p2a: Alakazam
|-heal|p2a: Alakazam|313\/313 par
|move|p1a: Jynx|Blizzard|p2a: Alakazam
|-damage|p2a: Alakazam|203\/313 par
|
|turn|52
|
|move|p2a: Alakazam|Recover|p2a: Alakazam
|-heal|p2a: Alakazam|313\/313 par
|move|p1a: Jynx|Psychic|p2a: Alakazam
|-resisted|p2a: Alakazam
|-damage|p2a: Alakazam|273\/313 par
|
|turn|53
|
|cant|p2a: Alakazam|par
|move|p1a: Jynx|Psychic|p2a: Alakazam
|-resisted|p2a: Alakazam
|-damage|p2a: Alakazam|229\/313 par
|
|turn|54
|
|move|p2a: Alakazam|Psychic|p1a: Jynx
|-crit|p1a: Jynx
|-resisted|p1a: Jynx
|-damage|p1a: Jynx|0 fnt
|faint|p1a: Jynx
|
|switch|p1a: Snorlax|Snorlax|523\/523
|turn|55
|
|switch|p2a: Exeggutor|Exeggutor|281\/393
|move|p1a: Snorlax|Body Slam|p2a: Exeggutor
|-damage|p2a: Exeggutor|170\/393
|
|turn|56
|
|switch|p1a: Exeggutor|Exeggutor|276\/393 par
|move|p2a: Exeggutor|Sleep Powder|p1a: Exeggutor
|-fail|p1a: Exeggutor
|
|turn|57
|
|switch|p2a: Chansey|Chansey|198\/703 frz
|cant|p1a: Exeggutor|par
|
|turn|58
|
|switch|p2a: Exeggutor|Exeggutor|170\/393
|switch|p1a: Snorlax|Snorlax|523\/523
|
|turn|59
|
|switch|p1a: Exeggutor|Exeggutor|276\/393 par
|move|p2a: Exeggutor|Psychic|p1a: Exeggutor
|-resisted|p1a: Exeggutor
|-damage|p1a: Exeggutor|225\/393 par
|
|turn|60
|
|move|p2a: Exeggutor|Psychic|p1a: Exeggutor
|-resisted|p1a: Exeggutor
|-damage|p1a: Exeggutor|169\/393 par
|move|p1a: Exeggutor|Stun Spore|p2a: Exeggutor
|-status|p2a: Exeggutor|par
|
|turn|61
|
|switch|p2a: Chansey|Chansey|198\/703 frz
|move|p1a: Exeggutor|Stun Spore|p2a: Chansey|[miss]
|-miss|p1a: Exeggutor
|
|turn|62
|
|cant|p2a: Chansey|frz
|move|p1a: Exeggutor|Stun Spore|p2a: Chansey
|-fail|p2a: Chansey
|
|turn|63
|
|switch|p2a: Starmie|Starmie|178\/323 slp
|cant|p1a: Exeggutor|par
|
|turn|64
|
|switch|p1a: Snorlax|Snorlax|523\/523
|cant|p2a: Starmie|slp
|
|turn|65
|
|switch|p2a: Chansey|Chansey|198\/703 frz
|move|p1a: Snorlax|Body Slam|p2a: Chansey
|-damage|p2a: Chansey|0 fnt
|faint|p2a: Chansey
|
|switch|p2a: Tauros|Tauros|353\/353
|turn|66
|
|move|p2a: Tauros|Body Slam|p1a: Snorlax
|-damage|p1a: Snorlax|401\/523
|move|p1a: Snorlax|Reflect|p1a: Snorlax
|-start|p1a: Snorlax|Reflect
|
|turn|67
|
|move|p2a: Tauros|Blizzard|p1a: Snorlax|[miss]
|-miss|p2a: Tauros
|move|p1a: Snorlax|Body Slam|p2a: Tauros
|-damage|p2a: Tauros|251\/353
|
|turn|68
|
|move|p2a: Tauros|Blizzard|p1a: Snorlax
|-damage|p1a: Snorlax|297\/523
|move|p1a: Snorlax|Body Slam|p2a: Tauros
|-damage|p2a: Tauros|134\/353
|
|turn|69
|
|move|p2a: Tauros|Blizzard|p1a: Snorlax|[miss]
|-miss|p2a: Tauros
|move|p1a: Snorlax|Rest|p1a: Snorlax
|-status|p1a: Snorlax|slp
|-heal|p1a: Snorlax|523\/523 slp|[silent]
|-status|p1a: Snorlax|slp|[from] move: Rest
|
|turn|70
|
|switch|p2a: Exeggutor|Exeggutor|170\/393 par
|cant|p1a: Snorlax|slp
|
|turn|71
|
|-curestatus|p1a: Snorlax|slp
|move|p2a: Exeggutor|Sleep Powder|p1a: Snorlax
|-status|p1a: Snorlax|slp
|
|turn|72
|
|switch|p1a: Exeggutor|Exeggutor|169\/393 par
|move|p2a: Exeggutor|Psychic|p1a: Exeggutor
|-resisted|p1a: Exeggutor
|-damage|p1a: Exeggutor|115\/393 par
|
|turn|73
|
|switch|p2a: Starmie|Starmie|178\/323 slp
|move|p1a: Exeggutor|Psychic|p2a: Starmie
|-resisted|p2a: Starmie
|-damage|p2a: Starmie|116\/323 slp
|
|turn|74
|
|switch|p1a: Tauros|Tauros|353\/353
|cant|p2a: Starmie|slp
|
|turn|75
|
|cant|p2a: Starmie|slp
|move|p1a: Tauros|Body Slam|p2a: Starmie
|-damage|p2a: Starmie|8\/323 slp
|
|turn|76
|
|cant|p2a: Starmie|slp
|move|p1a: Tauros|Body Slam|p2a: Starmie
|-damage|p2a: Starmie|0 fnt
|faint|p2a: Starmie
|
|switch|p2a: Alakazam|Alakazam|229\/313 par
|turn|77
|
|move|p1a: Tauros|Hyper Beam|p2a: Alakazam
|-damage|p2a: Alakazam|0 fnt
|faint|p2a: Alakazam
|c|★Hack|gg
|
|switch|p2a: Tauros|Tauros|134\/353
|turn|78
|c|★Golden Gyarados|gg
|
|move|p2a: Tauros|Blizzard|p1a: Tauros
|-damage|p1a: Tauros|258\/353
|move|p1a: Tauros|Hyper Beam|p2a: Tauros|[miss]
|-miss|p1a: Tauros
|
|turn|79
|
|move|p2a: Tauros|Blizzard|p1a: Tauros
|-damage|p1a: Tauros|169\/353
|-status|p1a: Tauros|frz
|cant|p1a: Tauros|frz
|
|turn|80
|c|★Golden Gyarados|oo
|
|move|p2a: Tauros|Body Slam|p1a: Tauros
|-damage|p1a: Tauros|69\/353 frz
|cant|p1a: Tauros|frz
|
|turn|81
|c|★Hack|damn
|
|move|p2a: Tauros|Body Slam|p1a: Tauros
|-crit|p1a: Tauros
|-damage|p1a: Tauros|0 fnt
|faint|p1a: Tauros
|
|switch|p1a: Starmie|Starmie|323\/323
|turn|82
|
|switch|p2a: Exeggutor|Exeggutor|170\/393 par
|move|p1a: Starmie|Thunderbolt|p2a: Exeggutor
|-crit|p2a: Exeggutor
|-resisted|p2a: Exeggutor
|-damage|p2a: Exeggutor|106\/393 par
|
|turn|83
|
|move|p1a: Starmie|Blizzard|p2a: Exeggutor
|-supereffective|p2a: Exeggutor
|-damage|p2a: Exeggutor|0 fnt
|faint|p2a: Exeggutor
|
|switch|p2a: Tauros|Tauros|134\/353
|turn|84
|
|move|p1a: Starmie|Thunder Wave|p2a: Tauros
|-status|p2a: Tauros|par
|move|p2a: Tauros|Body Slam|p1a: Starmie
|-damage|p1a: Starmie|207\/323
|
|turn|85
|
|move|p1a: Starmie|Thunderbolt|p2a: Tauros
|-crit|p2a: Tauros
|-damage|p2a: Tauros|0 fnt
|faint|p2a: Tauros
|
|win|Golden Gyarados