|J|The_Chaser
|J|Beds
|player|p1|The_Chaser|1
|player|p2|Beds|252
|gametype|singles
|gen|1
|tier|[Gen 1] OU
|seed|
|rule|Sleep Clause Mod: Limit one foe put to sleep
|rule|Freeze Clause Mod: Limit one foe frozen
|rule|Species Clause: Limit one of each Pokémon
|rule|OHKO Clause: OHKO moves are banned
|rule|Evasion Moves Clause: Evasion moves are banned
|rule|HP Percentage Mod: HP is shown in percentages
|
|start
|switch|p1a: Gengar|Gengar|100\/100
|switch|p2a: Starmie|Starmie|100\/100
|turn|1
|J|bouff
|J|Lusch
|J|Triangles RSE
|c|+bouff|king beds
|J|Purrl
|J|SOULWIND
|J|Jayde
|J|Omfuga
|J|Pohjis
|J|Stathakis
|c|+Purrl|**i sleep in their beds**
|L|Stathakis
|J|reiku
|J|the pdc show
|J|Ciele
|c|★Beds|WHY DO THE SMODS HATE THIS GERMAN
|c|★Beds|HOW CAN WE SLEEP WHEN THE BEDS IS BURNING
|J|autolocked phrases
|J|Reportings
|c|★Beds|gl hf
|J|ABR
|J|atomicllamas
|J|tamahome
|raw|<div class="broadcast-red"><b>Moderated chat was set to @!<\/b><br \/>Only users of rank @ and higher can talk.<\/div>
|c|★The_Chaser|nl hf
|L|ABR
|J|PttP
|J|Tesung
|choice||
|
|switch|p1a: Chansey|Chansey|100\/100
|move|p2a: Starmie|Thunder Wave|p1a: Chansey
|-status|p1a: Chansey|par
|
|turn|2
|c|★The_Chaser|or el hf
|L|PttP
|choice||
|
|move|p2a: Starmie|Psychic|p1a: Chansey
|-damage|p1a: Chansey|86\/100 par
|-unboost|p1a: Chansey|spd|1
|-unboost|p1a: Chansey|spa|1
|move|p1a: Chansey|Thunderbolt|p2a: Starmie
|-supereffective|p2a: Starmie
|-damage|p2a: Starmie|66\/100
|
|turn|3
|J|I'm Rick Astley
|J|Benis the Menace
|choice||
|
|switch|p1a: Exeggutor|Exeggutor|100\/100
|move|p2a: Starmie|Psychic|p1a: Exeggutor
|-resisted|p1a: Exeggutor
|-damage|p1a: Exeggutor|89\/100
|
|turn|4
|choice||
|
|switch|p1a: Chansey|Chansey|86\/100 par
|move|p2a: Starmie|Blizzard|p1a: Chansey
|-damage|p1a: Chansey|75\/100 par
|
|turn|5
|J|Updated Kanto
|J|Hootie
|J|McMeghan
|choice||
|
|switch|p2a: Snorlax|Snorlax|100\/100
|move|p1a: Chansey|Thunderbolt|p2a: Snorlax
|-damage|p2a: Snorlax|82\/100
|
|turn|6
|J|bro fist
|J|xTSR
|choice||
|
|move|p2a: Snorlax|Earthquake|p1a: Chansey
|-damage|p1a: Chansey|43\/100 par
|move|p1a: Chansey|Thunder Wave|p2a: Snorlax
|-status|p2a: Snorlax|par
|
|turn|7
|L|autolocked phrases
|choice||
|
|switch|p1a: Exeggutor|Exeggutor|89\/100
|move|p2a: Snorlax|Body Slam|p1a: Exeggutor
|-damage|p1a: Exeggutor|59\/100
|-status|p1a: Exeggutor|par
|
|turn|8
|L|Jayde
|choice||
|
|move|p1a: Exeggutor|Psychic|p2a: Snorlax
|-damage|p2a: Snorlax|48\/100 par
|-unboost|p2a: Snorlax|spd|1
|-unboost|p2a: Snorlax|spa|1
|move|p2a: Snorlax|Body Slam|p1a: Exeggutor
|-damage|p1a: Exeggutor|31\/100 par
|
|turn|9
|J|ChillShadow
|J|EG Posho
|J|zedpi
|choice||
|
|cant|p1a: Exeggutor|par
|move|p2a: Snorlax|Hyper Beam|p1a: Exeggutor
|-damage|p1a: Exeggutor|0 fnt
|faint|p1a: Exeggutor
|J|Weegah
|J|blarajan
|choice||
|
|switch|p1a: Alakazam|Alakazam|100\/100
|turn|10
|c|★Beds|you gotta tell me what you went for (after the match)
|choice||
|
|switch|p2a: Starmie|Starmie|66\/100
|move|p1a: Alakazam|Psychic|p2a: Starmie
|-crit|p2a: Starmie
|-resisted|p2a: Starmie
|-damage|p2a: Starmie|28\/100
|
|turn|11
|J|IDM p2
|J|MoxieInfinite
|L|reiku
|choice||
|
|move|p1a: Alakazam|Psychic|p2a: Starmie
|-resisted|p2a: Starmie
|-damage|p2a: Starmie|6\/100
|move|p2a: Starmie|Recover|p2a: Starmie
|-heal|p2a: Starmie|56\/100
|
|turn|12
|choice||
|
|switch|p1a: Chansey|Chansey|43\/100 par
|move|p2a: Starmie|Recover|p2a: Starmie
|-heal|p2a: Starmie|100\/100
|
|turn|13
|L|Weegah
|J|Sam
|J|Frizy
|choice||
|
|switch|p2a: Snorlax|Snorlax|48\/100 par
|cant|p1a: Chansey|par
|
|turn|14
|J|alabarda rigida
|choice||
|
|move|p1a: Chansey|Soft-Boiled|p1a: Chansey
|-heal|p1a: Chansey|93\/100 par
|move|p2a: Snorlax|Self-Destruct|p1a: Chansey
|-damage|p1a: Chansey|0 fnt
|faint|p1a: Chansey
|faint|p2a: Snorlax
|J|GOD MARTH
|J|Dice
|L|GOD MARTH
|choice||
|
|switch|p2a: Starmie|Starmie|100\/100
|switch|p1a: Snorlax|Snorlax|100\/100
|turn|15
|choice||
|
|move|p2a: Starmie|Thunder Wave|p1a: Snorlax
|-status|p1a: Snorlax|par
|move|p1a: Snorlax|Body Slam|p2a: Starmie
|-damage|p2a: Starmie|66\/100
|
|turn|16
|J|King Tsunami
|choice||
|
|move|p2a: Starmie|Psychic|p1a: Snorlax
|-damage|p1a: Snorlax|72\/100 par
|move|p1a: Snorlax|Body Slam|p2a: Starmie
|-damage|p2a: Starmie|27\/100
|
|turn|17
|choice||
|
|move|p2a: Starmie|Recover|p2a: Starmie
|-heal|p2a: Starmie|77\/100
|move|p1a: Snorlax|Body Slam|p2a: Starmie
|-damage|p2a: Starmie|42\/100
|
|turn|18
|choice||
|
|switch|p1a: Alakazam|Alakazam|100\/100
|move|p2a: Starmie|Recover|p2a: Starmie
|-heal|p2a: Starmie|92\/100
|
|turn|19
|L|blarajan
|choice||
|
|move|p1a: Alakazam|Thunder Wave|p2a: Starmie
|-status|p2a: Starmie|par
|move|p2a: Starmie|Thunder Wave|p1a: Alakazam
|-status|p1a: Alakazam|par
|
|turn|20
|choice||
|
|switch|p1a: Snorlax|Snorlax|72\/100 par
|move|p2a: Starmie|Psychic|p1a: Snorlax
|-damage|p1a: Snorlax|46\/100 par
|-unboost|p1a: Snorlax|spd|1
|-unboost|p1a: Snorlax|spa|1
|
|turn|21
|J|finally
|J|ampd302
|J|ibaneful
|L|ampd302
|choice||
|
|switch|p2a: Golem|Golem|100\/100
|cant|p1a: Snorlax|par
|
|turn|22
|J|Ernes
|J|Tobes
|choice||
|
|move|p2a: Golem|Earthquake|p1a: Snorlax
|-damage|p1a: Snorlax|14\/100 par
|move|p1a: Snorlax|Earthquake|p2a: Golem
|-supereffective|p2a: Golem
|-damage|p2a: Golem|60\/100
|
|turn|23
|choice||
|
|move|p2a: Golem|Earthquake|p1a: Snorlax
|-damage|p1a: Snorlax|0 fnt
|faint|p1a: Snorlax
|L|King Tsunami
|choice||
|
|switch|p1a: Tauros|Tauros|100\/100
|turn|24
|choice||
|
|move|p1a: Tauros|Blizzard|p2a: Golem
|-crit|p2a: Golem
|-supereffective|p2a: Golem
|-damage|p2a: Golem|0 fnt
|faint|p2a: Golem
|J|llemuria
|choice||
|
|switch|p2a: Chansey|Chansey|100\/100
|turn|25
|choice||
|
|switch|p1a: Alakazam|Alakazam|100\/100 par
|move|p2a: Chansey|Reflect|p2a: Chansey
|-start|p2a: Chansey|Reflect
|
|turn|26
|choice||
|
|switch|p1a: Gengar|Gengar|100\/100
|move|p2a: Chansey|Seismic Toss|p1a: Gengar
|-damage|p1a: Gengar|70\/100
|
|turn|27
|choice||
|
|move|p1a: Gengar|Hypnosis|p2a: Chansey
|-status|p2a: Chansey|slp
|-curestatus|p2a: Chansey|slp
|
|turn|28
|choice||
|
|move|p1a: Gengar|Hypnosis|p2a: Chansey
|-status|p2a: Chansey|slp
|cant|p2a: Chansey|slp
|
|turn|29
|L|zedpi
|choice||
|
|switch|p1a: Tauros|Tauros|100\/100
|-curestatus|p2a: Chansey|slp
|
|turn|30
|choice||
|
|switch|p1a: Gengar|Gengar|70\/100
|move|p2a: Chansey|Thunder Wave|p1a: Gengar
|-status|p1a: Gengar|par
|
|turn|31
|choice||
|
|switch|p2a: Starmie|Starmie|92\/100 par
|move|p1a: Gengar|Hypnosis|p2a: Starmie
|-fail|p2a: Starmie
|
|turn|32
|J|blarajan
|choice||
|
|switch|p1a: Alakazam|Alakazam|100\/100 par
|move|p2a: Starmie|Psychic|p1a: Alakazam
|-resisted|p1a: Alakazam
|-damage|p1a: Alakazam|88\/100 par
|-unboost|p1a: Alakazam|spd|1
|-unboost|p1a: Alakazam|spa|1
|
|turn|33
|L|Ernes
|choice||
|
|cant|p2a: Starmie|par
|move|p1a: Alakazam|Psychic|p2a: Starmie
|-resisted|p2a: Starmie
|-damage|p2a: Starmie|80\/100 par
|
|turn|34
|choice||
|
|move|p2a: Starmie|Psychic|p1a: Alakazam
|-crit|p1a: Alakazam
|-resisted|p1a: Alakazam
|-damage|p1a: Alakazam|62\/100 par
|move|p1a: Alakazam|Psychic|p2a: Starmie
|-resisted|p2a: Starmie
|-damage|p2a: Starmie|66\/100 par
|-unboost|p2a: Starmie|spd|1
|-unboost|p2a: Starmie|spa|1
|
|turn|35
|L|finally
|choice||
|
|move|p1a: Alakazam|Psychic|p2a: Starmie
|-resisted|p2a: Starmie
|-damage|p2a: Starmie|47\/100 par
|move|p2a: Starmie|Recover|p2a: Starmie
|-heal|p2a: Starmie|97\/100 par
|
|turn|36
|choice||
|
|move|p1a: Alakazam|Recover|p1a: Alakazam
|-heal|p1a: Alakazam|100\/100 par
|cant|p2a: Starmie|par
|
|turn|37
|L|blarajan
|choice||
|
|move|p1a: Alakazam|Psychic|p2a: Starmie
|-crit|p2a: Starmie
|-resisted|p2a: Starmie
|-damage|p2a: Starmie|61\/100 par
|move|p2a: Starmie|Psychic|p1a: Alakazam
|-crit|p1a: Alakazam
|-resisted|p1a: Alakazam
|-damage|p1a: Alakazam|73\/100 par
|
|turn|38
|J|Tahu
|choice||
|
|switch|p1a: Gengar|Gengar|70\/100 par
|cant|p2a: Starmie|par
|
|turn|39
|choice||
|
|switch|p2a: Chansey|Chansey|100\/100
|move|p1a: Gengar|Thunderbolt|p2a: Chansey
|-damage|p2a: Chansey|88\/100
|
|turn|40
|J|blarajan
|choice||
|
|switch|p2a: Starmie|Starmie|61\/100 par
|move|p1a: Gengar|Thunderbolt|p2a: Starmie
|-crit|p2a: Starmie
|-supereffective|p2a: Starmie
|-damage|p2a: Starmie|0 fnt
|faint|p2a: Starmie
|choice||
|
|switch|p2a: Exeggutor|Exeggutor|100\/100
|turn|41
|choice||
|
|switch|p1a: Alakazam|Alakazam|73\/100 par
|move|p2a: Exeggutor|Psychic|p1a: Alakazam
|-resisted|p1a: Alakazam
|-damage|p1a: Alakazam|59\/100 par
|
|turn|42
|choice||
|
|switch|p2a: Chansey|Chansey|88\/100
|cant|p1a: Alakazam|par
|
|turn|43
|L|blarajan
|choice||
|
|move|p2a: Chansey|Seismic Toss|p1a: Alakazam
|-damage|p1a: Alakazam|27\/100 par
|move|p1a: Alakazam|Recover|p1a: Alakazam
|-heal|p1a: Alakazam|77\/100 par
|
|turn|44
|choice||
|
|switch|p1a: Gengar|Gengar|70\/100 par
|move|p2a: Chansey|Seismic Toss|p1a: Gengar
|-damage|p1a: Gengar|39\/100 par
|
|turn|45
|L|Tesung
|J|KratosMana
|J|Evuelf
|J|King Tsunami
|choice||
|
|move|p2a: Chansey|Seismic Toss|p1a: Gengar
|-damage|p1a: Gengar|8\/100 par
|move|p1a: Gengar|Explosion|p2a: Chansey
|-damage|p2a: Chansey|15\/100
|faint|p1a: Gengar
|L|Evuelf
|J|blarajan
|choice||
|
|switch|p1a: Tauros|Tauros|100\/100
|turn|46
|choice||
|
|switch|p2a: Exeggutor|Exeggutor|100\/100
|move|p1a: Tauros|Body Slam|p2a: Exeggutor
|-damage|p2a: Exeggutor|72\/100
|
|turn|47
|choice||
|
|switch|p1a: Alakazam|Alakazam|77\/100 par
|switch|p2a: Tauros|Tauros|100\/100
|
|turn|48
|J|Stathakis
|c|★The_Chaser|nice one
|J|Double01
|J|giara
|L|blarajan
|J|blarajan
|c|★Beds|thx bb
|choice||
|
|move|p2a: Tauros|Hyper Beam|p1a: Alakazam
|-damage|p1a: Alakazam|0 fnt
|faint|p1a: Alakazam
|choice||
|
|switch|p1a: Tauros|Tauros|100\/100
|turn|49
|choice||
|
|move|p2a: Tauros|Body Slam|p1a: Tauros
|-damage|p1a: Tauros|71\/100
|move|p1a: Tauros|Body Slam|p2a: Tauros
|-damage|p2a: Tauros|73\/100
|
|turn|50
|choice||
|
|switch|p2a: Chansey|Chansey|15\/100
|move|p1a: Tauros|Body Slam|p2a: Chansey
|-damage|p2a: Chansey|0 fnt
|faint|p2a: Chansey
|choice||
|
|switch|p2a: Exeggutor|Exeggutor|72\/100
|turn|51
|J|Tesung
|J|Le Austin
|choice||
|
|move|p1a: Tauros|Hyper Beam|p2a: Exeggutor
|-damage|p2a: Exeggutor|23\/100
|move|p2a: Exeggutor|Explosion|p1a: Tauros
|-damage|p1a: Tauros|0 fnt
|faint|p1a: Tauros
|faint|p2a: Exeggutor
|
|win|Beds
|player|p1
|player|p2
|L|alabarda rigida
|c|★Beds|gg
|L|ChillShadow