|J|Nails
|J|Tesung
|player|p1|Nails|282
|player|p2|Tesung|101
|gametype|singles
|gen|1
|tier|[Gen 1] OU
|seed|59326,40737,42479,53881
|rule|Sleep Clause Mod: Limit one foe put to sleep
|rule|Freeze Clause Mod: Limit one foe frozen
|rule|Species Clause: Limit one of each Pokémon
|rule|OHKO Clause: OHKO moves are banned
|rule|Evasion Moves Clause: Evasion moves are banned
|rule|HP Percentage Mod: HP is shown in percentages
|
|start
|switch|p1a: Jynx|Jynx|333\/333
|switch|p2a: Jynx|Jynx|333\/333
|turn|1
|J|lt2 taurean
|J|DarkDevil
|c|★Tesung|ah
|J|Spl4sh
|J|BlackWeed
|J|BKC
|J|LuckyRyu
|c|★Tesung|skill lead go
|J|Nunno
|c|★Nails|stop counterleading omg
|choice|move 1|move 2
|
|move|p1a: Jynx|Lovely Kiss|p2a: Jynx|[miss]
|-miss|p1a: Jynx
|move|p2a: Jynx|Lovely Kiss|p1a: Jynx
|-status|p1a: Jynx|slp
|
|turn|2
|J|Realistic Waters
|c|★Tesung|couldnt be bettter
|c|★Nails|ugh..
|choice|switch 4|move 1
|
|switch|p1a: Lapras|Lapras, M|463\/463
|move|p2a: Jynx|Blizzard|p1a: Lapras
|-resisted|p1a: Lapras
|-damage|p1a: Lapras|430\/463
|
|turn|3
|choice|move 4|move 4
|
|move|p2a: Jynx|Psychic|p1a: Lapras
|-damage|p1a: Lapras|326\/463
|move|p1a: Lapras|Body Slam|p2a: Jynx
|-damage|p2a: Jynx|224\/333
|
|turn|4
|choice|move 4|move 4
|
|move|p2a: Jynx|Psychic|p1a: Lapras
|-damage|p1a: Lapras|220\/463
|move|p1a: Lapras|Body Slam|p2a: Jynx
|-damage|p2a: Jynx|115\/333
|-status|p2a: Jynx|par
|
|turn|5
|choice|switch 5|move 3
|
|switch|p1a: Tauros|Tauros|353\/353
|move|p2a: Jynx|Rest|p2a: Jynx
|-status|p2a: Jynx|slp
|-heal|p2a: Jynx|333\/333 slp|[silent]
|-status|p2a: Jynx|slp|[from] move: Rest
|
|turn|6
|J|Alexander
|choice|move 1|switch 3
|
|switch|p2a: Snorlax|Snorlax|523\/523
|move|p1a: Tauros|Body Slam|p2a: Snorlax
|-damage|p2a: Snorlax|404\/523
|
|turn|7
|choice|switch 2|move 1
|
|switch|p1a: Exeggutor|Exeggutor, M|393\/393
|move|p2a: Snorlax|Body Slam|p1a: Exeggutor
|-damage|p1a: Exeggutor|275\/393
|
|turn|8
|choice|move 3|switch 3
|
|switch|p2a: Jynx|Jynx|333\/333 slp
|move|p1a: Exeggutor|Psychic|p2a: Jynx
|-resisted|p2a: Jynx
|-damage|p2a: Jynx|267\/333 slp
|
|turn|9
|choice|switch 2|move 1
|
|switch|p1a: Tauros|Tauros|353\/353
|cant|p2a: Jynx|slp
|
|turn|10
|choice|move 1|switch 5
|
|switch|p2a: Starmie|Starmie|323\/323
|move|p1a: Tauros|Body Slam|p2a: Starmie
|-damage|p2a: Starmie|215\/323
|
|turn|11
|choice|switch 3|move 3
|
|switch|p1a: Chansey|Chansey|703\/703
|move|p2a: Starmie|Recover|p2a: Starmie
|-heal|p2a: Starmie|323\/323
|
|turn|12
|choice|move 2|move 4
|
|move|p2a: Starmie|Thunder Wave|p1a: Chansey
|-status|p1a: Chansey|par
|cant|p1a: Chansey|par
|
|turn|13
|c|★Nails|rude
|choice|switch 3|switch 5
|
|switch|p2a: Jynx|Jynx|267\/333 slp
|switch|p1a: Tauros|Tauros|353\/353
|
|turn|14
|choice|move 1|switch 5
|
|switch|p2a: Starmie|Starmie|323\/323
|move|p1a: Tauros|Body Slam|p2a: Starmie
|-damage|p2a: Starmie|204\/323
|-status|p2a: Starmie|par
|
|turn|15
|c|★Nails|yea thats right
|choice|switch 3|move 4
|
|switch|p1a: Chansey|Chansey|703\/703 par
|move|p2a: Starmie|Thunder Wave|p1a: Chansey
|-fail|p1a: Chansey|par
|
|turn|16
|choice|move 3|move 3
|
|move|p2a: Starmie|Recover|p2a: Starmie
|-heal|p2a: Starmie|323\/323 par
|move|p1a: Chansey|Thunderbolt|p2a: Starmie
|-supereffective|p2a: Starmie
|-damage|p2a: Starmie|164\/323 par
|
|turn|17
|choice|move 3|move 3
|
|move|p2a: Starmie|Recover|p2a: Starmie
|-heal|p2a: Starmie|323\/323 par
|move|p1a: Chansey|Thunderbolt|p2a: Starmie
|-supereffective|p2a: Starmie
|-damage|p2a: Starmie|174\/323 par
|
|turn|18
|choice|move 3|move 3
|
|cant|p2a: Starmie|par
|move|p1a: Chansey|Thunderbolt|p2a: Starmie
|-supereffective|p2a: Starmie
|-damage|p2a: Starmie|12\/323 par
|
|turn|19
|choice|move 3|move 3
|
|move|p2a: Starmie|Recover|p2a: Starmie
|-heal|p2a: Starmie|173\/323 par
|cant|p1a: Chansey|par
|
|turn|20
|choice|move 3|switch 3
|
|switch|p2a: Snorlax|Snorlax|404\/523
|cant|p1a: Chansey|par
|
|turn|21
|J|weiner muncher
|choice|switch 6|move 1
|
|switch|p1a: Snorlax|Snorlax, M|523\/523
|move|p2a: Snorlax|Body Slam|p1a: Snorlax
|-damage|p1a: Snorlax|378\/523
|
|turn|22
|L|weiner muncher
|choice|move 2|move 1
|
|move|p1a: Snorlax|Reflect|p1a: Snorlax
|-start|p1a: Snorlax|Reflect
|move|p2a: Snorlax|Body Slam|p1a: Snorlax
|-damage|p1a: Snorlax|314\/523
|
|turn|23
|J|ZNain
|choice|move 3|switch 4
|
|switch|p2a: Chansey|Chansey|703\/703
|move|p1a: Snorlax|Earthquake|p2a: Chansey
|-damage|p2a: Chansey|466\/703
|
|turn|24
|L|ZNain
|choice|move 1|move 2
|
|move|p2a: Chansey|Thunder Wave|p1a: Snorlax
|-status|p1a: Snorlax|par
|cant|p1a: Snorlax|par
|
|turn|25
|c|★Nails|stop..
|choice|move 1|move 1
|
|move|p2a: Chansey|Seismic Toss|p1a: Snorlax
|-damage|p1a: Snorlax|214\/523 par
|move|p1a: Snorlax|Body Slam|p2a: Chansey
|-crit|p2a: Chansey
|-damage|p2a: Chansey|0 fnt
|faint|p2a: Chansey
|c|★Nails|jk ur good
|c|★Tesung|who cirts with a lax..
|choice||switch 2
|
|switch|p2a: Zapdos|Zapdos|383\/383
|turn|26
|choice|switch 6|move 4
|
|switch|p1a: Chansey|Chansey|703\/703 par
|move|p2a: Zapdos|Thunder|p1a: Chansey|[miss]
|-miss|p2a: Zapdos
|
|turn|27
|L|DarkDevil
|c|★Nails|<---
|choice|switch 3|switch 5
|
|switch|p2a: Jynx|Jynx|267\/333 slp
|switch|p1a: Tauros|Tauros|353\/353
|
|turn|28
|choice|move 1|switch 4
|
|switch|p2a: Snorlax|Snorlax|404\/523
|move|p1a: Tauros|Body Slam|p2a: Snorlax
|-crit|p2a: Snorlax
|-damage|p2a: Snorlax|135\/523
|
|turn|29
|c|★Nails|mmm yea
|c|★Tesung|mm
|L|lt2 taurean
|L|Realistic Waters
|c|★Nails|gotta
|c|★Nails|calc this.
|c|★Tesung|u gonna
|c|★Tesung|hitthe 90?
|c|★Tesung|ive lucked worse odds
|choice|switch 4|move 4
|
|switch|p1a: Jynx|Jynx|333\/333 slp
|move|p2a: Snorlax|Self-Destruct|p1a: Jynx
|-damage|p1a: Jynx|0 fnt
|faint|p1a: Jynx
|faint|p2a: Snorlax
|c|%BKC|you know what amazes me
|c|%BKC|in rby, 75 and 90 acc moves hit through paralysis regularly
|c|★Nails|black metal
|c|★Nails|oh that too
|c|%BKC|you already know if it was a modern gen that shit wouldnt happen
|c|★Tesung|Lol
|c|★Tesung|yeh
|choice|switch 3|switch 6
|
|switch|p2a: Tauros|Tauros|353\/353
|switch|p1a: Chansey|Chansey|703\/703 par
|turn|30
|c|★Tesung|half the games i wonare from sub on para
|L|BlackWeed
|choice|move 1|switch 3
|
|switch|p2a: Starmie|Starmie|173\/323 par
|move|p1a: Chansey|Thunder Wave|p2a: Starmie
|-fail|p2a: Starmie|par
|
|turn|31
|choice|move 3|move 3
|
|move|p2a: Starmie|Recover|p2a: Starmie
|-heal|p2a: Starmie|323\/323 par
|move|p1a: Chansey|Thunderbolt|p2a: Starmie
|-supereffective|p2a: Starmie
|-damage|p2a: Starmie|172\/323 par
|
|turn|32
|L|Alexander
|choice|move 3|move 3
|
|cant|p2a: Starmie|par
|move|p1a: Chansey|Thunderbolt|p2a: Starmie
|-supereffective|p2a: Starmie
|-damage|p2a: Starmie|20\/323 par
|
|turn|33
|J|dash space jesi
|choice|move 3|move 3
|
|cant|p2a: Starmie|par
|move|p1a: Chansey|Thunderbolt|p2a: Starmie
|-supereffective|p2a: Starmie
|-damage|p2a: Starmie|0 fnt
|faint|p2a: Starmie
|choice||switch 3
|
|switch|p2a: Tauros|Tauros|353\/353
|turn|34
|L|dash space jesi
|c|★Tesung|alright
|c|★Tesung|that was a good strat
|c|★Tesung|u have used up your non fps
|choice|move 1|move 1
|
|move|p2a: Tauros|Body Slam|p1a: Chansey
|-damage|p1a: Chansey|417\/703 par
|move|p1a: Chansey|Thunder Wave|p2a: Tauros
|-status|p2a: Tauros|par
|
|turn|35
|choice|switch 6|move 4
|
|switch|p1a: Snorlax|Snorlax, M|214\/523 par
|move|p2a: Tauros|Hyper Beam|p1a: Snorlax
|-damage|p1a: Snorlax|0 fnt
|faint|p1a: Snorlax
|choice|switch 5|
|
|switch|p1a: Lapras|Lapras, M|220\/463
|turn|36
|choice|switch 4|move 1
|
|switch|p1a: Tauros|Tauros|353\/353
|move|p2a: Tauros|Body Slam|p1a: Tauros
|-damage|p1a: Tauros|241\/353
|
|turn|37
|choice|move 1|move 1
|
|move|p1a: Tauros|Body Slam|p2a: Tauros
|-damage|p2a: Tauros|254\/353 par
|move|p2a: Tauros|Body Slam|p1a: Tauros
|-damage|p1a: Tauros|131\/353
|
|turn|38
|c|★Nails|yea fuck you too man
|c|★Tesung|lol
|choice|switch 2|move 4
|
|switch|p1a: Exeggutor|Exeggutor, M|275\/393
|cant|p2a: Tauros|par
|
|turn|39
|c|★Nails|-
|c|★Tesung|i blsam > paraed
|c|%BKC|goddamn nails is a beast
|choice|move 3|move 1
|
|move|p1a: Exeggutor|Psychic|p2a: Tauros
|-damage|p2a: Tauros|91\/353 par
|-unboost|p2a: Tauros|spd|1
|-unboost|p2a: Tauros|spa|1
|move|p2a: Tauros|Body Slam|p1a: Exeggutor
|-damage|p1a: Exeggutor|159\/393
|-status|p1a: Exeggutor|par
|
|turn|40
|c|★Tesung|see
|c|★Tesung|lik that
|choice|move 4|move 4
|
|cant|p1a: Exeggutor|par
|move|p2a: Tauros|Hyper Beam|p1a: Exeggutor
|-damage|p1a: Exeggutor|0 fnt
|faint|p1a: Exeggutor
|choice|switch 2|
|
|switch|p1a: Tauros|Tauros|131\/353
|turn|41
|c|%BKC|i swear para should be banned
|choice|move 1|move 4
|
|move|p1a: Tauros|Body Slam|p2a: Tauros
|-damage|p2a: Tauros|0 fnt
|faint|p2a: Tauros
|choice||switch 5
|
|switch|p2a: Zapdos|Zapdos|383\/383
|turn|42
|J|dash space jesi
|L|dash space jesi
|c|★Nails|man whyd i save lapras this pos is useless
|c|★Tesung|rby w\/o para would be wild
|choice|switch 6|move 2
|
|switch|p1a: Chansey|Chansey|417\/703 par
|move|p2a: Zapdos|Thunderbolt|p1a: Chansey
|-damage|p1a: Chansey|279\/703 par
|
|turn|43
|choice|move 4|move 1
|
|move|p2a: Zapdos|Drill Peck|p1a: Chansey
|-damage|p1a: Chansey|22\/703 par
|move|p1a: Chansey|Soft-Boiled|p1a: Chansey
|-heal|p1a: Chansey|373\/703 par
|
|turn|44
|choice|move 1|move 1
|
|move|p2a: Zapdos|Drill Peck|p1a: Chansey
|-damage|p1a: Chansey|133\/703 par
|cant|p1a: Chansey|par
|
|turn|45
|c|★Nails|dam
|c|%BKC|para should be banned in every gen on principle
|c|★Nails|choked
|choice|move 1|move 1
|
|move|p2a: Zapdos|Drill Peck|p1a: Chansey
|-damage|p1a: Chansey|0 fnt
|faint|p1a: Chansey
|choice|switch 6|
|
|switch|p1a: Tauros|Tauros|131\/353
|turn|46
|choice|move 1|move 3
|
|move|p1a: Tauros|Body Slam|p2a: Zapdos
|-damage|p2a: Zapdos|270\/383
|move|p2a: Zapdos|Agility|p2a: Zapdos
|-boost|p2a: Zapdos|spe|2
|
|turn|47
|choice|move 4|move 2
|
|move|p2a: Zapdos|Thunderbolt|p1a: Tauros
|-damage|p1a: Tauros|0 fnt
|faint|p1a: Tauros
|c|★Tesung|gg
|choice|switch 4|
|
|switch|p1a: Lapras|Lapras, M|220\/463
|turn|48
|c|★Nails|g_g
|choice|move 1|move 2
|
|move|p2a: Zapdos|Thunderbolt|p1a: Lapras
|-supereffective|p1a: Lapras
|-damage|p1a: Lapras|0 fnt
|faint|p1a: Lapras
|
|win|Tesung