|J|teal6
|J|Purrl
|player|p1|teal6|138
|player|p2|Purrl|137
|gametype|singles
|gen|1
|tier|[Gen 1] OU
|seed|
|rule|Sleep Clause Mod: Limit one foe put to sleep
|rule|Freeze Clause Mod: Limit one foe frozen
|rule|Species Clause: Limit one of each Pokémon
|rule|OHKO Clause: OHKO moves are banned
|rule|Evasion Moves Clause: Evasion moves are banned
|rule|HP Percentage Mod: HP is shown in percentages
|
|start
|switch|p1a: Jynx|Jynx|100\/100
|switch|p2a: Alakazam|Alakazam, M|100\/100
|turn|1
|J|Metalgro$$
|J|Meloettaaa
|c|★Purrl|no...
|c|★Purrl|not the omfuga
|choice||
|
|move|p2a: Alakazam|Thunder Wave|p1a: Jynx
|-status|p1a: Jynx|par
|move|p1a: Jynx|Lovely Kiss|p2a: Alakazam|[miss]
|-miss|p1a: Jynx
|
|turn|2
|J|KratosMana
|c|+Meloettaaa|fight between the two worst uu players
|choice||
|
|move|p2a: Alakazam|Seismic Toss|p1a: Jynx
|-damage|p1a: Jynx|70\/100 par
|move|p1a: Jynx|Lovely Kiss|p2a: Alakazam
|-status|p2a: Alakazam|slp
|
|turn|3
|c|★teal6|lol i jynx lead like 90% of rby matches
|c|+Meloettaaa|best*
|choice||
|
|switch|p2a: Snorlax|Snorlax, M|100\/100
|switch|p1a: Snorlax|Snorlax, M|100\/100
|
|turn|4
|J|Veni Vidi Victini
|choice||
|
|move|p2a: Snorlax|Body Slam|p1a: Snorlax
|-damage|p1a: Snorlax|76\/100
|move|p1a: Snorlax|Body Slam|p2a: Snorlax
|-damage|p2a: Snorlax|76\/100
|
|turn|5
|J|GOAO
|L|GOAO
|choice||
|
|switch|p2a: Exeggutor|Exeggutor, M|100\/100
|move|p1a: Snorlax|Body Slam|p2a: Exeggutor
|-damage|p2a: Exeggutor|72\/100
|
|turn|6
|J|snuggles n' fluff
|choice||
|
|switch|p2a: Snorlax|Snorlax, M|76\/100
|switch|p1a: Jynx|Jynx|70\/100 par
|
|turn|7
|choice||
|
|move|p2a: Snorlax|Body Slam|p1a: Jynx
|-damage|p1a: Jynx|16\/100 par
|move|p1a: Jynx|Blizzard|p2a: Snorlax
|-crit|p2a: Snorlax
|-damage|p2a: Snorlax|12\/100
|
|turn|8
|choice||
|
|move|p2a: Snorlax|Body Slam|p1a: Jynx
|-damage|p1a: Jynx|0 fnt
|faint|p1a: Jynx
|choice||
|
|switch|p1a: Tauros|Tauros|100\/100
|turn|9
|c|+Meloettaaa|dman
|c|+Meloettaaa|damn
|choice||
|
|switch|p2a: Slowbro|Slowbro, M|100\/100
|move|p1a: Tauros|Body Slam|p2a: Slowbro
|-damage|p2a: Slowbro|78\/100
|-status|p2a: Slowbro|par
|
|turn|10
|c|+Meloettaaa|the tauros reveal
|choice||
|
|switch|p1a: Snorlax|Snorlax, M|76\/100
|move|p2a: Slowbro|Thunder Wave|p1a: Snorlax
|-status|p1a: Snorlax|par
|
|turn|11
|choice||
|
|move|p2a: Slowbro|Amnesia|p2a: Slowbro
|-boost|p2a: Slowbro|spd|2
|-boost|p2a: Slowbro|spa|2
|move|p1a: Snorlax|Body Slam|p2a: Slowbro
|-crit|p2a: Slowbro
|-damage|p2a: Slowbro|30\/100 par
|
|turn|12
|choice||
|
|switch|p2a: Snorlax|Snorlax, M|12\/100
|cant|p1a: Snorlax|par
|
|turn|13
|c|★Purrl|heh
|c|★Purrl|i'm a lucker dog
|choice||
|
|move|p2a: Snorlax|Self-Destruct|p1a: Snorlax
|-damage|p1a: Snorlax|0 fnt
|faint|p1a: Snorlax
|faint|p2a: Snorlax
|c|★teal6|its okay
|c|★teal6|cuz
|c|★teal6|i boomed t12
|c|★teal6|lol
|J|Le Austin
|c|★Purrl|o
|c|★Purrl|yh that's what i predicted
|choice||
|
|switch|p1a: Exeggutor|Exeggutor, M|100\/100
|switch|p2a: Exeggutor|Exeggutor, M|72\/100
|turn|14
|choice||
|
|move|p2a: Exeggutor|Sleep Powder|p1a: Exeggutor
|-status|p1a: Exeggutor|slp
|-curestatus|p1a: Exeggutor|slp
|
|turn|15
|choice||
|
|move|p1a: Exeggutor|Explosion|p2a: Exeggutor
|-damage|p2a: Exeggutor|0 fnt
|faint|p2a: Exeggutor
|faint|p1a: Exeggutor
|choice||
|
|switch|p1a: Tauros|Tauros|100\/100
|switch|p2a: Dragonite|Dragonite, M|100\/100
|turn|16
|choice||
|
|move|p1a: Tauros|Blizzard|p2a: Dragonite
|-supereffective|p2a: Dragonite
|-damage|p2a: Dragonite|28\/100
|move|p2a: Dragonite|Thunder Wave|p1a: Tauros
|-status|p1a: Tauros|par
|
|turn|17
|c|★teal6|i hate dnite aghakjshgkaj
|choice||
|
|move|p2a: Dragonite|Wrap|p1a: Tauros|[miss]
|-miss|p2a: Dragonite
|move|p1a: Tauros|Body Slam|p2a: Dragonite
|-damage|p2a: Dragonite|2\/100
|-status|p2a: Dragonite|par
|
|turn|18
|c|★Purrl|same
|c|★Purrl|i hate dnite
|c|★Purrl|-
|choice||
|
|move|p1a: Tauros|Body Slam|p2a: Dragonite
|-crit|p2a: Dragonite
|-damage|p2a: Dragonite|0 fnt
|faint|p2a: Dragonite
|c|★teal6|lol
|choice||
|
|switch|p2a: Tauros|Tauros|100\/100
|turn|19
|choice||
|
|move|p2a: Tauros|Body Slam|p1a: Tauros
|-damage|p1a: Tauros|70\/100 par
|move|p1a: Tauros|Body Slam|p2a: Tauros
|-damage|p2a: Tauros|71\/100
|
|turn|20
|c|+Metalgro$$|purll with the
|choice||
|
|move|p2a: Tauros|Body Slam|p1a: Tauros
|-damage|p1a: Tauros|43\/100 par
|move|p1a: Tauros|Hyper Beam|p2a: Tauros
|-crit|p2a: Tauros
|-damage|p2a: Tauros|0 fnt
|faint|p2a: Tauros
|c|+Metalgro$$|half assed wrap tema
|c|★Purrl|NO
|c|★Purrl|D:
|c|★Purrl|wtf
|c|+Metalgro$$|AND THE CRIT
|c|★Purrl|there's a nidorino
|c|★Purrl|in the vgc stream
|L|snuggles n' fluff
|J|aimless oo
|choice||
|
|switch|p2a: Slowbro|Slowbro, M|30\/100 par
|turn|21
|c|★Purrl|metal
|choice||
|
|move|p1a: Tauros|Hyper Beam|p2a: Slowbro
|-damage|p2a: Slowbro|0 fnt
|faint|p2a: Slowbro
|c|★Purrl|this is
|c|★Purrl|a nails team
|choice||
|
|switch|p2a: Alakazam|Alakazam, M|100\/100 slp
|turn|22
|c|★teal6|nails is invincible
|c|★Purrl|gg GG
|c|★teal6|i am seriously
|c|★teal6|like 1-28
|c|★teal6|against him
|choice||
|
|cant|p2a: Alakazam|slp
|move|p1a: Tauros|Body Slam|p2a: Alakazam
|-damage|p2a: Alakazam|47\/100 slp
|
|turn|23
|c|★Purrl|nails is a god 
|c|★Purrl|at rby
|c|★Purrl|imo
|choice||
|
|cant|p2a: Alakazam|slp
|move|p1a: Tauros|Body Slam|p2a: Alakazam
|-damage|p2a: Alakazam|0 fnt
|faint|p2a: Alakazam
|
|win|teal6