|inactive|Battle timer is ON: inactive players will automatically lose when time's up.
|J|Disenchanted
|J|W3K
|player|p1|Disenchanted|170
|player|p2|W3K|1
|gametype|singles
|gen|1
|tier|[Gen 1] OU
|seed|18161,34463,26070,27389
|rule|Sleep Clause Mod: Limit one foe put to sleep
|rule|Freeze Clause Mod: Limit one foe frozen
|rule|Species Clause: Limit one of each Pokémon
|rule|OHKO Clause: OHKO moves are banned
|rule|Evasion Moves Clause: Evasion moves are banned
|rule|HP Percentage Mod: HP is shown in percentages
|
|start
|switch|p1a: Gengar|Gengar|323\/323
|switch|p2a: Starmie|Starmie|323\/323
|turn|1
|choice|switch 4|move 1
|
|switch|p1a: Chansey|Chansey|703\/703
|move|p2a: Starmie|Blizzard|p1a: Chansey
|-damage|p1a: Chansey|605\/703
|
|turn|2
|choice|move 2|switch 2
|
|switch|p2a: Chansey|Chansey|703\/703
|move|p1a: Chansey|Thunderbolt|p2a: Chansey
|-damage|p2a: Chansey|624\/703
|-status|p2a: Chansey|par
|
|turn|3
|J|Mr. Mendes
|choice|switch 6|move 4
|
|switch|p1a: Snorlax|Snorlax|523\/523
|move|p2a: Chansey|Soft-Boiled|p2a: Chansey
|-heal|p2a: Chansey|703\/703 par
|
|turn|4
|choice|move 3|switch 4
|
|switch|p2a: Exeggutor|Exeggutor|393\/393
|move|p1a: Snorlax|Earthquake|p2a: Exeggutor
|-resisted|p2a: Exeggutor
|-damage|p2a: Exeggutor|349\/393
|
|turn|5
|choice|switch 4|move 1
|
|switch|p1a: Gengar|Gengar|323\/323
|move|p2a: Exeggutor|Sleep Powder|p1a: Gengar
|-status|p1a: Gengar|slp
|
|turn|6
|choice|switch 3|move 2
|
|switch|p1a: Starmie|Starmie|323\/323
|move|p2a: Exeggutor|Psychic|p1a: Starmie
|-crit|p1a: Starmie
|-resisted|p1a: Starmie
|-damage|p1a: Starmie|207\/323
|-unboost|p1a: Starmie|spd|1
|-unboost|p1a: Starmie|spa|1
|
|turn|7
|choice|switch 5|switch 4
|
|switch|p1a: Exeggutor|Exeggutor|393\/393
|switch|p2a: Chansey|Chansey|703\/703 par
|
|turn|8
|J|LJDarkrai
|choice|move 3|move 1
|
|move|p1a: Exeggutor|Psychic|p2a: Chansey
|-damage|p2a: Chansey|585\/703 par
|move|p2a: Chansey|Ice Beam|p1a: Exeggutor
|-supereffective|p1a: Exeggutor
|-damage|p1a: Exeggutor|252\/393
|
|turn|9
|choice|move 2|switch 2
|
|switch|p2a: Starmie|Starmie|323\/323
|move|p1a: Exeggutor|Double-Edge|p2a: Starmie
|-damage|p2a: Starmie|241\/323
|-damage|p1a: Exeggutor|232\/393|[from] recoil|[of] p2a: Starmie
|
|turn|10
|choice|move 1|move 1
|
|move|p2a: Starmie|Blizzard|p1a: Exeggutor
|-supereffective|p1a: Exeggutor
|-damage|p1a: Exeggutor|82\/393
|move|p1a: Exeggutor|Sleep Powder|p2a: Starmie|[miss]
|-miss|p1a: Exeggutor
|
|turn|11
|choice|switch 6|move 1
|
|switch|p1a: Chansey|Chansey|605\/703
|move|p2a: Starmie|Blizzard|p1a: Chansey|[miss]
|-miss|p2a: Starmie
|
|turn|12
|choice|move 2|switch 2
|
|switch|p2a: Chansey|Chansey|585\/703 par
|move|p1a: Chansey|Thunderbolt|p2a: Chansey
|-damage|p2a: Chansey|516\/703 par
|
|turn|13
|choice|switch 4|move 1
|
|switch|p1a: Snorlax|Snorlax|523\/523
|move|p2a: Chansey|Ice Beam|p1a: Snorlax
|-damage|p1a: Snorlax|430\/523
|
|turn|14
|choice|move 1|switch 4
|
|switch|p2a: Exeggutor|Exeggutor|349\/393
|move|p1a: Snorlax|Body Slam|p2a: Exeggutor
|-damage|p2a: Exeggutor|222\/393
|
|turn|15
|choice|move 1|move 2
|
|move|p2a: Exeggutor|Psychic|p1a: Snorlax
|-damage|p1a: Snorlax|280\/523
|move|p1a: Snorlax|Body Slam|p2a: Exeggutor
|-damage|p2a: Exeggutor|97\/393
|
|turn|16
|choice|switch 3|move 2
|
|switch|p1a: Gengar|Gengar|323\/323 slp
|move|p2a: Exeggutor|Psychic|p1a: Gengar
|-supereffective|p1a: Gengar
|-damage|p1a: Gengar|116\/323 slp
|
|turn|17
|choice|switch 6|switch 6
|
|switch|p1a: Exeggutor|Exeggutor|82\/393
|switch|p2a: Tauros|Tauros|353\/353
|
|turn|18
|choice|switch 5|move 1
|
|switch|p1a: Starmie|Starmie|207\/323
|move|p2a: Tauros|Body Slam|p1a: Starmie
|-damage|p1a: Starmie|91\/323
|
|turn|19
|choice|move 4|switch 4
|
|switch|p2a: Chansey|Chansey|516\/703 par
|move|p1a: Starmie|Recover|p1a: Starmie
|-heal|p1a: Starmie|252\/323
|
|turn|20
|choice|switch 3|move 1
|
|switch|p1a: Snorlax|Snorlax|280\/523
|move|p2a: Chansey|Ice Beam|p1a: Snorlax
|-crit|p1a: Snorlax
|-damage|p1a: Snorlax|84\/523
|
|turn|21
|choice|move 4|switch 5
|
|switch|p2a: Golem|Golem|363\/363
|move|p1a: Snorlax|Self-Destruct|p2a: Golem
|-resisted|p2a: Golem
|-damage|p2a: Golem|235\/363
|faint|p1a: Snorlax
|choice|switch 3|
|
|switch|p1a: Starmie|Starmie|252\/323
|turn|22
|choice|switch 5|switch 5
|
|switch|p1a: Exeggutor|Exeggutor|82\/393
|switch|p2a: Chansey|Chansey|516\/703 par
|
|turn|23
|choice|move 4|switch 2
|
|switch|p2a: Starmie|Starmie|241\/323
|move|p1a: Exeggutor|Explosion|p2a: Starmie
|-crit|p2a: Starmie
|-damage|p2a: Starmie|0 fnt
|faint|p2a: Starmie
|faint|p1a: Exeggutor
|choice|switch 2|switch 3
|
|switch|p1a: Tauros|Tauros|353\/353
|switch|p2a: Snorlax|Snorlax|523\/523
|turn|24
|choice|switch 5|move 1
|
|switch|p1a: Starmie|Starmie|252\/323
|move|p2a: Snorlax|Body Slam|p1a: Starmie
|-crit|p1a: Starmie
|-damage|p1a: Starmie|41\/323
|
|turn|25
|choice|move 4|move 3
|
|move|p1a: Starmie|Recover|p1a: Starmie
|-heal|p1a: Starmie|202\/323
|move|p2a: Snorlax|Hyper Beam|p1a: Starmie
|-damage|p1a: Starmie|0 fnt
|faint|p1a: Starmie
|choice|switch 5|
|
|switch|p1a: Tauros|Tauros|353\/353
|turn|26
|choice|move 3|move 1
|
|move|p1a: Tauros|Earthquake|p2a: Snorlax
|-damage|p2a: Snorlax|427\/523
|move|p2a: Snorlax|Body Slam|p1a: Tauros
|-damage|p1a: Tauros|249\/353
|
|turn|27
|choice|move 2|move 1
|
|move|p1a: Tauros|Body Slam|p2a: Snorlax
|-damage|p2a: Snorlax|304\/523
|move|p2a: Snorlax|Body Slam|p1a: Tauros
|-damage|p1a: Tauros|139\/353
|
|turn|28
|choice|switch 4|move 3
|
|switch|p1a: Chansey|Chansey|605\/703
|move|p2a: Snorlax|Hyper Beam|p1a: Chansey
|-damage|p1a: Chansey|59\/703
|
|turn|29
|-mustrecharge|p2a: Snorlax
|-mustrecharge|p2a: Snorlax
|choice|move 4|move 1
|
|move|p1a: Chansey|Thunder Wave|p2a: Snorlax
|-status|p2a: Snorlax|par
|cant|p2a: Snorlax|recharge
|
|turn|30
|choice|switch 6|move 3
|
|switch|p1a: Gengar|Gengar|116\/323 slp
|cant|p2a: Snorlax|par
|
|turn|31
|choice|switch 6|switch 4
|
|switch|p1a: Chansey|Chansey|59\/703
|switch|p2a: Tauros|Tauros|353\/353
|
|turn|32
|choice|move 4|move 3
|
|move|p2a: Tauros|Earthquake|p1a: Chansey
|-crit|p1a: Chansey
|-damage|p1a: Chansey|0 fnt
|faint|p1a: Chansey
|choice|switch 4|
|
|switch|p1a: Tauros|Tauros|139\/353
|turn|33
|choice|move 1|move 4
|
|move|p1a: Tauros|Hyper Beam|p2a: Tauros
|-crit|p2a: Tauros
|-damage|p2a: Tauros|0 fnt
|faint|p2a: Tauros
|choice||switch 4
|
|switch|p2a: Snorlax|Snorlax|304\/523 par
|turn|34
|c|+Mr. Mendes|stron
|c|+Mr. Mendes|*strong
|c|★Disenchanted|hora de bullshitar
|c|★Disenchanted|vamo pai braz
|choice|move 2|move 3
|
|move|p1a: Tauros|Body Slam|p2a: Snorlax
|-damage|p2a: Snorlax|172\/523 par
|move|p2a: Snorlax|Hyper Beam|p1a: Tauros|[miss]
|-miss|p2a: Snorlax
|
|turn|35
|c|+Mr. Mendes|kkkk
|c|+Mr. Mendes|ainda dá amigao
|c|+Mr. Mendes|onde tem tauros
|c|+Mr. Mendes|há esperança
|J|ABR
|J|noname4505
|choice|move 2|move 3
|
|move|p1a: Tauros|Body Slam|p2a: Snorlax
|-crit|p2a: Snorlax
|-damage|p2a: Snorlax|0 fnt
|faint|p2a: Snorlax
|choice||switch 5
|
|switch|p2a: Golem|Golem|235\/363
|turn|36
|c|+Mr. Mendes|usa blizard ne?
|c|★Disenchanted|sim
|choice|move 4|move 4
|
|move|p1a: Tauros|Blizzard|p2a: Golem
|-supereffective|p2a: Golem
|-damage|p2a: Golem|6\/363
|move|p2a: Golem|Explosion|p1a: Tauros
|-damage|p1a: Tauros|0 fnt
|faint|p1a: Tauros
|faint|p2a: Golem
|c|+Mr. Mendes|poha
|c|★Disenchanted|ggs bro
|choice|switch 6|switch 6
|
|switch|p1a: Gengar|Gengar|116\/323 slp
|switch|p2a: Exeggutor|Exeggutor|97\/393
|turn|37
|c|★W3K|Good game.
|c|★Disenchanted|gl in the rest of the tour
|c|+Mr. Mendes|vai acordar ne
|c|★W3K|Thanks man.
|choice|move 4|move 2
|
|cant|p1a: Gengar|slp
|move|p2a: Exeggutor|Psychic|p1a: Gengar
|-supereffective|p1a: Gengar
|-damage|p1a: Gengar|0 fnt
|faint|p1a: Gengar
|
|win|W3K
|player|p1
|player|p2
|L|W3K
|L|Disenchanted
|L|LJDarkrai
|J|TDK
|L|TDK
|L|ABR
|L|noname4505
|L|Mr. Mendes
|J|W3K