|J|Nails
|J|Beds
|player|p1|Nails|266
|player|p2|Beds|252
|gametype|singles
|gen|1
|tier|[Gen 1] OU
|seed|40345,38636,36035,63311
|rule|Sleep Clause Mod: Limit one foe put to sleep
|rule|Freeze Clause Mod: Limit one foe frozen
|rule|Species Clause: Limit one of each Pokémon
|rule|OHKO Clause: OHKO moves are banned
|rule|Evasion Moves Clause: Evasion moves are banned
|rule|HP Percentage Mod: HP is shown in percentages
|
|start
|switch|p1a: Alakazam|Alakazam|313\/313
|switch|p2a: Starmie|Starmie|323\/323
|turn|1
|c|★Beds|gee ell ayj eff
|choice|move 2|switch 2
|
|switch|p2a: Exeggutor|Exeggutor|393\/393
|move|p1a: Alakazam|Thunder Wave|p2a: Exeggutor
|-status|p2a: Exeggutor|par
|
|turn|2
|c|★Nails|u as well
|J|H.M.N.I.P
|choice|switch 6|move 1
|
|switch|p1a: Gengar|Gengar|323\/323
|move|p2a: Exeggutor|Sleep Powder|p1a: Gengar
|-status|p1a: Gengar|slp
|
|turn|3
|choice|switch 4|move 3
|
|switch|p1a: Slowbro|Slowbro|393\/393
|move|p2a: Exeggutor|Psychic|p1a: Slowbro
|-resisted|p1a: Slowbro
|-damage|p1a: Slowbro|322\/393
|
|turn|4
|choice|move 2|move 4
|
|move|p1a: Slowbro|Amnesia|p1a: Slowbro
|-boost|p1a: Slowbro|spd|2
|-boost|p1a: Slowbro|spa|2
|move|p2a: Exeggutor|Explosion|p1a: Slowbro
|-damage|p1a: Slowbro|69\/393
|faint|p2a: Exeggutor
|choice||switch 4
|
|switch|p2a: Tauros|Tauros|353\/353
|turn|5
|c|★Nails|tru
|J|boom bye yeah
|c|★Beds|not gonna play around that lol
|L|boom bye yeah
|c|★Nails|er im missing some moves on a mon but w\/e
|choice|switch 4|move 1
|
|switch|p1a: Gengar|Gengar|323\/323 slp
|move|p2a: Tauros|Body Slam|p1a: Gengar
|-immune|p1a: Gengar|[msg]
|
|turn|6
|L|H.M.N.I.P
|choice|switch 2|move 1
|
|switch|p1a: Dragonite|Dragonite|385\/385
|move|p2a: Tauros|Body Slam|p1a: Dragonite
|-damage|p1a: Dragonite|286\/385
|
|turn|7
|choice|switch 6|move 3
|
|switch|p1a: Alakazam|Alakazam|313\/313
|move|p2a: Tauros|Blizzard|p1a: Alakazam
|-damage|p1a: Alakazam|255\/313
|
|turn|8
|choice|move 2|switch 3
|
|switch|p2a: Chansey|Chansey|703\/703
|move|p1a: Alakazam|Thunder Wave|p2a: Chansey
|-status|p2a: Chansey|par
|
|turn|9
|choice|switch 4|move 2
|
|switch|p1a: Slowbro|Slowbro|69\/393
|move|p2a: Chansey|Ice Beam|p1a: Slowbro
|-resisted|p1a: Slowbro
|-damage|p1a: Slowbro|25\/393
|
|turn|10
|choice|move 4|move 3
|
|move|p1a: Slowbro|Rest|p1a: Slowbro
|-status|p1a: Slowbro|slp
|-heal|p1a: Slowbro|393\/393 slp|[silent]
|-status|p1a: Slowbro|slp|[from] move: Rest
|move|p2a: Chansey|Thunderbolt|p1a: Slowbro
|-supereffective|p1a: Slowbro
|-damage|p1a: Slowbro|215\/393 slp
|
|turn|11
|choice|switch 2|move 3
|
|switch|p1a: Gengar|Gengar|323\/323 slp
|move|p2a: Chansey|Thunderbolt|p1a: Gengar
|-damage|p1a: Gengar|260\/323 slp
|
|turn|12
|choice|move 1|switch 2
|
|switch|p2a: Starmie|Starmie|323\/323
|cant|p1a: Gengar|slp
|
|turn|13
|choice|switch 4|move 3
|
|switch|p1a: Alakazam|Alakazam|255\/313
|move|p2a: Starmie|Psychic|p1a: Alakazam
|-resisted|p1a: Alakazam
|-damage|p1a: Alakazam|212\/313
|
|turn|14
|choice|switch 6|switch 2
|
|switch|p1a: Dragonite|Dragonite|286\/385
|switch|p2a: Chansey|Chansey|703\/703 par
|
|turn|15
|choice|move 3|move 2
|
|move|p1a: Dragonite|Wrap|p2a: Chansey
|-crit|p2a: Chansey
|-damage|p2a: Chansey|625\/703 par
|-activate|p2a: Chansey|move: Wrap|[of] p1a: Dragonite
|cant|p2a: Chansey|partiallytrapped
|
|turn|16
|choice|move 3|switch 2
|
|switch|p2a: Starmie|Starmie|323\/323
|move|p1a: Dragonite|Wrap|p2a: Starmie
|-damage|p2a: Starmie|306\/323
|-activate|p2a: Starmie|move: Wrap|[of] p1a: Dragonite
|
|turn|17
|choice|move 3|move 2
|
|cant|p2a: Starmie|partiallytrapped
|move|p1a: Dragonite|Wrap|p2a: Starmie
|-damage|p2a: Starmie|289\/323
|
|-end|p2a: Starmie|Wrap|[partiallytrapped]
|turn|18
|choice|switch 6|move 2
|
|switch|p1a: Alakazam|Alakazam|212\/313
|move|p2a: Starmie|Blizzard|p1a: Alakazam
|-damage|p1a: Alakazam|141\/313
|
|turn|19
|choice|move 3|switch 2
|
|switch|p2a: Chansey|Chansey|625\/703 par
|move|p1a: Alakazam|Recover|p1a: Alakazam
|-heal|p1a: Alakazam|297\/313
|
|turn|20
|choice|switch 4|move 2
|
|switch|p1a: Gengar|Gengar|260\/323 slp
|move|p2a: Chansey|Ice Beam|p1a: Gengar
|-damage|p1a: Gengar|196\/323 slp
|
|turn|21
|choice|move 1|switch 2
|
|switch|p2a: Starmie|Starmie|289\/323
|cant|p1a: Gengar|slp
|
|turn|22
|choice|switch 4|move 1
|
|switch|p1a: Alakazam|Alakazam|297\/313
|move|p2a: Starmie|Thunder Wave|p1a: Alakazam
|-status|p1a: Alakazam|par
|
|turn|23
|choice|switch 6|switch 5
|
|switch|p2a: Snorlax|Snorlax|523\/523
|switch|p1a: Dragonite|Dragonite|286\/385
|
|turn|24
|choice|move 3|move 3
|
|move|p1a: Dragonite|Wrap|p2a: Snorlax
|-crit|p2a: Snorlax
|-damage|p2a: Snorlax|488\/523
|-activate|p2a: Snorlax|move: Wrap|[of] p1a: Dragonite
|cant|p2a: Snorlax|partiallytrapped
|
|turn|25
|choice|move 3|switch 5
|
|switch|p2a: Starmie|Starmie|289\/323
|move|p1a: Dragonite|Wrap|p2a: Starmie
|-crit|p2a: Starmie
|-damage|p2a: Starmie|257\/323
|-activate|p2a: Starmie|move: Wrap|[of] p1a: Dragonite
|
|turn|26
|choice|move 3|move 2
|
|cant|p2a: Starmie|partiallytrapped
|move|p1a: Dragonite|Wrap|p2a: Starmie
|-damage|p2a: Starmie|225\/323
|
|-end|p2a: Starmie|Wrap|[partiallytrapped]
|turn|27
|choice|switch 6|switch 5
|
|switch|p2a: Snorlax|Snorlax|488\/523
|switch|p1a: Alakazam|Alakazam|297\/313 par
|
|turn|28
|choice|switch 4|move 2
|
|switch|p1a: Gengar|Gengar|196\/323 slp
|move|p2a: Snorlax|Amnesia|p2a: Snorlax
|-boost|p2a: Snorlax|spd|2
|-boost|p2a: Snorlax|spa|2
|
|turn|29
|choice|switch 6|move 3
|
|switch|p1a: Dragonite|Dragonite|286\/385
|move|p2a: Snorlax|Blizzard|p1a: Dragonite
|-supereffective|p1a: Dragonite
|-damage|p1a: Dragonite|0 fnt
|faint|p1a: Dragonite
|c|★Nails|drats
|choice|switch 5|
|
|switch|p1a: Tauros|Tauros|353\/353
|turn|30
|choice|move 1|move 3
|
|move|p1a: Tauros|Body Slam|p2a: Snorlax
|-damage|p2a: Snorlax|351\/523
|move|p2a: Snorlax|Blizzard|p1a: Tauros
|-damage|p1a: Tauros|161\/353
|-status|p1a: Tauros|frz
|
|turn|31
|c|★Nails|tis over
|c|★Beds|noice
|-message|Nails forfeited.
|
|win|Beds