|J|Disenchanted
|J|HODOR
|player|p1|Disenchanted|8
|player|p2|HODOR|101
|gametype|singles
|gen|1
|tier|[Gen 1] Challenge Cup
|seed|2740,60276,59081,24868
|rule|Sleep Clause Mod: Limit one foe put to sleep
|rule|Freeze Clause Mod: Limit one foe frozen
|rule|HP Percentage Mod: HP is shown in percentages
|
|start
|switch|p1a: Electrode|Electrode, L68|208\/208
|switch|p2a: Ditto|Ditto, L80|238\/238
|turn|1
|c|★HODOR|nah
|c|★HODOR|already had challenge set up
|c|★HODOR|this is more fun
|c|★Disenchanted|hahahaha
|c|★HODOR|and i have no oras teams
|c|★Disenchanted|yea
|c|★HODOR|also
|c|★HODOR|bs ditto
|choice|move 2|move 1
|
|move|p1a: Electrode|Thunder|p2a: Ditto
|-damage|p2a: Ditto|132\/238
|move|p2a: Ditto|Transform|p1a: Electrode
|-transform|p2a: Ditto|p1a: Electrode
|
|turn|2
|choice|move 4|move 2
|
|move|p1a: Electrode|Take Down|p2a: Ditto
|-crit|p2a: Ditto
|-damage|p2a: Ditto|63\/238
|-damage|p1a: Electrode|191\/208|[from] recoil|[of] p2a: Ditto
|move|p2a: Ditto|Thunder|p1a: Electrode
|-resisted|p1a: Electrode
|-damage|p1a: Electrode|141\/208
|
|turn|3
|choice|move 4|move 1
|
|move|p1a: Electrode|Take Down|p2a: Ditto
|-damage|p2a: Ditto|28\/238
|-damage|p1a: Electrode|133\/208|[from] recoil|[of] p2a: Ditto
|move|p2a: Ditto|Rest|p2a: Ditto
|-status|p2a: Ditto|slp
|-heal|p2a: Ditto|238\/238 slp|[silent]
|-status|p2a: Ditto|slp|[from] move: Rest
|
|turn|4
|choice|switch 2|move 2
|
|switch|p1a: Oddish|Oddish, L77|214\/214
|cant|p2a: Ditto|slp
|
|turn|5
|J|funk
|J|slurmz
|c|★Disenchanted|i can't beat this thing
|c|★Disenchanted|so its strategy time
|choice|move 1|move 4
|
|-curestatus|p2a: Ditto|slp
|move|p1a: Oddish|Double Team|p1a: Oddish
|-boost|p1a: Oddish|evasion|1
|
|turn|6
|c|★HODOR|asshat
|choice|move 1|switch 2
|
|switch|p2a: Growlithe|Growlithe, L77|233\/233
|move|p1a: Oddish|Double Team|p1a: Oddish
|-boost|p1a: Oddish|evasion|1
|
|turn|7
|c|★Disenchanted|hey
|c|★Disenchanted|i've started the book 2 of got today
|c|★Disenchanted|;)
|choice|move 1|move 1
|
|move|p2a: Growlithe|Flamethrower|p1a: Oddish
|-supereffective|p1a: Oddish
|-damage|p1a: Oddish|72\/214
|move|p1a: Oddish|Double Team|p1a: Oddish
|-boost|p1a: Oddish|evasion|1
|
|turn|8
|choice|move 1|move 1
|
|move|p2a: Growlithe|Flamethrower|p1a: Oddish
|-supereffective|p1a: Oddish
|-damage|p1a: Oddish|0 fnt
|faint|p1a: Oddish
|c|★HODOR|nice
|c|★HODOR|also rip evasion
|c|★HODOR|do you read it in english or portugese
|c|★Disenchanted|portuguese
|choice|switch 6|
|
|switch|p1a: Tentacruel|Tentacruel, L65|230\/230
|turn|9
|choice|move 3|switch 5
|
|switch|p2a: Poliwrath|Poliwrath, L68|252\/252
|move|p1a: Tentacruel|Substitute|p1a: Tentacruel
|-start|p1a: Tentacruel|Substitute
|-damage|p1a: Tentacruel|173\/230
|
|turn|10
|choice|move 2|move 1
|
|move|p1a: Tentacruel|Toxic|p2a: Poliwrath|[miss]
|-miss|p1a: Tentacruel
|move|p2a: Poliwrath|Seismic Toss|p1a: Tentacruel
|-end|p1a: Tentacruel|Substitute
|
|turn|11
|choice|move 2|move 1
|
|move|p1a: Tentacruel|Toxic|p2a: Poliwrath
|-status|p2a: Poliwrath|tox
|move|p2a: Poliwrath|Seismic Toss|p1a: Tentacruel
|-damage|p1a: Tentacruel|105\/230
|-damage|p2a: Poliwrath|237\/252 tox|[from] tox|[of] p1a: Tentacruel
|
|turn|12
|c|★Disenchanted|rofl
|c|★Disenchanted|my team is so bad
|c|★Disenchanted|;_;
|c|★HODOR|rip
|choice|switch 5|move 1
|
|switch|p1a: Mr. Mime|Mr. Mime, L70|188\/188
|move|p2a: Poliwrath|Seismic Toss|p1a: Mr. Mime
|-damage|p1a: Mr. Mime|120\/188
|-damage|p2a: Poliwrath|207\/252 tox|[from] tox|[of] p1a: Mr. Mime
|
|turn|13
|choice|move 4|switch 3
|
|switch|p2a: Gyarados|Gyarados, L64|248\/248
|move|p1a: Mr. Mime|Seismic Toss|p2a: Gyarados
|-damage|p2a: Gyarados|178\/248
|
|turn|14
|choice|move 4|move 2
|
|move|p1a: Mr. Mime|Seismic Toss|p2a: Gyarados
|-damage|p2a: Gyarados|108\/248
|move|p2a: Gyarados|Double-Edge|p1a: Mr. Mime
|-crit|p1a: Mr. Mime
|-damage|p1a: Mr. Mime|0 fnt
|-damage|p2a: Gyarados|78\/248|[from] recoil|[of] p1a: Mr. Mime
|faint|p1a: Mr. Mime
|choice|switch 2|
|
|switch|p1a: Electrode|Electrode, L68|133\/208
|turn|15
|L|slurmz
|J|iTimeTravel
|choice|move 2|switch 6
|
|switch|p2a: Venusaur|Venusaur, L66|242\/242
|move|p1a: Electrode|Thunder|p2a: Venusaur|[miss]
|-miss|p1a: Electrode
|
|turn|16
|L|iTimeTravel
|choice|switch 3|move 1
|
|switch|p1a: Koffing|Koffing, L75|213\/213
|move|p2a: Venusaur|Headbutt|p1a: Koffing
|-damage|p1a: Koffing|181\/213
|
|turn|17
|choice|move 4|move 1
|
|move|p2a: Venusaur|Headbutt|p1a: Koffing
|-damage|p1a: Koffing|149\/213
|cant|p1a: Koffing|flinch
|
|turn|18
|choice|move 4|move 1
|
|move|p2a: Venusaur|Headbutt|p1a: Koffing
|-damage|p1a: Koffing|118\/213
|cant|p1a: Koffing|flinch
|
|turn|19
|c|★HODOR|op
|choice|move 4|move 1
|
|move|p2a: Venusaur|Headbutt|p1a: Koffing
|-damage|p1a: Koffing|85\/213
|cant|p1a: Koffing|flinch
|
|turn|20
|c|★HODOR|this is perfect rby in action
|c|★HODOR|lol
|c|★Disenchanted|hahahaha
|choice|move 4|move 1
|
|move|p2a: Venusaur|Headbutt|p1a: Koffing
|-damage|p1a: Koffing|53\/213
|move|p1a: Koffing|Fire Blast|p2a: Venusaur
|-supereffective|p2a: Venusaur
|-damage|p2a: Venusaur|116\/242
|-status|p2a: Venusaur|brn
|
|turn|21
|c|★HODOR|more rby!
|choice|move 4|move 1
|
|move|p2a: Venusaur|Headbutt|p1a: Koffing
|-damage|p1a: Koffing|37\/213
|-damage|p2a: Venusaur|101\/242 brn|[from] brn|[of] p1a: Koffing
|cant|p1a: Koffing|flinch
|
|turn|22
|choice|move 4|move 1
|
|move|p2a: Venusaur|Headbutt|p1a: Koffing
|-damage|p1a: Koffing|21\/213
|-damage|p2a: Venusaur|86\/242 brn|[from] brn|[of] p1a: Koffing
|move|p1a: Koffing|Fire Blast|p2a: Venusaur
|-supereffective|p2a: Venusaur
|-damage|p2a: Venusaur|0 fnt
|faint|p2a: Venusaur
|choice||switch 4
|
|switch|p2a: Poliwag|Poliwag, L79|213\/213
|turn|23
|choice|move 1|move 1
|
|move|p2a: Poliwag|Surf|p1a: Koffing
|-damage|p1a: Koffing|0 fnt
|faint|p1a: Koffing
|choice|switch 3|
|
|switch|p1a: Electrode|Electrode, L68|133\/208
|turn|24
|c|★HODOR|lets see if my 3 water types and ditto
|c|★HODOR|can beat an electrode with rest
|c|★HODOR|personally i doubt it
|choice|move 2|move 1
|
|move|p1a: Electrode|Thunder|p2a: Poliwag
|-supereffective|p2a: Poliwag
|-damage|p2a: Poliwag|0 fnt
|faint|p2a: Poliwag
|choice||switch 5
|
|switch|p2a: Growlithe|Growlithe, L77|233\/233
|turn|25
|c|★Disenchanted|:o
|choice|switch 5|move 1
|
|switch|p1a: Tentacruel|Tentacruel, L65|105\/230
|move|p2a: Growlithe|Flamethrower|p1a: Tentacruel
|-resisted|p1a: Tentacruel
|-damage|p1a: Tentacruel|78\/230
|
|turn|26
|choice|move 1|switch 3
|
|switch|p2a: Poliwrath|Poliwrath, L68|207\/252 tox
|-status|p2a: Poliwrath|psn
|-damage|p2a: Poliwrath|192\/252 psn|[from] psn
|move|p1a: Tentacruel|Hydro Pump|p2a: Poliwrath
|-resisted|p2a: Poliwrath
|-damage|p2a: Poliwrath|126\/252 psn
|
|turn|27
|choice|switch 4|move 1
|
|switch|p1a: Kabutops|Kabutops, L67|217\/217
|move|p2a: Poliwrath|Seismic Toss|p1a: Kabutops
|-damage|p1a: Kabutops|149\/217
|-damage|p2a: Poliwrath|111\/252 psn|[from] psn|[of] p1a: Kabutops
|
|turn|28
|choice|move 1|move 2
|
|move|p1a: Kabutops|Hyper Beam|p2a: Poliwrath
|-damage|p2a: Poliwrath|28\/252 psn
|move|p2a: Poliwrath|Metronome|p2a: Poliwrath
|move|p2a: Poliwrath|Transform|p1a: Kabutops|[from]Metronome
|-transform|p2a: Poliwrath|p1a: Kabutops
|-damage|p2a: Poliwrath|13\/252 psn|[from] psn
|
|turn|29
|-mustrecharge|p1a: Kabutops
|c|★HODOR|plz rby gods
|c|★HODOR|NO
|-mustrecharge|p1a: Kabutops
|c|★HODOR|fu rby gods
|c|★Disenchanted|hahaha
|choice|move 1|move 4
|
|cant|p1a: Kabutops|recharge
|move|p2a: Poliwrath|Seismic Toss|p1a: Kabutops
|-damage|p1a: Kabutops|81\/217
|-damage|p2a: Poliwrath|0 fnt|[from] psn|[of] p1a: Kabutops
|faint|p2a: Poliwrath
|choice||switch 6
|
|switch|p2a: Gyarados|Gyarados, L64|78\/248
|turn|30
|choice|move 1|move 3
|
|move|p1a: Kabutops|Hyper Beam|p2a: Gyarados
|-damage|p2a: Gyarados|0 fnt
|faint|p2a: Gyarados
|choice||switch 2
|
|switch|p2a: Ditto|Ditto, L80|238\/238
|turn|31
|choice|move 4|move 1
|
|move|p1a: Kabutops|Seismic Toss|p2a: Ditto
|-damage|p2a: Ditto|171\/238
|move|p2a: Ditto|Transform|p1a: Kabutops
|-transform|p2a: Ditto|p1a: Kabutops
|
|turn|32
|choice|move 4|move 4
|
|move|p1a: Kabutops|Seismic Toss|p2a: Ditto
|-damage|p2a: Ditto|104\/238
|move|p2a: Ditto|Seismic Toss|p1a: Kabutops
|-damage|p1a: Kabutops|1\/217
|
|turn|33
|choice|move 4|move 4
|
|move|p1a: Kabutops|Seismic Toss|p2a: Ditto
|-damage|p2a: Ditto|37\/238
|move|p2a: Ditto|Seismic Toss|p1a: Kabutops
|-damage|p1a: Kabutops|0 fnt
|faint|p1a: Kabutops
|choice|switch 4|
|
|switch|p1a: Tentacruel|Tentacruel, L65|78\/230
|turn|34
|choice|move 1|move 1
|
|move|p1a: Tentacruel|Hydro Pump|p2a: Ditto
|-crit|p2a: Ditto
|-damage|p2a: Ditto|0 fnt
|faint|p2a: Ditto
|c|★Disenchanted|omg
|c|★Disenchanted|i still won
|c|★Disenchanted|:o
|choice||switch 3
|
|switch|p2a: Growlithe|Growlithe, L77|233\/233
|turn|35
|c|★HODOR|hpump can miss
|choice|move 1|move 3
|
|move|p1a: Tentacruel|Hydro Pump|p2a: Growlithe|[miss]
|-miss|p1a: Tentacruel
|move|p2a: Growlithe|Double Team|p2a: Growlithe
|-boost|p2a: Growlithe|evasion|1
|
|turn|36
|choice|move 1|move 3
|
|move|p1a: Tentacruel|Hydro Pump|p2a: Growlithe
|-supereffective|p2a: Growlithe
|-damage|p2a: Growlithe|0 fnt
|faint|p2a: Growlithe
|
|win|Disenchanted