|inactive|Battle timer is ON: inactive players will automatically lose when time's up.
|J|Alexander
|J|Fortune
|player|p1|Alexander|101
|player|p2|Fortune|265
|gametype|singles
|gen|1
|tier|[Gen 1] OU
|seed|50795,39894,45194,49707
|rule|Sleep Clause Mod: Limit one foe put to sleep
|rule|Freeze Clause Mod: Limit one foe frozen
|rule|Species Clause: Limit one of each Pokémon
|rule|OHKO Clause: OHKO moves are banned
|rule|Evasion Moves Clause: Evasion moves are banned
|rule|HP Percentage Mod: HP is shown in percentages
|
|start
|switch|p1a: Gengar|Gengar|323\/323
|switch|p2a: Jynx|Jynx|333\/333
|turn|1
|J|Nayuki
|J|Finchinator
|J|absdaddy
|choice|move 1|move 2
|
|move|p1a: Gengar|Hypnosis|p2a: Jynx
|-status|p2a: Jynx|slp
|cant|p2a: Jynx|slp
|
|turn|2
|L|absdaddy
|choice|switch 2|switch 2
|
|switch|p1a: Alakazam|Alakazam|313\/313
|switch|p2a: Alakazam|Alakazam|313\/313
|
|turn|3
|J|Hack
|choice|move 2|move 3
|
|move|p1a: Alakazam|Thunder Wave|p2a: Alakazam
|-status|p2a: Alakazam|par
|move|p2a: Alakazam|Thunder Wave|p1a: Alakazam
|-status|p1a: Alakazam|par
|
|turn|4
|choice|move 3|move 1
|
|cant|p2a: Alakazam|par
|move|p1a: Alakazam|Seismic Toss|p2a: Alakazam
|-damage|p2a: Alakazam|213\/313 par
|
|turn|5
|choice|move 3|move 4
|
|cant|p1a: Alakazam|par
|move|p2a: Alakazam|Recover|p2a: Alakazam
|-heal|p2a: Alakazam|313\/313 par
|
|turn|6
|choice|move 1|switch 3
|
|switch|p2a: Chansey|Chansey|703\/703
|move|p1a: Alakazam|Psychic|p2a: Chansey
|-crit|p2a: Chansey
|-damage|p2a: Chansey|440\/703
|
|turn|7
|choice|move 3|move 1
|
|move|p2a: Chansey|Soft-Boiled|p2a: Chansey
|-heal|p2a: Chansey|703\/703
|move|p1a: Alakazam|Seismic Toss|p2a: Chansey
|-damage|p2a: Chansey|603\/703
|
|turn|8
|choice|move 2|move 4
|
|move|p2a: Chansey|Seismic Toss|p1a: Alakazam
|-damage|p1a: Alakazam|213\/313 par
|cant|p1a: Alakazam|par
|
|turn|9
|choice|move 2|move 4
|
|move|p2a: Chansey|Seismic Toss|p1a: Alakazam
|-damage|p1a: Alakazam|113\/313 par
|cant|p1a: Alakazam|par
|
|turn|10
|choice|move 4|move 4
|
|move|p2a: Chansey|Seismic Toss|p1a: Alakazam
|-damage|p1a: Alakazam|13\/313 par
|move|p1a: Alakazam|Recover|p1a: Alakazam
|-heal|p1a: Alakazam|169\/313 par
|
|turn|11
|choice|move 2|move 4
|
|move|p2a: Chansey|Seismic Toss|p1a: Alakazam
|-damage|p1a: Alakazam|69\/313 par
|move|p1a: Alakazam|Thunder Wave|p2a: Chansey
|-status|p2a: Chansey|par
|
|turn|12
|choice|move 4|move 4
|
|move|p1a: Alakazam|Recover|p1a: Alakazam
|-heal|p1a: Alakazam|225\/313 par
|move|p2a: Chansey|Seismic Toss|p1a: Alakazam
|-damage|p1a: Alakazam|125\/313 par
|
|turn|13
|choice|move 4|move 4
|
|move|p1a: Alakazam|Recover|p1a: Alakazam
|-heal|p1a: Alakazam|281\/313 par
|move|p2a: Chansey|Seismic Toss|p1a: Alakazam
|-damage|p1a: Alakazam|181\/313 par
|
|turn|14
|choice|move 4|switch 6
|
|switch|p2a: Snorlax|Snorlax|523\/523
|cant|p1a: Alakazam|par
|
|turn|15
|choice|switch 4|move 1
|
|switch|p1a: Snorlax|Snorlax|523\/523
|move|p2a: Snorlax|Body Slam|p1a: Snorlax
|-damage|p1a: Snorlax|383\/523
|
|turn|16
|choice|move 1|move 2
|
|move|p2a: Snorlax|Earthquake|p1a: Snorlax
|-damage|p1a: Snorlax|270\/523
|move|p1a: Snorlax|Amnesia|p1a: Snorlax
|-boost|p1a: Snorlax|spd|2
|-boost|p1a: Snorlax|spa|2
|
|turn|17
|choice|move 2|move 1
|
|move|p2a: Snorlax|Body Slam|p1a: Snorlax
|-damage|p1a: Snorlax|125\/523
|move|p1a: Snorlax|Blizzard|p2a: Snorlax|[miss]
|-miss|p1a: Snorlax
|
|turn|18
|choice|move 4|move 1
|
|move|p1a: Snorlax|Self-Destruct|p2a: Snorlax
|-damage|p2a: Snorlax|100\/523
|faint|p1a: Snorlax
|choice|switch 3|
|
|switch|p1a: Tauros|Tauros|353\/353
|turn|19
|choice|move 1|move 4
|
|move|p1a: Tauros|Body Slam|p2a: Snorlax
|-damage|p2a: Snorlax|0 fnt
|faint|p2a: Snorlax
|choice||switch 6
|
|switch|p2a: Chansey|Chansey|603\/703 par
|turn|20
|choice|switch 4|move 2
|
|switch|p1a: Alakazam|Alakazam|181\/313 par
|cant|p2a: Chansey|par
|
|turn|21
|choice|move 1|switch 4
|
|switch|p2a: Golem|Golem|363\/363
|move|p1a: Alakazam|Psychic|p2a: Golem
|-damage|p2a: Golem|169\/363
|-unboost|p2a: Golem|spd|1
|-unboost|p2a: Golem|spa|1
|
|turn|22
|choice|switch 6|move 2
|
|switch|p1a: Exeggutor|Exeggutor|393\/393
|move|p2a: Golem|Earthquake|p1a: Exeggutor
|-resisted|p1a: Exeggutor
|-damage|p1a: Exeggutor|325\/393
|
|turn|23
|choice|move 3|switch 2
|
|switch|p2a: Jynx|Jynx|333\/333 slp
|move|p1a: Exeggutor|Psychic|p2a: Jynx
|-resisted|p2a: Jynx
|-damage|p2a: Jynx|269\/333 slp
|
|turn|24
|choice|switch 4|move 4
|
|switch|p1a: Tauros|Tauros|353\/353
|cant|p2a: Jynx|slp
|
|turn|25
|choice|move 1|switch 2
|
|switch|p2a: Golem|Golem|169\/363
|move|p1a: Tauros|Body Slam|p2a: Golem
|-resisted|p2a: Golem
|-damage|p2a: Golem|129\/363
|
|turn|26
|choice|move 4|switch 4
|
|switch|p2a: Chansey|Chansey|603\/703 par
|move|p1a: Tauros|Blizzard|p2a: Chansey|[miss]
|-miss|p1a: Tauros
|
|turn|27
|choice|switch 6|move 4
|
|switch|p1a: Alakazam|Alakazam|181\/313 par
|move|p2a: Chansey|Seismic Toss|p1a: Alakazam
|-damage|p1a: Alakazam|81\/313 par
|
|turn|28
|choice|move 4|move 4
|
|cant|p1a: Alakazam|par
|move|p2a: Chansey|Seismic Toss|p1a: Alakazam
|-damage|p1a: Alakazam|0 fnt
|faint|p1a: Alakazam
|J|Gualino
|J|Based Scythe
|choice|switch 6|
|
|switch|p1a: Tauros|Tauros|353\/353
|turn|29
|L|Based Scythe
|choice|move 1|move 2
|
|move|p1a: Tauros|Body Slam|p2a: Chansey
|-damage|p2a: Chansey|337\/703 par
|cant|p2a: Chansey|par
|
|turn|30
|choice|move 1|switch 4
|
|switch|p2a: Golem|Golem|129\/363
|move|p1a: Tauros|Body Slam|p2a: Golem
|-resisted|p2a: Golem
|-damage|p2a: Golem|89\/363
|
|turn|31
|J|f a pking g
|L|Gualino
|choice|move 2|move 3
|
|move|p1a: Tauros|Earthquake|p2a: Golem
|-supereffective|p2a: Golem
|-damage|p2a: Golem|0 fnt
|faint|p2a: Golem
|choice||switch 5
|
|switch|p2a: Koopacow|Tauros|353\/353
|turn|32
|L|Hack
|choice|move 1|move 1
|
|move|p1a: Tauros|Body Slam|p2a: Koopacow
|-damage|p2a: Koopacow|256\/353
|move|p2a: Koopacow|Body Slam|p1a: Tauros
|-damage|p1a: Tauros|258\/353
|
|turn|33
|choice|move 1|move 1
|
|move|p2a: Koopacow|Body Slam|p1a: Tauros
|-damage|p1a: Tauros|158\/353
|move|p1a: Tauros|Body Slam|p2a: Koopacow
|-damage|p2a: Koopacow|148\/353
|
|turn|34
|choice|switch 2|move 4
|
|switch|p1a: Gengar|Gengar|323\/323
|move|p2a: Koopacow|Hyper Beam|p1a: Gengar
|-immune|p1a: Gengar|[msg]
|
|turn|35
|J|zedpi
|L|zedpi
|choice|move 4|switch 2
|
|switch|p2a: Jynx|Jynx|269\/333 slp
|move|p1a: Gengar|Night Shade|p2a: Jynx
|-damage|p2a: Jynx|169\/333 slp
|
|turn|36
|choice|move 4|move 1
|
|move|p1a: Gengar|Night Shade|p2a: Jynx
|-damage|p2a: Jynx|69\/333 slp
|cant|p2a: Jynx|slp
|
|turn|37
|choice|move 4|switch 4
|
|switch|p2a: Chansey|Chansey|337\/703 par
|move|p1a: Gengar|Night Shade|p2a: Chansey
|-damage|p2a: Chansey|237\/703 par
|
|turn|38
|choice|move 2|move 1
|
|move|p1a: Gengar|Explosion|p2a: Chansey
|-damage|p2a: Chansey|0 fnt
|faint|p2a: Chansey
|faint|p1a: Gengar
|choice|switch 4|switch 2
|
|switch|p2a: Koopacow|Tauros|148\/353
|switch|p1a: Exeggutor|Exeggutor|325\/393
|turn|39
|choice|move 3|switch 3
|
|switch|p2a: Alakazam|Alakazam|313\/313 par
|move|p1a: Exeggutor|Psychic|p2a: Alakazam
|-crit|p2a: Alakazam
|-resisted|p2a: Alakazam
|-damage|p2a: Alakazam|215\/313 par
|-unboost|p2a: Alakazam|spd|1
|-unboost|p2a: Alakazam|spa|1
|
|turn|40
|choice|move 4|move 3
|
|move|p1a: Exeggutor|Explosion|p2a: Alakazam
|-damage|p2a: Alakazam|0 fnt
|faint|p2a: Alakazam
|faint|p1a: Exeggutor
|choice|switch 5|switch 3
|
|switch|p1a: Jolteon|Jolteon|333\/333
|switch|p2a: Koopacow|Tauros|148\/353
|turn|41
|c|★Fortune|gg
|choice|move 2|move 3
|
|move|p1a: Jolteon|Thunder Wave|p2a: Koopacow
|-status|p2a: Koopacow|par
|move|p2a: Koopacow|Earthquake|p1a: Jolteon
|-supereffective|p1a: Jolteon
|-damage|p1a: Jolteon|122\/333
|
|turn|42
|c|★Alexander|gg
|choice|move 1|move 3
|
|move|p1a: Jolteon|Thunderbolt|p2a: Koopacow
|-damage|p2a: Koopacow|5\/353 par
|move|p2a: Koopacow|Earthquake|p1a: Jolteon
|-supereffective|p1a: Jolteon
|-damage|p1a: Jolteon|0 fnt
|faint|p1a: Jolteon
|choice|switch 2|
|
|switch|p1a: Tauros|Tauros|158\/353
|turn|43
|c|★Fortune|i gotta get the 255 chance or w\/e
|choice|move 1|move 3
|
|move|p1a: Tauros|Body Slam|p2a: Koopacow
|-damage|p2a: Koopacow|0 fnt
|faint|p2a: Koopacow
|choice||switch 4
|
|switch|p2a: Jynx|Jynx|69\/333 slp
|turn|44
|c|★Fortune|twice
|c|★Fortune|lol
|choice|move 1|move 2
|
|move|p1a: Tauros|Body Slam|p2a: Jynx
|-damage|p2a: Jynx|0 fnt
|faint|p2a: Jynx
|
|win|Alexander