|inactive|Battle timer is ON: inactive players will automatically lose when time's up.
|J|xtra$hine
|J|Beds
|player|p1|xtra$hine|169
|player|p2|Beds|252
|gametype|singles
|gen|1
|tier|[Gen 1] OU
|rule|Sleep Clause Mod: Limit one foe put to sleep
|rule|Freeze Clause Mod: Limit one foe frozen
|rule|Species Clause: Limit one of each Pokémon
|rule|OHKO Clause: OHKO moves are banned
|rule|Evasion Moves Clause: Evasion moves are banned
|rule|HP Percentage Mod: HP is shown in percentages
|
|start
|switch|p1a: Jolteon|Jolteon|333\/333
|switch|p2a: Starmie|Starmie|323\/323
|turn|1
|J|KratosMana
|J|Quaggsterrr
|J|Get this Money
|J|KlefkiHolder
|J|choollio
|J|sca1d
|J|Leftiez
|J|reiku
|J|Lord Mur
|J|Betapf
|J|Shoka
|J|DoubleOD
|J|Freeroamer
|J|forthetroll
|c|★xtra$hine|May Allah Be With Me
|J|XxRayxX
|J|skup
|J|mccauley
|J|daftmau5
|J|Lusso
|J|darkpsiana
|J|1123581321L
|J|Real FV13
|J|giara
|J|RainPB
|J|Felonyy
|J|nowhere to escape
|J|Mael oo
|J|M Dragon
|J|marcoasd
|J|Mazary
|J|Omfuga
|J|theurbandear
|
|switch|p2a: Chansey|Chansey|703\/703
|move|p1a: Jolteon|Thunderbolt|p2a: Chansey
|-damage|p2a: Chansey|591\/703
|-status|p2a: Chansey|par
|
|turn|2
|J|MoxieInfinite
|J|DerSweeper
|J|Isa RC
|J|Yogiras
|J|ludicrousman
|J|Invok3r
|J|Funkasaurus
|
|move|p1a: Jolteon|Double Kick|p2a: Chansey
|-supereffective|p2a: Chansey
|-damage|p2a: Chansey|484\/703 par
|-damage|p2a: Chansey|377\/703 par
|-hitcount|p2a: Chansey|2
|move|p2a: Chansey|Thunder Wave|p1a: Jolteon
|-status|p1a: Jolteon|par
|
|turn|3
|J|Holiano
|J|Gucci Bando
|J|Genesis7
|J|Lightchu
|J|sugarhigh
|J|Subject 18
|J|Ox the Fox
|
|move|p1a: Jolteon|Double Kick|p2a: Chansey
|-supereffective|p2a: Chansey
|-damage|p2a: Chansey|272\/703 par
|-damage|p2a: Chansey|167\/703 par
|-hitcount|p2a: Chansey|2
|cant|p2a: Chansey|par
|
|turn|4
|J|Malekith
|J|Lady bug
|
|switch|p2a: Exeggutor|Exeggutor|393\/393
|move|p1a: Jolteon|Double Kick|p2a: Exeggutor
|-resisted|p2a: Exeggutor
|-damage|p2a: Exeggutor|383\/393
|-damage|p2a: Exeggutor|373\/393
|-hitcount|p2a: Exeggutor|2
|
|turn|5
|J|Bughouse
|J|babidi1998
|J|innovamania
|
|move|p2a: Exeggutor|Psychic|p1a: Jolteon
|-damage|p1a: Jolteon|217\/333 par
|move|p1a: Jolteon|Thunder Wave|p2a: Exeggutor
|-status|p2a: Exeggutor|par
|
|turn|6
|J|spindaftw
|J|eoa
|
|switch|p2a: Rhydon|Rhydon|413\/413
|move|p1a: Jolteon|Pin Missile|p2a: Rhydon|[miss]
|-miss|p1a: Jolteon
|
|turn|7
|J|aopga
|J|TheLaughingCats
|J|PNF
|J|zdrup
|J|Cronenberg
|J|Lohgock
|
|switch|p1a: Exeggutor|Exeggutor|393\/393
|move|p2a: Rhydon|Body Slam|p1a: Exeggutor
|-damage|p1a: Exeggutor|301\/393
|
|turn|8
|J|blue Celestine
|J|DennisEG
|J|HODOR
|J|Moony
|J|BahaWin
|
|switch|p2a: Exeggutor|Exeggutor|373\/393 par
|move|p1a: Exeggutor|Psychic|p2a: Exeggutor
|-resisted|p2a: Exeggutor
|-damage|p2a: Exeggutor|324\/393 par
|-unboost|p2a: Exeggutor|spd|1
|-unboost|p2a: Exeggutor|spa|1
|
|turn|9
|L|sugarhigh
|J|Conflict
|J|Wesleyxd
|
|move|p1a: Exeggutor|Psychic|p2a: Exeggutor
|-crit|p2a: Exeggutor
|-resisted|p2a: Exeggutor
|-damage|p2a: Exeggutor|225\/393 par
|-unboost|p2a: Exeggutor|spd|1
|-unboost|p2a: Exeggutor|spa|1
|move|p2a: Exeggutor|Psychic|p1a: Exeggutor
|-resisted|p1a: Exeggutor
|-damage|p1a: Exeggutor|274\/393
|
|turn|10
|J|metagame secrets
|J|GoaoTwo
|
|switch|p2a: Starmie|Starmie|323\/323
|move|p1a: Exeggutor|Psychic|p2a: Starmie
|-resisted|p2a: Starmie
|-damage|p2a: Starmie|264\/323
|
|turn|11
|J|MrAldoPls
|J|WhiteQueen
|L|eoa
|
|switch|p2a: Exeggutor|Exeggutor|225\/393 par
|move|p1a: Exeggutor|Stun Spore|p2a: Exeggutor
|-fail|p2a: Exeggutor|par
|
|turn|12
|
|move|p1a: Exeggutor|Psychic|p2a: Exeggutor
|-resisted|p2a: Exeggutor
|-damage|p2a: Exeggutor|172\/393 par
|move|p2a: Exeggutor|Sleep Powder|p1a: Exeggutor
|-status|p1a: Exeggutor|slp
|
|turn|13
|L|WhiteQueen
|J|Tesung
|L|Ox the Fox
|
|cant|p1a: Exeggutor|slp
|move|p2a: Exeggutor|Psychic|p1a: Exeggutor
|-crit|p1a: Exeggutor
|-resisted|p1a: Exeggutor
|-damage|p1a: Exeggutor|165\/393 slp
|
|turn|14
|J|Finchinator
|
|cant|p1a: Exeggutor|slp
|cant|p2a: Exeggutor|par
|
|turn|15
|J|nazonokusa
|J|radianthero156
|
|cant|p1a: Exeggutor|slp
|cant|p2a: Exeggutor|par
|
|turn|16
|J|ReshiRampage
|J|Alastor Law
|L|ReshiRampage
|
|cant|p1a: Exeggutor|slp
|move|p2a: Exeggutor|Psychic|p1a: Exeggutor
|-resisted|p1a: Exeggutor
|-damage|p1a: Exeggutor|115\/393 slp
|
|turn|17
|
|switch|p2a: Starmie|Starmie|264\/323
|cant|p1a: Exeggutor|slp
|
|turn|18
|L|sca1d
|J|sca1d
|L|sca1d
|J|Bouff
|
|switch|p1a: Jolteon|Jolteon|217\/333 par
|move|p2a: Starmie|Blizzard|p1a: Jolteon
|-crit|p1a: Jolteon
|-damage|p1a: Jolteon|58\/333 par
|
|turn|19
|
|switch|p1a: Starmie|Starmie|323\/323
|move|p2a: Starmie|Psychic|p1a: Starmie
|-resisted|p1a: Starmie
|-damage|p1a: Starmie|270\/323
|
|turn|20
|J|seductive funbro
|
|move|p2a: Starmie|Thunder Wave|p1a: Starmie
|-status|p1a: Starmie|par
|move|p1a: Starmie|Thunder Wave|p2a: Starmie
|-status|p2a: Starmie|par
|
|turn|21
|L|Lohgock
|J|eoa
|J|Lyconik
|
|cant|p2a: Starmie|par
|move|p1a: Starmie|Psychic|p2a: Starmie
|-resisted|p2a: Starmie
|-damage|p2a: Starmie|211\/323 par
|
|turn|22
|J|Lohgock
|J|hyogafodex
|
|move|p2a: Starmie|Psychic|p1a: Starmie
|-resisted|p1a: Starmie
|-damage|p1a: Starmie|219\/323 par
|-unboost|p1a: Starmie|spd|1
|-unboost|p1a: Starmie|spa|1
|move|p1a: Starmie|Psychic|p2a: Starmie
|-resisted|p2a: Starmie
|-damage|p2a: Starmie|174\/323 par
|
|turn|23
|
|switch|p1a: Jolteon|Jolteon|58\/333 par
|move|p2a: Starmie|Recover|p2a: Starmie
|-heal|p2a: Starmie|323\/323 par
|
|turn|24
|
|switch|p1a: Starmie|Starmie|219\/323 par
|switch|p2a: Rhydon|Rhydon|413\/413
|
|turn|25
|J|sca1d
|
|switch|p2a: Starmie|Starmie|323\/323 par
|cant|p1a: Starmie|par
|
|turn|26
|
|cant|p2a: Starmie|par
|cant|p1a: Starmie|par
|
|turn|27
|
|move|p2a: Starmie|Psychic|p1a: Starmie
|-resisted|p1a: Starmie
|-damage|p1a: Starmie|167\/323 par
|move|p1a: Starmie|Recover|p1a: Starmie
|-heal|p1a: Starmie|323\/323 par
|
|turn|28
|J|atomicllamas
|J|Zephir
|
|move|p1a: Starmie|Psychic|p2a: Starmie
|-resisted|p2a: Starmie
|-damage|p2a: Starmie|269\/323 par
|-unboost|p2a: Starmie|spd|1
|-unboost|p2a: Starmie|spa|1
|move|p2a: Starmie|Psychic|p1a: Starmie
|-resisted|p1a: Starmie
|-damage|p1a: Starmie|290\/323 par
|
|turn|29
|L|sca1d
|J|craing
|J|WhiteQueen
|
|move|p1a: Starmie|Psychic|p2a: Starmie
|-resisted|p2a: Starmie
|-damage|p2a: Starmie|189\/323 par
|move|p2a: Starmie|Psychic|p1a: Starmie
|-resisted|p1a: Starmie
|-damage|p1a: Starmie|252\/323 par
|
|turn|30
|
|move|p1a: Starmie|Psychic|p2a: Starmie
|-resisted|p2a: Starmie
|-damage|p2a: Starmie|115\/323 par
|move|p2a: Starmie|Recover|p2a: Starmie
|-heal|p2a: Starmie|276\/323 par
|
|turn|31
|L|Isa RC
|
|cant|p1a: Starmie|par
|cant|p2a: Starmie|par
|
|turn|32
|
|move|p1a: Starmie|Psychic|p2a: Starmie
|-resisted|p2a: Starmie
|-damage|p2a: Starmie|191\/323 par
|cant|p2a: Starmie|par
|
|turn|33
|J|sca1d
|J|icarious
|
|move|p1a: Starmie|Psychic|p2a: Starmie
|-crit|p2a: Starmie
|-resisted|p2a: Starmie
|-damage|p2a: Starmie|86\/323 par
|cant|p2a: Starmie|par
|
|turn|34
|J|UrfTheManatee
|
|move|p1a: Starmie|Psychic|p2a: Starmie
|-crit|p2a: Starmie
|-resisted|p2a: Starmie
|-damage|p2a: Starmie|0 fnt
|faint|p2a: Starmie
|J|BeagleTime123
|
|switch|p2a: Rhydon|Rhydon|413\/413
|turn|35
|J|boudouche
|J|Cristal
|J|EvaUnit10
|
|move|p2a: Rhydon|Earthquake|p1a: Starmie
|-damage|p1a: Starmie|105\/323 par
|move|p1a: Starmie|Psychic|p2a: Rhydon
|-damage|p2a: Rhydon|247\/413
|-unboost|p2a: Rhydon|spd|1
|-unboost|p2a: Rhydon|spa|1
|
|turn|36
|J|QueenOfLuvdiscs
|
|switch|p1a: Jolteon|Jolteon|58\/333 par
|move|p2a: Rhydon|Earthquake|p1a: Jolteon
|-supereffective|p1a: Jolteon
|-damage|p1a: Jolteon|0 fnt
|faint|p1a: Jolteon
|
|switch|p1a: Tauros|Tauros|353\/353
|turn|37
|
|switch|p2a: Chansey|Chansey|167\/703 par
|move|p1a: Tauros|Blizzard|p2a: Chansey
|-damage|p2a: Chansey|95\/703 par
|
|turn|38
|
|move|p1a: Tauros|Earthquake|p2a: Chansey
|-damage|p2a: Chansey|0 fnt
|faint|p2a: Chansey
|J|IKARI GENDO
|
|switch|p2a: Slowbro|Slowbro|393\/393
|turn|39
|L|sca1d
|
|switch|p1a: Starmie|Starmie|105\/323 par
|move|p2a: Slowbro|Amnesia|p2a: Slowbro
|-boost|p2a: Slowbro|spd|2
|-boost|p2a: Slowbro|spa|2
|
|turn|40
|J|Evuelf
|J|Fire Lord Mako
|
|move|p2a: Slowbro|Amnesia|p2a: Slowbro
|-boost|p2a: Slowbro|spd|2
|-boost|p2a: Slowbro|spa|2
|cant|p1a: Starmie|par
|
|turn|41
|L|Wesleyxd
|
|move|p2a: Slowbro|Surf|p1a: Starmie
|-resisted|p1a: Starmie
|-damage|p1a: Starmie|0 fnt
|faint|p1a: Starmie
|
|switch|p1a: Snorlax|Snorlax|523\/523
|turn|42
|J|Serpi386
|J|sca1d
|J|zedpi
|L|zedpi
|
|move|p1a: Snorlax|Self-Destruct|p2a: Slowbro
|-damage|p2a: Slowbro|84\/393
|faint|p1a: Snorlax
|
|switch|p1a: Tauros|Tauros|353\/353
|turn|43
|L|BeagleTime123
|J|zedpi
|L|TheLaughingCats
|L|zedpi
|J|fallingame
|
|move|p1a: Tauros|Body Slam|p2a: Slowbro
|-damage|p2a: Slowbro|0 fnt
|faint|p2a: Slowbro
|J|During Summer
|
|switch|p2a: Tauros|Tauros|353\/353
|turn|44
|J|TheLaughingCats
|L|sca1d
|
|move|p2a: Tauros|Body Slam|p1a: Tauros
|-crit|p1a: Tauros
|-damage|p1a: Tauros|168\/353
|move|p1a: Tauros|Blizzard|p2a: Tauros
|-damage|p2a: Tauros|253\/353
|
|turn|45
|J|sca1d
|J|Ticken
|J|SoulWind
|
|switch|p1a: Zapdos|Zapdos|383\/383
|move|p2a: Tauros|Hyper Beam|p1a: Zapdos
|-crit|p1a: Zapdos
|-damage|p1a: Zapdos|34\/383
|
|turn|46
|-mustrecharge|p2a: Tauros
|J|BLINGAS
|J|Halcyon of Light
|L|zdrup
|J|zdrup
|-mustrecharge|p2a: Tauros
|J|Twin Citiez
|
|cant|p2a: Tauros|recharge
|move|p1a: Zapdos|Thunderbolt|p2a: Tauros
|-damage|p2a: Tauros|76\/353
|-status|p2a: Tauros|par
|
|turn|47
|c|★xtra$hine|double whammy
|c|★Beds|that b poor
|J|The RNGesus
|
|switch|p1a: Exeggutor|Exeggutor|115\/393 slp
|move|p2a: Tauros|Body Slam|p1a: Exeggutor
|-crit|p1a: Exeggutor
|-damage|p1a: Exeggutor|0 fnt
|faint|p1a: Exeggutor
|
|switch|p1a: Tauros|Tauros|168\/353
|turn|48
|c|★xtra$hine|crazy games beddy..
|J|Jimmy Turtwig
|L|Invok3r
|c|★xtra$hine|that rock type just made it harder for me 
|
|move|p1a: Tauros|Body Slam|p2a: Tauros
|-damage|p2a: Tauros|0 fnt
|faint|p2a: Tauros
|J|Colchonero
|
|switch|p2a: Exeggutor|Exeggutor|172\/393 par
|turn|49
|J|zedpi
|L|zdrup
|
|move|p1a: Tauros|Hyper Beam|p2a: Exeggutor
|-crit|p2a: Exeggutor
|-damage|p2a: Exeggutor|0 fnt
|faint|p2a: Exeggutor
|
|switch|p2a: Rhydon|Rhydon|247\/413
|turn|50
|
|move|p1a: Tauros|Blizzard|p2a: Rhydon
|-crit|p2a: Rhydon
|-supereffective|p2a: Rhydon
|-damage|p2a: Rhydon|0 fnt
|faint|p2a: Rhydon
|
|win|xtra$hine