|J|marcoasd
|J|Tobes
|player|p1|marcoasd|169
|player|p2|Tobes|#tobes
|gametype|singles
|gen|1
|tier|[Gen 1] OU
|seed|
|rule|Sleep Clause Mod: Limit one foe put to sleep
|rule|Freeze Clause Mod: Limit one foe frozen
|rule|Species Clause: Limit one of each Pokémon
|rule|OHKO Clause: OHKO moves are banned
|rule|Evasion Moves Clause: Evasion moves are banned
|rule|HP Percentage Mod: HP is shown in percentages
|
|start
|switch|p1a: Jynx|Jynx|100\/100
|switch|p2a: Alakazam|Alakazam|100\/100
|turn|1
|J|Da Skywalker
|J|Zamrock
|J|Esteemed User
|J|King Tsunami
|J|bro fist
|J|mael
|J|blunderr
|J|KratosMana
|J|Zepherox
|J|Purrl
|J|sample size 13
|J|jira
|J|MetalGro$$
|J|Nails
|J|Bouff
|J|LUCKSKILL
|J|Syncrasy
|J|smilzo
|J|boudouche
|J|DennisEG
|c|★Tobes|gl
|J|rozes
|J|scheisse
|J|Ernes
|J|Steve Angello
|J|Hikari
|J|the pdc show
|J|Reportings
|raw|<div class="broadcast-red"><b>Moderated chat was set to %!<\/b><br \/>Only users of rank % and higher can talk.<\/div>
|J|Bomber
|J|Beds
|J|Prankster
|J|xRay~
|J|DG9
|raw|<div class="broadcast-red"><b>Moderated chat was set to @!<\/b><br \/>Only users of rank @ and higher can talk.<\/div>
|J|Ary
|J|magical words
|J|Doyen
|L|Ary
|choice||
|
|move|p2a: Alakazam|Thunder Wave|p1a: Jynx
|-status|p1a: Jynx|par
|move|p1a: Jynx|Lovely Kiss|p2a: Alakazam|[miss]
|-miss|p1a: Jynx
|
|turn|2
|J|Bad Ass
|choice||
|
|move|p2a: Alakazam|Seismic Toss|p1a: Jynx
|-damage|p1a: Jynx|70\/100 par
|move|p1a: Jynx|Lovely Kiss|p2a: Alakazam
|-status|p2a: Alakazam|slp
|
|turn|3
|J|xMarth
|choice||
|
|cant|p2a: Alakazam|slp
|move|p1a: Jynx|Blizzard|p2a: Alakazam
|-damage|p2a: Alakazam|65\/100 slp
|
|turn|4
|J|deoxys speed lol
|J|dodmen
|J|AGuyWithPants
|J|dEnIsSsS
|J|Jirachee
|J|mikv
|J|Valentine
|L|Valentine
|choice||
|
|switch|p2a: Lapras|Lapras|100\/100
|move|p1a: Jynx|Blizzard|p2a: Lapras
|-resisted|p2a: Lapras
|-damage|p2a: Lapras|93\/100
|
|turn|5
|choice||
|
|move|p2a: Lapras|Thunderbolt|p1a: Jynx
|-damage|p1a: Jynx|47\/100 par
|cant|p1a: Jynx|par
|
|turn|6
|choice||
|
|switch|p1a: Chansey|Chansey|100\/100
|move|p2a: Lapras|Sing|p1a: Chansey
|-status|p1a: Chansey|slp
|
|turn|7
|J|windsong
|choice||
|
|switch|p2a: Tauros|Tauros|100\/100
|switch|p1a: Lapras|Lapras, M|100\/100
|
|turn|8
|J|ElyasTheGreat
|J|Can
|L|blunderr
|J|aimless oo
|J|The Goomy
|choice||
|
|switch|p2a: Chansey|Chansey|100\/100
|move|p1a: Lapras|Blizzard|p2a: Chansey
|-damage|p2a: Chansey|81\/100
|
|turn|9
|J|Lusch
|J|Cosine180
|choice||
|
|switch|p1a: Chansey|Chansey|100\/100 slp
|move|p2a: Chansey|Thunderbolt|p1a: Chansey
|-crit|p1a: Chansey
|-damage|p1a: Chansey|80\/100 slp
|
|turn|10
|choice||
|
|switch|p1a: Exeggutor|Exeggutor, M|100\/100
|switch|p2a: Tauros|Tauros|100\/100
|
|turn|11
|J|SparksBlade
|J|da old kanye
|J|CrashinBoomBang
|J|Mr.378
|J|iplaytennislol
|L|da old kanye
|J|Kiyo
|J|hkmn
|J|PttP
|choice||
|
|switch|p2a: Exeggutor|Exeggutor|100\/100
|move|p1a: Exeggutor|Stun Spore|p2a: Exeggutor
|-status|p2a: Exeggutor|par
|
|turn|12
|J|Updated Kanto
|choice||
|
|move|p1a: Exeggutor|Psychic|p2a: Exeggutor
|-resisted|p2a: Exeggutor
|-damage|p2a: Exeggutor|86\/100 par
|move|p2a: Exeggutor|Psychic|p1a: Exeggutor
|-resisted|p1a: Exeggutor
|-damage|p1a: Exeggutor|87\/100
|-unboost|p1a: Exeggutor|spd|1
|-unboost|p1a: Exeggutor|spa|1
|
|turn|13
|L|King Tsunami
|J|fapkingg
|J|King Tsunami
|J|nbf per la gente
|choice||
|
|move|p1a: Exeggutor|Psychic|p2a: Exeggutor
|-resisted|p2a: Exeggutor
|-damage|p2a: Exeggutor|77\/100 par
|move|p2a: Exeggutor|Psychic|p1a: Exeggutor
|-crit|p1a: Exeggutor
|-resisted|p1a: Exeggutor
|-damage|p1a: Exeggutor|59\/100
|
|turn|14
|L|hkmn
|choice||
|
|switch|p1a: Jynx|Jynx|47\/100 par
|cant|p2a: Exeggutor|par
|
|turn|15
|choice||
|
|switch|p2a: Lapras|Lapras|93\/100
|move|p1a: Jynx|Psychic|p2a: Lapras
|-damage|p2a: Lapras|70\/100
|
|turn|16
|J|hkmn
|choice||
|
|move|p2a: Lapras|Hyper Beam|p1a: Jynx
|-damage|p1a: Jynx|0 fnt
|faint|p1a: Jynx
|choice||
|
|switch|p1a: Lapras|Lapras, M|100\/100
|turn|17
|choice||
|
|switch|p2a: Chansey|Chansey|81\/100
|move|p1a: Lapras|Thunderbolt|p2a: Chansey
|-crit|p2a: Chansey
|-damage|p2a: Chansey|62\/100
|
|turn|18
|choice||
|
|move|p1a: Lapras|Confuse Ray|p2a: Chansey
|-start|p2a: Chansey|confusion
|-activate|p2a: Chansey|confusion
|-damage|p2a: Chansey|57\/100|[from] confusion
|
|turn|19
|J|hyogafodex
|L|mikv
|L|Prankster
|choice||
|
|move|p1a: Lapras|Body Slam|p2a: Chansey
|-crit|p2a: Chansey
|-damage|p2a: Chansey|13\/100
|-activate|p2a: Chansey|confusion
|move|p2a: Chansey|Soft-Boiled|p2a: Chansey
|-heal|p2a: Chansey|63\/100
|
|turn|20
|J|seeme
|J|choollio
|choice||
|
|switch|p1a: Snorlax|Snorlax, M|100\/100
|-activate|p2a: Chansey|confusion
|-damage|p2a: Chansey|58\/100|[from] confusion
|
|turn|21
|J|Omfuga
|L|Updated Kanto
|L|smilzo
|L|Can
|J|lt4 julius
|choice||
|
|switch|p2a: Exeggutor|Exeggutor|77\/100 par
|move|p1a: Snorlax|Body Slam|p2a: Exeggutor
|-damage|p2a: Exeggutor|47\/100 par
|
|turn|22
|choice||
|
|move|p1a: Snorlax|Hyper Beam|p2a: Exeggutor
|-damage|p2a: Exeggutor|0 fnt
|faint|p2a: Exeggutor
|choice||
|
|switch|p2a: Snorlax|Snorlax|100\/100
|turn|23
|J|Yyyygfffg
|J|Hyperflume
|L|hkmn
|L|LUCKSKILL
|choice||
|
|move|p2a: Snorlax|Reflect|p2a: Snorlax
|-start|p2a: Snorlax|Reflect
|move|p1a: Snorlax|Body Slam|p2a: Snorlax
|-damage|p2a: Snorlax|88\/100
|
|turn|24
|J|Teddeh
|J|12C4
|choice||
|
|switch|p1a: Lapras|Lapras, M|100\/100
|move|p2a: Snorlax|Body Slam|p1a: Lapras
|-damage|p1a: Lapras|71\/100
|
|turn|25
|L|AGuyWithPants
|choice||
|
|move|p1a: Lapras|Blizzard|p2a: Snorlax
|-crit|p2a: Snorlax
|-damage|p2a: Snorlax|20\/100
|move|p2a: Snorlax|Body Slam|p1a: Lapras
|-damage|p1a: Lapras|44\/100
|-status|p1a: Lapras|par
|
|turn|26
|J|peli
|choice||
|
|move|p2a: Snorlax|Rest|p2a: Snorlax
|-status|p2a: Snorlax|slp
|-heal|p2a: Snorlax|100\/100 slp|[silent]
|-status|p2a: Snorlax|slp|[from] move: Rest
|move|p1a: Lapras|Blizzard|p2a: Snorlax
|-damage|p2a: Snorlax|68\/100 slp
|
|turn|27
|J|Yyyygfffg
|J|AGuyWithPants
|J|Lady bug
|choice||
|
|cant|p2a: Snorlax|slp
|cant|p1a: Lapras|par
|
|turn|28
|J|Void
|choice||
|
|-curestatus|p2a: Snorlax|slp
|move|p1a: Lapras|Blizzard|p2a: Snorlax
|-crit|p2a: Snorlax
|-damage|p2a: Snorlax|0 fnt
|faint|p2a: Snorlax
|J|Eveling
|J|0kay
|choice||
|
|switch|p2a: Chansey|Chansey|58\/100
|turn|29
|L|the pdc show
|L|lt4 julius
|J|Jayde
|J|BlackBulletKisara
|J|Yyyygfffg
|choice||
|
|switch|p1a: Exeggutor|Exeggutor, M|59\/100
|move|p2a: Chansey|Soft-Boiled|p2a: Chansey
|-heal|p2a: Chansey|100\/100
|
|turn|30
|L|0kay
|choice||
|
|move|p1a: Exeggutor|Stun Spore|p2a: Chansey
|-status|p2a: Chansey|par
|cant|p2a: Chansey|par
|
|turn|31
|J|jacob
|L|Da Skywalker
|J|Triangles RSE
|J|LUCKSKILL
|choice||
|
|switch|p1a: Snorlax|Snorlax, M|100\/100
|switch|p2a: Alakazam|Alakazam|65\/100 slp
|
|turn|32
|J|Da Skywalker
|J|Ox the Fox
|J|Nintendi
|J|GOD MARTH
|J|weshbien
|J|Unbirthd_E
|J|Big Chin Bandit
|J|mikv
|L|Eveling
|choice||
|
|switch|p2a: Lapras|Lapras|70\/100
|move|p1a: Snorlax|Body Slam|p2a: Lapras
|-damage|p2a: Lapras|42\/100
|-status|p2a: Lapras|par
|
|turn|33
|J|Vinc2612
|J|hkmn
|J|Sugar K Leonard
|J|blunderr
|choice||
|
|move|p1a: Snorlax|Hyper Beam|p2a: Lapras
|-damage|p2a: Lapras|0 fnt
|faint|p2a: Lapras
|J|JabbaTheGriffin
|choice||
|
|switch|p2a: Tauros|Tauros|100\/100
|turn|34
|choice||
|
|move|p2a: Tauros|Blizzard|p1a: Snorlax
|-crit|p1a: Snorlax
|-damage|p1a: Snorlax|61\/100
|-status|p1a: Snorlax|frz
|cant|p1a: Snorlax|frz
|
|turn|35
|J|Jimmy Turtwig
|choice||
|
|switch|p2a: Chansey|Chansey|100\/100 par
|cant|p1a: Snorlax|frz
|
|turn|36
|J|beatiful
|L|beatiful
|J|Mizuhime
|choice||
|
|switch|p1a: Chansey|Chansey|80\/100 slp
|move|p2a: Chansey|Thunderbolt|p1a: Chansey
|-damage|p1a: Chansey|69\/100 slp
|
|turn|37
|choice||
|
|switch|p2a: Tauros|Tauros|100\/100
|cant|p1a: Chansey|slp
|
|turn|38
|choice||
|
|switch|p1a: Snorlax|Snorlax, M|61\/100 frz
|move|p2a: Tauros|Body Slam|p1a: Snorlax
|-damage|p1a: Snorlax|36\/100 frz
|
|turn|39
|J|Soulgazer
|choice||
|
|switch|p2a: Alakazam|Alakazam|65\/100 slp
|cant|p1a: Snorlax|frz
|
|turn|40
|choice||
|
|switch|p1a: Tauros|Tauros|100\/100
|cant|p2a: Alakazam|slp
|
|turn|41
|J|iamgingy
|choice||
|
|switch|p2a: Chansey|Chansey|100\/100 par
|move|p1a: Tauros|Body Slam|p2a: Chansey
|-damage|p2a: Chansey|61\/100 par
|
|turn|42
|J|k3nan
|J|Aurious
|choice||
|
|switch|p2a: Alakazam|Alakazam|65\/100 slp
|move|p1a: Tauros|Hyper Beam|p2a: Alakazam
|-damage|p2a: Alakazam|0 fnt
|faint|p2a: Alakazam
|J|blapperl
|choice||
|
|switch|p2a: Tauros|Tauros|100\/100
|turn|43
|choice||
|
|switch|p1a: Snorlax|Snorlax, M|36\/100 frz
|move|p2a: Tauros|Body Slam|p1a: Snorlax
|-damage|p1a: Snorlax|11\/100 frz
|
|turn|44
|J|Bughouse
|J|Hyssou
|choice||
|
|move|p2a: Tauros|Body Slam|p1a: Snorlax
|-damage|p1a: Snorlax|0 fnt
|faint|p1a: Snorlax
|J|0kay
|J|BahaWin
|choice||
|
|switch|p1a: Exeggutor|Exeggutor, M|59\/100
|turn|45
|J|qsns
|L|weshbien
|choice||
|
|move|p2a: Tauros|Blizzard|p1a: Exeggutor|[miss]
|-miss|p2a: Tauros
|move|p1a: Exeggutor|Psychic|p2a: Tauros
|-damage|p2a: Tauros|59\/100
|
|turn|46
|choice||
|
|move|p2a: Tauros|Blizzard|p1a: Exeggutor
|-supereffective|p1a: Exeggutor
|-damage|p1a: Exeggutor|25\/100
|move|p1a: Exeggutor|Psychic|p2a: Tauros
|-crit|p2a: Tauros
|-damage|p2a: Tauros|0 fnt
|faint|p2a: Tauros
|c|★marcoasd|ggs
|c|★marcoasd|got lucky g2 obv
|choice||
|
|switch|p2a: Chansey|Chansey|61\/100 par
|turn|47
|c|★marcoasd|a lot
|L|Hyperflume
|c|★Tobes|g1 wasnt a cakewalk either ;(
|c|★Tobes|but ggs
|L|12C4
|L|peli
|L|blapperl
|J|peli
|choice||
|
|move|p1a: Exeggutor|Explosion|p2a: Chansey
|-damage|p2a: Chansey|0 fnt
|faint|p2a: Chansey
|faint|p1a: Exeggutor
|
|win|marcoasd
|player|p1
|player|p2
|L|nbf per la gente
|L|BahaWin
|L|mael
|L|mikv
|L|Steve Angello
|L|JabbaTheGriffin
|L|PttP
|L|SparksBlade
|L|iamgingy
|L|peli
|L|marcoasd
|L|k3nan
|L|KratosMana
|L|Vinc2612
|L|jacob
|L|rozes