|J|Da Skywalker
|J|teal6
|player|p1|Da Skywalker|101
|player|p2|teal6|138
|gametype|singles
|gen|1
|tier|[Gen 1] OU
|seed|30883,33939,19034,45861
|rule|Sleep Clause Mod: Limit one foe put to sleep
|rule|Freeze Clause Mod: Limit one foe frozen
|rule|Species Clause: Limit one of each Pokémon
|rule|OHKO Clause: OHKO moves are banned
|rule|Evasion Moves Clause: Evasion moves are banned
|rule|HP Percentage Mod: HP is shown in percentages
|
|start
|switch|p1a: Gengar|Gengar|323\/323
|switch|p2a: Jynx|Jynx|333\/333
|turn|1
|c|★teal6|alright comeback time ;)
|J|KratosMana
|c|★Da Skywalker|luck wasnt in ur favour tbh
|choice|move 1|move 1
|
|move|p1a: Gengar|Hypnosis|p2a: Jynx
|-status|p2a: Jynx|slp
|cant|p2a: Jynx|slp
|
|turn|2
|c|+KratosMana|teal :O
|c|★teal6|can't complain about that in rby i guess hehe
|c|★teal6|whatsup anti
|choice|move 2|switch 5
|
|switch|p2a: Exeggutor|Exeggutor, M|393\/393
|move|p1a: Gengar|Night Shade|p2a: Exeggutor
|-damage|p2a: Exeggutor|293\/393
|
|turn|3
|choice|move 2|move 2
|
|move|p1a: Gengar|Night Shade|p2a: Exeggutor
|-damage|p2a: Exeggutor|193\/393
|move|p2a: Exeggutor|Sleep Powder|p1a: Gengar|[miss]
|-miss|p2a: Exeggutor
|
|turn|4
|choice|move 2|switch 5
|
|switch|p2a: Jynx|Jynx|333\/333 slp
|move|p1a: Gengar|Night Shade|p2a: Jynx
|-damage|p2a: Jynx|233\/333 slp
|
|turn|5
|choice|move 2|switch 4
|
|switch|p2a: Snorlax|Snorlax, M|523\/523
|move|p1a: Gengar|Night Shade|p2a: Snorlax
|-damage|p2a: Snorlax|423\/523
|
|turn|6
|choice|move 3|move 2
|
|move|p1a: Gengar|Thunderbolt|p2a: Snorlax
|-damage|p2a: Snorlax|310\/523
|move|p2a: Snorlax|Earthquake|p1a: Gengar
|-supereffective|p1a: Gengar
|-damage|p1a: Gengar|79\/323
|
|turn|7
|choice|move 3|move 2
|
|move|p1a: Gengar|Thunderbolt|p2a: Snorlax
|-crit|p2a: Snorlax
|-damage|p2a: Snorlax|87\/523
|move|p2a: Snorlax|Earthquake|p1a: Gengar
|-supereffective|p1a: Gengar
|-damage|p1a: Gengar|0 fnt
|faint|p1a: Gengar
|choice|switch 2|
|
|switch|p1a: Tauros|Tauros|353\/353
|turn|8
|choice|move 2|switch 4
|
|switch|p2a: Jynx|Jynx|233\/333 slp
|move|p1a: Tauros|Body Slam|p2a: Jynx
|-crit|p2a: Jynx
|-damage|p2a: Jynx|0 fnt
|faint|p2a: Jynx
|choice||switch 5
|
|switch|p2a: Exeggutor|Exeggutor, M|193\/393
|turn|9
|choice|move 4|move 4
|
|move|p1a: Tauros|Hyper Beam|p2a: Exeggutor
|-damage|p2a: Exeggutor|2\/393
|move|p2a: Exeggutor|Stun Spore|p1a: Tauros
|-status|p1a: Tauros|par
|
|turn|10
|-mustrecharge|p1a: Tauros
|-mustrecharge|p1a: Tauros
|choice|move 1|move 1
|
|move|p2a: Exeggutor|Psychic|p1a: Tauros
|-damage|p1a: Tauros|193\/353 par
|cant|p1a: Tauros|recharge
|
|turn|11
|choice|move 2|move 3
|
|move|p2a: Exeggutor|Explosion|p1a: Tauros
|-damage|p1a: Tauros|0 fnt
|faint|p1a: Tauros
|faint|p2a: Exeggutor
|choice|switch 4|switch 6
|
|switch|p2a: Chansey|Chansey|703\/703
|switch|p1a: Chansey|Chansey|703\/703
|turn|12
|choice|move 1|move 1
|
|move|p1a: Chansey|Sing|p2a: Chansey|[miss]
|-miss|p1a: Chansey
|move|p2a: Chansey|Ice Beam|p1a: Chansey
|-damage|p1a: Chansey|628\/703
|
|turn|13
|choice|move 1|move 1
|
|move|p1a: Chansey|Sing|p2a: Chansey|[miss]
|-miss|p1a: Chansey
|move|p2a: Chansey|Ice Beam|p1a: Chansey
|-damage|p1a: Chansey|555\/703
|-status|p1a: Chansey|frz
|
|turn|14
|choice|switch 6|move 3
|
|switch|p1a: Starmie|Starmie|323\/323
|move|p2a: Chansey|Thunder Wave|p1a: Starmie
|-status|p1a: Starmie|par
|
|turn|15
|choice|move 1|move 4
|
|move|p2a: Chansey|Thunderbolt|p1a: Starmie
|-supereffective|p1a: Starmie
|-damage|p1a: Starmie|171\/323 par
|move|p1a: Starmie|Thunder Wave|p2a: Chansey
|-status|p2a: Chansey|par
|
|turn|16
|choice|move 4|switch 4
|
|switch|p2a: Snorlax|Snorlax, M|87\/523
|move|p1a: Starmie|Recover|p1a: Starmie
|-heal|p1a: Starmie|323\/323 par
|
|turn|17
|choice|switch 6|move 4
|
|switch|p1a: Chansey|Chansey|555\/703 frz
|move|p2a: Snorlax|Self-Destruct|p1a: Chansey
|-damage|p1a: Chansey|0 fnt
|faint|p1a: Chansey
|faint|p2a: Snorlax
|c|★teal6|fuck thought you might way
|c|★teal6|wait*
|choice|switch 3|switch 2
|
|switch|p2a: Zapdos|Zapdos|383\/383
|switch|p1a: Snorlax|Snorlax|523\/523
|turn|18
|J|ZOUZOUZOUZOUZ
|choice|switch 5|move 4
|
|switch|p1a: Golem|Golem|363\/363
|move|p2a: Zapdos|Thunder Wave|p1a: Golem
|-immune|p1a: Golem|[msg]
|
|turn|19
|choice|move 1|switch 4
|
|switch|p2a: Chansey|Chansey|703\/703 par
|move|p1a: Golem|Earthquake|p2a: Chansey
|-damage|p2a: Chansey|357\/703 par
|
|turn|20
|choice|move 1|move 1
|
|move|p1a: Golem|Earthquake|p2a: Chansey
|-damage|p2a: Chansey|0 fnt
|faint|p2a: Chansey
|choice||switch 3
|
|switch|p2a: Tauros|Tauros|353\/353
|turn|21
|choice|switch 5|move 2
|
|switch|p1a: Snorlax|Snorlax|523\/523
|move|p2a: Tauros|Blizzard|p1a: Snorlax
|-damage|p1a: Snorlax|427\/523
|
|turn|22
|J|Hyssou~
|L|Hyssou~
|choice|move 1|move 1
|
|move|p2a: Tauros|Body Slam|p1a: Snorlax
|-damage|p1a: Snorlax|307\/523
|move|p1a: Snorlax|Body Slam|p2a: Tauros
|-damage|p2a: Tauros|239\/353
|
|turn|23
|choice|move 4|move 4
|
|move|p2a: Tauros|Hyper Beam|p1a: Snorlax
|-crit|p1a: Snorlax
|-damage|p1a: Snorlax|0 fnt
|faint|p1a: Snorlax
|choice|switch 6|
|
|switch|p1a: Starmie|Starmie|323\/323 par
|turn|24
|choice|move 1|switch 4
|
|switch|p2a: Zapdos|Zapdos|383\/383
|move|p1a: Starmie|Thunder Wave|p2a: Zapdos
|-status|p2a: Zapdos|par
|
|turn|25
|choice|move 2|switch 4
|
|switch|p2a: Tauros|Tauros|239\/353
|cant|p1a: Starmie|par
|
|turn|26
|choice|move 2|switch 4
|
|switch|p2a: Zapdos|Zapdos|383\/383 par
|move|p1a: Starmie|Psychic|p2a: Zapdos
|-crit|p2a: Zapdos
|-damage|p2a: Zapdos|204\/383 par
|-unboost|p2a: Zapdos|spd|1
|-unboost|p2a: Zapdos|spa|1
|
|turn|27
|choice|move 2|switch 4
|
|switch|p2a: Tauros|Tauros|239\/353
|move|p1a: Starmie|Psychic|p2a: Tauros
|-damage|p2a: Tauros|95\/353
|-unboost|p2a: Tauros|spd|1
|-unboost|p2a: Tauros|spa|1
|
|turn|28
|J|IBIREVER
|c|★teal6|switchhhhhh
|choice|move 2|move 1
|
|move|p2a: Tauros|Body Slam|p1a: Starmie
|-damage|p1a: Starmie|220\/323 par
|move|p1a: Starmie|Psychic|p2a: Tauros
|-damage|p2a: Tauros|0 fnt
|faint|p2a: Tauros
|choice||switch 4
|
|switch|p2a: Zapdos|Zapdos|204\/383 par
|turn|29
|c|★teal6|gg
|choice|move 2|move 1
|
|cant|p1a: Starmie|par
|move|p2a: Zapdos|Thunderbolt|p1a: Starmie
|-supereffective|p1a: Starmie
|-damage|p1a: Starmie|0 fnt
|faint|p1a: Starmie
|L|KratosMana
|c|★Da Skywalker|gg
|choice|switch 5|
|
|switch|p1a: Golem|Golem|363\/363
|turn|30
|choice|move 3|move 3
|
|move|p1a: Golem|Rock Slide|p2a: Zapdos
|-supereffective|p2a: Zapdos
|-damage|p2a: Zapdos|0 fnt
|faint|p2a: Zapdos
|
|win|Da Skywalker