|inactive|Battle timer is ON: inactive players will automatically lose when time's up.
|J|Nails
|J|BKC
|player|p1|Nails|170
|player|p2|BKC|269
|gametype|singles
|gen|1
|tier|[Gen 1] OU
|seed|60812,36678,62830,45230
|rule|Sleep Clause Mod: Limit one foe put to sleep
|rule|Freeze Clause Mod: Limit one foe frozen
|rule|Species Clause: Limit one of each Pokémon
|rule|OHKO Clause: OHKO moves are banned
|rule|Evasion Moves Clause: Evasion moves are banned
|rule|HP Percentage Mod: HP is shown in percentages
|
|start
|switch|p1a: Starmie|Starmie|323\/323
|switch|p2a: Jynx|Jynx|333\/333
|turn|1
|J|Prankster
|choice|move 3|move 3
|
|move|p1a: Starmie|Thunder Wave|p2a: Jynx
|-status|p2a: Jynx|par
|cant|p2a: Jynx|par
|
|turn|2
|J|CrashinBoomBang
|c|+CrashinBoomBang|yes!!
|c|+CrashinBoomBang|waited for this!!
|choice|switch 6|move 3
|
|switch|p1a: Alakazam|Alakazam|313\/313
|cant|p2a: Jynx|par
|
|turn|3
|J|Amy131
|c|★BKC|Ugh. Tired of this BS.
|choice|move 3|move 3
|
|move|p1a: Alakazam|Psychic|p2a: Jynx
|-resisted|p2a: Jynx
|-damage|p2a: Jynx|261\/333 par
|move|p2a: Jynx|Lovely Kiss|p1a: Alakazam|[miss]
|-miss|p2a: Jynx
|
|turn|4
|c|★Nails|lmao this tier is so Easy
|choice|move 3|move 3
|
|move|p1a: Alakazam|Psychic|p2a: Jynx
|-crit|p2a: Jynx
|-resisted|p2a: Jynx
|-damage|p2a: Jynx|140\/333 par
|cant|p2a: Jynx|par
|
|turn|5
|c|+CrashinBoomBang|jonx.
|choice|move 3|move 3
|
|move|p1a: Alakazam|Psychic|p2a: Jynx
|-crit|p2a: Jynx
|-resisted|p2a: Jynx
|-damage|p2a: Jynx|10\/333 par
|move|p2a: Jynx|Lovely Kiss|p1a: Alakazam
|-status|p1a: Alakazam|slp
|
|turn|6
|c|+Prankster|cbb!
|c|★Nails|huh
|c|+CrashinBoomBang|prankster!!
|c|★Nails|what happened
|choice|switch 6|move 4
|
|switch|p1a: Starmie|Starmie|323\/323
|move|p2a: Jynx|Rest|p2a: Jynx
|-status|p2a: Jynx|slp
|-heal|p2a: Jynx|333\/333 slp|[silent]
|-status|p2a: Jynx|slp|[from] move: Rest
|
|turn|7
|choice|move 2|move 2
|
|move|p1a: Starmie|Blizzard|p2a: Jynx
|-resisted|p2a: Jynx
|-damage|p2a: Jynx|289\/333 slp
|cant|p2a: Jynx|slp
|
|turn|8
|J|dodmen
|c|★Nails|oops
|choice|move 1|move 2
|
|move|p1a: Starmie|Thunderbolt|p2a: Jynx
|-damage|p2a: Jynx|207\/333 slp
|-curestatus|p2a: Jynx|slp
|
|turn|9
|c|+CrashinBoomBang|that is an ice type and asleep
|c|★Nails|yes.
|c|+CrashinBoomBang|if u freeze that ill sacrifice something to u
|c|★BKC|yeah, you stupid jew
|c|★Nails|D:
|J|nbaker813
|choice|switch 6|move 2
|
|switch|p1a: Alakazam|Alakazam|313\/313 slp
|move|p2a: Jynx|Psychic|p1a: Alakazam
|-resisted|p1a: Alakazam
|-damage|p1a: Alakazam|272\/313 slp
|
|turn|10
|choice|move 1|move 1
|
|cant|p1a: Alakazam|slp
|move|p2a: Jynx|Blizzard|p1a: Alakazam
|-damage|p1a: Alakazam|160\/313 slp
|
|turn|11
|choice|switch 6|move 2
|
|switch|p1a: Starmie|Starmie|323\/323
|move|p2a: Jynx|Psychic|p1a: Starmie
|-resisted|p1a: Starmie
|-damage|p1a: Starmie|274\/323
|
|turn|12
|choice|move 3|move 1
|
|move|p1a: Starmie|Thunder Wave|p2a: Jynx
|-status|p2a: Jynx|par
|move|p2a: Jynx|Blizzard|p1a: Starmie
|-resisted|p1a: Starmie
|-damage|p1a: Starmie|200\/323
|
|turn|13
|choice|move 1|move 4
|
|move|p1a: Starmie|Thunderbolt|p2a: Jynx
|-damage|p2a: Jynx|123\/333 par
|move|p2a: Jynx|Rest|p2a: Jynx
|-status|p2a: Jynx|slp
|-heal|p2a: Jynx|333\/333 slp|[silent]
|-status|p2a: Jynx|slp|[from] move: Rest
|
|turn|14
|choice|switch 3|switch 4
|
|switch|p1a: Tauros|Tauros|353\/353
|switch|p2a: Snorlax|Snorlax|523\/523
|
|turn|15
|c|★BKC|nice try
|c|+CrashinBoomBang|how did bkc know
|c|+CrashinBoomBang|one wonders
|J|atomicllamas
|choice|switch 5|move 1
|
|switch|p1a: Exeggutor|Exeggutor|393\/393
|move|p2a: Snorlax|Body Slam|p1a: Exeggutor
|-damage|p1a: Exeggutor|272\/393
|-status|p1a: Exeggutor|par
|
|turn|16
|L|Amy131
|choice|switch 5|switch 4
|
|switch|p2a: Jynx|Jynx|333\/333 slp
|switch|p1a: Tauros|Tauros|353\/353
|
|turn|17
|c|★BKC|Damn.
|c|+CrashinBoomBang|how did nails know
|choice|move 1|switch 3
|
|switch|p2a: Cloyster|Cloyster|303\/303
|move|p1a: Tauros|Body Slam|p2a: Cloyster
|-damage|p2a: Cloyster|237\/303
|-status|p2a: Cloyster|par
|
|turn|18
|c|+CrashinBoomBang|one wonders
|c|★Nails|ah!
|c|+CrashinBoomBang|thunder
|c|★BKC|here comes the blizzard
|choice|switch 3|move 1
|
|switch|p1a: Starmie|Starmie|200\/323
|move|p2a: Cloyster|Blizzard|p1a: Starmie
|-resisted|p1a: Starmie
|-damage|p1a: Starmie|134\/323
|-status|p1a: Starmie|frz
|
|turn|19
|c|★BKC|whos taking the frz
|c|+CrashinBoomBang|lmao
|c|★BKC|nice
|c|★BKC|kobe!
|choice|switch 2|switch 5
|
|switch|p1a: Chansey|Chansey|703\/703
|switch|p2a: Tauros|Tauros|353\/353
|
|turn|20
|choice|move 1|switch 6
|
|switch|p2a: Chansey|Chansey|703\/703
|move|p1a: Chansey|Ice Beam|p2a: Chansey
|-damage|p2a: Chansey|627\/703
|
|turn|21
|c|★BKC|damn
|c|★BKC|nice 1
|choice|move 1|move 1
|
|move|p2a: Chansey|Ice Beam|p1a: Chansey
|-crit|p1a: Chansey
|-damage|p1a: Chansey|567\/703
|-message|Freeze Clause activated.
|move|p1a: Chansey|Ice Beam|p2a: Chansey
|-damage|p2a: Chansey|552\/703
|
|turn|22
|c|★Nails|ty
|c|★BKC|oh right
|c|+CrashinBoomBang|lol
|c|★BKC|hey 
|c|+CrashinBoomBang|got it too
|choice|move 1|move 3
|
|move|p1a: Chansey|Ice Beam|p2a: Chansey
|-damage|p2a: Chansey|484\/703
|move|p2a: Chansey|Thunder Wave|p1a: Chansey
|-status|p1a: Chansey|par
|
|turn|23
|c|★BKC|that breaks game mechanics
|c|★BKC|cheating!!!!!!!
|c|★Nails|mb
|choice|move 1|move 4
|
|move|p2a: Chansey|Soft-Boiled|p2a: Chansey
|-heal|p2a: Chansey|703\/703
|move|p1a: Chansey|Ice Beam|p2a: Chansey
|-damage|p2a: Chansey|634\/703
|
|turn|24
|choice|move 1|switch 3
|
|switch|p2a: Jynx|Jynx|333\/333 slp
|move|p1a: Chansey|Ice Beam|p2a: Jynx
|-resisted|p2a: Jynx
|-damage|p2a: Jynx|295\/333 slp
|
|turn|25
|L|atomicllamas
|choice|move 1|move 1
|
|cant|p2a: Jynx|slp
|move|p1a: Chansey|Ice Beam|p2a: Jynx
|-resisted|p2a: Jynx
|-damage|p2a: Jynx|258\/333 slp
|
|turn|26
|choice|switch 3|move 2
|
|switch|p1a: Tauros|Tauros|353\/353
|-curestatus|p2a: Jynx|slp
|
|turn|27
|c|★BKC|yo im awake now
|c|★BKC|its over
|c|+CrashinBoomBang|thunder
|c|★Nails|hmm
|c|★Nails|apparently i have been disconnected
|c|★Nails|from the main server
|c|+Prankster|it's down
|c|★Nails|also i wish i knew rby calcs
|c|★Nails|atm
|c|+CrashinBoomBang|hyper beam kills!!
|choice|move 1|switch 5
|
|switch|p2a: Cloyster|Cloyster|237\/303 par
|move|p1a: Tauros|Body Slam|p2a: Cloyster
|-damage|p2a: Cloyster|173\/303 par
|
|turn|28
|c|+CrashinBoomBang|body slam crit kills!!
|c|★BKC|hey can you stop ghosting smfh -_-
|c|+CrashinBoomBang|no!!!!!!!!!!
|c|+CrashinBoomBang|maybe if i ever get that LC game
|choice|switch 6|move 1
|
|switch|p1a: Alakazam|Alakazam|160\/313 slp
|cant|p2a: Cloyster|par
|
|turn|29
|choice|move 3|switch 6
|
|switch|p2a: Tauros|Tauros|353\/353
|cant|p1a: Alakazam|slp
|
|turn|30
|c|★Nails|oh you have a tauros
|c|★Nails|fuck
|c|★BKC|yeah hes strong
|c|★Nails|i thought no one else knew about him
|c|★BKC|in fact i caught like 30 of them in the safari zone
|choice|switch 4|move 1
|
|switch|p1a: Snorlax|Snorlax|523\/523
|move|p2a: Tauros|Body Slam|p1a: Snorlax
|-damage|p1a: Snorlax|394\/523
|
|turn|31
|L|nbaker813
|choice|move 1|move 3
|
|move|p2a: Tauros|Earthquake|p1a: Snorlax
|-damage|p1a: Snorlax|294\/523
|move|p1a: Snorlax|Body Slam|p2a: Tauros
|-crit|p2a: Tauros
|-damage|p2a: Tauros|127\/353
|
|turn|32
|c|★BKC|youre supposed to use counter, pal
|c|★Nails|why
|c|★Nails|that doesn't deal damage
|c|★BKC|to conform to my worldview
|c|★Nails|when you eq
|c|★Nails|lol!
|c|★Nails|you're silly
|choice|move 4|move 2
|
|move|p2a: Tauros|Hyper Beam|p1a: Snorlax
|-crit|p1a: Snorlax
|-damage|p1a: Snorlax|0 fnt
|faint|p1a: Snorlax
|c|★BKC|too bad im also gonna crit
|c|★BKC|nice
|c|★Nails|fuck.
|c|★Nails|kevin.
|c|★BKC|love rby
|c|★Nails|cronin.
|choice|switch 6|
|
|switch|p1a: Tauros|Tauros|353\/353
|turn|33
|c|★BKC|can he do it again
|choice|move 1|move 2
|
|move|p1a: Tauros|Body Slam|p2a: Tauros
|-damage|p2a: Tauros|24\/353
|move|p2a: Tauros|Hyper Beam|p1a: Tauros
|-damage|p1a: Tauros|185\/353
|
|turn|34
|-mustrecharge|p2a: Tauros
|c|★BKC|damn
|-mustrecharge|p2a: Tauros
|choice|move 1|move 1
|
|cant|p2a: Tauros|recharge
|move|p1a: Tauros|Body Slam|p2a: Tauros
|-damage|p2a: Tauros|0 fnt
|faint|p2a: Tauros
|c|★BKC|ill take it
|choice||switch 6
|
|switch|p2a: Cloyster|Cloyster|173\/303 par
|turn|35
|choice|switch 5|move 4
|
|switch|p1a: Exeggutor|Exeggutor|272\/393 par
|move|p2a: Cloyster|Explosion|p1a: Exeggutor
|-damage|p1a: Exeggutor|1\/393 par
|faint|p2a: Cloyster
|c|★Nails|nice
|c|★BKC|kobe
|choice||switch 2
|
|switch|p2a: Zapdos|Zapdos|383\/383
|turn|36
|choice|move 3|move 2
|
|move|p2a: Zapdos|Drill Peck|p1a: Exeggutor
|-supereffective|p1a: Exeggutor
|-damage|p1a: Exeggutor|0 fnt
|faint|p1a: Exeggutor
|choice|switch 3|
|
|switch|p1a: Chansey|Chansey|567\/703 par
|turn|37
|c|★Nails|im not actually sure
|c|★Nails|if this is the play
|c|★Nails|i think it i
|c|★Nails|is
|c|★BKC|hmmmmmm
|choice|move 1|switch 5
|
|switch|p2a: Jynx|Jynx|258\/333
|move|p1a: Chansey|Ice Beam|p2a: Jynx
|-resisted|p2a: Jynx
|-damage|p2a: Jynx|218\/333
|
|turn|38
|choice|move 2|move 2
|
|move|p2a: Jynx|Psychic|p1a: Chansey
|-damage|p1a: Chansey|467\/703 par
|-unboost|p1a: Chansey|spd|1
|-unboost|p1a: Chansey|spa|1
|move|p1a: Chansey|Soft-Boiled|p1a: Chansey
|-heal|p1a: Chansey|703\/703 par
|
|turn|39
|choice|move 3|move 2
|
|move|p2a: Jynx|Psychic|p1a: Chansey
|-damage|p1a: Chansey|559\/703 par
|-unboost|p1a: Chansey|spd|1
|-unboost|p1a: Chansey|spa|1
|move|p1a: Chansey|Thunderbolt|p2a: Jynx
|-damage|p2a: Jynx|175\/333
|
|turn|40
|choice|switch 4|move 1
|
|switch|p1a: Alakazam|Alakazam|160\/313 slp
|move|p2a: Jynx|Blizzard|p1a: Alakazam
|-damage|p1a: Alakazam|57\/313 slp
|
|turn|41
|J|EG Posho
|L|EG Posho
|choice|move 3|move 1
|
|cant|p1a: Alakazam|slp
|move|p2a: Jynx|Blizzard|p1a: Alakazam
|-crit|p1a: Alakazam
|-damage|p1a: Alakazam|0 fnt
|faint|p1a: Alakazam
|choice|switch 5|
|
|switch|p1a: Tauros|Tauros|185\/353
|turn|42
|J|Unravell
|L|Unravell
|c|★Nails|sure hope i thaw
|c|★Nails|lmao
|choice|move 1|switch 3
|
|switch|p2a: Chansey|Chansey|634\/703
|move|p1a: Tauros|Body Slam|p2a: Chansey
|-damage|p2a: Chansey|355\/703
|
|turn|43
|choice|move 2|move 3
|
|move|p1a: Tauros|Hyper Beam|p2a: Chansey
|-crit|p2a: Chansey
|-damage|p2a: Chansey|0 fnt
|faint|p2a: Chansey
|c|★BKC|switching 2 lax here
|c|★BKC|damn
|choice||switch 4
|
|switch|p2a: Snorlax|Snorlax|523\/523
|turn|44
|choice|switch 4|move 1
|
|switch|p1a: Chansey|Chansey|559\/703 par
|move|p2a: Snorlax|Body Slam|p1a: Chansey
|-damage|p1a: Chansey|253\/703 par
|
|turn|45
|c|★Nails|oh..
|c|★BKC|b34st
|L|Prankster
|c|★Nails|that's unfortunate
|choice|switch 2|move 1
|
|switch|p1a: Starmie|Starmie|134\/323 frz
|move|p2a: Snorlax|Body Slam|p1a: Starmie
|-damage|p1a: Starmie|10\/323 frz
|
|turn|46
|choice|move 2|move 1
|
|cant|p1a: Starmie|frz
|move|p2a: Snorlax|Body Slam|p1a: Starmie
|-damage|p1a: Starmie|0 fnt
|faint|p1a: Starmie
|c|★Nails|damn
|c|★Nails|having an awake zam
|c|★BKC|frz me with bliz
|c|★Nails|would've been really useful this game
|choice|switch 4|
|
|switch|p1a: Tauros|Tauros|185\/353
|turn|47
|c|★BKC|you can still do it
|choice|move 4|move 4
|
|move|p1a: Tauros|Blizzard|p2a: Snorlax
|-damage|p2a: Snorlax|425\/523
|move|p2a: Snorlax|Self-Destruct|p1a: Tauros
|-damage|p1a: Tauros|0 fnt
|faint|p1a: Tauros
|faint|p2a: Snorlax
|choice|switch 2|switch 5
|
|switch|p2a: Zapdos|Zapdos|383\/383
|switch|p1a: Chansey|Chansey|253\/703 par
|turn|48
|choice|move 2|move 2
|
|move|p2a: Zapdos|Drill Peck|p1a: Chansey
|-damage|p1a: Chansey|32\/703 par
|move|p1a: Chansey|Soft-Boiled|p1a: Chansey
|-heal|p1a: Chansey|383\/703 par
|
|turn|49
|choice|move 2|move 2
|
|move|p2a: Zapdos|Drill Peck|p1a: Chansey
|-damage|p1a: Chansey|126\/703 par
|move|p1a: Chansey|Soft-Boiled|p1a: Chansey
|-heal|p1a: Chansey|477\/703 par
|
|turn|50
|choice|move 2|move 2
|
|move|p2a: Zapdos|Drill Peck|p1a: Chansey
|-crit|p1a: Chansey
|-damage|p1a: Chansey|0 fnt
|faint|p1a: Chansey
|
|win|BKC
|c|★Nails|hax
|c|★BKC|gg
|c|★Nails|gG