|J|Lusch
|J|Ortheore
|player|p1|Lusch|153
|player|p2|Ortheore|170
|gametype|singles
|gen|1
|tier|[Gen 1] OU
|seed|35253,54260,34797,15187
|rule|Sleep Clause Mod: Limit one foe put to sleep
|rule|Freeze Clause Mod: Limit one foe frozen
|rule|Species Clause: Limit one of each Pokémon
|rule|OHKO Clause: OHKO moves are banned
|rule|Evasion Moves Clause: Evasion moves are banned
|rule|HP Percentage Mod: HP is shown in percentages
|
|start
|switch|p1a: Clefable|Clefable|393\/393
|switch|p2a: Mr. Mime|Mr. Mime|283\/283
|turn|1
|choice|move 2|move 2
|
|move|p2a: Mr. Mime|Thunder Wave|p1a: Clefable
|-status|p1a: Clefable|par
|cant|p1a: Clefable|par
|
|turn|2
|c|★Lusch|hf
|c|★Ortheore|you too
|choice|move 2|move 1
|
|move|p2a: Mr. Mime|Psychic|p1a: Clefable
|-damage|p1a: Clefable|272\/393 par
|move|p1a: Clefable|Body Slam|p2a: Mr. Mime
|-damage|p2a: Mr. Mime|179\/283
|-status|p2a: Mr. Mime|par
|
|turn|3
|J|LT2 Hold kjeft
|choice|switch 5|move 1
|
|switch|p1a: Vaporeon|Vaporeon|463\/463
|cant|p2a: Mr. Mime|par
|
|turn|4
|choice|move 1|switch 3
|
|switch|p2a: Exeggcute|Exeggcute|323\/323
|move|p1a: Vaporeon|Blizzard|p2a: Exeggcute
|-supereffective|p2a: Exeggcute
|-damage|p2a: Exeggcute|48\/323
|
|turn|5
|choice|move 3|switch 6
|
|switch|p2a: Slowpoke|Slowpoke|383\/383
|move|p1a: Vaporeon|Surf|p2a: Slowpoke
|-resisted|p2a: Slowpoke
|-damage|p2a: Slowpoke|284\/383
|
|turn|6
|choice|switch 3|move 3
|
|switch|p1a: Venusaur|Venusaur|363\/363
|move|p2a: Slowpoke|Thunder Wave|p1a: Venusaur
|-status|p1a: Venusaur|par
|
|turn|7
|choice|move 4|switch 6
|
|switch|p2a: Exeggcute|Exeggcute|48\/323
|move|p1a: Venusaur|Razor Leaf|p2a: Exeggcute
|-crit|p2a: Exeggcute
|-resisted|p2a: Exeggcute
|-damage|p2a: Exeggcute|0 fnt
|faint|p2a: Exeggcute
|choice||switch 3
|
|switch|p2a: Mr. Mime|Mr. Mime|179\/283 par
|turn|8
|choice|switch 3|move 1
|
|switch|p1a: Vaporeon|Vaporeon|463\/463
|cant|p2a: Mr. Mime|par
|
|turn|9
|choice|move 3|switch 2
|
|switch|p2a: Vaporeon|Vaporeon|463\/463
|move|p1a: Vaporeon|Surf|p2a: Vaporeon
|-resisted|p2a: Vaporeon
|-damage|p2a: Vaporeon|409\/463
|
|turn|10
|J|lt2 we out hele
|choice|move 1|move 2
|
|move|p2a: Vaporeon|Ice Beam|p1a: Vaporeon
|-resisted|p1a: Vaporeon
|-damage|p1a: Vaporeon|428\/463
|move|p1a: Vaporeon|Blizzard|p2a: Vaporeon
|-resisted|p2a: Vaporeon
|-damage|p2a: Vaporeon|366\/463
|
|turn|11
|choice|move 1|move 2
|
|move|p2a: Vaporeon|Ice Beam|p1a: Vaporeon
|-resisted|p1a: Vaporeon
|-damage|p1a: Vaporeon|390\/463
|move|p1a: Vaporeon|Blizzard|p2a: Vaporeon
|-resisted|p2a: Vaporeon
|-damage|p2a: Vaporeon|320\/463
|
|turn|12
|choice|move 1|move 2
|
|move|p1a: Vaporeon|Blizzard|p2a: Vaporeon
|-resisted|p2a: Vaporeon
|-damage|p2a: Vaporeon|275\/463
|move|p2a: Vaporeon|Ice Beam|p1a: Vaporeon
|-resisted|p1a: Vaporeon
|-damage|p1a: Vaporeon|356\/463
|
|turn|13
|choice|move 3|move 2
|
|move|p1a: Vaporeon|Surf|p2a: Vaporeon
|-resisted|p2a: Vaporeon
|-damage|p2a: Vaporeon|217\/463
|move|p2a: Vaporeon|Ice Beam|p1a: Vaporeon
|-resisted|p1a: Vaporeon
|-damage|p1a: Vaporeon|318\/463
|
|turn|14
|choice|move 1|move 2
|
|move|p1a: Vaporeon|Blizzard|p2a: Vaporeon
|-resisted|p2a: Vaporeon
|-damage|p2a: Vaporeon|169\/463
|move|p2a: Vaporeon|Ice Beam|p1a: Vaporeon
|-resisted|p1a: Vaporeon
|-damage|p1a: Vaporeon|279\/463
|
|turn|15
|choice|switch 4|move 2
|
|switch|p1a: Electabuzz|Electabuzz|333\/333
|move|p2a: Vaporeon|Ice Beam|p1a: Electabuzz
|-damage|p1a: Electabuzz|242\/333
|
|turn|16
|L|LT2 Hold kjeft
|choice|move 1|switch 5
|
|switch|p2a: Dugtrio|Dugtrio|273\/273
|move|p1a: Electabuzz|Psychic|p2a: Dugtrio
|-damage|p2a: Dugtrio|195\/273
|
|turn|17
|choice|switch 6|move 1
|
|switch|p1a: Aerodactyl|Aerodactyl|363\/363
|move|p2a: Dugtrio|Earthquake|p1a: Aerodactyl
|-immune|p1a: Aerodactyl|[msg]
|
|turn|18
|choice|move 1|switch 4
|
|switch|p2a: Clefable|Clefable|393\/393
|move|p1a: Aerodactyl|Double-Edge|p2a: Clefable
|-damage|p2a: Clefable|286\/393
|-damage|p1a: Aerodactyl|337\/363|[from] recoil|[of] p2a: Clefable
|
|turn|19
|choice|switch 5|move 3
|
|switch|p1a: Clefable|Clefable|272\/393 par
|move|p2a: Clefable|Blizzard|p1a: Clefable
|-damage|p1a: Clefable|185\/393 par
|
|turn|20
|choice|move 2|switch 5
|
|switch|p2a: Vaporeon|Vaporeon|169\/463
|move|p1a: Clefable|Body Slam|p2a: Vaporeon
|-damage|p2a: Vaporeon|65\/463
|
|turn|21
|choice|switch 6|move 1
|
|switch|p1a: Electabuzz|Electabuzz|242\/333
|move|p2a: Vaporeon|Rest|p2a: Vaporeon
|-status|p2a: Vaporeon|slp
|-heal|p2a: Vaporeon|463\/463 slp|[silent]
|-status|p2a: Vaporeon|slp|[from] move: Rest
|
|turn|22
|choice|move 1|switch 4
|
|switch|p2a: Dugtrio|Dugtrio|195\/273
|move|p1a: Electabuzz|Psychic|p2a: Dugtrio
|-damage|p2a: Dugtrio|112\/273
|-unboost|p2a: Dugtrio|spd|1
|-unboost|p2a: Dugtrio|spa|1
|
|turn|23
|choice|switch 5|move 2
|
|switch|p1a: Aerodactyl|Aerodactyl|337\/363
|move|p2a: Dugtrio|Rock Slide|p1a: Aerodactyl
|-crit|p1a: Aerodactyl
|-supereffective|p1a: Aerodactyl
|-damage|p1a: Aerodactyl|82\/363
|
|turn|24
|choice|move 1|switch 4
|
|switch|p2a: Vaporeon|Vaporeon|463\/463 slp
|move|p1a: Aerodactyl|Double-Edge|p2a: Vaporeon
|-damage|p2a: Vaporeon|352\/463 slp
|-damage|p1a: Aerodactyl|55\/363|[from] recoil|[of] p2a: Vaporeon
|
|turn|25
|choice|move 1|move 2
|
|move|p1a: Aerodactyl|Double-Edge|p2a: Vaporeon
|-damage|p2a: Vaporeon|240\/463 slp
|-damage|p1a: Aerodactyl|27\/363|[from] recoil|[of] p2a: Vaporeon
|cant|p2a: Vaporeon|slp
|
|turn|26
|choice|move 1|move 3
|
|move|p1a: Aerodactyl|Double-Edge|p2a: Vaporeon
|-crit|p2a: Vaporeon
|-damage|p2a: Vaporeon|26\/463 slp
|-damage|p1a: Aerodactyl|0 fnt|[from] recoil|[of] p2a: Vaporeon
|faint|p1a: Aerodactyl
|choice|switch 5|
|
|switch|p1a: Electabuzz|Electabuzz|242\/333
|turn|27
|choice|move 2|move 3
|
|move|p1a: Electabuzz|Seismic Toss|p2a: Vaporeon
|-damage|p2a: Vaporeon|0 fnt
|faint|p2a: Vaporeon
|choice||switch 4
|
|switch|p2a: Dugtrio|Dugtrio|112\/273
|turn|28
|choice|switch 6|move 1
|
|switch|p1a: Clefable|Clefable|185\/393 par
|move|p2a: Dugtrio|Earthquake|p1a: Clefable
|-damage|p1a: Clefable|58\/393 par
|
|turn|29
|choice|move 2|move 1
|
|move|p2a: Dugtrio|Earthquake|p1a: Clefable
|-damage|p1a: Clefable|0 fnt
|faint|p1a: Clefable
|choice|switch 4|
|
|switch|p1a: Vaporeon|Vaporeon|279\/463
|turn|30
|choice|move 3|switch 6
|
|switch|p2a: Slowpoke|Slowpoke|284\/383
|move|p1a: Vaporeon|Surf|p2a: Slowpoke
|-resisted|p2a: Slowpoke
|-damage|p2a: Slowpoke|189\/383
|
|turn|31
|choice|switch 3|move 3
|
|switch|p1a: Venusaur|Venusaur|363\/363 par
|move|p2a: Slowpoke|Thunder Wave|p1a: Venusaur
|-fail|p1a: Venusaur|par
|
|turn|32
|choice|move 4|move 2
|
|move|p2a: Slowpoke|Psychic|p1a: Venusaur
|-supereffective|p1a: Venusaur
|-damage|p1a: Venusaur|242\/363 par
|move|p1a: Venusaur|Razor Leaf|p2a: Slowpoke
|-crit|p2a: Slowpoke
|-supereffective|p2a: Slowpoke
|-damage|p2a: Slowpoke|0 fnt
|faint|p2a: Slowpoke
|choice||switch 2
|
|switch|p2a: Mr. Mime|Mr. Mime|179\/283 par
|turn|33
|choice|move 4|move 1
|
|move|p2a: Mr. Mime|Psychic|p1a: Venusaur
|-supereffective|p1a: Venusaur
|-damage|p1a: Venusaur|31\/363 par
|-unboost|p1a: Venusaur|spd|1
|-unboost|p1a: Venusaur|spa|1
|move|p1a: Venusaur|Razor Leaf|p2a: Mr. Mime
|-crit|p2a: Mr. Mime
|-damage|p2a: Mr. Mime|57\/283 par
|
|turn|34
|choice|move 4|move 1
|
|move|p2a: Mr. Mime|Psychic|p1a: Venusaur
|-crit|p1a: Venusaur
|-supereffective|p1a: Venusaur
|-damage|p1a: Venusaur|0 fnt
|faint|p1a: Venusaur
|choice|switch 3|
|
|switch|p1a: Vaporeon|Vaporeon|279\/463
|turn|35
|choice|move 3|move 1
|
|move|p1a: Vaporeon|Surf|p2a: Mr. Mime
|-damage|p2a: Mr. Mime|0 fnt
|faint|p2a: Mr. Mime
|choice||switch 5
|
|switch|p2a: Clefable|Clefable|286\/393
|turn|36
|choice|switch 2|move 1
|
|switch|p1a: Nidoking|Nidoking|365\/365
|move|p2a: Clefable|Body Slam|p1a: Nidoking
|-damage|p1a: Nidoking|265\/365
|
|turn|37
|choice|move 1|move 3
|
|move|p1a: Nidoking|Earthquake|p2a: Clefable
|-damage|p2a: Clefable|157\/393
|move|p2a: Clefable|Blizzard|p1a: Nidoking|[miss]
|-miss|p2a: Clefable
|
|turn|38
|choice|move 1|move 3
|
|move|p1a: Nidoking|Earthquake|p2a: Clefable
|-damage|p2a: Clefable|19\/393
|move|p2a: Clefable|Blizzard|p1a: Nidoking
|-supereffective|p1a: Nidoking
|-damage|p1a: Nidoking|50\/365
|-status|p1a: Nidoking|frz
|
|turn|39
|c|★Lusch|gg
|choice|switch 6|switch 6
|
|switch|p1a: Electabuzz|Electabuzz|242\/333
|switch|p2a: Dugtrio|Dugtrio|112\/273
|
|turn|40
|c|★Ortheore|gg
|choice|switch 6|move 1
|
|switch|p1a: Nidoking|Nidoking|50\/365 frz
|move|p2a: Dugtrio|Earthquake|p1a: Nidoking
|-supereffective|p1a: Nidoking
|-damage|p1a: Nidoking|0 fnt
|faint|p1a: Nidoking
|choice|switch 2|
|
|switch|p1a: Vaporeon|Vaporeon|279\/463
|turn|41
|choice|move 3|move 1
|
|move|p2a: Dugtrio|Earthquake|p1a: Vaporeon
|-damage|p1a: Vaporeon|131\/463
|move|p1a: Vaporeon|Surf|p2a: Dugtrio
|-crit|p2a: Dugtrio
|-supereffective|p2a: Dugtrio
|-damage|p2a: Dugtrio|0 fnt
|faint|p2a: Dugtrio
|c|★Lusch|oh
|choice||switch 6
|
|switch|p2a: Clefable|Clefable|19\/393
|turn|42
|c|★Lusch|crit would have killed vapo
|c|★Lusch|sorry for premature gg
|choice|move 3|move 2
|
|move|p1a: Vaporeon|Surf|p2a: Clefable
|-damage|p2a: Clefable|0 fnt
|faint|p2a: Clefable
|
|win|Lusch