|inactive|Battle timer is ON: inactive players will automatically lose when time's up.
|J|T D K
|J|Nails
|player|p1|T D K|96
|player|p2|Nails|170
|gametype|singles
|gen|1
|tier|[Gen 1] Challenge Cup
|seed|23212,10638,51190,15138
|rule|Sleep Clause Mod: Limit one foe put to sleep
|rule|Freeze Clause Mod: Limit one foe frozen
|rule|HP Percentage Mod: HP is shown in percentages
|
|start
|switch|p1a: Farfetch'd|Farfetch'd, L76|219\/219
|switch|p2a: Krabby|Krabby, L77|184\/184
|turn|1
|J|chechen
|J|KratosMana
|J|Jirachee
|choice|move 3|switch 5
|
|switch|p2a: Koffing|Koffing, L75|192\/192
|move|p1a: Farfetch'd|Sand Attack|p2a: Koffing
|-unboost|p2a: Koffing|accuracy|1
|
|turn|2
|J|purrl
|choice|move 3|move 2
|
|move|p1a: Farfetch'd|Sand Attack|p2a: Koffing
|-unboost|p2a: Koffing|accuracy|1
|move|p2a: Koffing|Thunderbolt|p1a: Farfetch'd
|-supereffective|p1a: Farfetch'd
|-damage|p1a: Farfetch'd|97\/219
|
|turn|3
|choice|move 1|switch 6
|
|switch|p2a: Haunter|Haunter, L69|195\/195
|move|p1a: Farfetch'd|Leer|p2a: Haunter
|-unboost|p2a: Haunter|def|1
|
|turn|4
|choice|switch 4|move 1
|
|switch|p1a: Clefairy|Clefairy, L78|246\/246
|move|p2a: Haunter|Psychic|p1a: Clefairy
|-damage|p1a: Clefairy|177\/246
|-unboost|p1a: Clefairy|spd|1
|-unboost|p1a: Clefairy|spa|1
|
|turn|5
|J|EG Posho
|L|EG Posho
|choice|move 1|move 1
|
|move|p2a: Haunter|Psychic|p1a: Clefairy
|-crit|p1a: Clefairy
|-damage|p1a: Clefairy|53\/246
|move|p1a: Clefairy|Minimize|p1a: Clefairy
|-boost|p1a: Clefairy|evasion|1
|
|turn|6
|choice|move 3|move 1
|
|move|p2a: Haunter|Psychic|p1a: Clefairy|[miss]
|-miss|p2a: Haunter
|move|p1a: Clefairy|Rest|p1a: Clefairy
|-status|p1a: Clefairy|slp
|-heal|p1a: Clefairy|246\/246 slp|[silent]
|-status|p1a: Clefairy|slp|[from] move: Rest
|
|turn|7
|choice|switch 4|move 1
|
|switch|p1a: Farfetch'd|Farfetch'd, L76|97\/219
|move|p2a: Haunter|Psychic|p1a: Farfetch'd
|-damage|p1a: Farfetch'd|29\/219
|
|turn|8
|c|★Nails|what was your score
|c|★Nails|in monopoly
|c|★T D K|you mean
|c|★T D K|time
|c|★Nails|yes.
|choice|move 3|move 1
|
|move|p2a: Haunter|Psychic|p1a: Farfetch'd
|-damage|p1a: Farfetch'd|0 fnt
|faint|p1a: Farfetch'd
|c|★T D K|30secs
|choice|switch 6|
|
|switch|p1a: Magnemite|Magnemite, L75|178\/178
|turn|9
|c|★Nails|my lack of a functioning mouse
|c|★Nails|led me to scoring 45s
|choice|move 2|switch 3
|
|switch|p2a: Victreebel|Victreebel, L67|241\/241
|move|p1a: Magnemite|Substitute|p1a: Magnemite
|-start|p1a: Magnemite|Substitute
|-damage|p1a: Magnemite|134\/178
|
|turn|10
|choice|move 1|move 4
|
|move|p2a: Victreebel|Sleep Powder|p1a: Magnemite
|-status|p1a: Magnemite|slp
|cant|p1a: Magnemite|slp
|
|turn|11
|choice|switch 2|move 2
|
|switch|p1a: Venonat|Venonat, L79|255\/255
|move|p2a: Victreebel|Take Down|p1a: Venonat
|-crit|p1a: Venonat
|-damage|p1a: Venonat|143\/255
|-damage|p2a: Victreebel|213\/241|[from] recoil|[of] p1a: Venonat
|
|turn|12
|choice|move 1|switch 2
|
|switch|p2a: Venonat|Venonat, L79|241\/241
|move|p1a: Venonat|Mimic|p2a: Venonat
|-start|p1a: Venonat|Mimic|Tackle
|
|turn|13
|choice|move 1|move 3
|
|move|p1a: Venonat|Tackle|p2a: Venonat
|-damage|p2a: Venonat|214\/241
|move|p2a: Venonat|Psychic|p1a: Venonat
|-crit|p1a: Venonat
|-supereffective|p1a: Venonat
|-damage|p1a: Venonat|0 fnt
|faint|p1a: Venonat
|c|★Nails|got the counter
|choice|switch 5|
|
|switch|p1a: Lapras|Lapras, L65|296\/296
|turn|14
|choice|move 1|move 2
|
|move|p2a: Venonat|Stun Spore|p1a: Lapras
|-status|p1a: Lapras|par
|move|p1a: Lapras|Psychic|p2a: Venonat
|-supereffective|p2a: Venonat
|-damage|p2a: Venonat|94\/241
|
|turn|15
|choice|move 1|switch 6
|
|switch|p2a: Koffing|Koffing, L75|192\/192
|move|p1a: Lapras|Psychic|p2a: Koffing
|-supereffective|p2a: Koffing
|-damage|p2a: Koffing|88\/192
|
|turn|16
|choice|move 1|move 2
|
|move|p2a: Koffing|Thunderbolt|p1a: Lapras
|-supereffective|p1a: Lapras
|-damage|p1a: Lapras|210\/296 par
|move|p1a: Lapras|Psychic|p2a: Koffing
|-supereffective|p2a: Koffing
|-damage|p2a: Koffing|0 fnt
|faint|p2a: Koffing
|choice||switch 3
|
|switch|p2a: Haunter|Haunter, L69|195\/195
|turn|17
|L|chechen
|choice|move 1|move 1
|
|move|p2a: Haunter|Psychic|p1a: Lapras
|-damage|p1a: Lapras|147\/296 par
|-unboost|p1a: Lapras|spd|1
|-unboost|p1a: Lapras|spa|1
|move|p1a: Lapras|Psychic|p2a: Haunter
|-supereffective|p2a: Haunter
|-damage|p2a: Haunter|140\/195
|-unboost|p2a: Haunter|spd|1
|-unboost|p2a: Haunter|spa|1
|
|turn|18
|J|Shoot 'Em Down
|choice|move 1|move 2
|
|move|p2a: Haunter|Night Shade|p1a: Lapras
|-damage|p1a: Lapras|78\/296 par
|cant|p1a: Lapras|par
|
|turn|19
|L|Shoot 'Em Down
|-message|T D K forfeited.
|
|win|Nails