|inactive|Battle timer is ON: inactive players will automatically lose when time's up.
|J|teal6
|J|Confide
|player|p1|teal6|115
|player|p2|Confide|94
|gametype|singles
|gen|1
|tier|[Gen 1] OU
|seed|41462,60146,19594,57327
|rule|Sleep Clause Mod: Limit one foe put to sleep
|rule|Freeze Clause Mod: Limit one foe frozen
|rule|Species Clause: Limit one of each Pokémon
|rule|OHKO Clause: OHKO moves are banned
|rule|Evasion Moves Clause: Evasion moves are banned
|rule|HP Percentage Mod: HP is shown in percentages
|
|start
|switch|p1a: Jynx|Jynx|333\/333
|switch|p2a: Exeggutor|Exeggutor|393\/393
|turn|1
|choice|move 2|switch 3
|
|switch|p2a: Chansey|Chansey|703\/703
|move|p1a: Jynx|Lovely Kiss|p2a: Chansey
|-status|p2a: Chansey|slp
|
|turn|2
|choice|move 4|move 3
|
|move|p1a: Jynx|Blizzard|p2a: Chansey
|-damage|p2a: Chansey|567\/703 slp
|cant|p2a: Chansey|slp
|
|turn|3
|choice|move 1|move 1
|
|move|p1a: Jynx|Psychic|p2a: Chansey
|-damage|p2a: Chansey|469\/703 slp
|-unboost|p2a: Chansey|spd|1
|-unboost|p2a: Chansey|spa|1
|cant|p2a: Chansey|slp
|
|turn|4
|choice|move 1|move 2
|
|move|p1a: Jynx|Psychic|p2a: Chansey
|-damage|p2a: Chansey|315\/703 slp
|-unboost|p2a: Chansey|spd|1
|-unboost|p2a: Chansey|spa|1
|cant|p2a: Chansey|slp
|
|turn|5
|choice|move 1|switch 5
|
|switch|p2a: Snorlax|Snorlax|523\/523
|move|p1a: Jynx|Psychic|p2a: Snorlax
|-damage|p2a: Snorlax|384\/523
|
|turn|6
|choice|move 1|move 1
|
|move|p1a: Jynx|Psychic|p2a: Snorlax
|-damage|p2a: Snorlax|242\/523
|move|p2a: Snorlax|Body Slam|p1a: Jynx
|-damage|p1a: Jynx|132\/333
|-status|p1a: Jynx|par
|
|turn|7
|choice|switch 4|move 1
|
|switch|p1a: Snorlax|Snorlax|523\/523
|move|p2a: Snorlax|Body Slam|p1a: Snorlax
|-crit|p1a: Snorlax
|-damage|p1a: Snorlax|250\/523
|
|turn|8
|choice|move 3|switch 4
|
|switch|p2a: Golem|Golem|363\/363
|move|p1a: Snorlax|Hyper Beam|p2a: Golem
|-resisted|p2a: Golem
|-damage|p2a: Golem|290\/363
|
|turn|9
|-mustrecharge|p1a: Snorlax
|-mustrecharge|p1a: Snorlax
|choice|move 1|move 2
|
|move|p2a: Golem|Earthquake|p1a: Snorlax
|-crit|p1a: Snorlax
|-damage|p1a: Snorlax|0 fnt
|faint|p1a: Snorlax
|choice|switch 6|
|
|switch|p1a: Chansey|Chansey|703\/703
|turn|10
|choice|move 1|move 3
|
|move|p1a: Chansey|Ice Beam|p2a: Golem
|-supereffective|p2a: Golem
|-damage|p2a: Golem|60\/363
|move|p2a: Golem|Explosion|p1a: Chansey
|-damage|p1a: Chansey|0 fnt
|faint|p1a: Chansey
|faint|p2a: Golem
|choice|switch 3|switch 4
|
|switch|p1a: Tauros|Tauros|353\/353
|switch|p2a: Snorlax|Snorlax|242\/523
|turn|11
|choice|move 4|move 2
|
|move|p1a: Tauros|Hyper Beam|p2a: Snorlax
|-damage|p2a: Snorlax|1\/523
|move|p2a: Snorlax|Self-Destruct|p1a: Tauros
|-damage|p1a: Tauros|0 fnt
|faint|p1a: Tauros
|faint|p2a: Snorlax
|choice|switch 4|switch 5
|
|switch|p2a: Chansey|Chansey|315\/703 slp
|switch|p1a: Jynx|Jynx|132\/333 par
|turn|12
|choice|move 3|move 2
|
|-curestatus|p2a: Chansey|slp
|move|p1a: Jynx|Rest|p1a: Jynx
|-status|p1a: Jynx|slp
|-heal|p1a: Jynx|333\/333 slp|[silent]
|-status|p1a: Jynx|slp|[from] move: Rest
|
|turn|13
|choice|switch 5|move 2
|
|switch|p1a: Exeggutor|Exeggutor|393\/393
|move|p2a: Chansey|Soft-Boiled|p2a: Chansey
|-heal|p2a: Chansey|666\/703
|
|turn|14
|choice|move 2|move 3
|
|move|p1a: Exeggutor|Sleep Powder|p2a: Chansey
|-status|p2a: Chansey|slp
|cant|p2a: Chansey|slp
|
|turn|15
|choice|move 1|switch 3
|
|switch|p2a: Exeggutor|Exeggutor|393\/393
|move|p1a: Exeggutor|Psychic|p2a: Exeggutor
|-resisted|p2a: Exeggutor
|-damage|p2a: Exeggutor|338\/393
|
|turn|16
|choice|move 3|move 2
|
|move|p1a: Exeggutor|Explosion|p2a: Exeggutor
|-damage|p2a: Exeggutor|40\/393
|faint|p1a: Exeggutor
|choice|switch 2|
|
|switch|p1a: Zapdos|Zapdos|383\/383
|turn|17
|choice|move 3|move 1
|
|move|p1a: Zapdos|Drill Peck|p2a: Exeggutor
|-supereffective|p2a: Exeggutor
|-damage|p2a: Exeggutor|0 fnt
|faint|p2a: Exeggutor
|choice||switch 6
|
|switch|p2a: Alakazam|Alakazam|313\/313
|turn|18
|choice|move 4|move 1
|
|move|p2a: Alakazam|Thunder Wave|p1a: Zapdos
|-status|p1a: Zapdos|par
|cant|p1a: Zapdos|par
|
|turn|19
|choice|move 4|switch 3
|
|switch|p2a: Chansey|Chansey|666\/703 slp
|move|p1a: Zapdos|Thunder Wave|p2a: Chansey
|-fail|p2a: Chansey
|
|turn|20
|choice|move 2|move 3
|
|cant|p2a: Chansey|slp
|move|p1a: Zapdos|Agility|p1a: Zapdos
|-boost|p1a: Zapdos|spe|2
|
|turn|21
|choice|move 3|move 3
|
|move|p1a: Zapdos|Drill Peck|p2a: Chansey
|-damage|p2a: Chansey|418\/703 slp
|cant|p2a: Chansey|slp
|
|turn|22
|choice|move 3|move 2
|
|move|p1a: Zapdos|Drill Peck|p2a: Chansey
|-crit|p2a: Chansey
|-damage|p2a: Chansey|0 fnt
|faint|p2a: Chansey
|choice||switch 2
|
|switch|p2a: Tauros|Tauros|353\/353
|turn|23
|choice|move 4|move 1
|
|cant|p1a: Zapdos|par
|move|p2a: Tauros|Body Slam|p1a: Zapdos
|-damage|p1a: Zapdos|272\/383 par
|
|turn|24
|choice|move 4|move 4
|
|move|p1a: Zapdos|Thunder Wave|p2a: Tauros
|-status|p2a: Tauros|par
|move|p2a: Tauros|Blizzard|p1a: Zapdos
|-crit|p1a: Zapdos
|-supereffective|p1a: Zapdos
|-damage|p1a: Zapdos|29\/383 par
|
|turn|25
|choice|move 1|move 1
|
|cant|p1a: Zapdos|par
|move|p2a: Tauros|Body Slam|p1a: Zapdos
|-crit|p1a: Zapdos
|-damage|p1a: Zapdos|0 fnt
|faint|p1a: Zapdos
|choice|switch 5|
|
|switch|p1a: Jynx|Jynx|333\/333 slp
|turn|26
|-message|teal6 forfeited.
|
|win|Confide