|J|Lusch
|J|Ortheore
|player|p1|Lusch|153
|player|p2|Ortheore|170
|gametype|singles
|gen|1
|tier|[Gen 1] OU
|seed|27153,9643,15628,8791
|rule|Sleep Clause Mod: Limit one foe put to sleep
|rule|Freeze Clause Mod: Limit one foe frozen
|rule|Species Clause: Limit one of each Pokémon
|rule|OHKO Clause: OHKO moves are banned
|rule|Evasion Moves Clause: Evasion moves are banned
|rule|HP Percentage Mod: HP is shown in percentages
|
|start
|switch|p1a: Mr. Mime|Mr. Mime|283\/283
|switch|p2a: Clefable|Clefable|393\/393
|turn|1
|choice|switch 3|move 4
|
|switch|p1a: Venusaur|Venusaur|363\/363
|move|p2a: Clefable|Thunder Wave|p1a: Venusaur
|-status|p1a: Venusaur|par
|
|turn|2
|choice|move 2|move 3
|
|move|p2a: Clefable|Blizzard|p1a: Venusaur
|-supereffective|p1a: Venusaur
|-damage|p1a: Venusaur|199\/363 par
|move|p1a: Venusaur|Sleep Powder|p2a: Clefable
|-status|p2a: Clefable|slp
|
|turn|3
|choice|move 1|switch 5
|
|switch|p2a: Fearow|Fearow|333\/333
|cant|p1a: Venusaur|par
|
|turn|4
|choice|switch 6|move 3
|
|switch|p1a: Electabuzz|Electabuzz|333\/333
|move|p2a: Fearow|Drill Peck|p1a: Electabuzz
|-crit|p1a: Electabuzz
|-resisted|p1a: Electabuzz
|-damage|p1a: Electabuzz|209\/333
|
|turn|5
|choice|move 1|switch 6
|
|switch|p2a: Graveler|Graveler|313\/313
|move|p1a: Electabuzz|Psychic|p2a: Graveler
|-damage|p2a: Graveler|219\/313
|-unboost|p2a: Graveler|spd|1
|-unboost|p2a: Graveler|spa|1
|
|turn|6
|choice|switch 4|move 2
|
|switch|p1a: Vaporeon|Vaporeon|463\/463
|move|p2a: Graveler|Earthquake|p1a: Vaporeon
|-damage|p1a: Vaporeon|302\/463
|
|turn|7
|choice|switch 3|switch 4
|
|switch|p1a: Mr. Mime|Mr. Mime|283\/283
|switch|p2a: Dewgong|Dewgong|383\/383
|
|turn|8
|choice|move 3|move 4
|
|move|p1a: Mr. Mime|Thunderbolt|p2a: Dewgong
|-supereffective|p2a: Dewgong
|-damage|p2a: Dewgong|231\/383
|move|p2a: Dewgong|Blizzard|p1a: Mr. Mime
|-damage|p1a: Mr. Mime|135\/283
|
|turn|9
|c|★Lusch|ugh
|choice|move 3|move 4
|
|move|p1a: Mr. Mime|Thunderbolt|p2a: Dewgong
|-crit|p2a: Dewgong
|-supereffective|p2a: Dewgong
|-damage|p2a: Dewgong|0 fnt
|faint|p2a: Dewgong
|choice||switch 6
|
|switch|p2a: Fearow|Fearow|333\/333
|turn|10
|choice|switch 6|move 1
|
|switch|p1a: Venusaur|Venusaur|199\/363 par
|move|p2a: Fearow|Double-Edge|p1a: Venusaur
|-damage|p1a: Venusaur|83\/363 par
|-damage|p2a: Fearow|304\/333|[from] recoil|[of] p1a: Venusaur
|
|turn|11
|choice|move 2|move 3
|
|move|p2a: Fearow|Drill Peck|p1a: Venusaur
|-crit|p1a: Venusaur
|-supereffective|p1a: Venusaur
|-damage|p1a: Venusaur|0 fnt
|faint|p1a: Venusaur
|choice|switch 5|
|
|switch|p1a: Sandslash|Sandslash|353\/353
|turn|12
|choice|move 2|switch 3
|
|switch|p2a: Venusaur|Venusaur|363\/363
|move|p1a: Sandslash|Rock Slide|p2a: Venusaur
|-damage|p2a: Venusaur|296\/363
|
|turn|13
|choice|switch 6|move 1
|
|switch|p1a: Mr. Mime|Mr. Mime|135\/283
|move|p2a: Venusaur|Sleep Powder|p1a: Mr. Mime|[miss]
|-miss|p2a: Venusaur
|
|turn|14
|c|★Lusch|sucks
|choice|move 1|move 4
|
|move|p1a: Mr. Mime|Psychic|p2a: Venusaur
|-supereffective|p2a: Venusaur
|-damage|p2a: Venusaur|84\/363
|-unboost|p2a: Venusaur|spd|1
|-unboost|p2a: Venusaur|spa|1
|move|p2a: Venusaur|Hyper Beam|p1a: Mr. Mime
|-crit|p1a: Mr. Mime
|-damage|p1a: Mr. Mime|0 fnt
|faint|p1a: Mr. Mime
|choice|switch 4|
|
|switch|p1a: Electabuzz|Electabuzz|209\/333
|turn|15
|choice|move 1|switch 2
|
|switch|p2a: Mr. Mime|Mr. Mime|283\/283
|move|p1a: Electabuzz|Psychic|p2a: Mr. Mime
|-resisted|p2a: Mr. Mime
|-damage|p2a: Mr. Mime|252\/283
|
|turn|16
|choice|move 4|move 1
|
|move|p1a: Electabuzz|Thunder Wave|p2a: Mr. Mime
|-status|p2a: Mr. Mime|par
|move|p2a: Mr. Mime|Psychic|p1a: Electabuzz
|-damage|p1a: Electabuzz|99\/333
|-unboost|p1a: Electabuzz|spd|1
|-unboost|p1a: Electabuzz|spa|1
|
|turn|17
|choice|move 2|move 1
|
|move|p1a: Electabuzz|Seismic Toss|p2a: Mr. Mime
|-damage|p2a: Mr. Mime|152\/283 par
|move|p2a: Mr. Mime|Psychic|p1a: Electabuzz
|-damage|p1a: Electabuzz|0 fnt
|faint|p1a: Electabuzz
|choice|switch 3|
|
|switch|p1a: Vaporeon|Vaporeon|302\/463
|turn|18
|choice|move 2|move 3
|
|move|p1a: Vaporeon|Hydro Pump|p2a: Mr. Mime
|-damage|p2a: Mr. Mime|3\/283 par
|move|p2a: Mr. Mime|Thunderbolt|p1a: Vaporeon
|-supereffective|p1a: Vaporeon
|-damage|p1a: Vaporeon|163\/463
|
|turn|19
|choice|move 4|move 3
|
|move|p1a: Vaporeon|Surf|p2a: Mr. Mime
|-damage|p2a: Mr. Mime|0 fnt
|faint|p2a: Mr. Mime
|choice||switch 2
|
|switch|p2a: Venusaur|Venusaur|84\/363
|turn|20
|choice|switch 2|move 1
|
|switch|p1a: Fearow|Fearow|333\/333
|move|p2a: Venusaur|Sleep Powder|p1a: Fearow
|-status|p1a: Fearow|slp
|
|turn|21
|c|★Lusch|oh right
|c|★Lusch|lol
|choice|move 1|move 3
|
|cant|p1a: Fearow|slp
|move|p2a: Venusaur|Body Slam|p1a: Fearow
|-damage|p1a: Fearow|263\/333 slp
|
|turn|22
|choice|move 1|move 3
|
|cant|p1a: Fearow|slp
|move|p2a: Venusaur|Body Slam|p1a: Fearow
|-damage|p1a: Fearow|189\/333 slp
|
|turn|23
|choice|move 1|move 3
|
|cant|p1a: Fearow|slp
|move|p2a: Venusaur|Body Slam|p1a: Fearow
|-damage|p1a: Fearow|110\/333 slp
|
|turn|24
|choice|switch 6|move 4
|
|switch|p1a: Sandslash|Sandslash|353\/353
|move|p2a: Venusaur|Hyper Beam|p1a: Sandslash
|-damage|p1a: Sandslash|256\/353
|
|turn|25
|-mustrecharge|p2a: Venusaur
|-mustrecharge|p2a: Venusaur
|choice|move 1|move 1
|
|cant|p2a: Venusaur|recharge
|move|p1a: Sandslash|Earthquake|p2a: Venusaur
|-damage|p2a: Venusaur|0 fnt
|faint|p2a: Venusaur
|choice||switch 3
|
|switch|p2a: Fearow|Fearow|304\/333
|turn|26
|choice|move 2|move 3
|
|move|p2a: Fearow|Drill Peck|p1a: Sandslash
|-damage|p1a: Sandslash|174\/353
|move|p1a: Sandslash|Rock Slide|p2a: Fearow
|-supereffective|p2a: Fearow
|-damage|p2a: Fearow|152\/333
|
|turn|27
|choice|move 2|move 2
|
|move|p2a: Fearow|Hyper Beam|p1a: Sandslash
|-damage|p1a: Sandslash|28\/353
|move|p1a: Sandslash|Rock Slide|p2a: Fearow
|-supereffective|p2a: Fearow
|-damage|p2a: Fearow|0 fnt
|faint|p2a: Fearow
|choice||switch 5
|
|switch|p2a: Clefable|Clefable|393\/393 slp
|turn|28
|L|Ortheore
|player|p2
|-message|Ortheore lost due to inactivity.
|
|win|Lusch