|inactive|Battle timer is ON: inactive players will automatically lose when time's up.
|J|fapkingg
|J|fleggumfl
|player|p1|fapkingg|25
|player|p2|fleggumfl|217
|gametype|singles
|gen|1
|tier|[Gen 1] OU
|rule|Sleep Clause Mod: Limit one foe put to sleep
|rule|Freeze Clause Mod: Limit one foe frozen
|rule|Species Clause: Limit one of each Pokémon
|rule|OHKO Clause: OHKO moves are banned
|rule|Evasion Moves Clause: Evasion moves are banned
|rule|HP Percentage Mod: HP is shown in percentages
|
|start
|switch|p1a: Gengar|Gengar|323\/323
|switch|p2a: Alakazam|Alakazam|313\/313
|turn|1
|J|m00ns
|J|Ditteh
|c|★fleggumfl|G o o D L u c k
|
|switch|p1a: Chansey|Chansey|703\/703
|move|p2a: Alakazam|Psychic|p1a: Chansey
|-damage|p1a: Chansey|585\/703
|
|turn|2
|c|★fapkingg|N o L u c k
|c|★fleggumfl|i m k i d d i n g i h o p e i h a c k y o u
|L|Ditteh
|
|switch|p2a: Chansey|Chansey|703\/703
|move|p1a: Chansey|Seismic Toss|p2a: Chansey
|-damage|p2a: Chansey|603\/703
|
|turn|3
|J|H-C
|c|★fapkingg|--'
|
|move|p1a: Chansey|Sing|p2a: Chansey|[miss]
|-miss|p1a: Chansey
|move|p2a: Chansey|Ice Beam|p1a: Chansey
|-damage|p1a: Chansey|506\/703
|
|turn|4
|c|★fapkingg|f u c k y o u.
|
|move|p1a: Chansey|Seismic Toss|p2a: Chansey
|-damage|p2a: Chansey|503\/703
|move|p2a: Chansey|Ice Beam|p1a: Chansey
|-damage|p1a: Chansey|429\/703
|
|turn|5
|c|+H-C|i h o p e y o u d i e s o o n
|
|move|p1a: Chansey|Sing|p2a: Chansey
|-status|p2a: Chansey|slp
|cant|p2a: Chansey|slp
|
|turn|6
|
|switch|p2a: Snorlax|Snorlax|523\/523
|move|p1a: Chansey|Soft-Boiled|p1a: Chansey
|-heal|p1a: Chansey|703\/703
|
|turn|7
|c|★fleggumfl|i have
|c|★fleggumfl|3 m o v e s o n t h i s
|c|★fapkingg|i don't care
|c|★fapkingg|h a h a
|
|move|p1a: Chansey|Thunder Wave|p2a: Snorlax
|-status|p2a: Snorlax|par
|move|p2a: Snorlax|Earthquake|p1a: Chansey
|-damage|p1a: Chansey|488\/703
|
|turn|8
|c|★fleggumfl|``h a h a``
|
|move|p1a: Chansey|Soft-Boiled|p1a: Chansey
|-heal|p1a: Chansey|703\/703
|cant|p2a: Snorlax|par
|
|turn|9
|c|+H-C|fapking is nice n_n
|
|move|p1a: Chansey|Seismic Toss|p2a: Snorlax
|-damage|p2a: Snorlax|423\/523 par
|move|p2a: Snorlax|Earthquake|p1a: Chansey
|-damage|p1a: Chansey|487\/703
|
|turn|10
|c|★fapkingg|<3
|
|switch|p1a: Gengar|Gengar|323\/323
|move|p2a: Snorlax|Body Slam|p1a: Gengar
|-immune|p1a: Gengar|[msg]
|
|turn|11
|c|★fleggumfl|D A m n
|c|★fleggumfl|got predicted
|c|★fapkingg|y e a h
|c|★fapkingg|!!
|
|switch|p1a: Moltres|Moltres|383\/383
|switch|p2a: Alakazam|Alakazam|313\/313
|
|turn|12
|J|ReshiRampage
|c|+H-C|oml
|c|+H-C|kacaw
|c|★fleggumfl|not this......................
|c|+ReshiRampage|kek
|
|switch|p1a: Chansey|Chansey|487\/703
|move|p2a: Alakazam|Thunder Wave|p1a: Chansey
|-status|p1a: Chansey|par
|
|turn|13
|L|ReshiRampage
|
|switch|p2a: Snorlax|Snorlax|423\/523 par
|cant|p1a: Chansey|par
|
|turn|14
|
|switch|p1a: Gengar|Gengar|323\/323
|move|p2a: Snorlax|Earthquake|p1a: Gengar
|-supereffective|p1a: Gengar
|-damage|p1a: Gengar|102\/323
|
|turn|15
|c|★fleggumfl|cant touch this
|
|move|p1a: Gengar|Explosion|p2a: Snorlax
|-damage|p2a: Snorlax|151\/523 par
|faint|p1a: Gengar
|c|★fapkingg|that's so
|c|★fleggumfl|i lied
|c|★fapkingg|w e a k
|c|+H-C|https:\/\/www.youtube.com\/watch?v=otCpCn0l4Wo
|
|switch|p1a: Moltres|Moltres|383\/383
|turn|16
|c|★fleggumfl|miss
|
|move|p1a: Moltres|Fire Blast|p2a: Snorlax
|-damage|p2a: Snorlax|0 fnt
|faint|p2a: Snorlax
|c|★fleggumfl|then let me boom
|c|★fleggumfl|hacker
|c|★fapkingg|no shut up
|c|★fapkingg|h a h a
|
|switch|p2a: Alakazam|Alakazam|313\/313
|turn|17
|
|move|p2a: Alakazam|Psychic|p1a: Moltres
|-crit|p1a: Moltres
|-damage|p1a: Moltres|165\/383
|move|p1a: Moltres|Agility|p1a: Moltres
|-boost|p1a: Moltres|spe|2
|
|turn|18
|
|move|p1a: Moltres|Fire Spin|p2a: Alakazam
|-damage|p2a: Alakazam|297\/313
|-activate|p2a: Alakazam|move: Fire Spin|[of] p1a: Moltres
|cant|p2a: Alakazam|partiallytrapped
|
|turn|19
|
|move|p1a: Moltres|Fire Spin|p2a: Alakazam
|-damage|p2a: Alakazam|281\/313
|cant|p2a: Alakazam|partiallytrapped
|
|turn|20
|c|★fleggumfl|y o u a r e g a y
|
|move|p1a: Moltres|Fire Spin|p2a: Alakazam
|-damage|p2a: Alakazam|265\/313
|cant|p2a: Alakazam|partiallytrapped
|
|turn|21
|c|★fapkingg|y
|
|move|p1a: Moltres|Fire Spin|p2a: Alakazam
|-damage|p2a: Alakazam|249\/313
|cant|p2a: Alakazam|partiallytrapped
|
|turn|22
|
|move|p1a: Moltres|Fire Spin|p2a: Alakazam
|-damage|p2a: Alakazam|233\/313
|cant|p2a: Alakazam|partiallytrapped
|
|-end|p2a: Alakazam|Fire Spin|[partiallytrapped]
|turn|23
|
|move|p1a: Moltres|Fire Spin|p2a: Alakazam
|-damage|p2a: Alakazam|214\/313
|-activate|p2a: Alakazam|move: Fire Spin|[of] p1a: Moltres
|cant|p2a: Alakazam|partiallytrapped
|
|turn|24
|
|move|p1a: Moltres|Fire Spin|p2a: Alakazam
|-damage|p2a: Alakazam|195\/313
|cant|p2a: Alakazam|partiallytrapped
|
|-end|p2a: Alakazam|Fire Spin|[partiallytrapped]
|turn|25
|
|move|p1a: Moltres|Fire Spin|p2a: Alakazam|[miss]
|-miss|p1a: Moltres
|move|p2a: Alakazam|Thunder Wave|p1a: Moltres
|-status|p1a: Moltres|par
|
|turn|26
|c|★fapkingg|--'
|
|move|p2a: Alakazam|Psychic|p1a: Moltres
|-damage|p1a: Moltres|54\/383 par
|-unboost|p1a: Moltres|spd|1
|-unboost|p1a: Moltres|spa|1
|cant|p1a: Moltres|par
|
|turn|27
|c|★fapkingg|L O L
|c|★fapkingg|i hate you
|c|★fleggumfl|t h a n k s
|c|★fapkingg|:'(
|
|move|p2a: Alakazam|Recover|p2a: Alakazam
|-heal|p2a: Alakazam|313\/313
|move|p1a: Moltres|Hyper Beam|p2a: Alakazam
|-damage|p2a: Alakazam|115\/313
|
|turn|28
|-mustrecharge|p1a: Moltres
|-mustrecharge|p1a: Moltres
|
|move|p2a: Alakazam|Recover|p2a: Alakazam
|-heal|p2a: Alakazam|271\/313
|cant|p1a: Moltres|recharge
|
|turn|29
|c|★fleggumfl|did 0
|
|move|p2a: Alakazam|Seismic Toss|p1a: Moltres
|-damage|p1a: Moltres|0 fnt
|faint|p1a: Moltres
|
|switch|p1a: Snorlax|Snorlax|523\/523
|turn|30
|c|+H-C|t'es au courant que t'avais juste à agility ?
|c|+H-C|et tu gagnais ?
|c|★fapkingg|pas vraiment
|c|★fapkingg|il peut toujours me full para
|c|+H-C|ué enfin
|
|move|p2a: Alakazam|Thunder Wave|p1a: Snorlax
|-status|p1a: Snorlax|par
|cant|p1a: Snorlax|par
|
|turn|31
|c|+H-C|tu peux le weaken
|c|+H-C|et pas perdre sur kazam
|c|+H-C|:)
|
|move|p2a: Alakazam|Psychic|p1a: Snorlax
|-damage|p1a: Snorlax|340\/523 par
|move|p1a: Snorlax|Body Slam|p2a: Alakazam
|-crit|p2a: Alakazam
|-damage|p2a: Alakazam|0 fnt
|faint|p2a: Alakazam
|c|+H-C|ah
|c|+H-C|mdr
|c|★fapkingg|ha!
|
|switch|p2a: Slowbro|Slowbro|393\/393
|turn|32
|c|★fapkingg|h a c k e d
|
|move|p2a: Slowbro|Amnesia|p2a: Slowbro
|-boost|p2a: Slowbro|spd|2
|-boost|p2a: Slowbro|spa|2
|move|p1a: Snorlax|Self-Destruct|p2a: Slowbro
|-damage|p2a: Slowbro|99\/393
|faint|p1a: Snorlax
|
|switch|p1a: Starmie|Starmie|323\/323
|turn|33
|c|+H-C|0
|c|★fapkingg|wait
|c|+H-C|0
|
|move|p1a: Starmie|Thunderbolt|p2a: Slowbro
|-supereffective|p2a: Slowbro
|-damage|p2a: Slowbro|6\/393
|-status|p2a: Slowbro|par
|cant|p2a: Slowbro|par
|
|turn|34
|c|★fapkingg|i hope i didn't choke
|c|★fleggumfl|YOU FUCKER
|c|★fapkingg|ok i did
|c|+H-C|LOL
|c|★fleggumfl|I HATE YOU
|c|★fapkingg|LOL
|c|★fleggumfl|ok
|c|★fapkingg|L O L
|c|+m00ns|LMFAO
|c|★fleggumfl|miss this
|c|★fleggumfl|1\/255
|c|★fleggumfl|on my side
|
|move|p1a: Starmie|Thunderbolt|p2a: Slowbro
|-supereffective|p2a: Slowbro
|-damage|p2a: Slowbro|0 fnt
|faint|p2a: Slowbro
|
|switch|p2a: Chansey|Chansey|503\/703 slp
|turn|35
|c|★fapkingg|no sry
|c|★fapkingg|i cant
|
|switch|p1a: Tauros|Tauros|353\/353
|cant|p2a: Chansey|slp
|
|turn|36
|c|★fleggumfl|could have hit recover,,,,,,
|
|switch|p2a: Exeggutor|Exeggutor|393\/393
|move|p1a: Tauros|Body Slam|p2a: Exeggutor
|-damage|p2a: Exeggutor|288\/393
|
|turn|37
|c|★fleggumfl|blizzard if real
|c|★fleggumfl|kidding
|
|switch|p1a: Chansey|Chansey|487\/703 par
|move|p2a: Exeggutor|Stun Spore|p1a: Chansey|[miss]
|-miss|p2a: Exeggutor
|
|turn|38
|c|★fapkingg|sorry
|c|★fapkingg|:(
|c|★fleggumfl|damn
|c|★fleggumfl|cost me the game
|c|★fleggumfl|hackjer
|
|switch|p2a: Chansey|Chansey|503\/703 slp
|move|p1a: Chansey|Seismic Toss|p2a: Chansey
|-damage|p2a: Chansey|403\/703 slp
|
|turn|39
|
|switch|p2a: Tauros|Tauros|353\/353
|switch|p1a: Tauros|Tauros|353\/353
|
|turn|40
|
|move|p2a: Tauros|Blizzard|p1a: Tauros
|-damage|p1a: Tauros|259\/353
|move|p1a: Tauros|Body Slam|p2a: Tauros
|-damage|p2a: Tauros|247\/353
|
|turn|41
|c|★fapkingg|hello?
|c|★fleggumfl|be a god
|c|★fleggumfl|and hit blizzard
|c|★fapkingg|you're not trying to
|c|★fapkingg|freeze
|c|★fleggumfl|be a god though
|
|move|p2a: Tauros|Blizzard|p1a: Tauros
|-damage|p1a: Tauros|163\/353
|move|p1a: Tauros|Blizzard|p2a: Tauros
|-damage|p2a: Tauros|149\/353
|
|turn|42
|c|★fleggumfl|ive won
|c|★fleggumfl|some games from 
|c|★fleggumfl|doing that
|c|★fleggumfl|go starmie
|c|★fleggumfl|on this
|c|★fleggumfl|crit hbeam
|
|switch|p1a: Starmie|Starmie|323\/323
|move|p2a: Tauros|Hyper Beam|p1a: Starmie
|-damage|p1a: Starmie|124\/323
|
|turn|43
|-mustrecharge|p2a: Tauros
|-mustrecharge|p2a: Tauros
|c|★fapkingg|thanks :D
|c|★fleggumfl|where was the crit..........
|
|move|p1a: Starmie|Thunder Wave|p2a: Tauros
|-status|p2a: Tauros|par
|cant|p2a: Tauros|recharge
|
|turn|44
|c|★fleggumfl|you miss
|c|★fleggumfl|kidding
|
|move|p1a: Starmie|Recover|p1a: Starmie
|-heal|p1a: Starmie|285\/323
|move|p2a: Tauros|Body Slam|p1a: Starmie
|-damage|p1a: Starmie|167\/323
|
|turn|45
|
|move|p1a: Starmie|Blizzard|p2a: Tauros
|-damage|p2a: Tauros|21\/353 par
|move|p2a: Tauros|Blizzard|p1a: Starmie
|-resisted|p1a: Starmie
|-damage|p1a: Starmie|132\/323
|
|turn|46
|c|★fleggumfl|hacker
|c|★fapkingg|no u can't
|c|★fapkingg|★fleggumfl: i m k i d d i n g i h o p e i h a c k y o u
|c|★fapkingg|??
|c|★fleggumfl|,,
|
|move|p1a: Starmie|Thunderbolt|p2a: Tauros
|-crit|p2a: Tauros
|-damage|p2a: Tauros|0 fnt
|faint|p2a: Tauros
|
|switch|p2a: Chansey|Chansey|403\/703 slp
|turn|47
|
|switch|p1a: Tauros|Tauros|163\/353
|cant|p2a: Chansey|slp
|
|turn|48
|c|★fleggumfl|miss
|
|move|p1a: Tauros|Body Slam|p2a: Chansey
|-damage|p2a: Chansey|149\/703 slp
|cant|p2a: Chansey|slp
|
|turn|49
|c|★fleggumfl|i told you to miss
|
|move|p1a: Tauros|Blizzard|p2a: Chansey
|-damage|p2a: Chansey|79\/703 slp
|-curestatus|p2a: Chansey|slp
|
|turn|50
|c|★fapkingg|i will miss
|c|★fapkingg|here
|c|★fleggumfl|yes
|c|★fapkingg|yn
|c|★fleggumfl|you will
|J|Orangeis
|
|move|p1a: Tauros|Hyper Beam|p2a: Chansey
|-crit|p2a: Chansey
|-damage|p2a: Chansey|0 fnt
|faint|p2a: Chansey
|c|★fapkingg|damn
|c|★fleggumfl|you risked hbeam
|c|★fleggumfl|what a god
|c|★fapkingg|and a crit
|
|switch|p2a: Exeggutor|Exeggutor|288\/393
|turn|51
|c|★fleggumfl|!ds fire type, 1
|raw|<div class="infobox">Arcanine, Charizard, Charmander, Charmeleon, Flareon, Growlithe, Magmar, Moltres, Ninetales, Ponyta, Rapidash, Vulpix<\/div>
|c|★fleggumfl|ok
|c|★fleggumfl|im gonna make monotype teams because i suck
|
|move|p1a: Tauros|Blizzard|p2a: Exeggutor
|-supereffective|p2a: Exeggutor
|-damage|p2a: Exeggutor|163\/393
|move|p2a: Exeggutor|Stun Spore|p1a: Tauros|[miss]
|-miss|p2a: Exeggutor
|
|turn|52
|c|+H-C|ez
|c|★fleggumfl|rby monotype op
|c|★fapkingg|e z
|c|★fleggumfl|miss
|c|★fleggumfl|so i can boom
|
|move|p1a: Tauros|Hyper Beam|p2a: Exeggutor|[miss]
|-miss|p1a: Tauros
|move|p2a: Exeggutor|Explosion|p1a: Tauros
|-crit|p1a: Tauros
|-damage|p1a: Tauros|0 fnt
|faint|p1a: Tauros
|faint|p2a: Exeggutor
|
|win|fapkingg