|inactive|Battle timer is ON: inactive players will automatically lose when time's up.
|J|Golden Gyarados
|J|Tyrano
|player|p1|Golden Gyarados|266
|player|p2|Tyrano|80
|gametype|singles
|gen|1
|tier|[Gen 1] OU
|rule|Sleep Clause Mod: Limit one foe put to sleep
|rule|Freeze Clause Mod: Limit one foe frozen
|rule|Species Clause: Limit one of each Pokémon
|rule|OHKO Clause: OHKO moves are banned
|rule|Evasion Moves Clause: Evasion moves are banned
|rule|HP Percentage Mod: HP is shown in percentages
|
|start
|switch|p1a: Jynx|Jynx|333\/333
|switch|p2a: Starmie|Starmie|323\/323
|turn|1
|J|Funkasaurus
|J|Jirachee
|J|Sam
|J|Mizuhime
|J|petyer
|J|robert
|J|Hikali
|J|Croven
|J|BKC
|J|Stratos
|J|Isa RC
|J|Stall Hater
|J|soulgazer
|J|Mr.378
|J|Malekith
|J|M Dragon
|J|MewtwoHidden
|J|EvaUnit10
|J|elastico
|J|penedurojeje
|J|Hot N Cold
|J|theurbandear
|J|Txerogross
|
|move|p2a: Starmie|Thunder Wave|p1a: Jynx
|-status|p1a: Jynx|par
|move|p1a: Jynx|Lovely Kiss|p2a: Starmie
|-status|p2a: Starmie|slp
|
|turn|2
|J|giara
|raw|<div class="broadcast-red"><b>Moderated chat was set to @!<\/b><br \/>Only users of rank @ and higher can talk.<\/div>
|J|King Tsunami
|J|Rei
|L|Hot N Cold
|J|kamikaze17
|J|snagaa
|J|Finchinator
|J|stathakis
|J|Marco Matias
|J|Kefky
|J|jpw234
|
|cant|p2a: Starmie|slp
|move|p1a: Jynx|Psychic|p2a: Starmie
|-resisted|p2a: Starmie
|-damage|p2a: Starmie|269\/323 slp
|
|turn|3
|J|Genesis7
|J|marcoasd
|J|jajajalol
|J|LJDarkrai
|J|Cristal
|
|cant|p2a: Starmie|slp
|move|p1a: Jynx|Psychic|p2a: Starmie
|-resisted|p2a: Starmie
|-damage|p2a: Starmie|222\/323 slp
|
|turn|4
|J|lightchu
|
|cant|p2a: Starmie|slp
|move|p1a: Jynx|Psychic|p2a: Starmie
|-resisted|p2a: Starmie
|-damage|p2a: Starmie|174\/323 slp
|
|turn|5
|J|reiku
|J|kratosmana
|J|SoulWind
|
|cant|p2a: Starmie|slp
|move|p1a: Jynx|Psychic|p2a: Starmie
|-resisted|p2a: Starmie
|-damage|p2a: Starmie|120\/323 slp
|-unboost|p2a: Starmie|spd|1
|-unboost|p2a: Starmie|spa|1
|
|turn|6
|J|TheLindomar
|J|Rumor
|L|TheLindomar
|J|Omfuga
|J|sca1d
|J|Betapf
|J|Hot N Cold
|J|GGuilas
|J|LivingMiracle
|J|pepsi
|J|ICHHEISSENICHTRICK
|J|bouff
|J|atomicllamas
|J|Analog
|
|cant|p2a: Starmie|slp
|-curestatus|p2a: Starmie|slp
|move|p1a: Jynx|Psychic|p2a: Starmie
|-resisted|p2a: Starmie
|-damage|p2a: Starmie|49\/323
|
|turn|7
|
|move|p2a: Starmie|Recover|p2a: Starmie
|-heal|p2a: Starmie|210\/323
|cant|p1a: Jynx|par
|
|turn|8
|J|Crying Heavens
|J|iamgingE
|
|move|p2a: Starmie|Recover|p2a: Starmie
|-heal|p2a: Starmie|323\/323
|move|p1a: Jynx|Lovely Kiss|p2a: Starmie
|-status|p2a: Starmie|slp
|
|turn|9
|J|Nails
|J|DESTINY DEVICE
|
|switch|p2a: Snorlax|Snorlax|523\/523
|cant|p1a: Jynx|par
|
|turn|10
|
|switch|p1a: Exeggutor|Exeggutor|393\/393
|move|p2a: Snorlax|Earthquake|p1a: Exeggutor
|-resisted|p1a: Exeggutor
|-damage|p1a: Exeggutor|349\/393
|
|turn|11
|J|HudsonRain
|J|Faith Lee
|
|move|p1a: Exeggutor|Stun Spore|p2a: Snorlax
|-status|p2a: Snorlax|par
|cant|p2a: Snorlax|par
|
|turn|12
|J|Kris Bryant
|
|move|p1a: Exeggutor|Psychic|p2a: Snorlax
|-damage|p2a: Snorlax|372\/523 par
|move|p2a: Snorlax|Body Slam|p1a: Exeggutor
|-damage|p1a: Exeggutor|236\/393
|
|turn|13
|J|Shogarth
|L|iamgingE
|J|iamgingE
|J|cosine180
|
|switch|p2a: Exeggutor|Exeggutor|393\/393
|move|p1a: Exeggutor|Psychic|p2a: Exeggutor
|-crit|p2a: Exeggutor
|-resisted|p2a: Exeggutor
|-damage|p2a: Exeggutor|288\/393
|
|turn|14
|J|Tesung
|J|Yogiras
|
|move|p2a: Exeggutor|Psychic|p1a: Exeggutor
|-resisted|p1a: Exeggutor
|-damage|p1a: Exeggutor|186\/393
|-unboost|p1a: Exeggutor|spd|1
|-unboost|p1a: Exeggutor|spa|1
|move|p1a: Exeggutor|Stun Spore|p2a: Exeggutor|[miss]
|-miss|p1a: Exeggutor
|
|turn|15
|L|ICHHEISSENICHTRICK
|
|move|p2a: Exeggutor|Psychic|p1a: Exeggutor
|-resisted|p1a: Exeggutor
|-damage|p1a: Exeggutor|103\/393
|move|p1a: Exeggutor|Stun Spore|p2a: Exeggutor
|-status|p2a: Exeggutor|par
|
|turn|16
|J|SOMALIA
|
|move|p1a: Exeggutor|Psychic|p2a: Exeggutor
|-resisted|p2a: Exeggutor
|-damage|p2a: Exeggutor|254\/393 par
|-unboost|p2a: Exeggutor|spd|1
|-unboost|p2a: Exeggutor|spa|1
|move|p2a: Exeggutor|Psychic|p1a: Exeggutor
|-resisted|p1a: Exeggutor
|-damage|p1a: Exeggutor|48\/393
|
|turn|17
|J|zedpi
|
|move|p1a: Exeggutor|Psychic|p2a: Exeggutor
|-resisted|p2a: Exeggutor
|-damage|p2a: Exeggutor|202\/393 par
|-unboost|p2a: Exeggutor|spd|1
|-unboost|p2a: Exeggutor|spa|1
|move|p2a: Exeggutor|Psychic|p1a: Exeggutor
|-crit|p1a: Exeggutor
|-resisted|p1a: Exeggutor
|-damage|p1a: Exeggutor|0 fnt
|faint|p1a: Exeggutor
|
|switch|p1a: Jynx|Jynx|333\/333 par
|turn|18
|
|switch|p2a: Starmie|Starmie|323\/323 slp
|move|p1a: Jynx|Blizzard|p2a: Starmie
|-resisted|p2a: Starmie
|-damage|p2a: Starmie|252\/323 slp
|
|turn|19
|
|cant|p2a: Starmie|slp
|move|p1a: Jynx|Psychic|p2a: Starmie
|-crit|p2a: Starmie
|-resisted|p2a: Starmie
|-damage|p2a: Starmie|157\/323 slp
|
|turn|20
|J|Deckline
|
|cant|p2a: Starmie|slp
|move|p1a: Jynx|Psychic|p2a: Starmie
|-crit|p2a: Starmie
|-resisted|p2a: Starmie
|-damage|p2a: Starmie|66\/323 slp
|
|turn|21
|
|switch|p2a: Lapras|Lapras|463\/463
|cant|p1a: Jynx|par
|
|turn|22
|J|ReshiRampage
|
|move|p2a: Lapras|Confuse Ray|p1a: Jynx
|-start|p1a: Jynx|confusion
|-activate|p1a: Jynx|confusion
|move|p1a: Jynx|Psychic|p2a: Lapras
|-crit|p2a: Lapras
|-damage|p2a: Lapras|271\/463
|
|turn|23
|
|move|p2a: Lapras|Body Slam|p1a: Jynx
|-damage|p1a: Jynx|219\/333 par
|-activate|p1a: Jynx|confusion
|move|p1a: Jynx|Psychic|p2a: Lapras
|-damage|p2a: Lapras|161\/463
|
|turn|24
|
|move|p2a: Lapras|Body Slam|p1a: Jynx
|-damage|p1a: Jynx|114\/333 par
|-activate|p1a: Jynx|confusion
|-damage|p1a: Jynx|73\/333 par|[from] confusion
|
|turn|25
|
|switch|p1a: Chansey|Chansey|703\/703
|move|p2a: Lapras|Body Slam|p1a: Chansey
|-damage|p1a: Chansey|528\/703
|
|turn|26
|
|switch|p2a: Snorlax|Snorlax|372\/523 par
|move|p1a: Chansey|Thunder Wave|p2a: Snorlax
|-fail|p2a: Snorlax|par
|
|turn|27
|J|Meru
|J|LouieLouieLouie
|J|edgar
|
|move|p1a: Chansey|Soft-Boiled|p1a: Chansey
|-heal|p1a: Chansey|703\/703
|move|p2a: Snorlax|Earthquake|p1a: Chansey
|-damage|p1a: Chansey|490\/703
|
|turn|28
|J|Froggy26
|
|move|p1a: Chansey|Soft-Boiled|p1a: Chansey
|-heal|p1a: Chansey|703\/703
|move|p2a: Snorlax|Body Slam|p1a: Chansey
|-damage|p1a: Chansey|434\/703
|
|turn|29
|J|Xopi
|
|move|p1a: Chansey|Soft-Boiled|p1a: Chansey
|-heal|p1a: Chansey|703\/703
|cant|p2a: Snorlax|par
|
|turn|30
|
|move|p1a: Chansey|Thunderbolt|p2a: Snorlax
|-damage|p2a: Snorlax|268\/523 par
|cant|p2a: Snorlax|par
|
|turn|31
|J|Steelphoenix
|L|BKC
|J|Xpa
|
|move|p1a: Chansey|Thunderbolt|p2a: Snorlax
|-damage|p2a: Snorlax|170\/523 par
|move|p2a: Snorlax|Body Slam|p1a: Chansey
|-damage|p1a: Chansey|407\/703
|
|turn|32
|
|move|p1a: Chansey|Soft-Boiled|p1a: Chansey
|-heal|p1a: Chansey|703\/703
|move|p2a: Snorlax|Self-Destruct|p1a: Chansey
|-damage|p1a: Chansey|0 fnt
|faint|p1a: Chansey
|faint|p2a: Snorlax
|L|petyer
|L|penedurojeje
|
|switch|p2a: Alakazam|Alakazam|313\/313
|switch|p1a: Tauros|Tauros|353\/353
|turn|33
|L|Omfuga
|
|switch|p1a: Jynx|Jynx|73\/333 par
|move|p2a: Alakazam|Thunder Wave|p1a: Jynx
|-fail|p1a: Jynx|par
|
|turn|34
|J|The Kyle
|
|move|p2a: Alakazam|Psychic|p1a: Jynx
|-resisted|p1a: Jynx
|-damage|p1a: Jynx|11\/333 par
|-unboost|p1a: Jynx|spd|1
|-unboost|p1a: Jynx|spa|1
|cant|p1a: Jynx|par
|
|turn|35
|L|Hot N Cold
|J|penedurojeje
|
|move|p2a: Alakazam|Psychic|p1a: Jynx
|-resisted|p1a: Jynx
|-damage|p1a: Jynx|0 fnt
|faint|p1a: Jynx
|
|switch|p1a: Lapras|Lapras|463\/463
|turn|36
|J|soulraiser
|
|move|p2a: Alakazam|Thunder Wave|p1a: Lapras
|-status|p1a: Lapras|par
|move|p1a: Lapras|Body Slam|p2a: Alakazam
|-damage|p2a: Alakazam|214\/313
|
|turn|37
|
|move|p2a: Alakazam|Reflect|p2a: Alakazam
|-start|p2a: Alakazam|Reflect
|move|p1a: Lapras|Blizzard|p2a: Alakazam
|-damage|p2a: Alakazam|104\/313
|-status|p2a: Alakazam|frz
|
|turn|38
|L|penedurojeje
|
|cant|p2a: Alakazam|frz
|move|p1a: Lapras|Thunderbolt|p2a: Alakazam
|-damage|p2a: Alakazam|45\/313 frz
|
|turn|39
|L|iamgingE
|
|cant|p2a: Alakazam|frz
|move|p1a: Lapras|Body Slam|p2a: Alakazam
|-damage|p2a: Alakazam|0 fnt
|faint|p2a: Alakazam
|J|iamgingE
|J|Kingler12345
|
|switch|p2a: Lapras|Lapras|161\/463
|turn|40
|
|move|p2a: Lapras|Thunderbolt|p1a: Lapras
|-supereffective|p1a: Lapras
|-damage|p1a: Lapras|315\/463 par
|move|p1a: Lapras|Thunderbolt|p2a: Lapras
|-supereffective|p2a: Lapras
|-damage|p2a: Lapras|6\/463
|
|turn|41
|J|apple7
|J|breh
|
|move|p2a: Lapras|Thunderbolt|p1a: Lapras
|-supereffective|p1a: Lapras
|-damage|p1a: Lapras|157\/463 par
|move|p1a: Lapras|Body Slam|p2a: Lapras
|-damage|p2a: Lapras|0 fnt
|faint|p2a: Lapras
|J|Omfuga
|J|Hot N Cold
|J|SC8
|J|Insanity Runner
|
|switch|p2a: Starmie|Starmie|66\/323 slp
|turn|42
|
|cant|p2a: Starmie|slp
|cant|p1a: Lapras|par
|
|turn|43
|
|cant|p2a: Starmie|slp
|move|p1a: Lapras|Thunderbolt|p2a: Starmie
|-supereffective|p2a: Starmie
|-damage|p2a: Starmie|0 fnt
|faint|p2a: Starmie
|
|switch|p2a: Rhydon|Rhydon|413\/413
|turn|44
|J|I ABR I
|J|TheInsanity
|
|move|p2a: Rhydon|Substitute|p2a: Rhydon
|-start|p2a: Rhydon|Substitute
|-damage|p2a: Rhydon|310\/413
|move|p1a: Lapras|Blizzard|p2a: Rhydon
|-supereffective|p2a: Rhydon
|-end|p2a: Rhydon|Substitute
|
|turn|45
|J|zdrup
|J|penedurojeje
|
|move|p2a: Rhydon|Substitute|p2a: Rhydon
|-start|p2a: Rhydon|Substitute
|-damage|p2a: Rhydon|207\/413
|cant|p1a: Lapras|par
|
|turn|46
|J|BahaWin
|J|reyscarface
|
|move|p2a: Rhydon|Rock Slide|p1a: Lapras
|-supereffective|p1a: Lapras
|-damage|p1a: Lapras|0 fnt
|faint|p1a: Lapras
|
|switch|p1a: Tauros|Tauros|353\/353
|turn|47
|
|move|p1a: Tauros|Earthquake|p2a: Rhydon
|-supereffective|p2a: Rhydon
|-end|p2a: Rhydon|Substitute
|move|p2a: Rhydon|Earthquake|p1a: Tauros
|-crit|p1a: Tauros
|-damage|p1a: Tauros|85\/353
|
|turn|48
|J|YMAS
|J|ludicrousman
|J|Zephir
|
|move|p1a: Tauros|Blizzard|p2a: Rhydon
|-supereffective|p2a: Rhydon
|-damage|p2a: Rhydon|0 fnt
|faint|p2a: Rhydon
|L|Mizuhime
|
|switch|p2a: Exeggutor|Exeggutor|202\/393 par
|turn|49
|L|Jirachee
|L|I ABR I
|
|move|p1a: Tauros|Hyper Beam|p2a: Exeggutor
|-damage|p2a: Exeggutor|6\/393 par
|move|p2a: Exeggutor|Psychic|p1a: Tauros
|-damage|p1a: Tauros|0 fnt
|faint|p1a: Tauros
|J|Mizuhime
|
|switch|p1a: Golem|Golem|363\/363
|turn|50
|
|move|p1a: Golem|Earthquake|p2a: Exeggutor
|-resisted|p2a: Exeggutor
|-damage|p2a: Exeggutor|0 fnt
|faint|p2a: Exeggutor
|
|win|Golden Gyarados
|L|Hot N Cold
|c|★Tyrano|gg
|L|Isa RC
|L|breh
|L|Kefky
|L|Mizuhime
|L|reyscarface
|L|DESTINY DEVICE
|L|stathakis
|L|SoulWind
|L|zdrup
|L|snagaa
|c|★Golden Gyarados|gg
|L|Malekith
|L|Analog
|L|Faith Lee
|L|The Kyle
|L|kratosmana
|L|Golden Gyarados
|player|p1
|L|sca1d
|L|Rumor
|L|robert
|L|Steelphoenix
|L|apple7
|L|SC8
|L|Stall Hater
|L|iamgingE
|L|giara
|L|MewtwoHidden
|L|bouff
|L|soulgazer
|L|Hikali
|L|cosine180
|L|reiku
|L|GGuilas
|L|Txerogross
|L|Shogarth
|L|marcoasd
|L|LouieLouieLouie
|L|LivingMiracle
|L|elastico
|L|Froggy26
|L|Insanity Runner
|L|pepsi
|L|SOMALIA
|L|Finchinator
|L|HudsonRain
|L|Tyrano
|player|p2
|L|theurbandear
|L|soulraiser
|L|Xpa
|L|TheInsanity
|L|kamikaze17
|L|Yogiras
|L|Rei
|L|ReshiRampage
|L|jpw234
|L|Stratos
|L|Betapf
|L|Deckline
|L|Mr.378
|L|atomicllamas
|L|zedpi
|L|Kingler12345
|L|Croven
|L|EvaUnit10
|L|Crying Heavens
|L|Tesung
|L|Omfuga
|L|Zephir
|L|M Dragon
|L|jajajalol
|L|BahaWin
|L|Genesis7
|L|Kris Bryant
|L|Marco Matias
|J|Vizars
|L|Vizars
|L|Funkasaurus
|L|LJDarkrai
|L|Meru
|L|lightchu
|L|Xopi
|L|penedurojeje