|J|tamahome
|J|dice
|player|p1|tamahome|170
|player|p2|dice|168
|gametype|singles
|gen|1
|tier|[Gen 1] OU
|seed|11634,52615,18050,4199
|rule|Sleep Clause Mod: Limit one foe put to sleep
|rule|Freeze Clause Mod: Limit one foe frozen
|rule|Species Clause: Limit one of each Pokémon
|rule|OHKO Clause: OHKO moves are banned
|rule|Evasion Moves Clause: Evasion moves are banned
|rule|HP Percentage Mod: HP is shown in percentages
|
|start
|switch|p1a: Gengar|Gengar|323\/323
|switch|p2a: Alakazam|Alakazam|313\/313
|turn|1
|choice|switch 5|switch 3
|
|switch|p2a: Exeggutor|Exeggutor|393\/393
|switch|p1a: Alakazam|Alakazam|313\/313
|
|turn|2
|c|★dice|gl noob
|J|lt1 jajaj
|choice|move 2|move 1
|
|move|p1a: Alakazam|Seismic Toss|p2a: Exeggutor
|-damage|p2a: Exeggutor|293\/393
|move|p2a: Exeggutor|Sleep Powder|p1a: Alakazam
|-status|p1a: Alakazam|slp
|
|turn|3
|J|EG Posho
|J|deoxys speed lol
|c|★tamahome|shut your mouth
|L|deoxys speed lol
|c|+EG Posho|-
|choice|move 1|switch 2
|
|switch|p2a: Lapras|Lapras|463\/463
|cant|p1a: Alakazam|slp
|
|turn|4
|J|lt1 e7e
|choice|move 1|move 1
|
|cant|p1a: Alakazam|slp
|move|p2a: Lapras|Blizzard|p1a: Alakazam
|-damage|p1a: Alakazam|195\/313 slp
|
|turn|5
|L|lt1 e7e
|c|+EG Posho|hes just telling the truth
|choice|switch 4|move 1
|
|switch|p1a: Starmie|Starmie|323\/323
|move|p2a: Lapras|Blizzard|p1a: Starmie|[miss]
|-miss|p2a: Lapras
|
|turn|6
|choice|move 2|switch 6
|
|switch|p2a: Chansey|Chansey|703\/703
|move|p1a: Starmie|Thunderbolt|p2a: Chansey
|-crit|p2a: Chansey
|-damage|p2a: Chansey|573\/703
|
|turn|7
|choice|switch 5|move 3
|
|switch|p1a: Gengar|Gengar|323\/323
|move|p2a: Chansey|Ice Beam|p1a: Gengar
|-damage|p1a: Gengar|255\/323
|-status|p1a: Gengar|frz
|
|turn|8
|choice|switch 2|switch 6
|
|switch|p1a: Exeggutor|Exeggutor|393\/393
|switch|p2a: Lapras|Lapras|463\/463
|
|turn|9
|choice|switch 5|switch 3
|
|switch|p2a: Alakazam|Alakazam|313\/313
|switch|p1a: Starmie|Starmie|323\/323
|
|turn|10
|choice|move 3|move 3
|
|move|p2a: Alakazam|Thunder Wave|p1a: Starmie
|-status|p1a: Starmie|par
|move|p1a: Starmie|Thunder Wave|p2a: Alakazam
|-status|p2a: Alakazam|par
|
|turn|11
|choice|move 1|move 1
|
|cant|p2a: Alakazam|par
|move|p1a: Starmie|Blizzard|p2a: Alakazam|[miss]
|-miss|p1a: Starmie
|
|turn|12
|choice|move 1|move 2
|
|move|p2a: Alakazam|Seismic Toss|p1a: Starmie
|-damage|p1a: Starmie|223\/323 par
|move|p1a: Starmie|Blizzard|p2a: Alakazam|[miss]
|-miss|p1a: Starmie
|
|turn|13
|choice|move 4|move 1
|
|move|p2a: Alakazam|Psychic|p1a: Starmie
|-resisted|p1a: Starmie
|-damage|p1a: Starmie|157\/323 par
|cant|p1a: Starmie|par
|
|turn|14
|choice|move 4|move 1
|
|cant|p2a: Alakazam|par
|move|p1a: Starmie|Recover|p1a: Starmie
|-heal|p1a: Starmie|318\/323 par
|
|turn|15
|choice|switch 3|switch 3
|
|switch|p2a: Lapras|Lapras|463\/463
|switch|p1a: Snorlax|Snorlax|523\/523
|
|turn|16
|choice|move 1|move 1
|
|move|p2a: Lapras|Blizzard|p1a: Snorlax|[miss]
|-miss|p2a: Lapras
|move|p1a: Snorlax|Body Slam|p2a: Lapras
|-damage|p2a: Lapras|330\/463
|
|turn|17
|choice|switch 3|move 1
|
|switch|p1a: Starmie|Starmie|318\/323 par
|move|p2a: Lapras|Blizzard|p1a: Starmie
|-resisted|p1a: Starmie
|-damage|p1a: Starmie|251\/323 par
|
|turn|18
|choice|move 2|move 3
|
|move|p2a: Lapras|Thunderbolt|p1a: Starmie
|-supereffective|p1a: Starmie
|-damage|p1a: Starmie|100\/323 par
|move|p1a: Starmie|Thunderbolt|p2a: Lapras
|-supereffective|p2a: Lapras
|-damage|p2a: Lapras|181\/463
|
|turn|19
|choice|switch 6|move 1
|
|switch|p1a: Tauros|Tauros|353\/353
|move|p2a: Lapras|Blizzard|p1a: Tauros
|-damage|p1a: Tauros|180\/353
|
|turn|20
|choice|move 4|switch 4
|
|switch|p2a: Golem|Golem|363\/363
|move|p1a: Tauros|Hyper Beam|p2a: Golem|[miss]
|-miss|p1a: Tauros
|
|turn|21
|choice|move 1|move 3
|
|move|p1a: Tauros|Body Slam|p2a: Golem
|-resisted|p2a: Golem
|-damage|p2a: Golem|325\/363
|move|p2a: Golem|Explosion|p1a: Tauros
|-crit|p1a: Tauros
|-damage|p1a: Tauros|0 fnt
|faint|p1a: Tauros
|faint|p2a: Golem
|choice|switch 5|switch 6
|
|switch|p1a: Exeggutor|Exeggutor|393\/393
|switch|p2a: Chansey|Chansey|573\/703
|turn|22
|choice|switch 3|switch 3
|
|switch|p1a: Snorlax|Snorlax|523\/523
|switch|p2a: Alakazam|Alakazam|313\/313 par
|
|turn|23
|choice|move 1|switch 2
|
|switch|p2a: Exeggutor|Exeggutor|293\/393
|move|p1a: Snorlax|Body Slam|p2a: Exeggutor
|-damage|p2a: Exeggutor|168\/393
|
|turn|24
|choice|move 1|move 2
|
|move|p2a: Exeggutor|Psychic|p1a: Snorlax
|-crit|p1a: Snorlax
|-damage|p1a: Snorlax|217\/523
|move|p1a: Snorlax|Body Slam|p2a: Exeggutor
|-damage|p2a: Exeggutor|58\/393
|
|turn|25
|choice|switch 2|move 2
|
|switch|p1a: Gengar|Gengar|255\/323 frz
|move|p2a: Exeggutor|Psychic|p1a: Gengar
|-supereffective|p1a: Gengar
|-damage|p1a: Gengar|62\/323 frz
|
|turn|26
|J|meloriver
|choice|move 2|move 2
|
|cant|p1a: Gengar|frz
|move|p2a: Exeggutor|Psychic|p1a: Gengar
|-supereffective|p1a: Gengar
|-damage|p1a: Gengar|0 fnt
|faint|p1a: Gengar
|choice|switch 3|
|
|switch|p1a: Exeggutor|Exeggutor|393\/393
|turn|27
|choice|move 2|move 3
|
|move|p1a: Exeggutor|Psychic|p2a: Exeggutor
|-resisted|p2a: Exeggutor
|-damage|p2a: Exeggutor|2\/393
|move|p2a: Exeggutor|Explosion|p1a: Exeggutor
|-damage|p1a: Exeggutor|96\/393
|faint|p2a: Exeggutor
|choice||switch 5
|
|switch|p2a: Tauros|Tauros|353\/353
|turn|28
|choice|switch 6|move 1
|
|switch|p1a: Starmie|Starmie|100\/323 par
|move|p2a: Tauros|Body Slam|p1a: Starmie
|-damage|p1a: Starmie|0 fnt
|faint|p1a: Starmie
|choice|switch 2|
|
|switch|p1a: Snorlax|Snorlax|217\/523
|turn|29
|choice|move 2|move 4
|
|move|p2a: Tauros|Hyper Beam|p1a: Snorlax
|-crit|p1a: Snorlax
|-damage|p1a: Snorlax|0 fnt
|faint|p1a: Snorlax
|-message|tamahome forfeited.
|
|win|dice