|inactive|Battle timer is ON: inactive players will automatically lose when time's up.
|J|Dice
|J|Hack
|player|p1|Dice|168
|player|p2|Hack|10
|gametype|singles
|gen|1
|tier|[Gen 1] OU
|seed|60906,24494,62008,32354
|rule|Sleep Clause Mod: Limit one foe put to sleep
|rule|Freeze Clause Mod: Limit one foe frozen
|rule|Species Clause: Limit one of each Pokémon
|rule|OHKO Clause: OHKO moves are banned
|rule|Evasion Moves Clause: Evasion moves are banned
|rule|HP Percentage Mod: HP is shown in percentages
|
|start
|switch|p1a: Gengar|Gengar|323\/323
|switch|p2a: Gengar|Gengar|323\/323
|turn|1
|c|★Hack|ic
|J|BKC
|J|karlaschnikov
|J|GunnerRohan
|c|★Hack|psychic gar
|c|★Hack|yn
|choice|move 1|move 1
|
|move|p2a: Gengar|Hypnosis|p1a: Gengar|[miss]
|-miss|p2a: Gengar
|move|p1a: Gengar|Hypnosis|p2a: Gengar
|-status|p2a: Gengar|slp
|
|turn|2
|c|+karlaschnikov|is this for wcop
|choice|move 4|switch 4
|
|switch|p2a: Exeggutor|Exeggutor|393\/393
|move|p1a: Gengar|Thunderbolt|p2a: Exeggutor
|-resisted|p2a: Exeggutor
|-damage|p2a: Exeggutor|356\/393
|
|turn|3
|c|★Dice|yea
|J|reeeeeeeeeweeeee
|c|★Dice|its for world cup.
|c|+karlaschnikov|ok nice
|J|metaphorical acid
|choice|move 2|move 1
|
|move|p1a: Gengar|Night Shade|p2a: Exeggutor
|-damage|p2a: Exeggutor|256\/393
|move|p2a: Exeggutor|Sleep Powder|p1a: Gengar
|-status|p1a: Gengar|slp
|
|turn|4
|J|yohoE
|c|%BKC|vzdych
|choice|switch 5|move 2
|
|switch|p1a: Exeggutor|Exeggutor|393\/393
|move|p2a: Exeggutor|Stun Spore|p1a: Exeggutor
|-status|p1a: Exeggutor|par
|
|turn|5
|choice|move 3|move 3
|
|move|p2a: Exeggutor|Psychic|p1a: Exeggutor|[miss]
|-miss|p2a: Exeggutor
|move|p1a: Exeggutor|Stun Spore|p2a: Exeggutor
|-status|p2a: Exeggutor|par
|
|turn|6
|c|+karlaschnikov|bkc u should record this instead of posting weird things
|J|Prankster
|L|Prankster
|choice|move 1|move 3
|
|cant|p2a: Exeggutor|par
|move|p1a: Exeggutor|Psychic|p2a: Exeggutor
|-crit|p2a: Exeggutor
|-resisted|p2a: Exeggutor
|-damage|p2a: Exeggutor|161\/393 par
|
|turn|7
|c|%BKC|i should shouldnt i
|choice|move 1|move 3
|
|move|p1a: Exeggutor|Psychic|p2a: Exeggutor
|-resisted|p2a: Exeggutor
|-damage|p2a: Exeggutor|112\/393 par
|-unboost|p2a: Exeggutor|spd|1
|-unboost|p2a: Exeggutor|spa|1
|move|p2a: Exeggutor|Psychic|p1a: Exeggutor
|-resisted|p1a: Exeggutor
|-damage|p1a: Exeggutor|355\/393 par
|
|turn|8
|choice|move 1|move 4
|
|move|p1a: Exeggutor|Psychic|p2a: Exeggutor
|-resisted|p2a: Exeggutor
|-damage|p2a: Exeggutor|29\/393 par
|-unboost|p2a: Exeggutor|spd|1
|-unboost|p2a: Exeggutor|spa|1
|cant|p2a: Exeggutor|par
|
|turn|9
|L|GunnerRohan
|c|%BKC|man dice is so fucking lucky god damn
|J|LOLK
|choice|move 1|switch 2
|
|switch|p2a: Alakazam|Alakazam|313\/313
|cant|p1a: Exeggutor|par
|
|turn|10
|choice|move 3|switch 2
|
|switch|p2a: Exeggutor|Exeggutor|29\/393 par
|move|p1a: Exeggutor|Stun Spore|p2a: Exeggutor
|-fail|p2a: Exeggutor|par
|
|turn|11
|choice|switch 5|move 4
|
|switch|p1a: Gengar|Gengar|323\/323 slp
|move|p2a: Exeggutor|Explosion|p1a: Gengar
|-immune|p1a: Gengar|[msg]
|faint|p2a: Exeggutor
|c|★Hack|veteran
|choice||switch 5
|
|switch|p2a: Snorlax|Snorlax|523\/523
|turn|12
|choice|move 2|move 1
|
|cant|p1a: Gengar|slp
|move|p2a: Snorlax|Body Slam|p1a: Gengar
|-immune|p1a: Gengar|[msg]
|
|turn|13
|J|doraemong
|choice|switch 5|move 1
|
|switch|p1a: Exeggutor|Exeggutor|355\/393 par
|move|p2a: Snorlax|Body Slam|p1a: Exeggutor
|-damage|p1a: Exeggutor|234\/393 par
|
|turn|14
|choice|move 3|move 3
|
|move|p2a: Snorlax|Reflect|p2a: Snorlax
|-start|p2a: Snorlax|Reflect
|move|p1a: Exeggutor|Stun Spore|p2a: Snorlax
|-status|p2a: Snorlax|par
|
|turn|15
|choice|switch 6|move 1
|
|switch|p1a: Chansey|Chansey|703\/703
|cant|p2a: Snorlax|par
|
|turn|16
|c|%BKC|reflect snorlax
|choice|move 2|switch 3
|
|switch|p2a: Chansey|Chansey|703\/703
|move|p1a: Chansey|Ice Beam|p2a: Chansey
|-damage|p2a: Chansey|625\/703
|
|turn|17
|c|%BKC|solution: switch in chansey
|c|★Dice|bro he can't beat me
|c|★Hack|y idd
|choice|move 2|move 1
|
|move|p1a: Chansey|Ice Beam|p2a: Chansey
|-damage|p2a: Chansey|553\/703
|move|p2a: Chansey|Thunder Wave|p1a: Chansey
|-status|p1a: Chansey|par
|
|turn|18
|choice|move 2|move 4
|
|move|p2a: Chansey|Soft-Boiled|p2a: Chansey
|-heal|p2a: Chansey|703\/703
|cant|p1a: Chansey|par
|
|turn|19
|choice|move 2|switch 3
|
|switch|p2a: Snorlax|Snorlax|523\/523 par
|move|p1a: Chansey|Ice Beam|p2a: Snorlax
|-damage|p2a: Snorlax|429\/523 par
|
|turn|20
|choice|move 3|move 1
|
|move|p2a: Snorlax|Body Slam|p1a: Chansey
|-damage|p1a: Chansey|388\/703 par
|move|p1a: Chansey|Counter|p2a: Snorlax
|-damage|p2a: Snorlax|0 fnt
|faint|p2a: Snorlax
|c|★Hack|got me
|choice||switch 6
|
|switch|p2a: Tauros|Tauros|353\/353
|turn|21
|choice|switch 3|move 1
|
|switch|p1a: Snorlax|Snorlax|523\/523
|move|p2a: Tauros|Body Slam|p1a: Snorlax
|-damage|p1a: Snorlax|395\/523
|
|turn|22
|choice|move 3|switch 3
|
|switch|p2a: Chansey|Chansey|703\/703
|move|p1a: Snorlax|Self-Destruct|p2a: Chansey
|-damage|p2a: Chansey|0 fnt
|faint|p2a: Chansey
|faint|p1a: Snorlax
|J|Omfuga
|c|★Hack|o
|L|Omfuga
|choice|switch 6|switch 3
|
|switch|p2a: Tauros|Tauros|353\/353
|switch|p1a: Exeggutor|Exeggutor|234\/393 par
|turn|23
|J|Omfuga
|c|%BKC|oddish
|c|%BKC|EXEGGUTOR
|c|%BKC|oddish
|choice|move 3|move 3
|
|move|p2a: Tauros|Blizzard|p1a: Exeggutor
|-crit|p1a: Exeggutor
|-supereffective|p1a: Exeggutor
|-damage|p1a: Exeggutor|0 fnt
|faint|p1a: Exeggutor
|c|★Hack|bull
|c|★Dice|hmm
|choice|switch 2|
|
|switch|p1a: Zapdos|Zapdos|383\/383
|turn|24
|choice|move 4|move 1
|
|move|p2a: Tauros|Body Slam|p1a: Zapdos
|-damage|p1a: Zapdos|273\/383
|move|p1a: Zapdos|Thunder Wave|p2a: Tauros
|-status|p2a: Tauros|par
|
|turn|25
|choice|move 2|move 2
|
|move|p1a: Zapdos|Thunderbolt|p2a: Tauros
|-damage|p2a: Tauros|175\/353 par
|move|p2a: Tauros|Hyper Beam|p1a: Zapdos
|-damage|p1a: Zapdos|68\/383
|
|turn|26
|-mustrecharge|p2a: Tauros
|-mustrecharge|p2a: Tauros
|choice|move 2|move 1
|
|move|p1a: Zapdos|Thunderbolt|p2a: Tauros
|-damage|p2a: Tauros|14\/353 par
|cant|p2a: Tauros|recharge
|
|turn|27
|choice|move 3|move 2
|
|move|p1a: Zapdos|Drill Peck|p2a: Tauros
|-damage|p2a: Tauros|0 fnt
|faint|p2a: Tauros
|choice||switch 2
|
|switch|p2a: Alakazam|Alakazam|313\/313
|turn|28
|choice|move 4|move 3
|
|move|p2a: Alakazam|Psychic|p1a: Zapdos
|-damage|p1a: Zapdos|0 fnt
|faint|p1a: Zapdos
|choice|switch 3|
|
|switch|p1a: Chansey|Chansey|388\/703 par
|turn|29
|choice|move 4|move 3
|
|move|p2a: Alakazam|Psychic|p1a: Chansey
|-damage|p1a: Chansey|266\/703 par
|-unboost|p1a: Chansey|spd|1
|-unboost|p1a: Chansey|spa|1
|move|p1a: Chansey|Soft-Boiled|p1a: Chansey
|-heal|p1a: Chansey|617\/703 par
|
|turn|30
|J|Can
|choice|move 1|move 3
|
|move|p2a: Alakazam|Psychic|p1a: Chansey
|-damage|p1a: Chansey|420\/703 par
|move|p1a: Chansey|Thunder Wave|p2a: Alakazam
|-status|p2a: Alakazam|par
|
|turn|31
|choice|switch 5|move 2
|
|switch|p1a: Gengar|Gengar|323\/323 slp
|cant|p2a: Alakazam|par
|
|turn|32
|choice|move 2|move 2
|
|cant|p1a: Gengar|slp
|move|p2a: Alakazam|Reflect|p2a: Alakazam
|-start|p2a: Alakazam|Reflect
|
|turn|33
|choice|move 2|move 3
|
|cant|p1a: Gengar|slp
|move|p2a: Alakazam|Psychic|p1a: Gengar
|-crit|p1a: Gengar
|-supereffective|p1a: Gengar
|-damage|p1a: Gengar|0 fnt
|faint|p1a: Gengar
|choice|switch 5|
|
|switch|p1a: Chansey|Chansey|420\/703 par
|turn|34
|choice|move 4|move 3
|
|move|p2a: Alakazam|Psychic|p1a: Chansey
|-damage|p1a: Chansey|298\/703 par
|move|p1a: Chansey|Soft-Boiled|p1a: Chansey
|-heal|p1a: Chansey|649\/703 par
|
|turn|35
|choice|move 2|move 3
|
|move|p2a: Alakazam|Psychic|p1a: Chansey
|-crit|p1a: Chansey
|-damage|p1a: Chansey|421\/703 par
|-unboost|p1a: Chansey|spd|1
|-unboost|p1a: Chansey|spa|1
|move|p1a: Chansey|Ice Beam|p2a: Alakazam
|-damage|p2a: Alakazam|271\/313 par
|
|turn|36
|choice|move 4|move 3
|
|cant|p2a: Alakazam|par
|move|p1a: Chansey|Soft-Boiled|p1a: Chansey
|-heal|p1a: Chansey|703\/703 par
|
|turn|37
|choice|move 2|move 3
|
|move|p2a: Alakazam|Psychic|p1a: Chansey
|-damage|p1a: Chansey|492\/703 par
|move|p1a: Chansey|Ice Beam|p2a: Alakazam
|-damage|p2a: Alakazam|228\/313 par
|
|turn|38
|choice|move 4|move 3
|
|move|p2a: Alakazam|Psychic|p1a: Chansey
|-damage|p1a: Chansey|296\/703 par
|-unboost|p1a: Chansey|spd|1
|-unboost|p1a: Chansey|spa|1
|move|p1a: Chansey|Soft-Boiled|p1a: Chansey
|-heal|p1a: Chansey|647\/703 par
|
|turn|39
|choice|switch 4|move 3
|
|switch|p1a: Tauros|Tauros|353\/353
|move|p2a: Alakazam|Psychic|p1a: Tauros
|-damage|p1a: Tauros|187\/353
|
|turn|40
|choice|move 1|move 1
|
|move|p1a: Tauros|Body Slam|p2a: Alakazam
|-damage|p2a: Alakazam|151\/313 par
|move|p2a: Alakazam|Thunder Wave|p1a: Tauros
|-status|p1a: Tauros|par
|
|turn|41
|J|Dilwar
|choice|move 4|move 4
|
|move|p2a: Alakazam|Recover|p2a: Alakazam
|-heal|p2a: Alakazam|307\/313 par
|cant|p1a: Tauros|par
|
|turn|42
|L|Dilwar
|choice|switch 4|move 3
|
|switch|p1a: Chansey|Chansey|647\/703 par
|move|p2a: Alakazam|Psychic|p1a: Chansey
|-damage|p1a: Chansey|520\/703 par
|
|turn|43
|choice|move 2|move 3
|
|move|p2a: Alakazam|Psychic|p1a: Chansey
|-damage|p1a: Chansey|398\/703 par
|move|p1a: Chansey|Ice Beam|p2a: Alakazam
|-damage|p2a: Alakazam|246\/313 par
|
|turn|44
|choice|move 4|move 3
|
|move|p2a: Alakazam|Psychic|p1a: Chansey
|-damage|p1a: Chansey|266\/703 par
|move|p1a: Chansey|Soft-Boiled|p1a: Chansey
|-heal|p1a: Chansey|617\/703 par
|
|turn|45
|choice|move 2|move 3
|
|move|p2a: Alakazam|Psychic|p1a: Chansey
|-damage|p1a: Chansey|485\/703 par
|-unboost|p1a: Chansey|spd|1
|-unboost|p1a: Chansey|spa|1
|move|p1a: Chansey|Ice Beam|p2a: Alakazam
|-damage|p2a: Alakazam|206\/313 par
|
|turn|46
|choice|move 4|move 3
|
|move|p2a: Alakazam|Psychic|p1a: Chansey
|-damage|p1a: Chansey|285\/703 par
|cant|p1a: Chansey|par
|
|turn|47
|choice|move 4|move 3
|
|cant|p2a: Alakazam|par
|move|p1a: Chansey|Soft-Boiled|p1a: Chansey
|-heal|p1a: Chansey|636\/703 par
|
|turn|48
|J|darrell1297
|choice|move 4|move 3
|
|move|p2a: Alakazam|Psychic|p1a: Chansey
|-damage|p1a: Chansey|433\/703 par
|cant|p1a: Chansey|par
|
|turn|49
|choice|move 4|move 3
|
|move|p2a: Alakazam|Psychic|p1a: Chansey
|-damage|p1a: Chansey|247\/703 par
|move|p1a: Chansey|Soft-Boiled|p1a: Chansey
|-heal|p1a: Chansey|598\/703 par
|
|turn|50
|c|★Hack|yea im out
|c|★Hack|gg
|-message|Hack forfeited.
|
|win|Dice