|J|Nails
|J|Tesung
|player|p1|Nails|282
|player|p2|Tesung|2
|gametype|singles
|gen|1
|tier|[Gen 1] OU
|seed|
|rule|Sleep Clause Mod: Limit one foe put to sleep
|rule|Freeze Clause Mod: Limit one foe frozen
|rule|Species Clause: Limit one of each Pokémon
|rule|OHKO Clause: OHKO moves are banned
|rule|Evasion Moves Clause: Evasion moves are banned
|rule|HP Percentage Mod: HP is shown in percentages
|
|start
|switch|p1a: Gengar|Gengar, M|100\/100
|switch|p2a: Jynx|Jynx|100\/100
|turn|1
|choice||
|
|move|p1a: Gengar|Hypnosis|p2a: Jynx
|-status|p2a: Jynx|slp
|cant|p2a: Jynx|slp
|
|turn|2
|choice||
|
|move|p1a: Gengar|Night Shade|p2a: Jynx
|-damage|p2a: Jynx|70\/100 slp
|cant|p2a: Jynx|slp
|
|turn|3
|choice||
|
|switch|p2a: Alakazam|Alakazam|100\/100
|move|p1a: Gengar|Night Shade|p2a: Alakazam
|-damage|p2a: Alakazam|69\/100
|
|turn|4
|choice||
|
|switch|p1a: Chansey|Chansey|100\/100
|move|p2a: Alakazam|Recover|p2a: Alakazam
|-heal|p2a: Alakazam|100\/100
|
|turn|5
|choice||
|
|switch|p2a: Jynx|Jynx|70\/100 slp
|move|p1a: Chansey|Seismic Toss|p2a: Jynx
|-damage|p2a: Jynx|40\/100 slp
|
|turn|6
|choice||
|
|switch|p2a: Exeggutor|Exeggutor|100\/100
|move|p1a: Chansey|Seismic Toss|p2a: Exeggutor
|-damage|p2a: Exeggutor|75\/100
|
|turn|7
|choice||
|
|switch|p1a: Gengar|Gengar, M|100\/100
|move|p2a: Exeggutor|Sleep Powder|p1a: Gengar
|-status|p1a: Gengar|slp
|
|turn|8
|choice||
|
|switch|p1a: Articuno|Articuno|100\/100
|move|p2a: Exeggutor|Stun Spore|p1a: Articuno
|-status|p1a: Articuno|par
|
|turn|9
|choice||
|
|move|p2a: Exeggutor|Psychic|p1a: Articuno
|-damage|p1a: Articuno|72\/100 par
|cant|p1a: Articuno|par
|
|turn|10
|choice||
|
|move|p2a: Exeggutor|Explosion|p1a: Articuno
|-damage|p1a: Articuno|7\/100 par
|faint|p2a: Exeggutor
|choice||
|
|switch|p2a: Snorlax|Snorlax|100\/100
|turn|11
|J|Tobes
|choice||
|
|switch|p1a: Gengar|Gengar, M|100\/100 slp
|move|p2a: Snorlax|Body Slam|p1a: Gengar
|-immune|p1a: Gengar|[msg]
|
|turn|12
|choice||
|
|switch|p1a: Articuno|Articuno|7\/100 par
|move|p2a: Snorlax|Body Slam|p1a: Articuno
|-damage|p1a: Articuno|0 fnt
|faint|p1a: Articuno
|choice||
|
|switch|p1a: Exeggutor|Exeggutor, M|100\/100
|turn|13
|choice||
|
|switch|p2a: Alakazam|Alakazam|100\/100
|move|p1a: Exeggutor|Stun Spore|p2a: Alakazam
|-status|p2a: Alakazam|par
|
|turn|14
|choice||
|
|switch|p1a: Chansey|Chansey|100\/100
|move|p2a: Alakazam|Thunder Wave|p1a: Chansey
|-status|p1a: Chansey|par
|
|turn|15
|choice||
|
|move|p2a: Alakazam|Psychic|p1a: Chansey
|-crit|p1a: Chansey
|-damage|p1a: Chansey|64\/100 par
|-unboost|p1a: Chansey|spd|1
|-unboost|p1a: Chansey|spa|1
|move|p1a: Chansey|Seismic Toss|p2a: Alakazam
|-damage|p2a: Alakazam|69\/100 par
|
|turn|16
|choice||
|
|move|p2a: Alakazam|Psychic|p1a: Chansey
|-damage|p1a: Chansey|38\/100 par
|-unboost|p1a: Chansey|spd|1
|-unboost|p1a: Chansey|spa|1
|move|p1a: Chansey|Soft-Boiled|p1a: Chansey
|-heal|p1a: Chansey|88\/100 par
|
|turn|17
|choice||
|
|switch|p1a: Gengar|Gengar, M|100\/100 slp
|cant|p2a: Alakazam|par
|
|turn|18
|choice||
|
|switch|p1a: Chansey|Chansey|88\/100 par
|move|p2a: Alakazam|Recover|p2a: Alakazam
|-heal|p2a: Alakazam|100\/100 par
|
|turn|19
|choice||
|
|switch|p2a: Snorlax|Snorlax|100\/100
|move|p1a: Chansey|Seismic Toss|p2a: Snorlax
|-damage|p2a: Snorlax|81\/100
|
|turn|20
|choice||
|
|move|p2a: Snorlax|Body Slam|p1a: Chansey
|-damage|p1a: Chansey|47\/100 par
|move|p1a: Chansey|Thunder Wave|p2a: Snorlax
|-status|p2a: Snorlax|par
|
|turn|21
|choice||
|
|cant|p1a: Chansey|par
|move|p2a: Snorlax|Body Slam|p1a: Chansey
|-damage|p1a: Chansey|8\/100 par
|
|turn|22
|choice||
|
|move|p1a: Chansey|Soft-Boiled|p1a: Chansey
|-heal|p1a: Chansey|58\/100 par
|move|p2a: Snorlax|Body Slam|p1a: Chansey
|-damage|p1a: Chansey|18\/100 par
|
|turn|23
|J|teal6
|choice||
|
|move|p1a: Chansey|Soft-Boiled|p1a: Chansey
|-heal|p1a: Chansey|68\/100 par
|move|p2a: Snorlax|Body Slam|p1a: Chansey
|-damage|p1a: Chansey|24\/100 par
|
|turn|24
|choice||
|
|move|p1a: Chansey|Soft-Boiled|p1a: Chansey
|-heal|p1a: Chansey|74\/100 par
|cant|p2a: Snorlax|par
|
|turn|25
|choice||
|
|move|p1a: Chansey|Seismic Toss|p2a: Snorlax
|-damage|p2a: Snorlax|62\/100 par
|move|p2a: Snorlax|Body Slam|p1a: Chansey
|-damage|p1a: Chansey|36\/100 par
|
|turn|26
|choice||
|
|move|p1a: Chansey|Soft-Boiled|p1a: Chansey
|-heal|p1a: Chansey|86\/100 par
|move|p2a: Snorlax|Body Slam|p1a: Chansey
|-damage|p1a: Chansey|42\/100 par
|
|turn|27
|choice||
|
|move|p1a: Chansey|Soft-Boiled|p1a: Chansey
|-heal|p1a: Chansey|92\/100 par
|move|p2a: Snorlax|Body Slam|p1a: Chansey
|-damage|p1a: Chansey|49\/100 par
|
|turn|28
|choice||
|
|move|p1a: Chansey|Soft-Boiled|p1a: Chansey
|-heal|p1a: Chansey|99\/100 par
|cant|p2a: Snorlax|par
|
|turn|29
|choice||
|
|cant|p1a: Chansey|par
|move|p2a: Snorlax|Body Slam|p1a: Chansey
|-damage|p1a: Chansey|59\/100 par
|
|turn|30
|choice||
|
|move|p1a: Chansey|Seismic Toss|p2a: Snorlax
|-damage|p2a: Snorlax|43\/100 par
|cant|p2a: Snorlax|par
|
|turn|31
|choice||
|
|move|p1a: Chansey|Seismic Toss|p2a: Snorlax
|-damage|p2a: Snorlax|24\/100 par
|move|p2a: Snorlax|Self-Destruct|p1a: Chansey
|-damage|p1a: Chansey|0 fnt
|faint|p1a: Chansey
|faint|p2a: Snorlax
|choice||
|
|switch|p2a: Tauros|Tauros|100\/100
|switch|p1a: Snorlax|Snorlax, M|100\/100
|turn|32
|choice||
|
|move|p2a: Tauros|Body Slam|p1a: Snorlax
|-damage|p1a: Snorlax|74\/100
|move|p1a: Snorlax|Body Slam|p2a: Tauros
|-damage|p2a: Tauros|69\/100
|
|turn|33
|choice||
|
|switch|p2a: Jynx|Jynx|40\/100 slp
|move|p1a: Snorlax|Body Slam|p2a: Jynx
|-damage|p2a: Jynx|0 fnt
|faint|p2a: Jynx
|choice||
|
|switch|p2a: Tauros|Tauros|69\/100
|turn|34
|choice||
|
|move|p2a: Tauros|Body Slam|p1a: Snorlax
|-damage|p1a: Snorlax|48\/100
|move|p1a: Snorlax|Body Slam|p2a: Tauros
|-damage|p2a: Tauros|39\/100
|
|turn|35
|choice||
|
|move|p2a: Tauros|Hyper Beam|p1a: Snorlax
|-damage|p1a: Snorlax|2\/100
|move|p1a: Snorlax|Hyper Beam|p2a: Tauros|[miss]
|-miss|p1a: Snorlax
|
|turn|36
|-mustrecharge|p2a: Tauros
|-mustrecharge|p2a: Tauros
|c|★Tesung|rip
|c|★Nails|take 2
|choice||
|
|cant|p2a: Tauros|recharge
|move|p1a: Snorlax|Hyper Beam|p2a: Tauros
|-damage|p2a: Tauros|0 fnt
|faint|p2a: Tauros
|c|★Tesung|misss!
|c|★Nails|nice
|choice||
|
|switch|p2a: Persian|Persian|100\/100
|turn|37
|c|★Tesung|go
|choice||
|
|switch|p1a: Gengar|Gengar, M|100\/100 slp
|move|p2a: Persian|Bubble Beam|p1a: Gengar
|-damage|p1a: Gengar|90\/100 slp
|-unboost|p1a: Gengar|spe|1
|
|turn|38
|c|★Tesung|-
|choice||
|
|move|p2a: Persian|Thunderbolt|p1a: Gengar
|-crit|p1a: Gengar
|-damage|p1a: Gengar|59\/100 slp
|cant|p1a: Gengar|slp
|
|turn|39
|choice||
|
|switch|p1a: Exeggutor|Exeggutor, M|100\/100
|move|p2a: Persian|Thunderbolt|p1a: Exeggutor
|-resisted|p1a: Exeggutor
|-damage|p1a: Exeggutor|94\/100
|
|turn|40
|choice||
|
|switch|p2a: Alakazam|Alakazam|100\/100 par
|move|p1a: Exeggutor|Psychic|p2a: Alakazam
|-crit|p2a: Alakazam
|-resisted|p2a: Alakazam
|-damage|p2a: Alakazam|69\/100 par
|
|turn|41
|choice||
|
|switch|p1a: Gengar|Gengar, M|59\/100 slp
|cant|p2a: Alakazam|par
|
|turn|42
|choice||
|
|-curestatus|p1a: Gengar|slp
|cant|p2a: Alakazam|par
|
|turn|43
|c|★Tesung|ah
|c|★Tesung|gg
|c|★Nails|gg
|choice||
|
|move|p1a: Gengar|Explosion|p2a: Alakazam
|-crit|p2a: Alakazam
|-damage|p2a: Alakazam|0 fnt
|faint|p2a: Alakazam
|faint|p1a: Gengar
|c|★Nails|was just gonna
|c|★Nails|force you to kill it with zam
|c|★Nails|so i could boom lax
|c|★Tesung|i was
|c|★Tesung|reflect
|choice||
|
|switch|p2a: Persian|Persian|100\/100
|switch|p1a: Exeggutor|Exeggutor, M|94\/100
|turn|44
|c|★Tesung|but i probly still lost
|c|★Nails|still does 2 million
|choice||
|
|move|p2a: Persian|Slash|p1a: Exeggutor
|-crit|p1a: Exeggutor
|-damage|p1a: Exeggutor|58\/100
|move|p1a: Exeggutor|Explosion|p2a: Persian
|-damage|p2a: Persian|0 fnt
|faint|p2a: Persian
|faint|p1a: Exeggutor
|
|win|Nails