|inactive|Battle timer is ON: inactive players will automatically lose when time's up.
|J|gorgie
|J|Dice
|player|p1|gorgie|244
|player|p2|Dice|292
|gametype|singles
|gen|1
|tier|[Gen 1] OU
|seed|14535,60076,60806,62499
|rule|Sleep Clause Mod: Limit one foe put to sleep
|rule|Freeze Clause Mod: Limit one foe frozen
|rule|Species Clause: Limit one of each Pokémon
|rule|OHKO Clause: OHKO moves are banned
|rule|Evasion Moves Clause: Evasion moves are banned
|rule|HP Percentage Mod: HP is shown in percentages
|
|start
|switch|p1a: sensei|Alakazam|313\/313
|switch|p2a: Jolteon|Jolteon|333\/333
|turn|1
|J|Slurmz
|J|smurfer
|c|+Slurmz|and on this first turn we see a dual twave
|c|★Dice|yea comin at u
|J|TDK
|L|Slurmz
|c|★Dice|yo gorgie i know u quiverin in ur boots
|c|★Dice|but make a play nigga
|J|Slurmz
|choice|move 4|switch 6
|
|switch|p2a: Chansey|Chansey|703\/703
|move|p1a: sensei|Thunder Wave|p2a: Chansey
|-status|p2a: Chansey|par
|
|turn|2
|c|★gorgie|bro
|c|★Dice|huh?
|c|★gorgie|i had to put some outkast on
|choice|move 1|move 1
|
|move|p1a: sensei|Psychic|p2a: Chansey
|-damage|p2a: Chansey|582\/703 par
|-unboost|p2a: Chansey|spd|1
|-unboost|p2a: Chansey|spa|1
|cant|p2a: Chansey|par
|
|turn|3
|c|+Slurmz|This man
|c|+Slurmz|LOL
|choice|move 1|move 2
|
|move|p1a: sensei|Psychic|p2a: Chansey
|-damage|p2a: Chansey|392\/703 par
|cant|p2a: Chansey|par
|
|turn|4
|J|Tesung
|c|+Slurmz|LOOOOL
|c|★Dice|o here he go
|c|★gorgie|u watcing smurfer
|choice|move 1|move 2
|
|move|p1a: sensei|Psychic|p2a: Chansey
|-damage|p2a: Chansey|193\/703 par
|move|p2a: Chansey|Soft-Boiled|p2a: Chansey
|-heal|p2a: Chansey|544\/703 par
|
|turn|5
|c|★Dice|fuckin jorge
|choice|switch 2|switch 2
|
|switch|p1a: Bastard|Snorlax|523\/523
|switch|p2a: Exeggutor|Exeggutor|393\/393
|
|turn|6
|c|★Dice|yo lmao
|c|+Slurmz|G
|c|+Slurmz|G
|choice|switch 2|move 1
|
|switch|p1a: sensei|Alakazam|313\/313
|move|p2a: Exeggutor|Sleep Powder|p1a: sensei
|-status|p1a: sensei|slp
|
|turn|7
|c|★gorgie|rofl
|choice|move 1|switch 3
|
|switch|p2a: Snorlax|Snorlax|523\/523
|-curestatus|p1a: sensei|slp
|
|turn|8
|c|★gorgie|u too good
|c|★gorgie|same
|c|+Slurmz|LOL
|c|★Dice|dang
|c|★Dice|nice luck
|choice|switch 5|move 1
|
|switch|p1a: betsy|Chansey|703\/703
|move|p2a: Snorlax|Body Slam|p1a: betsy
|-damage|p1a: betsy|405\/703
|
|turn|9
|choice|move 2|switch 2
|
|switch|p2a: Chansey|Chansey|544\/703 par
|move|p1a: betsy|Soft-Boiled|p1a: betsy
|-heal|p1a: betsy|703\/703
|
|turn|10
|choice|move 3|move 3
|
|move|p1a: betsy|Ice Beam|p2a: Chansey
|-damage|p2a: Chansey|467\/703 par
|cant|p2a: Chansey|par
|
|turn|11
|c|★gorgie|gorgie
|choice|switch 2|move 2
|
|switch|p1a: Bastard|Snorlax|523\/523
|move|p2a: Chansey|Soft-Boiled|p2a: Chansey
|-heal|p2a: Chansey|703\/703 par
|
|turn|12
|choice|move 1|move 3
|
|move|p1a: Bastard|Body Slam|p2a: Chansey
|-damage|p2a: Chansey|426\/703 par
|move|p2a: Chansey|Thunder Wave|p1a: Bastard
|-status|p1a: Bastard|par
|
|turn|13
|choice|move 1|move 2
|
|move|p2a: Chansey|Soft-Boiled|p2a: Chansey
|-heal|p2a: Chansey|703\/703 par
|move|p1a: Bastard|Body Slam|p2a: Chansey
|-damage|p2a: Chansey|407\/703 par
|
|turn|14
|choice|move 1|move 4
|
|move|p1a: Bastard|Body Slam|p2a: Chansey
|-damage|p2a: Chansey|120\/703 par
|cant|p2a: Chansey|par
|
|turn|15
|c|★gorgie|riiiiight
|choice|switch 6|move 2
|
|switch|p1a: MASTER DONK|Tauros|353\/353
|cant|p2a: Chansey|par
|
|turn|16
|c|★Dice|ok
|c|★gorgie|gorgie
|choice|move 2|switch 4
|
|switch|p2a: Cloyster|Cloyster|303\/303
|move|p1a: MASTER DONK|Body Slam|p2a: Cloyster
|-damage|p2a: Cloyster|242\/303
|-status|p2a: Cloyster|par
|
|turn|17
|c|★gorgie|IS SMURFER HERE
|c|+Slurmz|FLOPPY
|c|+Slurmz|IS THE LUCKIEST PERSON
|c|+Slurmz|OF ALL TIME
|c|★gorgie|Master Donk
|c|+Slurmz|looooool
|c|★gorgie|hmmz
|c|★Dice|man how does rey play this tier
|choice|switch 5|move 2
|
|switch|p1a: sensei|Alakazam|313\/313
|cant|p2a: Cloyster|par
|
|turn|18
|c|★gorgie|rofl
|J|celebitrainer36
|c|+Slurmz|...
|c|★gorgie|damn
|c|★gorgie|so ez
|choice|move 1|switch 2
|
|switch|p2a: Snorlax|Snorlax|523\/523
|move|p1a: sensei|Psychic|p2a: Snorlax
|-crit|p2a: Snorlax
|-damage|p2a: Snorlax|171\/523
|
|turn|19
|c|+Slurmz|Idk either man
|c|★gorgie|lols
|c|+Slurmz|I played one roapl game and its cancerous
|c|★gorgie|Gorgie
|choice|switch 2|move 4
|
|switch|p1a: betsy|Chansey|703\/703
|move|p2a: Snorlax|Self-Destruct|p1a: betsy
|-crit|p1a: betsy
|-damage|p1a: betsy|0 fnt
|faint|p1a: betsy
|faint|p2a: Snorlax
|c|★gorgie|did i say this was ez
|c|+Slurmz|Nah
|choice|switch 2|switch 3
|
|switch|p1a: sensei|Alakazam|313\/313
|switch|p2a: Exeggutor|Exeggutor|393\/393
|turn|20
|c|+Slurmz|Jolteon wins
|c|+Slurmz|Tbolt crit
|choice|move 4|move 1
|
|move|p1a: sensei|Thunder Wave|p2a: Exeggutor
|-status|p2a: Exeggutor|par
|move|p2a: Exeggutor|Sleep Powder|p1a: sensei
|-status|p1a: sensei|slp
|
|turn|21
|choice|move 1|switch 6
|
|switch|p2a: Jolteon|Jolteon|333\/333
|cant|p1a: sensei|slp
|
|turn|22
|choice|move 1|move 2
|
|move|p2a: Jolteon|Thunderbolt|p1a: sensei
|-damage|p1a: sensei|211\/313 slp
|cant|p1a: sensei|slp
|
|turn|23
|choice|switch 6|move 2
|
|switch|p1a: Bastard|Snorlax|523\/523 par
|move|p2a: Jolteon|Thunderbolt|p1a: Bastard
|-damage|p1a: Bastard|364\/523 par
|
|turn|24
|choice|move 1|move 4
|
|move|p2a: Jolteon|Double Kick|p1a: Bastard
|-supereffective|p1a: Bastard
|-damage|p1a: Bastard|312\/523 par
|-damage|p1a: Bastard|260\/523 par
|-hitcount|p1a: Bastard|2
|cant|p1a: Bastard|par
|
|turn|25
|c|★gorgie|RIIIGHT
|c|★Dice|bro
|c|★Dice|i dont get one crit
|c|★Dice|on this muhfucka
|c|★Dice|u roll in one
|c|★Dice|every turn u atk
|choice|move 1|move 2
|
|move|p2a: Jolteon|Thunderbolt|p1a: Bastard
|-damage|p1a: Bastard|102\/523 par
|move|p1a: Bastard|Body Slam|p2a: Jolteon
|-damage|p2a: Jolteon|178\/333
|
|turn|26
|c|★gorgie|gorgie
|c|★gorgie|hmmz
|c|★gorgie|bro this ovel
|choice|move 1|move 2
|
|move|p2a: Jolteon|Thunderbolt|p1a: Bastard
|-crit|p1a: Bastard
|-damage|p1a: Bastard|0 fnt
|faint|p1a: Bastard
|c|★Dice|wow
|choice|switch 5|
|
|switch|p1a: MASTER DONK|Tauros|353\/353
|turn|27
|c|★Dice|nice crit lmao
|c|★Dice|sick!!
|choice|move 3|move 1
|
|move|p2a: Jolteon|Thunder Wave|p1a: MASTER DONK
|-status|p1a: MASTER DONK|par
|move|p1a: MASTER DONK|Earthquake|p2a: Jolteon
|-supereffective|p2a: Jolteon
|-damage|p2a: Jolteon|0 fnt
|faint|p2a: Jolteon
|J|Ciele
|c|★gorgie|gorgie
|choice||switch 2
|
|switch|p2a: Cloyster|Cloyster|242\/303 par
|turn|28
|choice|move 2|move 2
|
|cant|p1a: MASTER DONK|par
|move|p2a: Cloyster|Blizzard|p1a: MASTER DONK
|-damage|p1a: MASTER DONK|204\/353 par
|
|turn|29
|c|★gorgie|MASTER DNK
|choice|move 2|move 2
|
|cant|p1a: MASTER DONK|par
|cant|p2a: Cloyster|par
|
|turn|30
|c|★gorgie|F*K
|choice|move 2|move 2
|
|move|p1a: MASTER DONK|Body Slam|p2a: Cloyster
|-damage|p2a: Cloyster|175\/303 par
|move|p2a: Cloyster|Blizzard|p1a: MASTER DONK
|-damage|p1a: MASTER DONK|51\/353 par
|
|turn|31
|c|★gorgie|LETS GO DONK
|choice|move 4|move 3
|
|move|p1a: MASTER DONK|Hyper Beam|p2a: Cloyster
|-damage|p2a: Cloyster|60\/303 par
|cant|p2a: Cloyster|par
|
|turn|32
|-mustrecharge|p1a: MASTER DONK
|c|★gorgie|DONK
|-mustrecharge|p1a: MASTER DONK
|choice|move 1|move 3
|
|cant|p1a: MASTER DONK|recharge
|move|p2a: Cloyster|Hyper Beam|p1a: MASTER DONK
|-damage|p1a: MASTER DONK|0 fnt
|faint|p1a: MASTER DONK
|choice|switch 3|
|
|switch|p1a: roots manuva|Exeggutor|393\/393
|turn|33
|choice|move 2|switch 6
|
|switch|p2a: Exeggutor|Exeggutor|393\/393 par
|move|p1a: roots manuva|Psychic|p2a: Exeggutor
|-resisted|p2a: Exeggutor
|-damage|p2a: Exeggutor|343\/393 par
|
|turn|34
|c|+smurfer|oh
|c|+smurfer|youre getting donked
|c|★gorgie|,,,
|c|+Slurmz|LOL
|choice|switch 6|move 2
|
|switch|p1a: sensei|Alakazam|211\/313 slp
|cant|p2a: Exeggutor|par
|
|turn|35
|c|★gorgie|are u new
|choice|move 1|switch 6
|
|switch|p2a: Cloyster|Cloyster|60\/303 par
|cant|p1a: sensei|slp
|
|turn|36
|choice|move 1|move 4
|
|cant|p1a: sensei|slp
|move|p2a: Cloyster|Explosion|p1a: sensei
|-damage|p1a: sensei|0 fnt
|faint|p1a: sensei
|faint|p2a: Cloyster
|c|★gorgie|bro
|choice|switch 6|switch 6
|
|switch|p1a: roots manuva|Exeggutor|393\/393
|switch|p2a: Exeggutor|Exeggutor|343\/393 par
|turn|37
|c|★gorgie|im bombin
|c|+smurfer|yeah ok im putting my notepad away
|c|+smurfer|i seen enough
|c|★gorgie|what if i told YOU
|c|★gorgie|im BOMING
|c|★gorgie|and not bluffin
|c|+Slurmz|Hes tryna go
|c|+smurfer|id say
|c|+Slurmz|0-2 
|c|+Slurmz|Then come back
|c|+smurfer|do it right now
|c|+Slurmz|Smurf
|c|+Slurmz|LOL
|c|★gorgie|jk no bom
|choice|move 2|move 1
|
|move|p1a: roots manuva|Psychic|p2a: Exeggutor
|-resisted|p2a: Exeggutor
|-damage|p2a: Exeggutor|293\/393 par
|move|p2a: Exeggutor|Sleep Powder|p1a: roots manuva|[miss]
|-miss|p2a: Exeggutor
|
|turn|38
|choice|move 3|move 1
|
|move|p1a: roots manuva|Explosion|p2a: Exeggutor
|-damage|p2a: Exeggutor|19\/393 par
|faint|p1a: roots manuva
|c|★gorgie|i bombs now
|c|+smurfer|LOL
|c|★gorgie|LOL
|choice|switch 4|
|
|switch|p1a: shaquiri|Zapdos|383\/383
|turn|39
|choice|move 1|move 2
|
|move|p1a: shaquiri|Thunderbolt|p2a: Exeggutor
|-resisted|p2a: Exeggutor
|-damage|p2a: Exeggutor|0 fnt
|faint|p2a: Exeggutor
|choice||switch 5
|
|switch|p2a: Tauros|Tauros|353\/353
|turn|40
|c|★gorgie|Gorgie
|c|★Dice|hm
|c|+Slurmz|Pls last golem
|c|★Dice|is blizzard
|c|★Dice|the most optimal
|c|★Dice|idk
|c|★Dice|the stats
|c|★Dice|on this shit
|c|+smurfer|its 90% accurate
|c|★Dice|o
|c|★Dice|is it
|c|+smurfer|do it
|c|★gorgie|bro use any move u lose
|c|★Dice|rly
|c|★Dice|nice
|choice|move 3|move 3
|
|move|p2a: Tauros|Blizzard|p1a: shaquiri
|-supereffective|p1a: shaquiri
|-damage|p1a: shaquiri|252\/383
|move|p1a: shaquiri|Thunder Wave|p2a: Tauros
|-status|p2a: Tauros|par
|
|turn|41
|choice|move 1|move 3
|
|move|p1a: shaquiri|Thunderbolt|p2a: Tauros
|-damage|p2a: Tauros|201\/353 par
|move|p2a: Tauros|Blizzard|p1a: shaquiri
|-supereffective|p1a: shaquiri
|-damage|p1a: shaquiri|124\/383
|
|turn|42
|c|+Slurmz|Alas
|choice|move 4|move 2
|
|move|p1a: shaquiri|Rest|p1a: shaquiri
|-status|p1a: shaquiri|slp
|-heal|p1a: shaquiri|383\/383 slp|[silent]
|-status|p1a: shaquiri|slp|[from] move: Rest
|move|p2a: Tauros|Hyper Beam|p1a: shaquiri
|-damage|p1a: shaquiri|196\/383 slp
|
|turn|43
|-mustrecharge|p2a: Tauros
|c|★Dice|.
|c|★gorgie|rofl
|-mustrecharge|p2a: Tauros
|choice|move 1|move 1
|
|cant|p1a: shaquiri|slp
|cant|p2a: Tauros|recharge
|
|turn|44
|c|+Slurmz|Gorgie wins with twave 
|choice|move 1|move 1
|
|-curestatus|p1a: shaquiri|slp
|move|p2a: Tauros|Body Slam|p1a: shaquiri
|-crit|p1a: shaquiri
|-damage|p1a: shaquiri|0 fnt
|faint|p1a: shaquiri
|
|win|Dice