|J|hodor
|J|qht
|player|p1|hodor|2
|player|p2|qht|2
|gametype|singles
|gen|1
|tier|[Gen 1] Challenge Cup
|seed|11717,57608,51312,32265
|rule|Sleep Clause Mod: Limit one foe put to sleep
|rule|Freeze Clause Mod: Limit one foe frozen
|rule|HP Percentage Mod: HP is shown in percentages
|
|start
|switch|p1a: Seel|Seel, L75|241\/241
|switch|p2a: Mew|Mew, L63|255\/255
|turn|1
|c|★hodor|not mew rip
|choice|move 4|move 2
|
|move|p2a: Mew|Earthquake|p1a: Seel
|-damage|p1a: Seel|177\/241
|move|p1a: Seel|Body Slam|p2a: Mew
|-damage|p2a: Mew|223\/255
|
|turn|2
|choice|move 4|switch 4
|
|switch|p2a: Cloyster|Cloyster, L64|179\/179
|move|p1a: Seel|Body Slam|p2a: Cloyster
|-damage|p2a: Cloyster|156\/179
|
|turn|3
|choice|move 4|move 2
|
|move|p2a: Cloyster|Tri Attack|p1a: Seel
|-damage|p1a: Seel|125\/241
|move|p1a: Seel|Body Slam|p2a: Cloyster
|-damage|p2a: Cloyster|135\/179
|
|turn|4
|choice|move 4|move 2
|
|move|p2a: Cloyster|Tri Attack|p1a: Seel
|-damage|p1a: Seel|72\/241
|move|p1a: Seel|Body Slam|p2a: Cloyster
|-damage|p2a: Cloyster|112\/179
|
|turn|5
|choice|move 4|move 1
|
|move|p2a: Cloyster|Mimic|p1a: Seel
|-start|p2a: Cloyster|Mimic|Substitute
|move|p1a: Seel|Body Slam|p2a: Cloyster
|-damage|p2a: Cloyster|89\/179
|
|turn|6
|choice|switch 4|move 2
|
|switch|p1a: Ivysaur|Ivysaur, L72|232\/232
|move|p2a: Cloyster|Tri Attack|p1a: Ivysaur
|-damage|p1a: Ivysaur|188\/232
|
|turn|7
|choice|move 4|switch 2
|
|switch|p2a: Butterfree|Butterfree, L73|234\/234
|move|p1a: Ivysaur|Poison Powder|p2a: Butterfree
|-status|p2a: Butterfree|psn
|
|turn|8
|choice|switch 4|move 1
|
|switch|p1a: Seel|Seel, L75|72\/241
|move|p2a: Butterfree|Psychic|p1a: Seel
|-damage|p1a: Seel|16\/241
|-damage|p2a: Butterfree|220\/234 psn|[from] psn|[of] p1a: Seel
|
|turn|9
|choice|switch 3|switch 2
|
|switch|p2a: Cloyster|Cloyster, L64|89\/179
|switch|p1a: Dragonite|Dragonite, L63|241\/241
|
|turn|10
|choice|move 1|move 2
|
|move|p1a: Dragonite|Fire Punch|p2a: Cloyster
|-damage|p2a: Cloyster|47\/179
|move|p2a: Cloyster|Tri Attack|p1a: Dragonite
|-damage|p1a: Dragonite|201\/241
|
|turn|11
|choice|move 1|move 2
|
|move|p1a: Dragonite|Fire Punch|p2a: Cloyster
|-damage|p2a: Cloyster|2\/179
|move|p2a: Cloyster|Tri Attack|p1a: Dragonite
|-damage|p1a: Dragonite|160\/241
|
|turn|12
|choice|move 1|switch 6
|
|switch|p2a: Omanyte|Omanyte, L73|187\/187
|move|p1a: Dragonite|Fire Punch|p2a: Omanyte
|-resisted|p2a: Omanyte
|-damage|p2a: Omanyte|178\/187
|
|turn|13
|choice|switch 3|move 2
|
|switch|p1a: Seel|Seel, L75|16\/241
|move|p2a: Omanyte|Ice Beam|p1a: Seel
|-resisted|p1a: Seel
|-damage|p1a: Seel|0 fnt
|faint|p1a: Seel
|choice|switch 6|
|
|switch|p1a: Goldeen|Goldeen, L77|206\/206
|turn|14
|choice|move 2|switch 4
|
|switch|p2a: Mew|Mew, L63|223\/255
|move|p1a: Goldeen|Hydro Pump|p2a: Mew
|-damage|p2a: Mew|126\/255
|
|turn|15
|choice|move 2|switch 3
|
|switch|p2a: Dewgong|Dewgong, L67|257\/257
|move|p1a: Goldeen|Hydro Pump|p2a: Dewgong
|-resisted|p2a: Dewgong
|-damage|p2a: Dewgong|216\/257
|
|turn|16
|choice|switch 4|move 1
|
|switch|p1a: Ivysaur|Ivysaur, L72|188\/232
|move|p2a: Dewgong|Mimic|p1a: Ivysaur
|-start|p2a: Dewgong|Mimic|Substitute
|
|turn|17
|choice|move 4|switch 3
|
|switch|p2a: Mew|Mew, L63|126\/255
|move|p1a: Ivysaur|Poison Powder|p2a: Mew
|-status|p2a: Mew|psn
|
|turn|18
|choice|switch 2|move 2
|
|switch|p1a: Eevee|Eevee, L76|237\/237
|move|p2a: Mew|Earthquake|p1a: Eevee
|-damage|p1a: Eevee|176\/237
|-damage|p2a: Mew|111\/255 psn|[from] psn|[of] p1a: Eevee
|
|turn|19
|choice|switch 3|move 2
|
|switch|p1a: Dragonite|Dragonite, L63|160\/241
|move|p2a: Mew|Earthquake|p1a: Dragonite
|-immune|p1a: Dragonite|[msg]
|-damage|p2a: Mew|96\/255 psn|[from] psn|[of] p1a: Dragonite
|
|turn|20
|choice|move 4|move 2
|
|move|p2a: Mew|Earthquake|p1a: Dragonite
|-immune|p1a: Dragonite|[msg]
|-damage|p2a: Mew|81\/255 psn|[from] psn|[of] p1a: Dragonite
|move|p1a: Dragonite|Dragon Rage|p2a: Mew
|-damage|p2a: Mew|41\/255 psn
|
|turn|21
|choice|move 4|switch 6
|
|switch|p2a: Cloyster|Cloyster, L64|2\/179
|move|p1a: Dragonite|Dragon Rage|p2a: Cloyster
|-damage|p2a: Cloyster|0 fnt
|faint|p2a: Cloyster
|choice||switch 4
|
|switch|p2a: Omanyte|Omanyte, L73|178\/187
|turn|22
|choice|switch 5|move 2
|
|switch|p1a: Poliwrath|Poliwrath, L68|262\/262
|move|p2a: Omanyte|Ice Beam|p1a: Poliwrath
|-resisted|p1a: Poliwrath
|-damage|p1a: Poliwrath|231\/262
|
|turn|23
|choice|move 3|switch 3
|
|switch|p2a: Dewgong|Dewgong, L67|216\/257
|move|p1a: Poliwrath|Psychic|p2a: Dewgong
|-damage|p2a: Dewgong|178\/257
|
|turn|24
|choice|move 3|move 3
|
|move|p1a: Poliwrath|Psychic|p2a: Dewgong
|-damage|p2a: Dewgong|138\/257
|move|p2a: Dewgong|Toxic|p1a: Poliwrath|[miss]
|-miss|p2a: Dewgong
|
|turn|25
|choice|switch 2|switch 2
|
|switch|p1a: Ivysaur|Ivysaur, L72|188\/232
|switch|p2a: Butterfree|Butterfree, L73|220\/234 psn
|-damage|p2a: Butterfree|206\/234 psn|[from] psn
|
|turn|26
|choice|switch 5|move 1
|
|switch|p1a: Dragonite|Dragonite, L63|160\/241
|move|p2a: Butterfree|Psychic|p1a: Dragonite
|-damage|p1a: Dragonite|113\/241
|-unboost|p1a: Dragonite|spd|1
|-unboost|p1a: Dragonite|spa|1
|-damage|p2a: Butterfree|192\/234 psn|[from] psn|[of] p1a: Dragonite
|
|turn|27
|choice|move 1|move 1
|
|move|p2a: Butterfree|Psychic|p1a: Dragonite
|-damage|p1a: Dragonite|34\/241
|-unboost|p1a: Dragonite|spd|1
|-unboost|p1a: Dragonite|spa|1
|-damage|p2a: Butterfree|178\/234 psn|[from] psn|[of] p1a: Dragonite
|move|p1a: Dragonite|Fire Punch|p2a: Butterfree
|-supereffective|p2a: Butterfree
|-damage|p2a: Butterfree|138\/234 psn
|
|turn|28
|choice|move 1|move 1
|
|move|p2a: Butterfree|Psychic|p1a: Dragonite
|-damage|p1a: Dragonite|0 fnt
|faint|p1a: Dragonite
|choice|switch 4|
|
|switch|p1a: Goldeen|Goldeen, L77|206\/206
|turn|29
|choice|move 2|switch 2
|
|switch|p2a: Dewgong|Dewgong, L67|138\/257
|move|p1a: Goldeen|Hydro Pump|p2a: Dewgong|[miss]
|-miss|p1a: Goldeen
|
|turn|30
|choice|switch 5|move 2
|
|switch|p1a: Ivysaur|Ivysaur, L72|188\/232
|move|p2a: Dewgong|Hyper Beam|p1a: Ivysaur
|-damage|p1a: Ivysaur|115\/232
|
|turn|31
|-mustrecharge|p2a: Dewgong
|-mustrecharge|p2a: Dewgong
|choice|move 4|move 1
|
|cant|p2a: Dewgong|recharge
|move|p1a: Ivysaur|Poison Powder|p2a: Dewgong|[miss]
|-miss|p1a: Ivysaur
|
|turn|32
|choice|switch 5|switch 2
|
|switch|p2a: Butterfree|Butterfree, L73|138\/234 psn
|-damage|p2a: Butterfree|124\/234 psn|[from] psn
|switch|p1a: Goldeen|Goldeen, L77|206\/206
|
|turn|33
|choice|move 2|move 4
|
|move|p2a: Butterfree|Poison Powder|p1a: Goldeen
|-status|p1a: Goldeen|psn
|-damage|p2a: Butterfree|110\/234 psn|[from] psn|[of] p1a: Goldeen
|move|p1a: Goldeen|Hydro Pump|p2a: Butterfree|[miss]
|-miss|p1a: Goldeen
|-damage|p1a: Goldeen|194\/206 psn|[from] psn|[of] p2a: Butterfree
|
|turn|34
|choice|move 2|switch 2
|
|switch|p2a: Dewgong|Dewgong, L67|138\/257
|move|p1a: Goldeen|Hydro Pump|p2a: Dewgong
|-resisted|p2a: Dewgong
|-damage|p2a: Dewgong|94\/257
|-damage|p1a: Goldeen|182\/206 psn|[from] psn|[of] p2a: Dewgong
|
|turn|35
|choice|move 3|move 2
|
|move|p1a: Goldeen|Blizzard|p2a: Dewgong
|-resisted|p2a: Dewgong
|-damage|p2a: Dewgong|80\/257
|-damage|p1a: Goldeen|170\/206 psn|[from] psn|[of] p2a: Dewgong
|move|p2a: Dewgong|Hyper Beam|p1a: Goldeen
|-crit|p1a: Goldeen
|-damage|p1a: Goldeen|21\/206 psn
|
|turn|36
|-mustrecharge|p2a: Dewgong
|-mustrecharge|p2a: Dewgong
|choice|move 4|move 1
|
|move|p1a: Goldeen|Rest|p1a: Goldeen
|-status|p1a: Goldeen|slp
|-heal|p1a: Goldeen|206\/206 slp|[silent]
|-status|p1a: Goldeen|slp|[from] move: Rest
|cant|p2a: Dewgong|recharge
|
|turn|37
|choice|move 1|move 1
|
|cant|p1a: Goldeen|slp
|move|p2a: Dewgong|Mimic|p1a: Goldeen
|-start|p2a: Dewgong|Mimic|Rest
|
|turn|38
|c|★hodor|...
|c|★qht|got it
|choice|move 1|move 1
|
|-curestatus|p1a: Goldeen|slp
|move|p2a: Dewgong|Rest|p2a: Dewgong
|-status|p2a: Dewgong|slp
|-heal|p2a: Dewgong|257\/257 slp|[silent]
|-status|p2a: Dewgong|slp|[from] move: Rest
|
|turn|39
|c|★hodor|gg
|c|★hodor|i dont have enough pp to kill that
|c|★hodor|and this match will take forever
|c|★hodor|no point
|c|★qht|gg
|-message|hodor forfeited.
|
|win|qht