|J|tamahome
|J|Dice
|player|p1|tamahome|169
|player|p2|Dice|134
|gametype|singles
|gen|1
|tier|[Gen 1] OU
|seed|
|rule|Sleep Clause Mod: Limit one foe put to sleep
|rule|Freeze Clause Mod: Limit one foe frozen
|rule|Species Clause: Limit one of each Pokémon
|rule|OHKO Clause: OHKO moves are banned
|rule|Evasion Moves Clause: Evasion moves are banned
|rule|HP Percentage Mod: HP is shown in percentages
|
|start
|switch|p1a: Gengar|Gengar, M|100\/100
|switch|p2a: Alakazam|Alakazam|100\/100
|turn|1
|choice||
|
|move|p2a: Alakazam|Thunder Wave|p1a: Gengar
|-status|p1a: Gengar|par
|move|p1a: Gengar|Hypnosis|p2a: Alakazam
|-status|p2a: Alakazam|slp
|
|turn|2
|choice||
|
|switch|p2a: Exeggutor|Exeggutor|100\/100
|move|p1a: Gengar|Night Shade|p2a: Exeggutor
|-damage|p2a: Exeggutor|75\/100
|
|turn|3
|choice||
|
|move|p2a: Exeggutor|Psychic|p1a: Gengar
|-supereffective|p1a: Gengar
|-damage|p1a: Gengar|37\/100 par
|-unboost|p1a: Gengar|spd|1
|-unboost|p1a: Gengar|spa|1
|move|p1a: Gengar|Explosion|p2a: Exeggutor
|-damage|p2a: Exeggutor|19\/100
|faint|p1a: Gengar
|J|Abstract Rude
|choice||
|
|switch|p1a: Alakazam|Alakazam, M|100\/100
|turn|4
|choice||
|
|switch|p2a: Chansey|Chansey|100\/100
|move|p1a: Alakazam|Seismic Toss|p2a: Chansey
|-damage|p2a: Chansey|86\/100
|
|turn|5
|choice||
|
|move|p1a: Alakazam|Psychic|p2a: Chansey
|-damage|p2a: Chansey|69\/100
|move|p2a: Chansey|Ice Beam|p1a: Alakazam
|-crit|p1a: Alakazam
|-damage|p1a: Alakazam|62\/100
|
|turn|6
|choice||
|
|switch|p1a: Snorlax|Snorlax, M|100\/100
|move|p2a: Chansey|Ice Beam|p1a: Snorlax
|-damage|p1a: Snorlax|82\/100
|
|turn|7
|choice||
|
|switch|p2a: Snorlax|Snorlax|100\/100
|move|p1a: Snorlax|Body Slam|p2a: Snorlax
|-damage|p2a: Snorlax|73\/100
|
|turn|8
|choice||
|
|move|p2a: Snorlax|Amnesia|p2a: Snorlax
|-boost|p2a: Snorlax|spd|2
|-boost|p2a: Snorlax|spa|2
|move|p1a: Snorlax|Earthquake|p2a: Snorlax
|-damage|p2a: Snorlax|52\/100
|
|turn|9
|choice||
|
|move|p2a: Snorlax|Ice Beam|p1a: Snorlax
|-damage|p1a: Snorlax|55\/100
|move|p1a: Snorlax|Counter|p2a: Snorlax
|-fail|p1a: Snorlax
|
|turn|10
|choice||
|
|move|p1a: Snorlax|Body Slam|p2a: Snorlax
|-crit|p2a: Snorlax
|-damage|p2a: Snorlax|0 fnt
|faint|p2a: Snorlax
|choice||
|
|switch|p2a: Tauros|Tauros|100\/100
|turn|11
|choice||
|
|move|p2a: Tauros|Hyper Beam|p1a: Snorlax
|-damage|p1a: Snorlax|12\/100
|move|p1a: Snorlax|Counter|p2a: Tauros
|-damage|p2a: Tauros|0 fnt
|faint|p2a: Tauros
|choice||
|
|switch|p2a: Lapras|Lapras|100\/100
|turn|12
|choice||
|
|switch|p1a: Starmie|Starmie|100\/100
|move|p2a: Lapras|Blizzard|p1a: Starmie
|-resisted|p1a: Starmie
|-damage|p1a: Starmie|80\/100
|
|turn|13
|choice||
|
|switch|p2a: Chansey|Chansey|69\/100
|move|p1a: Starmie|Thunder Wave|p2a: Chansey
|-status|p2a: Chansey|par
|
|turn|14
|choice||
|
|switch|p1a: Exeggutor|Exeggutor, M|100\/100
|move|p2a: Chansey|Thunder Wave|p1a: Exeggutor
|-status|p1a: Exeggutor|par
|
|turn|15
|choice||
|
|cant|p1a: Exeggutor|par
|move|p2a: Chansey|Soft-Boiled|p2a: Chansey
|-heal|p2a: Chansey|100\/100 par
|
|turn|16
|choice||
|
|switch|p2a: Exeggutor|Exeggutor|19\/100
|cant|p1a: Exeggutor|par
|
|turn|17
|choice||
|
|move|p2a: Exeggutor|Explosion|p1a: Exeggutor
|-damage|p1a: Exeggutor|24\/100 par
|faint|p2a: Exeggutor
|choice||
|
|switch|p2a: Lapras|Lapras|100\/100
|turn|18
|choice||
|
|switch|p1a: Starmie|Starmie|80\/100
|move|p2a: Lapras|Blizzard|p1a: Starmie
|-resisted|p1a: Starmie
|-damage|p1a: Starmie|60\/100
|
|turn|19
|choice||
|
|move|p1a: Starmie|Recover|p1a: Starmie
|-heal|p1a: Starmie|100\/100
|move|p2a: Lapras|Sing|p1a: Starmie|[miss]
|-miss|p2a: Lapras
|
|turn|20
|choice||
|
|switch|p2a: Chansey|Chansey|100\/100 par
|move|p1a: Starmie|Thunderbolt|p2a: Chansey
|-crit|p2a: Chansey
|-damage|p2a: Chansey|81\/100 par
|
|turn|21
|choice||
|
|switch|p1a: Exeggutor|Exeggutor, M|24\/100 par
|move|p2a: Chansey|Ice Beam|p1a: Exeggutor
|-supereffective|p1a: Exeggutor
|-damage|p1a: Exeggutor|0 fnt
|faint|p1a: Exeggutor
|choice||
|
|switch|p1a: Snorlax|Snorlax, M|12\/100
|turn|22
|choice||
|
|move|p1a: Snorlax|Self-Destruct|p2a: Chansey
|-damage|p2a: Chansey|0 fnt
|faint|p2a: Chansey
|faint|p1a: Snorlax
|choice||
|
|switch|p1a: Alakazam|Alakazam, M|62\/100
|switch|p2a: Lapras|Lapras|100\/100
|turn|23
|choice||
|
|move|p1a: Alakazam|Thunder Wave|p2a: Lapras
|-status|p2a: Lapras|par
|move|p2a: Lapras|Sing|p1a: Alakazam
|-status|p1a: Alakazam|slp
|
|turn|24
|choice||
|
|switch|p1a: Starmie|Starmie|100\/100
|switch|p2a: Alakazam|Alakazam|100\/100 slp
|
|turn|25
|choice||
|
|switch|p1a: Tauros|Tauros|100\/100
|cant|p2a: Alakazam|slp
|
|turn|26
|choice||
|
|cant|p2a: Alakazam|slp
|move|p1a: Tauros|Body Slam|p2a: Alakazam
|-crit|p2a: Alakazam
|-damage|p2a: Alakazam|7\/100 slp
|
|turn|27
|choice||
|
|cant|p2a: Alakazam|slp
|move|p1a: Tauros|Body Slam|p2a: Alakazam
|-damage|p2a: Alakazam|0 fnt
|faint|p2a: Alakazam
|choice||
|
|switch|p2a: Lapras|Lapras|100\/100 par
|turn|28
|choice||
|
|move|p1a: Tauros|Body Slam|p2a: Lapras
|-damage|p2a: Lapras|76\/100 par
|cant|p2a: Lapras|par
|
|turn|29
|choice||
|
|move|p1a: Tauros|Body Slam|p2a: Lapras
|-damage|p2a: Lapras|50\/100 par
|move|p2a: Lapras|Blizzard|p1a: Tauros
|-damage|p1a: Tauros|53\/100
|
|turn|30
|choice||
|
|move|p1a: Tauros|Hyper Beam|p2a: Lapras
|-damage|p2a: Lapras|5\/100 par
|cant|p2a: Lapras|par
|
|turn|31
|-mustrecharge|p1a: Tauros
|-mustrecharge|p1a: Tauros
|choice||
|
|cant|p1a: Tauros|recharge
|cant|p2a: Lapras|par
|
|turn|32
|c|★Dice|gg
|-message|Dice forfeited.
|
|win|tamahome