|inactive|Battle timer is ON: inactive players will automatically lose when time's up.
|J|teal6
|J|Meloettaaa
|player|p1|teal6|115
|player|p2|Meloettaaa|190
|gametype|singles
|gen|1
|tier|[Gen 1] OU
|seed|55867,5642,28758,52996
|rule|Sleep Clause Mod: Limit one foe put to sleep
|rule|Freeze Clause Mod: Limit one foe frozen
|rule|Species Clause: Limit one of each Pokémon
|rule|OHKO Clause: OHKO moves are banned
|rule|Evasion Moves Clause: Evasion moves are banned
|rule|HP Percentage Mod: HP is shown in percentages
|
|start
|switch|p1a: Jynx|Jynx|333\/333
|switch|p2a: Starmie|Starmie|323\/323
|turn|1
|J|Teclis
|J|Reverb
|L|Teclis
|J|Lana Del seldo
|c|★Meloettaaa|spl is so fun to watch
|choice|move 2|move 1
|
|move|p2a: Starmie|Blizzard|p1a: Jynx
|-resisted|p1a: Jynx
|-damage|p1a: Jynx|284\/333
|move|p1a: Jynx|Lovely Kiss|p2a: Starmie
|-status|p2a: Starmie|slp
|
|turn|2
|J|GunnerRohan
|c|★Meloettaaa|what was I thinking there
|c|+Lana Del seldo|do all gen 1 teams have jynx
|L|GunnerRohan
|c|★Meloettaaa|no
|c|★teal6|no
|c|+Reverb|tauros and chansey
|c|+Reverb|yes
|c|★Meloettaaa|why did I think jynx was a grass type
|J|ibaneful
|c|+Lana Del seldo|execcutor?
|choice|switch 4|switch 5
|
|switch|p2a: Golem|Golem|363\/363
|switch|p1a: Snorlax|Snorlax|523\/523
|
|turn|3
|c|+Lana Del seldo|i see that an awful lot
|c|★Meloettaaa|very common but not obligatory
|choice|switch 5|move 3
|
|switch|p1a: Exeggutor|Exeggutor|393\/393
|move|p2a: Golem|Body Slam|p1a: Exeggutor
|-damage|p1a: Exeggutor|315\/393
|
|turn|4
|L|ibaneful
|J|Icey Tea
|choice|move 1|switch 3
|
|switch|p2a: Exeggutor|Exeggutor|393\/393
|move|p1a: Exeggutor|Psychic|p2a: Exeggutor
|-resisted|p2a: Exeggutor
|-damage|p2a: Exeggutor|340\/393
|
|turn|5
|choice|switch 4|move 1
|
|switch|p1a: Jynx|Jynx|284\/333
|move|p2a: Exeggutor|Sleep Powder|p1a: Jynx
|-status|p1a: Jynx|slp
|
|turn|6
|choice|switch 4|switch 3
|
|switch|p1a: Exeggutor|Exeggutor|315\/393
|switch|p2a: Golem|Golem|363\/363
|
|turn|7
|choice|move 1|switch 3
|
|switch|p2a: Exeggutor|Exeggutor|340\/393
|move|p1a: Exeggutor|Psychic|p2a: Exeggutor
|-resisted|p2a: Exeggutor
|-damage|p2a: Exeggutor|285\/393
|
|turn|8
|choice|move 3|move 3
|
|move|p2a: Exeggutor|Mega Drain|p1a: Exeggutor
|-resisted|p1a: Exeggutor
|-damage|p1a: Exeggutor|290\/393
|-heal|p2a: Exeggutor|297\/393|[from] drain|[of] p1a: Exeggutor
|move|p1a: Exeggutor|Explosion|p2a: Exeggutor
|-damage|p2a: Exeggutor|0 fnt
|faint|p2a: Exeggutor
|faint|p1a: Exeggutor
|c|★Meloettaaa|lol
|c|★Meloettaaa|explosion is probably my favourite past gen mechanic
|choice|switch 6|switch 6
|
|switch|p2a: Tauros|Tauros|353\/353
|switch|p1a: Chansey|Chansey|703\/703
|turn|9
|c|★teal6|yeah its cool
|c|+Reverb|lol see
|c|+Reverb|called it
|choice|move 3|move 1
|
|move|p2a: Tauros|Body Slam|p1a: Chansey
|-damage|p1a: Chansey|426\/703
|move|p1a: Chansey|Thunder Wave|p2a: Tauros
|-status|p2a: Tauros|par
|
|turn|10
|choice|move 2|move 1
|
|move|p1a: Chansey|Soft-Boiled|p1a: Chansey
|-heal|p1a: Chansey|703\/703
|move|p2a: Tauros|Body Slam|p1a: Chansey
|-damage|p1a: Chansey|430\/703
|
|turn|11
|choice|move 2|move 1
|
|move|p1a: Chansey|Soft-Boiled|p1a: Chansey
|-heal|p1a: Chansey|703\/703
|move|p2a: Tauros|Body Slam|p1a: Chansey
|-damage|p1a: Chansey|437\/703
|
|turn|12
|choice|move 2|move 1
|
|move|p1a: Chansey|Soft-Boiled|p1a: Chansey
|-heal|p1a: Chansey|703\/703
|move|p2a: Tauros|Body Slam|p1a: Chansey
|-crit|p1a: Chansey
|-damage|p1a: Chansey|209\/703
|
|turn|13
|c|★Meloettaaa|body slam can para right
|choice|move 2|move 4
|
|move|p1a: Chansey|Soft-Boiled|p1a: Chansey
|-heal|p1a: Chansey|560\/703
|move|p2a: Tauros|Hyper Beam|p1a: Chansey
|-crit|p1a: Chansey
|-damage|p1a: Chansey|0 fnt
|faint|p1a: Chansey
|c|+Reverb|yes
|c|★Meloettaaa|sorry
|c|+Reverb|chansey likes being para'd tho
|choice|switch 5|
|
|switch|p1a: Snorlax|Snorlax|523\/523
|turn|14
|c|+Reverb|that way it cant be frozen
|c|★teal6|body slam cannot para normal types
|c|★Meloettaaa|ah okay
|choice|move 1|switch 5
|
|switch|p2a: Starmie|Starmie|323\/323 slp
|move|p1a: Snorlax|Body Slam|p2a: Starmie
|-crit|p2a: Starmie
|-damage|p2a: Starmie|112\/323 slp
|
|turn|15
|c|★Meloettaaa|thats interesting
|choice|move 1|move 4
|
|cant|p2a: Starmie|slp
|move|p1a: Snorlax|Body Slam|p2a: Starmie
|-damage|p2a: Starmie|0 fnt
|faint|p2a: Starmie
|choice||switch 4
|
|switch|p2a: Snorlax|Snorlax|523\/523
|turn|16
|choice|move 1|move 1
|
|move|p1a: Snorlax|Body Slam|p2a: Snorlax
|-damage|p2a: Snorlax|395\/523
|move|p2a: Snorlax|Body Slam|p1a: Snorlax
|-damage|p1a: Snorlax|394\/523
|
|turn|17
|choice|move 1|switch 3
|
|switch|p2a: Golem|Golem|363\/363
|move|p1a: Snorlax|Body Slam|p2a: Golem
|-resisted|p2a: Golem
|-damage|p2a: Golem|316\/363
|
|turn|18
|choice|move 2|move 1
|
|move|p2a: Golem|Earthquake|p1a: Snorlax
|-damage|p1a: Snorlax|242\/523
|move|p1a: Snorlax|Earthquake|p2a: Golem
|-supereffective|p2a: Golem
|-damage|p2a: Golem|178\/363
|
|turn|19
|choice|switch 3|move 4
|
|switch|p1a: Tauros|Tauros|353\/353
|move|p2a: Golem|Explosion|p1a: Tauros
|-damage|p1a: Tauros|85\/353
|faint|p2a: Golem
|c|★Meloettaaa|.
|choice||switch 5
|
|switch|p2a: Tauros|Tauros|353\/353 par
|turn|20
|choice|move 1|move 1
|
|move|p1a: Tauros|Body Slam|p2a: Tauros
|-damage|p2a: Tauros|243\/353 par
|move|p2a: Tauros|Body Slam|p1a: Tauros
|-damage|p1a: Tauros|0 fnt
|faint|p1a: Tauros
|c|★Meloettaaa|im not good at planning 10 turns ahead
|choice|switch 2|
|
|switch|p1a: Zapdos|Zapdos|383\/383
|turn|21
|c|★Meloettaaa|as is apparently important in this tiier
|choice|move 1|move 2
|
|move|p1a: Zapdos|Thunderbolt|p2a: Tauros
|-crit|p2a: Tauros
|-damage|p2a: Tauros|0 fnt
|faint|p2a: Tauros
|choice||switch 2
|
|switch|p2a: Chansey|Chansey|703\/703
|turn|22
|choice|switch 4|move 1
|
|switch|p1a: Jynx|Jynx|284\/333 slp
|move|p2a: Chansey|Ice Beam|p1a: Jynx
|-resisted|p1a: Jynx
|-damage|p1a: Jynx|244\/333 slp
|
|turn|23
|choice|move 1|switch 3
|
|switch|p2a: Snorlax|Snorlax|395\/523
|cant|p1a: Jynx|slp
|
|turn|24
|choice|switch 3|move 1
|
|switch|p1a: Snorlax|Snorlax|242\/523
|move|p2a: Snorlax|Body Slam|p1a: Snorlax
|-damage|p1a: Snorlax|103\/523
|
|turn|25
|choice|move 4|move 1
|
|move|p2a: Snorlax|Body Slam|p1a: Snorlax
|-damage|p1a: Snorlax|0 fnt
|faint|p1a: Snorlax
|c|★Meloettaaa|:x
|choice|switch 4|
|
|switch|p1a: Zapdos|Zapdos|383\/383
|turn|26
|choice|move 4|move 4
|
|move|p1a: Zapdos|Thunder Wave|p2a: Snorlax
|-status|p2a: Snorlax|par
|move|p2a: Snorlax|Self-Destruct|p1a: Zapdos
|-damage|p1a: Zapdos|39\/383
|faint|p2a: Snorlax
|choice||switch 3
|
|switch|p2a: Chansey|Chansey|703\/703
|turn|27
|choice|move 3|move 2
|
|move|p1a: Zapdos|Drill Peck|p2a: Chansey
|-damage|p2a: Chansey|483\/703
|move|p2a: Chansey|Thunderbolt|p1a: Zapdos
|-damage|p1a: Zapdos|0 fnt
|faint|p1a: Zapdos
|choice|switch 3|
|
|switch|p1a: Jynx|Jynx|244\/333 slp
|turn|28
|choice|move 4|move 2
|
|cant|p1a: Jynx|slp
|move|p2a: Chansey|Thunderbolt|p1a: Jynx
|-damage|p1a: Jynx|170\/333 slp
|
|turn|29
|choice|move 4|move 2
|
|cant|p1a: Jynx|slp
|move|p2a: Chansey|Thunderbolt|p1a: Jynx
|-damage|p1a: Jynx|90\/333 slp
|
|turn|30
|c|+Reverb|letting lax die
|c|+Reverb|was a mistke 
|c|★Meloettaaa|x_x
|choice|move 3|move 2
|
|cant|p1a: Jynx|slp
|move|p2a: Chansey|Thunderbolt|p1a: Jynx
|-damage|p1a: Jynx|6\/333 slp
|
|turn|31
|c|★teal6|gg
|c|★Meloettaaa|gg
|choice|move 3|move 2
|
|cant|p1a: Jynx|slp
|move|p2a: Chansey|Thunderbolt|p1a: Jynx
|-crit|p1a: Jynx
|-damage|p1a: Jynx|0 fnt
|faint|p1a: Jynx
|
|win|Meloettaaa