|J|Nails
|J|papai noel
|player|p1|Nails|170
|player|p2|papai noel|161
|gametype|singles
|gen|1
|tier|[Gen 1] OU
|seed|43086,58295,4335,57176
|rule|Sleep Clause Mod: Limit one foe put to sleep
|rule|Freeze Clause Mod: Limit one foe frozen
|rule|Species Clause: Limit one of each Pokémon
|rule|OHKO Clause: OHKO moves are banned
|rule|Evasion Moves Clause: Evasion moves are banned
|rule|HP Percentage Mod: HP is shown in percentages
|
|start
|switch|p1a: Starmie|Starmie|323\/323
|switch|p2a: Alakazam|Alakazam|313\/313
|turn|1
|J|im the batgirl
|J|Time Stall
|choice|move 3|move 3
|
|move|p2a: Alakazam|Seismic Toss|p1a: Starmie
|-damage|p1a: Starmie|223\/323
|move|p1a: Starmie|Thunder Wave|p2a: Alakazam
|-status|p2a: Alakazam|par
|
|turn|2
|J|Get this Money
|choice|move 4|move 1
|
|move|p1a: Starmie|Recover|p1a: Starmie
|-heal|p1a: Starmie|323\/323
|move|p2a: Alakazam|Psychic|p1a: Starmie
|-resisted|p1a: Starmie
|-damage|p1a: Starmie|253\/323
|
|turn|3
|choice|move 1|move 3
|
|move|p1a: Starmie|Thunderbolt|p2a: Alakazam
|-crit|p2a: Alakazam
|-damage|p2a: Alakazam|189\/313 par
|move|p2a: Alakazam|Seismic Toss|p1a: Starmie
|-damage|p1a: Starmie|153\/323
|
|turn|4
|choice|move 4|move 4
|
|move|p1a: Starmie|Recover|p1a: Starmie
|-heal|p1a: Starmie|314\/323
|move|p2a: Alakazam|Thunder Wave|p1a: Starmie
|-status|p1a: Starmie|par
|
|turn|5
|choice|switch 4|move 2
|
|switch|p1a: Snorlax|Snorlax|523\/523
|move|p2a: Alakazam|Recover|p2a: Alakazam
|-heal|p2a: Alakazam|313\/313 par
|
|turn|6
|choice|move 1|switch 6
|
|switch|p2a: Golem|Golem|363\/363
|move|p1a: Snorlax|Body Slam|p2a: Golem
|-resisted|p2a: Golem
|-damage|p2a: Golem|318\/363
|-status|p2a: Golem|par
|
|turn|7
|choice|move 3|move 1
|
|move|p1a: Snorlax|Earthquake|p2a: Golem
|-supereffective|p2a: Golem
|-damage|p2a: Golem|187\/363 par
|move|p2a: Golem|Earthquake|p1a: Snorlax
|-damage|p1a: Snorlax|360\/523
|
|turn|8
|L|Time Stall
|L|Get this Money
|choice|switch 5|switch 5
|
|switch|p1a: Exeggutor|Exeggutor|393\/393
|switch|p2a: Exeggutor|Exeggutor|393\/393
|
|turn|9
|choice|move 1|switch 6
|
|switch|p2a: Alakazam|Alakazam|313\/313 par
|move|p1a: Exeggutor|Sleep Powder|p2a: Alakazam|[miss]
|-miss|p1a: Exeggutor
|
|turn|10
|choice|switch 4|move 1
|
|switch|p1a: Starmie|Starmie|314\/323 par
|move|p2a: Alakazam|Psychic|p1a: Starmie
|-resisted|p1a: Starmie
|-damage|p1a: Starmie|244\/323 par
|-unboost|p1a: Starmie|spd|1
|-unboost|p1a: Starmie|spa|1
|
|turn|11
|choice|move 4|move 1
|
|move|p2a: Alakazam|Psychic|p1a: Starmie
|-resisted|p1a: Starmie
|-damage|p1a: Starmie|144\/323 par
|-unboost|p1a: Starmie|spd|1
|-unboost|p1a: Starmie|spa|1
|cant|p1a: Starmie|par
|
|turn|12
|choice|switch 2|move 1
|
|switch|p1a: Chansey|Chansey|703\/703
|cant|p2a: Alakazam|par
|
|turn|13
|choice|move 1|move 1
|
|move|p1a: Chansey|Ice Beam|p2a: Alakazam
|-damage|p2a: Alakazam|250\/313 par
|move|p2a: Alakazam|Psychic|p1a: Chansey
|-crit|p1a: Chansey
|-damage|p1a: Chansey|448\/703
|-unboost|p1a: Chansey|spd|1
|-unboost|p1a: Chansey|spa|1
|
|turn|14
|choice|switch 2|switch 4
|
|switch|p1a: Starmie|Starmie|144\/323 par
|switch|p2a: Chansey|Chansey|703\/703
|
|turn|15
|J|owari rosu
|choice|switch 2|move 2
|
|switch|p1a: Chansey|Chansey|448\/703
|move|p2a: Chansey|Thunderbolt|p1a: Chansey
|-damage|p1a: Chansey|377\/703
|
|turn|16
|L|im the batgirl
|choice|move 2|move 3
|
|move|p1a: Chansey|Soft-Boiled|p1a: Chansey
|-heal|p1a: Chansey|703\/703
|move|p2a: Chansey|Sing|p1a: Chansey
|-status|p1a: Chansey|slp
|
|turn|17
|choice|switch 4|switch 2
|
|switch|p2a: Tauros|Tauros|353\/353
|switch|p1a: Exeggutor|Exeggutor|393\/393
|
|turn|18
|choice|move 4|switch 4
|
|switch|p2a: Alakazam|Alakazam|250\/313 par
|move|p1a: Exeggutor|Psychic|p2a: Alakazam
|-resisted|p2a: Alakazam
|-damage|p2a: Alakazam|201\/313 par
|
|turn|19
|choice|switch 5|move 2
|
|switch|p1a: Snorlax|Snorlax|360\/523
|move|p2a: Alakazam|Recover|p2a: Alakazam
|-heal|p2a: Alakazam|313\/313 par
|
|turn|20
|choice|move 1|switch 6
|
|switch|p2a: Exeggutor|Exeggutor|393\/393
|move|p1a: Snorlax|Body Slam|p2a: Exeggutor
|-damage|p2a: Exeggutor|280\/393
|-status|p2a: Exeggutor|par
|
|turn|21
|c|★Nails|godlax
|choice|switch 2|move 3
|
|switch|p1a: Starmie|Starmie|144\/323 par
|move|p2a: Exeggutor|Stun Spore|p1a: Starmie
|-fail|p1a: Starmie|par
|
|turn|22
|choice|move 4|switch 2
|
|switch|p2a: Chansey|Chansey|703\/703
|move|p1a: Starmie|Recover|p1a: Starmie
|-heal|p1a: Starmie|305\/323 par
|
|turn|23
|choice|switch 5|move 1
|
|switch|p1a: Exeggutor|Exeggutor|393\/393
|move|p2a: Chansey|Ice Beam|p1a: Exeggutor
|-supereffective|p1a: Exeggutor
|-damage|p1a: Exeggutor|252\/393
|
|turn|24
|J|danilo
|c|+danilo|elodin
|choice|move 1|move 1
|
|move|p1a: Exeggutor|Sleep Powder|p2a: Chansey
|-status|p2a: Chansey|slp
|cant|p2a: Chansey|slp
|
|turn|25
|c|+danilo|adv me after
|c|+danilo|y\/n
|c|★papai noel|oh my god
|c|★papai noel|im so bad
|c|+danilo|yeah
|choice|move 4|switch 6
|
|switch|p2a: Alakazam|Alakazam|313\/313 par
|move|p1a: Exeggutor|Psychic|p2a: Alakazam
|-resisted|p2a: Alakazam
|-damage|p2a: Alakazam|261\/313 par
|
|turn|26
|c|★Nails|:P
|c|+danilo|why u let him sleep
|c|★papai noel|i didn't realize 
|c|+danilo|why did u switch
|c|+danilo|?_?
|c|★papai noel|omg
|c|★papai noel|rush
|c|★papai noel|n hush
|c|★papai noel|https:\/\/www.youtube.com\/watch?v=fRh_vgS2dFE
|c|★papai noel|*_*
|choice|switch 2|move 1
|
|switch|p1a: Snorlax|Snorlax|360\/523
|move|p2a: Alakazam|Psychic|p1a: Snorlax
|-damage|p1a: Snorlax|190\/523
|
|turn|27
|choice|move 1|switch 5
|
|switch|p2a: Golem|Golem|187\/363 par
|move|p1a: Snorlax|Body Slam|p2a: Golem
|-resisted|p2a: Golem
|-damage|p2a: Golem|142\/363 par
|
|turn|28
|choice|switch 5|move 4
|
|switch|p1a: Starmie|Starmie|305\/323 par
|move|p2a: Golem|Explosion|p1a: Starmie
|-damage|p1a: Starmie|0 fnt
|faint|p1a: Starmie
|faint|p2a: Golem
|choice|switch 3|switch 2
|
|switch|p1a: Tauros|Tauros|353\/353
|switch|p2a: Exeggutor|Exeggutor|280\/393 par
|turn|29
|choice|switch 6|move 3
|
|switch|p1a: Alakazam|Alakazam|313\/313
|move|p2a: Exeggutor|Stun Spore|p1a: Alakazam|[miss]
|-miss|p2a: Exeggutor
|
|turn|30
|choice|move 2|move 3
|
|move|p1a: Alakazam|Reflect|p1a: Alakazam
|-start|p1a: Alakazam|Reflect
|cant|p2a: Exeggutor|par
|
|turn|31
|choice|move 3|move 3
|
|move|p1a: Alakazam|Psychic|p2a: Exeggutor
|-resisted|p2a: Exeggutor
|-damage|p2a: Exeggutor|227\/393 par
|move|p2a: Exeggutor|Stun Spore|p1a: Alakazam
|-status|p1a: Alakazam|par
|
|turn|32
|choice|move 3|switch 6
|
|switch|p2a: Chansey|Chansey|703\/703 slp
|cant|p1a: Alakazam|par
|
|turn|33
|choice|move 3|move 1
|
|cant|p2a: Chansey|slp
|move|p1a: Alakazam|Psychic|p2a: Chansey
|-damage|p2a: Chansey|578\/703 slp
|
|turn|34
|choice|switch 5|move 4
|
|switch|p1a: Snorlax|Snorlax|190\/523
|-curestatus|p2a: Chansey|slp
|
|turn|35
|c|★Nails|drats
|c|★Nails|does ice beam 2hko
|c|★Nails|from here
|c|★papai noel|idts
|c|★papai noel|actually
|c|★papai noel|i think so yeah
|c|★papai noel|probably a roll 
|c|★Nails|it's like
|c|★Nails|a 5050 roll
|c|★Nails|slightly you favored
|choice|move 2|move 1
|
|move|p2a: Chansey|Ice Beam|p1a: Snorlax
|-damage|p1a: Snorlax|92\/523
|move|p1a: Snorlax|Self-Destruct|p2a: Chansey
|-damage|p2a: Chansey|0 fnt
|faint|p2a: Chansey
|faint|p1a: Snorlax
|choice|switch 5|switch 6
|
|switch|p1a: Alakazam|Alakazam|313\/313 par
|switch|p2a: Exeggutor|Exeggutor|227\/393 par
|turn|36
|choice|switch 4|switch 3
|
|switch|p1a: Chansey|Chansey|703\/703 slp
|switch|p2a: Snorlax|Snorlax|523\/523
|
|turn|37
|choice|switch 2|move 1
|
|switch|p1a: Exeggutor|Exeggutor|252\/393
|move|p2a: Snorlax|Body Slam|p1a: Exeggutor
|-damage|p1a: Exeggutor|134\/393
|
|turn|38
|choice|move 3|switch 3
|
|switch|p2a: Exeggutor|Exeggutor|227\/393 par
|move|p1a: Exeggutor|Explosion|p2a: Exeggutor
|-damage|p2a: Exeggutor|0 fnt
|faint|p2a: Exeggutor
|faint|p1a: Exeggutor
|c|★Nails|i think sacking starmie wasnt the play
|c|★Nails|idk tho
|c|★Nails|hmm
|c|★Nails|id already slept something
|c|★Nails|right
|c|★Nails|HMM
|choice|switch 6|switch 3
|
|switch|p1a: Tauros|Tauros|353\/353
|switch|p2a: Snorlax|Snorlax|523\/523
|turn|39
|c|★papai noel|idk sorry
|choice|move 1|move 4
|
|move|p1a: Tauros|Body Slam|p2a: Snorlax
|-damage|p2a: Snorlax|399\/523
|move|p2a: Snorlax|Counter|p1a: Tauros
|-damage|p1a: Tauros|105\/353
|
|turn|40
|c|★Nails|same
|choice|move 2|move 1
|
|move|p1a: Tauros|Hyper Beam|p2a: Snorlax
|-damage|p2a: Snorlax|179\/523
|move|p2a: Snorlax|Body Slam|p1a: Tauros
|-damage|p1a: Tauros|0 fnt
|faint|p1a: Tauros
|choice|switch 4|
|
|switch|p1a: Alakazam|Alakazam|313\/313 par
|turn|41
|c|★Nails|g_g
|choice|move 2|move 3
|
|move|p2a: Snorlax|Self-Destruct|p1a: Alakazam
|-damage|p1a: Alakazam|0 fnt
|faint|p1a: Alakazam
|faint|p2a: Snorlax
|c|★papai noel|g_g
|choice|switch 2|switch 4
|
|switch|p2a: Tauros|Tauros|353\/353
|switch|p1a: Chansey|Chansey|703\/703 slp
|turn|42
|choice|move 4|move 1
|
|move|p2a: Tauros|Body Slam|p1a: Chansey
|-damage|p1a: Chansey|447\/703 slp
|cant|p1a: Chansey|slp
|
|turn|43
|choice|move 4|move 1
|
|move|p2a: Tauros|Body Slam|p1a: Chansey
|-damage|p1a: Chansey|152\/703 slp
|cant|p1a: Chansey|slp
|
|turn|44
|choice|move 4|move 1
|
|move|p2a: Tauros|Body Slam|p1a: Chansey
|-damage|p1a: Chansey|0 fnt
|faint|p1a: Chansey
|
|win|papai noel