|inactive|Battle timer is ON: inactive players will automatically lose when time's up.
|J|TDK
|J|Nails
|player|p1|TDK|96
|player|p2|Nails|170
|gametype|singles
|gen|1
|tier|[Gen 1] Random Battle
|seed|25555,48975,59752,61265
|rule|Sleep Clause Mod: Limit one foe put to sleep
|rule|Freeze Clause Mod: Limit one foe frozen
|rule|HP Percentage Mod: HP is shown in percentages
|
|start
|switch|p1a: Poliwhirl|Poliwhirl, L85|284\/284
|switch|p2a: Nidorina|Nidorina, L90|309\/309
|turn|1
|choice|move 3|switch 2
|
|switch|p2a: Dragonair|Dragonair, L85|277\/277
|move|p1a: Poliwhirl|Hypnosis|p2a: Dragonair|[miss]
|-miss|p1a: Poliwhirl
|
|turn|2
|choice|move 3|switch 2
|
|switch|p2a: Nidorina|Nidorina, L90|309\/309
|move|p1a: Poliwhirl|Hypnosis|p2a: Nidorina
|-status|p2a: Nidorina|slp
|
|turn|3
|J|use1her1name1
|choice|move 1|switch 6
|
|switch|p2a: Machamp|Machamp, L90|345\/345
|move|p1a: Poliwhirl|Amnesia|p1a: Poliwhirl
|-boost|p1a: Poliwhirl|spd|2
|-boost|p1a: Poliwhirl|spa|2
|
|turn|4
|choice|move 2|move 1
|
|move|p1a: Poliwhirl|Surf|p2a: Machamp
|-damage|p2a: Machamp|184\/345
|move|p2a: Machamp|Body Slam|p1a: Poliwhirl
|-damage|p1a: Poliwhirl|178\/284
|
|turn|5
|choice|move 2|move 2
|
|move|p1a: Poliwhirl|Surf|p2a: Machamp
|-crit|p2a: Machamp
|-damage|p2a: Machamp|23\/345
|move|p2a: Machamp|Hyper Beam|p1a: Poliwhirl
|-damage|p1a: Poliwhirl|6\/284
|
|turn|6
|-mustrecharge|p2a: Machamp
|-mustrecharge|p2a: Machamp
|J|Jsaok3
|choice|move 1|move 1
|
|move|p1a: Poliwhirl|Amnesia|p1a: Poliwhirl
|-boost|p1a: Poliwhirl|spd|2
|-boost|p1a: Poliwhirl|spa|2
|cant|p2a: Machamp|recharge
|
|turn|7
|choice|move 2|move 1
|
|move|p1a: Poliwhirl|Surf|p2a: Machamp
|-damage|p2a: Machamp|0 fnt
|faint|p2a: Machamp
|choice||switch 4
|
|switch|p2a: Dodrio|Dodrio, L85|276\/276
|turn|8
|choice|move 4|move 2
|
|move|p2a: Dodrio|Body Slam|p1a: Poliwhirl
|-damage|p1a: Poliwhirl|0 fnt
|faint|p1a: Poliwhirl
|choice|switch 3|
|
|switch|p1a: Jolteon|Jolteon, L79|265\/265
|turn|9
|choice|move 1|switch 2
|
|switch|p2a: Dragonair|Dragonair, L85|277\/277
|move|p1a: Jolteon|Thunderbolt|p2a: Dragonair
|-resisted|p2a: Dragonair
|-damage|p2a: Dragonair|223\/277
|
|turn|10
|choice|switch 5|move 1
|
|switch|p1a: Hypno|Hypno, L85|318\/318
|move|p2a: Dragonair|Ice Beam|p1a: Hypno
|-damage|p1a: Hypno|269\/318
|
|turn|11
|choice|move 3|switch 5
|
|switch|p2a: Articuno|Articuno, L79|304\/304
|move|p1a: Hypno|Thunder Wave|p2a: Articuno
|-status|p2a: Articuno|par
|
|turn|12
|choice|move 1|move 4
|
|move|p1a: Hypno|Psychic|p2a: Articuno
|-crit|p2a: Articuno
|-damage|p2a: Articuno|120\/304 par
|-unboost|p2a: Articuno|spd|1
|-unboost|p2a: Articuno|spa|1
|move|p2a: Articuno|Ice Beam|p1a: Hypno
|-damage|p1a: Hypno|209\/318
|
|turn|13
|choice|move 1|switch 5
|
|switch|p2a: Dragonair|Dragonair, L85|223\/277
|move|p1a: Hypno|Psychic|p2a: Dragonair
|-damage|p2a: Dragonair|96\/277
|
|turn|14
|choice|move 1|move 1
|
|move|p2a: Dragonair|Ice Beam|p1a: Hypno
|-damage|p1a: Hypno|160\/318
|-status|p1a: Hypno|frz
|cant|p1a: Hypno|frz
|
|turn|15
|choice|move 1|move 1
|
|move|p2a: Dragonair|Ice Beam|p1a: Hypno
|-crit|p1a: Hypno
|-damage|p1a: Hypno|77\/318 frz
|cant|p1a: Hypno|frz
|
|turn|16
|choice|move 1|move 3
|
|move|p2a: Dragonair|Agility|p2a: Dragonair
|-boost|p2a: Dragonair|spe|2
|cant|p1a: Hypno|frz
|
|turn|17
|J|LC PLAYER OF 2016
|choice|move 1|move 1
|
|move|p2a: Dragonair|Ice Beam|p1a: Hypno
|-damage|p1a: Hypno|34\/318 frz
|cant|p1a: Hypno|frz
|
|turn|18
|choice|move 1|move 1
|
|move|p2a: Dragonair|Ice Beam|p1a: Hypno
|-crit|p1a: Hypno
|-damage|p1a: Hypno|0 fnt
|faint|p1a: Hypno
|choice|switch 6|
|
|switch|p1a: Flareon|Flareon, L90|300\/300
|turn|19
|J|Despotar274
|L|Despotar274
|choice|move 2|move 1
|
|move|p2a: Dragonair|Ice Beam|p1a: Flareon
|-damage|p1a: Flareon|257\/300
|move|p1a: Flareon|Hyper Beam|p2a: Dragonair
|-crit|p2a: Dragonair
|-damage|p2a: Dragonair|0 fnt
|faint|p2a: Dragonair
|choice||switch 2
|
|switch|p2a: Dodrio|Dodrio, L85|276\/276
|turn|20
|choice|move 4|move 2
|
|move|p2a: Dodrio|Body Slam|p1a: Flareon
|-crit|p1a: Flareon
|-damage|p1a: Flareon|23\/300
|move|p1a: Flareon|Fire Blast|p2a: Dodrio|[miss]
|-miss|p1a: Flareon
|
|turn|21
|choice|move 4|move 2
|
|move|p2a: Dodrio|Body Slam|p1a: Flareon
|-damage|p1a: Flareon|0 fnt
|faint|p1a: Flareon
|choice|switch 5|
|
|switch|p1a: Jolteon|Jolteon, L79|265\/265
|turn|22
|choice|move 1|move 2
|
|move|p1a: Jolteon|Thunderbolt|p2a: Dodrio
|-crit|p2a: Dodrio
|-supereffective|p2a: Dodrio
|-damage|p2a: Dodrio|0 fnt
|faint|p2a: Dodrio
|L|use1her1name1
|choice||switch 3
|
|switch|p2a: Persian|Persian, L79|265\/265
|turn|23
|choice|switch 4|move 3
|
|switch|p1a: Pidgeotto|Pidgeotto, L90|297\/297
|move|p2a: Persian|Body Slam|p1a: Pidgeotto
|-damage|p1a: Pidgeotto|215\/297
|
|turn|24
|choice|move 2|move 1
|
|move|p2a: Persian|Slash|p1a: Pidgeotto
|-crit|p1a: Pidgeotto
|-damage|p1a: Pidgeotto|85\/297
|move|p1a: Pidgeotto|Agility|p1a: Pidgeotto
|-boost|p1a: Pidgeotto|spe|2
|
|turn|25
|choice|move 1|switch 6
|
|switch|p2a: Nidorina|Nidorina, L90|309\/309 slp
|move|p1a: Pidgeotto|Double-Edge|p2a: Nidorina
|-damage|p2a: Nidorina|209\/309 slp
|-damage|p1a: Pidgeotto|60\/297|[from] recoil|[of] p2a: Nidorina
|
|turn|26
|choice|move 1|move 3
|
|move|p1a: Pidgeotto|Double-Edge|p2a: Nidorina
|-damage|p2a: Nidorina|103\/309 slp
|-damage|p1a: Pidgeotto|34\/297|[from] recoil|[of] p2a: Nidorina
|cant|p2a: Nidorina|slp
|
|turn|27
|choice|move 1|move 3
|
|move|p1a: Pidgeotto|Double-Edge|p2a: Nidorina
|-damage|p2a: Nidorina|8\/309 slp
|-damage|p1a: Pidgeotto|11\/297|[from] recoil|[of] p2a: Nidorina
|cant|p2a: Nidorina|slp
|
|turn|28
|choice|move 1|move 3
|
|move|p1a: Pidgeotto|Double-Edge|p2a: Nidorina
|-crit|p2a: Nidorina
|-damage|p2a: Nidorina|0 fnt
|-damage|p1a: Pidgeotto|9\/297|[from] recoil|[of] p2a: Nidorina
|faint|p2a: Nidorina
|choice||switch 5
|
|switch|p2a: Articuno|Articuno, L79|120\/304 par
|turn|29
|choice|move 1|move 4
|
|move|p1a: Pidgeotto|Double-Edge|p2a: Articuno
|-damage|p2a: Articuno|38\/304 par
|-damage|p1a: Pidgeotto|0 fnt|[from] recoil|[of] p2a: Articuno
|faint|p1a: Pidgeotto
|choice|switch 2|
|
|switch|p1a: Marowak|Marowak, L90|291\/291
|turn|30
|choice|move 4|move 4
|
|move|p1a: Marowak|Body Slam|p2a: Articuno
|-damage|p2a: Articuno|0 fnt
|faint|p2a: Articuno
|choice||switch 6
|
|switch|p2a: Persian|Persian, L79|265\/265
|turn|31
|choice|move 2|move 3
|
|move|p2a: Persian|Body Slam|p1a: Marowak
|-damage|p1a: Marowak|234\/291
|move|p1a: Marowak|Earthquake|p2a: Persian
|-damage|p2a: Persian|133\/265
|
|turn|32
|choice|move 2|move 4
|
|move|p2a: Persian|Hyper Beam|p1a: Marowak
|-damage|p1a: Marowak|137\/291
|move|p1a: Marowak|Earthquake|p2a: Persian
|-damage|p2a: Persian|0 fnt
|faint|p2a: Persian
|
|win|TDK