|J|xJoelituh
|J|Rocko510
|player|p1|xJoelituh|134
|player|p2|Rocko510|265
|gametype|singles
|gen|1
|tier|[Gen 1] OU
|seed|29737,9241,30899,55512
|rule|Sleep Clause Mod: Limit one foe put to sleep
|rule|Freeze Clause Mod: Limit one foe frozen
|rule|Species Clause: Limit one of each Pokémon
|rule|OHKO Clause: OHKO moves are banned
|rule|Evasion Moves Clause: Evasion moves are banned
|rule|HP Percentage Mod: HP is shown in percentages
|
|start
|switch|p1a: Starmie|Starmie|323\/323
|switch|p2a: Gengar|Gengar|323\/323
|turn|1
|c|★xJoelituh|hf
|c|★Rocko510|you too
|choice|move 3|move 1
|
|move|p1a: Starmie|Thunder Wave|p2a: Gengar
|-status|p2a: Gengar|par
|move|p2a: Gengar|Hypnosis|p1a: Starmie|[miss]
|-miss|p2a: Gengar
|
|turn|2
|choice|move 1|move 4
|
|move|p1a: Starmie|Blizzard|p2a: Gengar
|-damage|p2a: Gengar|238\/323 par
|move|p2a: Gengar|Mega Drain|p1a: Starmie
|-supereffective|p1a: Starmie
|-damage|p1a: Starmie|245\/323
|-heal|p2a: Gengar|277\/323 par|[from] drain|[of] p1a: Starmie
|
|turn|3
|J|GOAO
|L|GOAO
|choice|switch 3|move 1
|
|switch|p1a: Golem|Golem|363\/363
|cant|p2a: Gengar|par
|
|turn|4
|choice|move 2|switch 3
|
|switch|p2a: Zapdos Counter|Rhydon|413\/413
|move|p1a: Golem|Earthquake|p2a: Zapdos Counter
|-supereffective|p2a: Zapdos Counter
|-damage|p2a: Zapdos Counter|194\/413
|
|turn|5
|choice|move 2|move 1
|
|move|p1a: Golem|Earthquake|p2a: Zapdos Counter
|-supereffective|p2a: Zapdos Counter
|-damage|p2a: Zapdos Counter|0 fnt
|faint|p2a: Zapdos Counter
|choice||switch 4
|
|switch|p2a: Gemma|Starmie|323\/323
|turn|6
|choice|switch 4|move 4
|
|switch|p1a: Jolteon|Jolteon|333\/333
|move|p2a: Gemma|Thunder Wave|p1a: Jolteon
|-status|p1a: Jolteon|par
|
|turn|7
|choice|move 2|switch 2
|
|switch|p2a: Boring|Chansey|703\/703
|move|p1a: Jolteon|Thunderbolt|p2a: Boring
|-damage|p2a: Boring|580\/703
|
|turn|8
|choice|switch 6|move 1
|
|switch|p1a: Chansey|Chansey|703\/703
|move|p2a: Boring|Ice Beam|p1a: Chansey
|-damage|p1a: Chansey|633\/703
|
|turn|9
|choice|move 2|switch 5
|
|switch|p2a: Stampede|Tauros|353\/353
|move|p1a: Chansey|Ice Beam|p2a: Stampede
|-damage|p2a: Stampede|251\/353
|
|turn|10
|choice|switch 3|move 1
|
|switch|p1a: Starmie|Starmie|245\/323
|move|p2a: Stampede|Body Slam|p1a: Starmie
|-damage|p1a: Starmie|125\/323
|
|turn|11
|J|Analytic YT
|L|Analytic YT
|choice|move 4|switch 5
|
|switch|p2a: Boring|Chansey|580\/703
|move|p1a: Starmie|Recover|p1a: Starmie
|-heal|p1a: Starmie|286\/323
|
|turn|12
|choice|switch 3|move 1
|
|switch|p1a: Chansey|Chansey|633\/703
|move|p2a: Boring|Ice Beam|p1a: Chansey
|-damage|p1a: Chansey|557\/703
|-status|p1a: Chansey|frz
|
|turn|13
|c|★xJoelituh|nice
|c|★Rocko510|:p
|choice|switch 3|move 1
|
|switch|p1a: Starmie|Starmie|286\/323
|move|p2a: Boring|Ice Beam|p1a: Starmie
|-resisted|p1a: Starmie
|-damage|p1a: Starmie|248\/323
|
|turn|14
|choice|move 3|move 4
|
|move|p1a: Starmie|Thunder Wave|p2a: Boring
|-status|p2a: Boring|par
|move|p2a: Boring|Thunderbolt|p1a: Starmie
|-supereffective|p1a: Starmie
|-damage|p1a: Starmie|87\/323
|
|turn|15
|choice|move 4|move 3
|
|move|p1a: Starmie|Recover|p1a: Starmie
|-heal|p1a: Starmie|248\/323
|move|p2a: Boring|Thunder Wave|p1a: Starmie
|-status|p1a: Starmie|par
|
|turn|16
|choice|switch 4|move 4
|
|switch|p1a: Golem|Golem|363\/363
|move|p2a: Boring|Thunderbolt|p1a: Golem
|-immune|p1a: Golem|[msg]
|
|turn|17
|choice|move 2|switch 2
|
|switch|p2a: Gemma|Starmie|323\/323
|move|p1a: Golem|Earthquake|p2a: Gemma
|-damage|p2a: Gemma|190\/323
|
|turn|18
|choice|switch 6|move 1
|
|switch|p1a: Jolteon|Jolteon|333\/333 par
|move|p2a: Gemma|Blizzard|p1a: Jolteon
|-damage|p1a: Jolteon|239\/333 par
|
|turn|19
|choice|move 3|switch 2
|
|switch|p2a: Boring|Chansey|580\/703 par
|move|p1a: Jolteon|Double Kick|p2a: Boring
|-supereffective|p2a: Boring
|-damage|p2a: Boring|479\/703 par
|-damage|p2a: Boring|378\/703 par
|-hitcount|p2a: Boring|2
|
|turn|20
|choice|move 3|move 2
|
|move|p1a: Jolteon|Double Kick|p2a: Boring
|-supereffective|p2a: Boring
|-damage|p2a: Boring|271\/703 par
|-damage|p2a: Boring|164\/703 par
|-hitcount|p2a: Boring|2
|move|p2a: Boring|Soft-Boiled|p2a: Boring
|-heal|p2a: Boring|515\/703 par
|
|turn|21
|choice|move 3|move 2
|
|move|p1a: Jolteon|Double Kick|p2a: Boring
|-supereffective|p2a: Boring
|-damage|p2a: Boring|418\/703 par
|-damage|p2a: Boring|321\/703 par
|-hitcount|p2a: Boring|2
|move|p2a: Boring|Soft-Boiled|p2a: Boring
|-heal|p2a: Boring|672\/703 par
|
|turn|22
|choice|move 3|switch 3
|
|switch|p2a: Gengar|Gengar|277\/323 par
|move|p1a: Jolteon|Double Kick|p2a: Gengar
|-immune|p2a: Gengar|[msg]
|
|turn|23
|choice|switch 3|move 2
|
|switch|p1a: Chansey|Chansey|557\/703 frz
|move|p2a: Gengar|Explosion|p1a: Chansey
|-crit|p1a: Chansey
|-damage|p1a: Chansey|0 fnt
|faint|p1a: Chansey
|faint|p2a: Gengar
|choice|switch 6|switch 5
|
|switch|p2a: Stampede|Tauros|251\/353
|switch|p1a: Golem|Golem|363\/363
|turn|24
|choice|switch 2|move 3
|
|switch|p1a: Articuno|Articuno|383\/383
|move|p2a: Stampede|Earthquake|p1a: Articuno
|-immune|p1a: Articuno|[msg]
|
|turn|25
|choice|move 2|switch 3
|
|switch|p2a: Boring|Chansey|672\/703 par
|move|p1a: Articuno|Blizzard|p2a: Boring|[miss]
|-miss|p1a: Articuno
|
|turn|26
|choice|switch 3|switch 2
|
|switch|p1a: Jolteon|Jolteon|239\/333 par
|switch|p2a: Gemma|Starmie|190\/323
|
|turn|27
|choice|move 2|switch 2
|
|switch|p2a: Boring|Chansey|672\/703 par
|move|p1a: Jolteon|Thunderbolt|p2a: Boring
|-crit|p2a: Boring
|-damage|p2a: Boring|455\/703 par
|
|turn|28
|c|★xJoelituh|now it crits lol
|choice|move 3|move 1
|
|move|p1a: Jolteon|Double Kick|p2a: Boring
|-supereffective|p2a: Boring
|-damage|p2a: Boring|358\/703 par
|-damage|p2a: Boring|261\/703 par
|-hitcount|p2a: Boring|2
|move|p2a: Boring|Ice Beam|p1a: Jolteon
|-damage|p1a: Jolteon|166\/333 par
|
|turn|29
|choice|move 3|move 2
|
|move|p1a: Jolteon|Double Kick|p2a: Boring
|-crit|p2a: Boring
|-supereffective|p2a: Boring
|-damage|p2a: Boring|62\/703 par
|-damage|p2a: Boring|0 fnt
|-hitcount|p2a: Boring|2
|faint|p2a: Boring
|c|★xJoelituh|thanks lol
|choice||switch 3
|
|switch|p2a: Stampede|Tauros|251\/353
|turn|30
|c|★Rocko510|lol
|choice|move 1|move 1
|
|move|p2a: Stampede|Body Slam|p1a: Jolteon
|-damage|p1a: Jolteon|25\/333 par
|cant|p1a: Jolteon|par
|
|turn|31
|choice|move 1|move 1
|
|move|p2a: Stampede|Body Slam|p1a: Jolteon
|-damage|p1a: Jolteon|0 fnt
|faint|p1a: Jolteon
|choice|switch 4|
|
|switch|p1a: Starmie|Starmie|248\/323 par
|turn|32
|choice|move 3|move 2
|
|move|p2a: Stampede|Hyper Beam|p1a: Starmie
|-damage|p1a: Starmie|67\/323 par
|move|p1a: Starmie|Thunder Wave|p2a: Stampede
|-status|p2a: Stampede|par
|
|turn|33
|-mustrecharge|p2a: Stampede
|-mustrecharge|p2a: Stampede
|choice|move 4|move 1
|
|move|p1a: Starmie|Recover|p1a: Starmie
|-heal|p1a: Starmie|228\/323 par
|cant|p2a: Stampede|recharge
|
|turn|34
|choice|move 2|move 1
|
|move|p1a: Starmie|Thunderbolt|p2a: Stampede
|-damage|p2a: Stampede|160\/353 par
|cant|p2a: Stampede|par
|
|turn|35
|choice|move 2|move 2
|
|cant|p1a: Starmie|par
|move|p2a: Stampede|Hyper Beam|p1a: Starmie
|-damage|p1a: Starmie|39\/323 par
|
|turn|36
|-mustrecharge|p2a: Stampede
|-mustrecharge|p2a: Stampede
|choice|switch 3|move 1
|
|switch|p1a: Articuno|Articuno|383\/383
|cant|p2a: Stampede|recharge
|
|turn|37
|choice|move 2|switch 2
|
|switch|p2a: Gemma|Starmie|190\/323
|move|p1a: Articuno|Blizzard|p2a: Gemma
|-resisted|p2a: Gemma
|-damage|p2a: Gemma|103\/323
|
|turn|38
|choice|move 4|move 3
|
|move|p2a: Gemma|Recover|p2a: Gemma
|-heal|p2a: Gemma|264\/323
|move|p1a: Articuno|Hyper Beam|p2a: Gemma
|-damage|p2a: Gemma|152\/323
|
|turn|39
|-mustrecharge|p1a: Articuno
|-mustrecharge|p1a: Articuno
|choice|move 1|move 2
|
|move|p2a: Gemma|Thunderbolt|p1a: Articuno
|-supereffective|p1a: Articuno
|-damage|p1a: Articuno|261\/383
|cant|p1a: Articuno|recharge
|
|turn|40
|choice|switch 3|move 3
|
|switch|p1a: Starmie|Starmie|39\/323 par
|move|p2a: Gemma|Recover|p2a: Gemma
|-heal|p2a: Gemma|313\/323
|
|turn|41
|choice|move 3|move 2
|
|move|p2a: Gemma|Thunderbolt|p1a: Starmie
|-supereffective|p1a: Starmie
|-damage|p1a: Starmie|0 fnt
|faint|p1a: Starmie
|choice|switch 2|
|
|switch|p1a: Golem|Golem|363\/363
|turn|42
|choice|move 4|move 1
|
|move|p2a: Gemma|Blizzard|p1a: Golem
|-crit|p1a: Golem
|-supereffective|p1a: Golem
|-damage|p1a: Golem|0 fnt
|faint|p1a: Golem
|c|★xJoelituh|sigh
|choice|switch 5|
|
|switch|p1a: Tauros|Tauros|353\/353
|turn|43
|c|★Rocko510|would a none crit have killed?
|c|★xJoelituh|no
|choice|move 1|move 4
|
|move|p2a: Gemma|Thunder Wave|p1a: Tauros
|-status|p1a: Tauros|par
|move|p1a: Tauros|Body Slam|p2a: Gemma
|-crit|p2a: Gemma
|-damage|p2a: Gemma|84\/323
|-status|p2a: Gemma|par
|
|turn|44
|c|★Rocko510|oh
|choice|move 1|move 3
|
|move|p2a: Gemma|Recover|p2a: Gemma
|-heal|p2a: Gemma|245\/323 par
|move|p1a: Tauros|Body Slam|p2a: Gemma
|-damage|p2a: Gemma|131\/323 par
|
|turn|45
|c|★xJoelituh|Starmie Blizzard vs. Golem: 246-290 (67.7 - 79.8%) -- guaranteed 2HKO
|choice|move 1|move 3
|
|cant|p2a: Gemma|par
|move|p1a: Tauros|Body Slam|p2a: Gemma
|-damage|p2a: Gemma|19\/323 par
|
|turn|46
|choice|move 3|move 3
|
|move|p2a: Gemma|Recover|p2a: Gemma
|-heal|p2a: Gemma|180\/323 par
|move|p1a: Tauros|Hyper Beam|p2a: Gemma
|-damage|p2a: Gemma|0 fnt
|faint|p2a: Gemma
|choice||switch 2
|
|switch|p2a: Stampede|Tauros|160\/353 par
|turn|47
|choice|move 3|move 2
|
|cant|p2a: Stampede|par
|cant|p1a: Tauros|par
|
|turn|48
|c|★Rocko510|oh
|c|★xJoelituh|rofl
|c|★Rocko510|lol\
|c|★Rocko510|got scared
|choice|move 3|move 2
|
|move|p2a: Stampede|Hyper Beam|p1a: Tauros
|-crit|p1a: Tauros
|-damage|p1a: Tauros|20\/353 par
|cant|p1a: Tauros|par
|
|turn|49
|-mustrecharge|p2a: Stampede
|c|★xJoelituh|lmao
|-mustrecharge|p2a: Stampede
|choice|move 3|move 1
|
|cant|p2a: Stampede|recharge
|move|p1a: Tauros|Hyper Beam|p2a: Stampede
|-damage|p2a: Stampede|0 fnt
|faint|p2a: Stampede
|c|★Rocko510|para op
|choice||switch 6
|
|switch|p2a: Static|Jolteon|333\/333
|turn|50
|choice|move 2|move 1
|
|move|p2a: Static|Thunderbolt|p1a: Tauros
|-crit|p1a: Tauros
|-damage|p1a: Tauros|0 fnt
|faint|p1a: Tauros
|choice|switch 3|
|
|switch|p1a: Articuno|Articuno|261\/383
|turn|51
|c|★xJoelituh|why is my only hope to crit or freeze
|c|★Rocko510|not sure who wins lol
|choice|move 2|move 1
|
|move|p2a: Static|Thunderbolt|p1a: Articuno
|-supereffective|p1a: Articuno
|-damage|p1a: Articuno|46\/383
|move|p1a: Articuno|Blizzard|p2a: Static
|-damage|p2a: Static|178\/333
|
|turn|52
|c|★xJoelituh|sigh
|c|★Rocko510|gg
|choice|move 2|move 1
|
|move|p2a: Static|Thunderbolt|p1a: Articuno
|-supereffective|p1a: Articuno
|-damage|p1a: Articuno|0 fnt
|faint|p1a: Articuno
|
|win|Rocko510