|J|SOMALIA
|J|dice
|player|p1|SOMALIA|101
|player|p2|dice|168
|gametype|singles
|gen|1
|tier|[Gen 1] OU
|seed|21495,47552,26521,36056
|rule|Sleep Clause Mod: Limit one foe put to sleep
|rule|Freeze Clause Mod: Limit one foe frozen
|rule|Species Clause: Limit one of each Pokémon
|rule|OHKO Clause: OHKO moves are banned
|rule|Evasion Moves Clause: Evasion moves are banned
|rule|HP Percentage Mod: HP is shown in percentages
|
|start
|switch|p1a: MAGIC ZAM|Alakazam|313\/313
|switch|p2a: Gengar|Gengar|323\/323
|turn|1
|c|★SOMALIA|gulp
|choice|move 1|switch 4
|
|switch|p2a: Chansey|Chansey|703\/703
|move|p1a: MAGIC ZAM|Psychic|p2a: Chansey
|-damage|p2a: Chansey|572\/703
|
|turn|2
|choice|switch 4|move 2
|
|switch|p1a: Exeggutor|Exeggutor|393\/393
|move|p2a: Chansey|Ice Beam|p1a: Exeggutor
|-crit|p1a: Exeggutor
|-supereffective|p1a: Exeggutor
|-damage|p1a: Exeggutor|130\/393
|
|turn|3
|J|user zf
|choice|move 3|switch 3
|
|switch|p2a: Starmie|Starmie|323\/323
|move|p1a: Exeggutor|Psychic|p2a: Starmie
|-resisted|p2a: Starmie
|-damage|p2a: Starmie|262\/323
|
|turn|4
|choice|switch 5|move 1
|
|switch|p1a: Lapras|Lapras|463\/463
|move|p2a: Starmie|Blizzard|p1a: Lapras
|-resisted|p1a: Lapras
|-damage|p1a: Lapras|439\/463
|
|turn|5
|choice|move 2|move 3
|
|move|p2a: Starmie|Thunder Wave|p1a: Lapras
|-status|p1a: Lapras|par
|move|p1a: Lapras|Body Slam|p2a: Starmie
|-crit|p2a: Starmie
|-damage|p2a: Starmie|136\/323
|
|turn|6
|choice|move 3|move 4
|
|move|p2a: Starmie|Recover|p2a: Starmie
|-heal|p2a: Starmie|297\/323
|move|p1a: Lapras|Thunderbolt|p2a: Starmie
|-supereffective|p2a: Starmie
|-damage|p2a: Starmie|160\/323
|
|turn|7
|choice|move 3|move 4
|
|move|p2a: Starmie|Recover|p2a: Starmie
|-heal|p2a: Starmie|321\/323
|move|p1a: Lapras|Thunderbolt|p2a: Starmie
|-supereffective|p2a: Starmie
|-damage|p2a: Starmie|175\/323
|
|turn|8
|choice|move 2|switch 6
|
|switch|p2a: Snorlax|Snorlax|523\/523
|cant|p1a: Lapras|par
|
|turn|9
|choice|move 4|move 1
|
|move|p2a: Snorlax|Body Slam|p1a: Lapras
|-damage|p1a: Lapras|306\/463 par
|cant|p1a: Lapras|par
|
|turn|10
|choice|move 4|move 1
|
|move|p2a: Snorlax|Body Slam|p1a: Lapras
|-damage|p1a: Lapras|176\/463 par
|cant|p1a: Lapras|par
|
|turn|11
|choice|move 4|move 3
|
|move|p2a: Snorlax|Hyper Beam|p1a: Lapras
|-damage|p1a: Lapras|0 fnt
|faint|p1a: Lapras
|J|slurmz
|choice|switch 2|
|
|switch|p1a: Chansey|Chansey|703\/703
|turn|12
|choice|move 3|move 1
|
|move|p1a: Chansey|Sing|p2a: Snorlax|[miss]
|-miss|p1a: Chansey
|move|p2a: Snorlax|Body Slam|p1a: Chansey
|-damage|p1a: Chansey|388\/703
|
|turn|13
|choice|move 3|switch 6
|
|switch|p2a: Starmie|Starmie|175\/323
|move|p1a: Chansey|Sing|p2a: Starmie
|-status|p2a: Starmie|slp
|
|turn|14
|choice|move 2|switch 3
|
|switch|p2a: Chansey|Chansey|572\/703
|move|p1a: Chansey|Thunder Wave|p2a: Chansey
|-status|p2a: Chansey|par
|
|turn|15
|choice|move 2|move 2
|
|move|p1a: Chansey|Thunder Wave|p2a: Chansey
|-fail|p2a: Chansey|par
|move|p2a: Chansey|Ice Beam|p1a: Chansey
|-damage|p1a: Chansey|317\/703
|-status|p1a: Chansey|frz
|
|turn|16
|choice|switch 4|switch 6
|
|switch|p1a: MAGIC ZAM|Alakazam|313\/313
|switch|p2a: Snorlax|Snorlax|523\/523
|
|turn|17
|c|★dice|dam im like tesung this game
|choice|move 3|move 1
|
|move|p1a: MAGIC ZAM|Thunder Wave|p2a: Snorlax
|-status|p2a: Snorlax|par
|move|p2a: Snorlax|Body Slam|p1a: MAGIC ZAM
|-damage|p1a: MAGIC ZAM|150\/313
|-status|p1a: MAGIC ZAM|par
|
|turn|18
|choice|switch 6|move 1
|
|switch|p1a: Rhydon|Rhydon|413\/413
|move|p2a: Snorlax|Body Slam|p1a: Rhydon
|-crit|p1a: Rhydon
|-resisted|p1a: Rhydon
|-damage|p1a: Rhydon|317\/413
|
|turn|19
|choice|move 4|move 2
|
|move|p1a: Rhydon|Substitute|p1a: Rhydon
|-start|p1a: Rhydon|Substitute
|-damage|p1a: Rhydon|214\/413
|move|p2a: Snorlax|Earthquake|p1a: Rhydon
|-supereffective|p1a: Rhydon
|-end|p1a: Rhydon|Substitute
|
|turn|20
|choice|move 4|move 2
|
|move|p1a: Rhydon|Substitute|p1a: Rhydon
|-start|p1a: Rhydon|Substitute
|-damage|p1a: Rhydon|111\/413
|move|p2a: Snorlax|Earthquake|p1a: Rhydon
|-supereffective|p1a: Rhydon
|-end|p1a: Rhydon|Substitute
|
|turn|21
|choice|move 4|move 2
|
|move|p1a: Rhydon|Substitute|p1a: Rhydon
|-start|p1a: Rhydon|Substitute
|-damage|p1a: Rhydon|8\/413
|move|p2a: Snorlax|Earthquake|p1a: Rhydon
|-supereffective|p1a: Rhydon
|-end|p1a: Rhydon|Substitute
|
|turn|22
|choice|move 1|switch 2
|
|switch|p2a: Articuno|Articuno|383\/383
|move|p1a: Rhydon|Earthquake|p2a: Articuno
|-immune|p2a: Articuno|[msg]
|
|turn|23
|choice|move 2|move 2
|
|move|p2a: Articuno|Ice Beam|p1a: Rhydon
|-supereffective|p1a: Rhydon
|-damage|p1a: Rhydon|0 fnt
|faint|p1a: Rhydon
|choice|switch 3|
|
|switch|p1a: Tauros|Tauros|353\/353
|turn|24
|choice|move 1|move 1
|
|move|p1a: Tauros|Body Slam|p2a: Articuno
|-crit|p2a: Articuno
|-damage|p2a: Articuno|198\/383
|-status|p2a: Articuno|par
|move|p2a: Articuno|Blizzard|p1a: Tauros
|-crit|p1a: Tauros
|-damage|p1a: Tauros|0 fnt
|faint|p1a: Tauros
|c|★SOMALIA|gg
|choice|switch 5|
|
|switch|p1a: Exeggutor|Exeggutor|130\/393
|turn|25
|c|★dice|this was gay
|c|+slurmz|dice
|c|+slurmz|rby me
|c|+slurmz|:o?
|choice|move 3|switch 5
|
|switch|p2a: Tauros|Tauros|353\/353
|move|p1a: Exeggutor|Psychic|p2a: Tauros
|-damage|p2a: Tauros|202\/353
|
|turn|26
|choice|move 3|move 4
|
|move|p2a: Tauros|Hyper Beam|p1a: Exeggutor
|-damage|p1a: Exeggutor|0 fnt
|faint|p1a: Exeggutor
|c|★dice|bro somalia just gt 6-0'd
|choice|switch 6|
|
|switch|p1a: MAGIC ZAM|Alakazam|150\/313 par
|turn|27
|c|★dice|urlythink u can beat me
|c|+slurmz|y
|c|+slurmz|.
|c|★SOMALIA|dice is getting too cocky lol
|c|★SOMALIA|i might have to do a bo5 in dpp
|choice|move 2|move 1
|
|move|p2a: Tauros|Body Slam|p1a: MAGIC ZAM
|-damage|p1a: MAGIC ZAM|0 fnt
|faint|p1a: MAGIC ZAM
|choice|switch 4|
|
|switch|p1a: Chansey|Chansey|317\/703 frz
|turn|28
|choice|move 4|move 4
|
|move|p2a: Tauros|Hyper Beam|p1a: Chansey|[miss]
|-miss|p2a: Tauros
|cant|p1a: Chansey|frz
|
|turn|29
|choice|move 4|move 4
|
|move|p2a: Tauros|Hyper Beam|p1a: Chansey
|-damage|p1a: Chansey|0 fnt
|faint|p1a: Chansey
|
|win|dice