|J|hodor
|J|qht
|player|p1|hodor|2
|player|p2|qht|2
|gametype|singles
|gen|1
|tier|[Gen 1] Challenge Cup
|seed|44580,7819,22329,56348
|rule|Sleep Clause Mod: Limit one foe put to sleep
|rule|Freeze Clause Mod: Limit one foe frozen
|rule|HP Percentage Mod: HP is shown in percentages
|
|start
|switch|p1a: Venonat|Venonat, L79|249\/249
|switch|p2a: Flareon|Flareon, L66|215\/215
|turn|1
|c|★hodor|if i win this game
|c|★hodor|you are horrible at cc
|c|★hodor|and pokemon in general
|c|★qht|ok
|choice|switch 5|move 4
|
|switch|p1a: Seadra|Seadra, L68|199\/199
|move|p2a: Flareon|Skull Bash|p1a: Seadra|[still]
|-prepare|p2a: Flareon|Skull Bash|p1a: Seadra
|
|turn|2
|choice|move 2|move 1
|
|move|p1a: Seadra|Double Team|p1a: Seadra
|-boost|p1a: Seadra|evasion|1
|move|p2a: Flareon|Skull Bash|p1a: Seadra|[from]Skull Bash
|-damage|p1a: Seadra|133\/199
|
|turn|3
|choice|move 2|switch 2
|
|switch|p2a: Vaporeon|Vaporeon, L65|297\/297
|move|p1a: Seadra|Double Team|p1a: Seadra
|-boost|p1a: Seadra|evasion|1
|
|turn|4
|choice|move 4|move 4
|
|move|p1a: Seadra|Toxic|p2a: Vaporeon
|-status|p2a: Vaporeon|tox
|move|p2a: Vaporeon|Haze|p2a: Vaporeon
|-clearallboost
|-status|p2a: Vaporeon|psn
|-damage|p2a: Vaporeon|279\/297 psn|[from] psn
|
|turn|5
|choice|switch 3|switch 4
|
|switch|p1a: Paras|Paras, L80|198\/198
|switch|p2a: Psyduck|Psyduck, L78|226\/226
|
|turn|6
|choice|move 2|move 2
|
|move|p2a: Psyduck|Take Down|p1a: Paras|[miss]
|-miss|p2a: Psyduck
|move|p1a: Paras|Stun Spore|p2a: Psyduck
|-status|p2a: Psyduck|par
|
|turn|7
|choice|move 1|move 2
|
|move|p1a: Paras|Slash|p2a: Psyduck
|-crit|p2a: Psyduck
|-damage|p2a: Psyduck|110\/226 par
|move|p2a: Psyduck|Take Down|p1a: Paras
|-damage|p1a: Paras|148\/198
|-damage|p2a: Psyduck|98\/226 par|[from] recoil|[of] p1a: Paras
|
|turn|8
|choice|move 1|switch 2
|
|switch|p2a: Flareon|Flareon, L66|215\/215
|move|p1a: Paras|Slash|p2a: Flareon
|-damage|p2a: Flareon|158\/215
|
|turn|9
|choice|switch 2|move 3
|
|switch|p1a: Magmar|Magmar, L69|213\/213
|move|p2a: Flareon|Smog|p1a: Magmar|[miss]
|-miss|p2a: Flareon
|
|turn|10
|choice|move 1|move 2
|
|move|p1a: Magmar|Metronome|p1a: Magmar
|move|p1a: Magmar|Splash|p1a: Magmar|[from]Metronome
|-nothing
|move|p2a: Flareon|Mimic|p1a: Magmar
|-start|p2a: Flareon|Mimic|Leer
|
|turn|11
|c|★hodor|solid metronome there
|choice|move 1|move 3
|
|move|p1a: Magmar|Metronome|p1a: Magmar
|move|p1a: Magmar|Earthquake|p2a: Flareon|[from]Metronome
|-supereffective|p2a: Flareon
|-damage|p2a: Flareon|10\/215
|move|p2a: Flareon|Smog|p1a: Magmar|[miss]
|-miss|p2a: Flareon
|
|turn|12
|c|★qht|more solid metronome
|choice|move 2|move 3
|
|move|p1a: Magmar|Rage|p2a: Flareon
|-damage|p2a: Flareon|0 fnt
|faint|p2a: Flareon
|choice||switch 2
|
|switch|p2a: Psyduck|Psyduck, L78|98\/226 par
|turn|13
|choice|move 1|move 4
|
|move|p1a: Magmar|Rage|p2a: Psyduck|[from]Rage
|-damage|p2a: Psyduck|83\/226 par
|move|p2a: Psyduck|Surf|p1a: Magmar
|-supereffective|p1a: Magmar
|-damage|p1a: Magmar|73\/213
|-boost|p1a: Magmar|atk|1|[from] Rage
|
|turn|14
|choice|move 1|move 4
|
|move|p1a: Magmar|Rage|p2a: Psyduck|[from]Rage
|-damage|p2a: Psyduck|62\/226 par
|cant|p2a: Psyduck|par
|
|turn|15
|choice|move 1|move 4
|
|move|p1a: Magmar|Rage|p2a: Psyduck|[from]Rage
|-damage|p2a: Psyduck|42\/226 par
|cant|p2a: Psyduck|par
|
|turn|16
|choice|move 1|move 4
|
|move|p1a: Magmar|Rage|p2a: Psyduck|[from]Rage
|-crit|p2a: Psyduck
|-damage|p2a: Psyduck|14\/226 par
|move|p2a: Psyduck|Surf|p1a: Magmar
|-supereffective|p1a: Magmar
|-damage|p1a: Magmar|0 fnt
|faint|p1a: Magmar
|choice|switch 2|
|
|switch|p1a: Paras|Paras, L80|148\/198
|turn|17
|choice|move 1|move 4
|
|move|p1a: Paras|Slash|p2a: Psyduck
|-damage|p2a: Psyduck|0 fnt
|faint|p2a: Psyduck
|choice||switch 6
|
|switch|p2a: Dodrio|Dodrio, L69|214\/214
|turn|18
|choice|move 2|move 4
|
|move|p2a: Dodrio|Body Slam|p1a: Paras
|-damage|p1a: Paras|46\/198
|-status|p1a: Paras|par
|cant|p1a: Paras|par
|
|turn|19
|c|★hodor|gg
|c|★qht|bird
|c|★qht|af
|choice|move 2|move 4
|
|move|p2a: Dodrio|Body Slam|p1a: Paras
|-damage|p1a: Paras|0 fnt
|faint|p1a: Paras
|choice|switch 3|
|
|switch|p1a: Seadra|Seadra, L68|133\/199
|turn|20
|choice|move 2|move 4
|
|move|p2a: Dodrio|Body Slam|p1a: Seadra
|-damage|p1a: Seadra|52\/199
|move|p1a: Seadra|Double Team|p1a: Seadra
|-boost|p1a: Seadra|evasion|1
|
|turn|21
|c|★hodor|i forgot rage
|c|★hodor|locked you in
|c|★hodor|that was a dumb move by me
|c|★qht|yea
|choice|move 4|move 4
|
|move|p2a: Dodrio|Body Slam|p1a: Seadra
|-crit|p1a: Seadra
|-damage|p1a: Seadra|0 fnt
|faint|p1a: Seadra
|choice|switch 5|
|
|switch|p1a: Venonat|Venonat, L79|249\/249
|turn|22
|choice|move 3|move 3
|
|move|p2a: Dodrio|Fly|p1a: Venonat|[still]
|-prepare|p2a: Dodrio|Fly|p1a: Venonat
|move|p1a: Venonat|Double-Edge|p2a: Dodrio|[miss]
|-message|The foe Dodrio can't be hit while flying!
|-miss|p1a: Venonat
|
|turn|23
|choice|switch 6|move 1
|
|switch|p1a: Caterpie|Caterpie, L87|242\/242
|move|p2a: Dodrio|Fly|p1a: Caterpie|[from]Fly
|-supereffective|p1a: Caterpie
|-damage|p1a: Caterpie|42\/242
|
|turn|24
|choice|move 1|move 4
|
|move|p2a: Dodrio|Body Slam|p1a: Caterpie
|-damage|p1a: Caterpie|0 fnt
|faint|p1a: Caterpie
|choice|switch 6|
|
|switch|p1a: Venonat|Venonat, L79|249\/249
|turn|25
|choice|move 4|move 3
|
|move|p2a: Dodrio|Fly|p1a: Venonat|[still]
|-prepare|p2a: Dodrio|Fly|p1a: Venonat
|move|p1a: Venonat|Double Team|p1a: Venonat
|-boost|p1a: Venonat|evasion|1
|
|turn|26
|choice|move 1|move 1
|
|move|p2a: Dodrio|Fly|p1a: Venonat|[from]Fly
|-supereffective|p1a: Venonat
|-damage|p1a: Venonat|55\/249
|move|p1a: Venonat|Substitute|p1a: Venonat
|-fail|p1a: Venonat|move: Substitute|[weak]
|
|turn|27
|choice|move 4|move 4
|
|move|p2a: Dodrio|Body Slam|p1a: Venonat
|-damage|p1a: Venonat|0 fnt
|faint|p1a: Venonat
|choice|switch 4|
|
|switch|p1a: Weedle|Weedle, L87|230\/230
|turn|28
|c|★qht|heh
|c|★hodor|i think this is the worst team
|c|★hodor|ive ever got
|c|★hodor|lmao
|choice|move 1|move 4
|
|move|p2a: Dodrio|Body Slam|p1a: Weedle
|-damage|p1a: Weedle|105\/230
|move|p1a: Weedle|Poison Sting|p2a: Dodrio
|-damage|p2a: Dodrio|199\/214
|
|turn|29
|choice|move 1|move 4
|
|move|p2a: Dodrio|Body Slam|p1a: Weedle
|-crit|p1a: Weedle
|-damage|p1a: Weedle|0 fnt
|faint|p1a: Weedle
|
|win|qht