|J|Tesung
|J|dice
|player|p1|Tesung|1
|player|p2|dice|134
|gametype|singles
|gen|1
|tier|[Gen 1] OU
|seed|
|rule|Sleep Clause Mod: Limit one foe put to sleep
|rule|Freeze Clause Mod: Limit one foe frozen
|rule|Species Clause: Limit one of each Pokémon
|rule|OHKO Clause: OHKO moves are banned
|rule|Evasion Moves Clause: Evasion moves are banned
|rule|HP Percentage Mod: HP is shown in percentages
|
|start
|switch|p1a: Starmie|Starmie|100\/100
|switch|p2a: Alakazam|Alakazam, M|100\/100
|turn|1
|J|Omfuga
|choice||
|
|switch|p1a: Exeggutor|Exeggutor|100\/100
|move|p2a: Alakazam|Thunder Wave|p1a: Exeggutor
|-status|p1a: Exeggutor|par
|
|turn|2
|choice||
|
|move|p2a: Alakazam|Seismic Toss|p1a: Exeggutor
|-damage|p1a: Exeggutor|75\/100 par
|move|p1a: Exeggutor|Sleep Powder|p2a: Alakazam|[miss]
|-miss|p1a: Exeggutor
|
|turn|3
|choice||
|
|move|p2a: Alakazam|Seismic Toss|p1a: Exeggutor
|-damage|p1a: Exeggutor|50\/100 par
|move|p1a: Exeggutor|Sleep Powder|p2a: Alakazam
|-status|p2a: Alakazam|slp
|
|turn|4
|choice||
|
|switch|p1a: Tauros|Tauros|100\/100
|cant|p2a: Alakazam|slp
|
|turn|5
|choice||
|
|switch|p2a: Cloyster|Cloyster, M|100\/100
|move|p1a: Tauros|Body Slam|p2a: Cloyster
|-damage|p2a: Cloyster|78\/100
|
|turn|6
|J|ABR
|L|ABR
|choice||
|
|switch|p1a: Starmie|Starmie|100\/100
|move|p2a: Cloyster|Blizzard|p1a: Starmie|[miss]
|-miss|p2a: Cloyster
|
|turn|7
|choice||
|
|switch|p2a: Snorlax|Snorlax|100\/100
|move|p1a: Starmie|Blizzard|p2a: Snorlax
|-damage|p2a: Snorlax|76\/100
|-status|p2a: Snorlax|frz
|
|turn|8
|c|★dice|thats unfortunate
|choice||
|
|move|p1a: Starmie|Blizzard|p2a: Snorlax
|-damage|p2a: Snorlax|52\/100 frz
|cant|p2a: Snorlax|frz
|
|turn|9
|J|tamahome
|choice||
|
|move|p1a: Starmie|Psychic|p2a: Snorlax
|-damage|p2a: Snorlax|23\/100 frz
|-unboost|p2a: Snorlax|spd|1
|-unboost|p2a: Snorlax|spa|1
|cant|p2a: Snorlax|frz
|
|turn|10
|choice||
|
|move|p1a: Starmie|Psychic|p2a: Snorlax
|-damage|p2a: Snorlax|0 fnt
|faint|p2a: Snorlax
|choice||
|
|switch|p2a: Victreebel|Victreebel, M|100\/100
|turn|11
|choice||
|
|switch|p1a: Exeggutor|Exeggutor|50\/100 par
|move|p2a: Victreebel|Sleep Powder|p1a: Exeggutor
|-fail|p1a: Exeggutor
|
|turn|12
|choice||
|
|move|p2a: Victreebel|Wrap|p1a: Exeggutor
|-damage|p1a: Exeggutor|46\/100 par
|cant|p1a: Exeggutor|partiallytrapped
|
|turn|13
|choice||
|
|switch|p1a: Alakazam|Alakazam|100\/100
|move|p2a: Victreebel|Wrap|p1a: Alakazam
|-damage|p1a: Alakazam|94\/100
|
|turn|14
|choice||
|
|switch|p1a: Exeggutor|Exeggutor|46\/100 par
|move|p2a: Victreebel|Wrap|p1a: Exeggutor|[miss]
|-miss|p2a: Victreebel
|
|turn|15
|choice||
|
|move|p2a: Victreebel|Wrap|p1a: Exeggutor
|-damage|p1a: Exeggutor|43\/100 par
|cant|p1a: Exeggutor|partiallytrapped
|
|turn|16
|choice||
|
|switch|p1a: Alakazam|Alakazam|94\/100
|move|p2a: Victreebel|Wrap|p1a: Alakazam
|-damage|p1a: Alakazam|88\/100
|
|turn|17
|choice||
|
|switch|p1a: Starmie|Starmie|100\/100
|move|p2a: Victreebel|Wrap|p1a: Starmie
|-damage|p1a: Starmie|96\/100
|
|turn|18
|choice||
|
|switch|p1a: Alakazam|Alakazam|88\/100
|move|p2a: Victreebel|Wrap|p1a: Alakazam
|-damage|p1a: Alakazam|82\/100
|
|turn|19
|choice||
|
|switch|p1a: Snorlax|Snorlax|100\/100
|move|p2a: Victreebel|Wrap|p1a: Snorlax
|-damage|p1a: Snorlax|97\/100
|
|turn|20
|choice||
|
|switch|p1a: Alakazam|Alakazam|82\/100
|move|p2a: Victreebel|Wrap|p1a: Alakazam
|-damage|p1a: Alakazam|75\/100
|
|turn|21
|choice||
|
|switch|p1a: Snorlax|Snorlax|97\/100
|move|p2a: Victreebel|Wrap|p1a: Snorlax
|-crit|p1a: Snorlax
|-damage|p1a: Snorlax|91\/100
|
|turn|22
|choice||
|
|switch|p1a: Alakazam|Alakazam|75\/100
|move|p2a: Victreebel|Wrap|p1a: Alakazam
|-damage|p1a: Alakazam|68\/100
|
|turn|23
|choice||
|
|switch|p1a: Snorlax|Snorlax|91\/100
|move|p2a: Victreebel|Wrap|p1a: Snorlax
|-damage|p1a: Snorlax|87\/100
|
|turn|24
|choice||
|
|switch|p1a: Alakazam|Alakazam|68\/100
|move|p2a: Victreebel|Wrap|p1a: Alakazam
|-damage|p1a: Alakazam|62\/100
|
|turn|25
|choice||
|
|switch|p1a: Snorlax|Snorlax|87\/100
|move|p2a: Victreebel|Wrap|p1a: Snorlax
|-crit|p1a: Snorlax
|-damage|p1a: Snorlax|81\/100
|
|turn|26
|choice||
|
|switch|p1a: Alakazam|Alakazam|62\/100
|move|p2a: Victreebel|Wrap|p1a: Alakazam
|-damage|p1a: Alakazam|55\/100
|
|turn|27
|choice||
|
|switch|p1a: Snorlax|Snorlax|81\/100
|move|p2a: Victreebel|Wrap|p1a: Snorlax
|-damage|p1a: Snorlax|77\/100
|
|turn|28
|choice||
|
|switch|p1a: Alakazam|Alakazam|55\/100
|move|p2a: Victreebel|Wrap|p1a: Alakazam
|-damage|p1a: Alakazam|49\/100
|
|turn|29
|choice||
|
|switch|p1a: Snorlax|Snorlax|77\/100
|move|p2a: Victreebel|Wrap|p1a: Snorlax
|-damage|p1a: Snorlax|74\/100
|
|turn|30
|c|★Tesung|how have u never
|c|★Tesung|ever 
|c|★Tesung|missed
|choice||
|
|switch|p1a: Alakazam|Alakazam|49\/100
|move|p2a: Victreebel|Wrap|p1a: Alakazam|[miss]
|-miss|p2a: Victreebel
|
|turn|31
|choice||
|
|move|p1a: Alakazam|Psychic|p2a: Victreebel
|-supereffective|p2a: Victreebel
|-damage|p2a: Victreebel|26\/100
|move|p2a: Victreebel|Sleep Powder|p1a: Alakazam
|-status|p1a: Alakazam|slp
|
|turn|32
|choice||
|
|cant|p1a: Alakazam|slp
|move|p2a: Victreebel|Stun Spore|p1a: Alakazam
|-fail|p1a: Alakazam
|
|turn|33
|choice||
|
|cant|p1a: Alakazam|slp
|move|p2a: Victreebel|Razor Leaf|p1a: Alakazam
|-crit|p1a: Alakazam
|-damage|p1a: Alakazam|16\/100 slp
|
|turn|34
|choice||
|
|switch|p1a: Exeggutor|Exeggutor|43\/100 par
|move|p2a: Victreebel|Stun Spore|p1a: Exeggutor
|-fail|p1a: Exeggutor|par
|
|turn|35
|choice||
|
|move|p2a: Victreebel|Wrap|p1a: Exeggutor
|-damage|p1a: Exeggutor|39\/100 par
|cant|p1a: Exeggutor|partiallytrapped
|
|turn|36
|choice||
|
|switch|p1a: Starmie|Starmie|96\/100
|move|p2a: Victreebel|Wrap|p1a: Starmie
|-damage|p1a: Starmie|92\/100
|
|turn|37
|choice||
|
|switch|p1a: Tauros|Tauros|100\/100
|move|p2a: Victreebel|Wrap|p1a: Tauros
|-damage|p1a: Tauros|97\/100
|
|turn|38
|choice||
|
|switch|p1a: Starmie|Starmie|92\/100
|move|p2a: Victreebel|Wrap|p1a: Starmie
|-damage|p1a: Starmie|88\/100
|
|turn|39
|choice||
|
|switch|p1a: Tauros|Tauros|97\/100
|move|p2a: Victreebel|Wrap|p1a: Tauros
|-crit|p1a: Tauros
|-damage|p1a: Tauros|89\/100
|
|turn|40
|choice||
|
|switch|p1a: Starmie|Starmie|88\/100
|move|p2a: Victreebel|Wrap|p1a: Starmie
|-crit|p1a: Starmie
|-damage|p1a: Starmie|79\/100
|
|turn|41
|choice||
|
|switch|p1a: Tauros|Tauros|89\/100
|move|p2a: Victreebel|Wrap|p1a: Tauros
|-crit|p1a: Tauros
|-damage|p1a: Tauros|82\/100
|
|turn|42
|c|★Tesung|how do u never miss
|c|★Tesung|and always crit
|choice||
|
|switch|p1a: Starmie|Starmie|79\/100
|move|p2a: Victreebel|Wrap|p1a: Starmie|[miss]
|-miss|p2a: Victreebel
|
|turn|43
|c|★dice|i missed
|choice||
|
|move|p1a: Starmie|Psychic|p2a: Victreebel
|-supereffective|p2a: Victreebel
|-damage|p2a: Victreebel|0 fnt
|faint|p2a: Victreebel
|choice||
|
|switch|p2a: Tauros|Tauros|100\/100
|turn|44
|choice||
|
|move|p1a: Starmie|Thunder Wave|p2a: Tauros
|-status|p2a: Tauros|par
|move|p2a: Tauros|Body Slam|p1a: Starmie
|-damage|p1a: Starmie|45\/100
|
|turn|45
|L|Omfuga
|choice||
|
|switch|p1a: Alakazam|Alakazam|16\/100 slp
|move|p2a: Tauros|Body Slam|p1a: Alakazam
|-damage|p1a: Alakazam|0 fnt
|faint|p1a: Alakazam
|choice||
|
|switch|p1a: Chansey|Chansey|100\/100
|turn|46
|choice||
|
|move|p1a: Chansey|Thunderbolt|p2a: Tauros
|-damage|p2a: Tauros|73\/100 par
|move|p2a: Tauros|Body Slam|p1a: Chansey
|-damage|p1a: Chansey|60\/100
|
|turn|47
|choice||
|
|move|p1a: Chansey|Soft-Boiled|p1a: Chansey
|-heal|p1a: Chansey|100\/100
|move|p2a: Tauros|Body Slam|p1a: Chansey
|-damage|p1a: Chansey|60\/100
|
|turn|48
|choice||
|
|move|p1a: Chansey|Soft-Boiled|p1a: Chansey
|-heal|p1a: Chansey|100\/100
|cant|p2a: Tauros|par
|
|turn|49
|choice||
|
|move|p1a: Chansey|Thunderbolt|p2a: Tauros
|-damage|p2a: Tauros|46\/100 par
|move|p2a: Tauros|Body Slam|p1a: Chansey
|-damage|p1a: Chansey|64\/100
|
|turn|50
|choice||
|
|move|p1a: Chansey|Soft-Boiled|p1a: Chansey
|-heal|p1a: Chansey|100\/100
|move|p2a: Tauros|Body Slam|p1a: Chansey
|-damage|p1a: Chansey|61\/100
|
|turn|51
|choice||
|
|move|p1a: Chansey|Soft-Boiled|p1a: Chansey
|-heal|p1a: Chansey|100\/100
|move|p2a: Tauros|Body Slam|p1a: Chansey
|-damage|p1a: Chansey|60\/100
|
|turn|52
|choice||
|
|move|p1a: Chansey|Soft-Boiled|p1a: Chansey
|-heal|p1a: Chansey|100\/100
|move|p2a: Tauros|Body Slam|p1a: Chansey
|-damage|p1a: Chansey|59\/100
|
|turn|53
|choice||
|
|move|p1a: Chansey|Soft-Boiled|p1a: Chansey
|-heal|p1a: Chansey|100\/100
|move|p2a: Tauros|Body Slam|p1a: Chansey
|-damage|p1a: Chansey|60\/100
|
|turn|54
|choice||
|
|move|p1a: Chansey|Soft-Boiled|p1a: Chansey
|-heal|p1a: Chansey|100\/100
|move|p2a: Tauros|Body Slam|p1a: Chansey
|-damage|p1a: Chansey|59\/100
|
|turn|55
|choice||
|
|move|p1a: Chansey|Soft-Boiled|p1a: Chansey
|-heal|p1a: Chansey|100\/100
|cant|p2a: Tauros|par
|
|turn|56
|choice||
|
|move|p1a: Chansey|Thunderbolt|p2a: Tauros
|-damage|p2a: Tauros|19\/100 par
|cant|p2a: Tauros|par
|
|turn|57
|choice||
|
|move|p1a: Chansey|Thunderbolt|p2a: Tauros
|-damage|p2a: Tauros|0 fnt
|faint|p2a: Tauros
|choice||
|
|switch|p2a: Cloyster|Cloyster, M|78\/100
|turn|58
|choice||
|
|move|p2a: Cloyster|Blizzard|p1a: Chansey
|-damage|p1a: Chansey|84\/100
|move|p1a: Chansey|Thunder Wave|p2a: Cloyster
|-status|p2a: Cloyster|par
|
|turn|59
|choice||
|
|move|p1a: Chansey|Thunderbolt|p2a: Cloyster
|-supereffective|p2a: Cloyster
|-damage|p2a: Cloyster|18\/100 par
|move|p2a: Cloyster|Explosion|p1a: Chansey
|-damage|p1a: Chansey|0 fnt
|faint|p1a: Chansey
|faint|p2a: Cloyster
|choice||
|
|switch|p2a: Dragonite|Dragonite|100\/100
|switch|p1a: Snorlax|Snorlax|74\/100
|turn|60
|choice||
|
|switch|p2a: Alakazam|Alakazam, M|100\/100 slp
|move|p1a: Snorlax|Self-Destruct|p2a: Alakazam
|-damage|p2a: Alakazam|0 fnt
|faint|p2a: Alakazam
|faint|p1a: Snorlax
|choice||
|
|switch|p1a: Starmie|Starmie|45\/100
|switch|p2a: Dragonite|Dragonite|100\/100
|turn|61
|choice||
|
|move|p1a: Starmie|Thunder Wave|p2a: Dragonite
|-status|p2a: Dragonite|par
|move|p2a: Dragonite|Agility|p2a: Dragonite
|-boost|p2a: Dragonite|spe|2
|
|turn|62
|choice||
|
|move|p2a: Dragonite|Wrap|p1a: Starmie
|-damage|p1a: Starmie|40\/100
|cant|p1a: Starmie|partiallytrapped
|
|turn|63
|choice||
|
|switch|p1a: Tauros|Tauros|82\/100
|cant|p2a: Dragonite|par
|
|turn|64
|choice||
|
|move|p2a: Dragonite|Wrap|p1a: Tauros|[miss]
|-miss|p2a: Dragonite
|move|p1a: Tauros|Blizzard|p2a: Dragonite
|-supereffective|p2a: Dragonite
|-damage|p2a: Dragonite|21\/100 par
|
|turn|65
|choice||
|
|move|p2a: Dragonite|Wrap|p1a: Tauros
|-damage|p1a: Tauros|78\/100
|cant|p1a: Tauros|partiallytrapped
|
|turn|66
|choice||
|
|switch|p1a: Exeggutor|Exeggutor|39\/100 par
|cant|p2a: Dragonite|par
|
|turn|67
|choice||
|
|cant|p2a: Dragonite|par
|move|p1a: Exeggutor|Psychic|p2a: Dragonite
|-damage|p2a: Dragonite|0 fnt
|faint|p2a: Dragonite
|
|win|Tesung