|J|hodor
|J|qht
|player|p1|hodor|2
|player|p2|qht|2
|gametype|singles
|gen|1
|tier|[Gen 1] Challenge Cup
|seed|38432,28786,27616,24262
|rule|Sleep Clause Mod: Limit one foe put to sleep
|rule|Freeze Clause Mod: Limit one foe frozen
|rule|HP Percentage Mod: HP is shown in percentages
|
|start
|switch|p1a: Magmar|Magmar, L69|214\/214
|switch|p2a: Clefable|Clefable, L69|263\/263
|turn|1
|c|★hodor|that thing
|c|★hodor|just solod all the good mons
|c|★hodor|on my team
|c|★qht|yea
|c|★qht|i didnt miss
|c|★qht|also you shoulda
|c|★qht|pp stalled me
|c|★hodor|you cant
|c|★hodor|it resets
|c|★qht|by switching between dnite and psyduck
|c|★qht|n
|c|★qht|it only resets
|c|★qht|if you switch on the last one
|c|★qht|if you stay in on the last one
|c|★qht|it runs out normally
|c|★hodor|oh
|c|★hodor|really?
|c|★qht|ye
|c|★qht|it's coded as -1 pp on a switch
|c|★qht|so if you switch on 0 pp
|c|★qht|it underflows to 63
|c|★qht|but if you don't
|c|★hodor|ic
|c|★qht|then it just stays on 0
|choice|move 2|move 3
|
|move|p1a: Magmar|Toxic|p2a: Clefable
|-status|p2a: Clefable|tox
|move|p2a: Clefable|Ice Beam|p1a: Magmar
|-damage|p1a: Magmar|162\/214
|-damage|p2a: Clefable|247\/263 tox|[from] tox|[of] p1a: Magmar
|
|turn|2
|c|★hodor|why does fire
|c|★hodor|not resist ice
|choice|move 3|move 3
|
|move|p1a: Magmar|Confuse Ray|p2a: Clefable
|-start|p2a: Clefable|confusion
|-activate|p2a: Clefable|confusion
|-damage|p2a: Clefable|224\/263 tox|[from] confusion
|-damage|p2a: Clefable|192\/263 tox|[from] tox|[of] p1a: Magmar
|
|turn|3
|c|★qht|because ice might not be broken then
|c|★qht|if it didnt
|choice|move 1|switch 3
|
|switch|p2a: Staryu|Staryu, L75|195\/195
|move|p1a: Magmar|Mega Kick|p2a: Staryu
|-damage|p2a: Staryu|98\/195
|
|turn|4
|choice|switch 4|move 2
|
|switch|p1a: Kingler|Kingler, L69|217\/217
|move|p2a: Staryu|Psywave|p1a: Kingler
|-damage|p1a: Kingler|194\/217
|
|turn|5
|choice|move 1|switch 2
|
|switch|p2a: Omastar|Omastar, L65|216\/216
|move|p1a: Kingler|Strength|p2a: Omastar
|-resisted|p2a: Omastar
|-damage|p2a: Omastar|195\/216
|
|turn|6
|choice|switch 6|move 2
|
|switch|p1a: Tentacruel|Tentacruel, L65|219\/219
|move|p2a: Omastar|Body Slam|p1a: Tentacruel
|-damage|p1a: Tentacruel|178\/219
|-status|p1a: Tentacruel|par
|
|turn|7
|choice|move 4|switch 3
|
|switch|p2a: Clefable|Clefable, L69|192\/263 tox
|-status|p2a: Clefable|psn
|-damage|p2a: Clefable|176\/263 psn|[from] psn
|cant|p1a: Tentacruel|par
|
|turn|8
|choice|move 4|move 2
|
|move|p2a: Clefable|Thunder Punch|p1a: Tentacruel
|-supereffective|p1a: Tentacruel
|-damage|p1a: Tentacruel|107\/219 par
|-damage|p2a: Clefable|160\/263 psn|[from] psn|[of] p1a: Tentacruel
|cant|p1a: Tentacruel|par
|
|turn|9
|choice|switch 5|move 2
|
|switch|p1a: Clefable|Clefable, L69|263\/263
|move|p2a: Clefable|Thunder Punch|p1a: Clefable
|-damage|p1a: Clefable|217\/263
|-damage|p2a: Clefable|144\/263 psn|[from] psn|[of] p1a: Clefable
|
|turn|10
|choice|move 4|switch 6
|
|switch|p2a: Onix|Onix, L73|199\/199
|move|p1a: Clefable|Headbutt|p2a: Onix
|-resisted|p2a: Onix
|-damage|p2a: Onix|185\/199
|
|turn|11
|choice|switch 6|move 4
|
|switch|p1a: Kingler|Kingler, L69|194\/217
|move|p2a: Onix|Bide|p2a: Onix
|-start|p2a: Onix|Bide
|
|turn|12
|choice|move 3|move 4
|
|move|p1a: Kingler|Bubble Beam|p2a: Onix
|-supereffective|p2a: Onix
|-damage|p2a: Onix|0 fnt
|faint|p2a: Onix
|c|★hodor|thanks
|c|★qht|rip
|c|★qht|it had tackle and skull bash.
|c|★qht|and roar.
|choice||switch 3
|
|switch|p2a: Omastar|Omastar, L65|195\/216
|turn|13
|choice|move 4|move 2
|
|move|p1a: Kingler|Mimic|p2a: Omastar
|-start|p1a: Kingler|Mimic|Body Slam
|move|p2a: Omastar|Body Slam|p1a: Kingler
|-damage|p1a: Kingler|165\/217
|-status|p1a: Kingler|par
|
|turn|14
|choice|move 3|move 2
|
|move|p2a: Omastar|Body Slam|p1a: Kingler
|-damage|p1a: Kingler|137\/217 par
|move|p1a: Kingler|Bubble Beam|p2a: Omastar
|-damage|p2a: Omastar|159\/216
|
|turn|15
|choice|switch 6|move 2
|
|switch|p1a: Clefable|Clefable, L69|217\/263
|move|p2a: Omastar|Body Slam|p1a: Clefable
|-damage|p1a: Clefable|179\/263
|
|turn|16
|choice|move 2|switch 6
|
|switch|p2a: Clefable|Clefable, L69|144\/263 psn
|-damage|p2a: Clefable|128\/263 psn|[from] psn
|move|p1a: Clefable|Thunderbolt|p2a: Clefable
|-damage|p2a: Clefable|78\/263 psn
|
|turn|17
|choice|move 4|move 1
|
|move|p2a: Clefable|Rest|p2a: Clefable
|-status|p2a: Clefable|slp
|-heal|p2a: Clefable|263\/263 slp|[silent]
|-status|p2a: Clefable|slp|[from] move: Rest
|move|p1a: Clefable|Headbutt|p2a: Clefable
|-damage|p2a: Clefable|216\/263 slp
|
|turn|18
|choice|move 1|move 3
|
|cant|p2a: Clefable|slp
|move|p1a: Clefable|Metronome|p1a: Clefable
|move|p1a: Clefable|Reflect|p1a: Clefable|[from]Metronome
|-start|p1a: Clefable|Reflect
|
|turn|19
|choice|move 4|move 3
|
|-curestatus|p2a: Clefable|slp
|move|p1a: Clefable|Headbutt|p2a: Clefable
|-damage|p2a: Clefable|168\/263
|
|turn|20
|choice|move 1|move 3
|
|move|p2a: Clefable|Ice Beam|p1a: Clefable
|-damage|p1a: Clefable|124\/263
|move|p1a: Clefable|Metronome|p1a: Clefable
|move|p1a: Clefable|Wrap|p2a: Clefable|[from]Metronome
|-damage|p2a: Clefable|157\/263
|-activate|p2a: Clefable|move: Wrap|[of] p1a: Clefable
|
|turn|21
|choice|move 1|switch 5
|
|switch|p2a: Rapidash|Rapidash, L67|215\/215
|move|p1a: Clefable|Metronome|p1a: Clefable
|move|p1a: Clefable|Tri Attack|p2a: Rapidash|[from]Metronome
|-damage|p2a: Rapidash|153\/215
|
|turn|22
|c|★qht|oh
|c|★qht|what
|c|★qht|it doesnt continue wrapping
|choice|switch 3|move 1
|
|switch|p1a: Goldeen|Goldeen, L77|221\/221
|move|p2a: Rapidash|Fire Spin|p1a: Goldeen|[miss]
|-miss|p2a: Rapidash
|
|turn|23
|c|★hodor|nope
|c|★hodor|well
|c|★hodor|aparently
|c|★hodor|GOD DAMNIT
|c|★qht|lmao
|choice|switch 2|switch 5
|
|switch|p2a: Clefable|Clefable, L69|157\/263
|switch|p1a: Ditto|Ditto, L80|220\/220
|
|turn|24
|c|★qht|you have 4 fire resists
|choice|switch 4|switch 2
|
|switch|p2a: Staryu|Staryu, L75|98\/195
|switch|p1a: Magmar|Magmar, L69|162\/214
|
|turn|25
|choice|move 2|switch 6
|
|switch|p2a: Omastar|Omastar, L65|159\/216
|move|p1a: Magmar|Toxic|p2a: Omastar
|-status|p2a: Omastar|tox
|
|turn|26
|choice|move 3|move 2
|
|move|p1a: Magmar|Confuse Ray|p2a: Omastar
|-start|p2a: Omastar|confusion
|-activate|p2a: Omastar|confusion
|move|p2a: Omastar|Body Slam|p1a: Magmar
|-damage|p1a: Magmar|123\/214
|-status|p1a: Magmar|par
|-damage|p2a: Omastar|146\/216 tox|[from] tox|[of] p1a: Magmar
|
|turn|27
|c|★hodor|3\/3
|c|★qht|magic
|choice|switch 3|switch 2
|
|switch|p2a: Clefable|Clefable, L69|157\/263
|switch|p1a: Clefable|Clefable, L69|124\/263
|
|turn|28
|choice|move 1|move 3
|
|move|p2a: Clefable|Ice Beam|p1a: Clefable
|-damage|p1a: Clefable|72\/263
|move|p1a: Clefable|Metronome|p1a: Clefable
|move|p1a: Clefable|Water Gun|p2a: Clefable|[from]Metronome
|-damage|p2a: Clefable|134\/263
|
|turn|29
|choice|switch 4|move 3
|
|switch|p1a: Ditto|Ditto, L80|220\/220
|move|p2a: Clefable|Ice Beam|p1a: Ditto
|-damage|p1a: Ditto|162\/220
|
|turn|30
|choice|move 1|switch 6
|
|switch|p2a: Staryu|Staryu, L75|98\/195
|move|p1a: Ditto|Transform|p2a: Staryu
|-transform|p1a: Ditto|p2a: Staryu
|
|turn|31
|choice|switch 2|move 2
|
|switch|p1a: Goldeen|Goldeen, L77|221\/221
|move|p2a: Staryu|Psywave|p1a: Goldeen
|-damage|p1a: Goldeen|177\/221
|
|turn|32
|choice|move 3|switch 4
|
|switch|p2a: Exeggutor|Exeggutor, L64|238\/238
|move|p1a: Goldeen|Skull Bash|p2a: Exeggutor|[still]
|-prepare|p1a: Goldeen|Skull Bash|p2a: Exeggutor
|
|turn|33
|choice|move 1|move 3
|
|move|p1a: Goldeen|Skull Bash|p2a: Exeggutor|[from]Skull Bash
|-damage|p2a: Exeggutor|177\/238
|move|p2a: Exeggutor|Stomp|p1a: Goldeen
|-damage|p1a: Goldeen|144\/221
|
|turn|34
|choice|move 2|move 3
|
|move|p1a: Goldeen|Psybeam|p2a: Exeggutor
|-resisted|p2a: Exeggutor
|-damage|p2a: Exeggutor|166\/238
|-start|p2a: Exeggutor|confusion
|-activate|p2a: Exeggutor|confusion
|move|p2a: Exeggutor|Stomp|p1a: Goldeen
|-damage|p1a: Goldeen|108\/221
|
|turn|35
|choice|switch 2|switch 4
|
|switch|p1a: Ditto|Ditto, L80|162\/220
|switch|p2a: Staryu|Staryu, L75|98\/195
|
|turn|36
|choice|switch 6|move 2
|
|switch|p1a: Kingler|Kingler, L69|137\/217 par
|move|p2a: Staryu|Psywave|p1a: Kingler
|-damage|p1a: Kingler|30\/217 par
|
|turn|37
|c|★qht|lol
|c|★qht|dmg.
|choice|move 1|move 2
|
|move|p2a: Staryu|Psywave|p1a: Kingler
|-damage|p1a: Kingler|0 fnt
|faint|p1a: Kingler
|c|★hodor|i lose
|c|★hodor|again
|c|★qht|gg.
|-message|hodor forfeited.
|
|win|qht