|inactive|Battle timer is ON: inactive players will automatically lose when time's up.
|J|Beds
|J|AugustRadburn
|player|p1|Beds|252
|player|p2|AugustRadburn|30
|gametype|singles
|gen|1
|tier|[Gen 1] OU
|seed|4458,40684,54834,57652
|rule|Sleep Clause Mod: Limit one foe put to sleep
|rule|Freeze Clause Mod: Limit one foe frozen
|rule|Species Clause: Limit one of each Pokémon
|rule|OHKO Clause: OHKO moves are banned
|rule|Evasion Moves Clause: Evasion moves are banned
|rule|HP Percentage Mod: HP is shown in percentages
|
|start
|switch|p1a: Jynx|Jynx|333\/333
|switch|p2a: Exeggutor|Exeggutor|393\/393
|turn|1
|c|★Beds|gl hf
|J|HernIsBack
|J|Confide
|J|xTSR
|J|theurbandear
|J|Malekith
|J|AM
|J|Century Express
|L|xTSR
|J|Barian
|J|raddical
|J|IBIREVER
|J|teal6
|J|qsns
|choice|move 1|move 1
|
|move|p1a: Jynx|Lovely Kiss|p2a: Exeggutor
|-status|p2a: Exeggutor|slp
|cant|p2a: Exeggutor|slp
|
|turn|2
|L|qsns
|choice|move 3|switch 3
|
|switch|p2a: Starmie|Starmie|323\/323
|move|p1a: Jynx|Blizzard|p2a: Starmie
|-crit|p2a: Starmie
|-resisted|p2a: Starmie
|-damage|p2a: Starmie|185\/323
|
|turn|3
|J|pillowofwinds
|L|Barian
|choice|move 3|move 1
|
|move|p2a: Starmie|Recover|p2a: Starmie
|-heal|p2a: Starmie|323\/323
|move|p1a: Jynx|Blizzard|p2a: Starmie
|-resisted|p2a: Starmie
|-damage|p2a: Starmie|251\/323
|
|turn|4
|choice|switch 2|move 4
|
|switch|p1a: Chansey|Chansey|703\/703
|move|p2a: Starmie|Thunder Wave|p1a: Chansey
|-status|p1a: Chansey|par
|
|turn|5
|J|thecrystalonix
|choice|move 1|switch 2
|
|switch|p2a: Chansey|Chansey|703\/703
|move|p1a: Chansey|Ice Beam|p2a: Chansey
|-damage|p2a: Chansey|632\/703
|
|turn|6
|J|Alexander
|J|Michielleus
|L|pillowofwinds
|choice|move 1|switch 5
|
|switch|p2a: Snorlax|Snorlax|523\/523
|cant|p1a: Chansey|par
|
|turn|7
|J|Funkasaurus
|choice|switch 3|move 3
|
|switch|p1a: Exeggutor|Exeggutor|393\/393
|move|p2a: Snorlax|Body Slam|p1a: Exeggutor
|-damage|p1a: Exeggutor|282\/393
|
|turn|8
|choice|move 2|switch 3
|
|switch|p2a: Exeggutor|Exeggutor|393\/393 slp
|move|p1a: Exeggutor|Stun Spore|p2a: Exeggutor
|-fail|p2a: Exeggutor
|
|turn|9
|J|gfgfgfgee
|choice|switch 2|move 4
|
|switch|p1a: Jynx|Jynx|333\/333
|cant|p2a: Exeggutor|slp
|
|turn|10
|choice|move 3|switch 2
|
|switch|p2a: Starmie|Starmie|251\/323
|move|p1a: Jynx|Blizzard|p2a: Starmie
|-resisted|p2a: Starmie
|-damage|p2a: Starmie|185\/323
|
|turn|11
|choice|move 3|move 1
|
|move|p2a: Starmie|Recover|p2a: Starmie
|-heal|p2a: Starmie|323\/323
|move|p1a: Jynx|Blizzard|p2a: Starmie
|-resisted|p2a: Starmie
|-damage|p2a: Starmie|249\/323
|
|turn|12
|choice|switch 3|switch 3
|
|switch|p2a: Snorlax|Snorlax|523\/523
|switch|p1a: Chansey|Chansey|703\/703 par
|
|turn|13
|choice|move 3|move 3
|
|move|p2a: Snorlax|Body Slam|p1a: Chansey
|-damage|p1a: Chansey|427\/703 par
|move|p1a: Chansey|Thunder Wave|p2a: Snorlax
|-status|p2a: Snorlax|par
|
|turn|14
|choice|switch 5|move 3
|
|switch|p1a: Snorlax|Snorlax|523\/523
|move|p2a: Snorlax|Body Slam|p1a: Snorlax|[miss]
|-miss|p2a: Snorlax
|
|turn|15
|J|Diogo
|c|★AugustRadburn|lol
|c|+raddical|ostias
|choice|move 2|switch 3
|
|switch|p2a: Starmie|Starmie|249\/323
|move|p1a: Snorlax|Amnesia|p1a: Snorlax
|-boost|p1a: Snorlax|spd|2
|-boost|p1a: Snorlax|spa|2
|
|turn|16
|choice|move 1|move 4
|
|move|p2a: Starmie|Thunder Wave|p1a: Snorlax
|-status|p1a: Snorlax|par
|cant|p1a: Snorlax|par
|
|turn|17
|J|SOULGAZER
|J|Lusch
|J|the pdc show
|L|Century Express
|L|the pdc show
|choice|move 1|move 1
|
|move|p2a: Starmie|Recover|p2a: Starmie
|-heal|p2a: Starmie|323\/323
|move|p1a: Snorlax|Body Slam|p2a: Starmie
|-damage|p2a: Starmie|209\/323
|
|turn|18
|J|HeraChris
|choice|move 1|move 2
|
|move|p2a: Starmie|Thunderbolt|p1a: Snorlax
|-damage|p1a: Snorlax|471\/523 par
|move|p1a: Snorlax|Body Slam|p2a: Starmie
|-damage|p2a: Starmie|88\/323
|-status|p2a: Starmie|par
|
|turn|19
|choice|move 1|move 1
|
|move|p2a: Starmie|Recover|p2a: Starmie
|-heal|p2a: Starmie|249\/323 par
|move|p1a: Snorlax|Body Slam|p2a: Starmie
|-damage|p2a: Starmie|123\/323 par
|
|turn|20
|choice|move 2|move 1
|
|move|p2a: Starmie|Recover|p2a: Starmie
|-heal|p2a: Starmie|284\/323 par
|move|p1a: Snorlax|Amnesia|p1a: Snorlax
|-boost|p1a: Snorlax|spd|2
|-boost|p1a: Snorlax|spa|2
|
|turn|21
|J|clefabus
|choice|move 1|switch 3
|
|switch|p2a: Snorlax|Snorlax|523\/523 par
|move|p1a: Snorlax|Body Slam|p2a: Snorlax
|-damage|p2a: Snorlax|386\/523 par
|
|turn|22
|L|clefabus
|choice|move 3|move 3
|
|move|p2a: Snorlax|Body Slam|p1a: Snorlax
|-damage|p1a: Snorlax|340\/523 par
|cant|p1a: Snorlax|par
|
|turn|23
|choice|move 3|move 2
|
|cant|p2a: Snorlax|par
|move|p1a: Snorlax|Blizzard|p2a: Snorlax
|-damage|p2a: Snorlax|93\/523 par
|
|turn|24
|c|★Beds|I am p sure that I should outspeed with amnesia boosts
|c|★Beds|even if you switched
|L|Alexander
|choice|move 1|move 2
|
|move|p1a: Snorlax|Body Slam|p2a: Snorlax
|-damage|p2a: Snorlax|0 fnt
|faint|p2a: Snorlax
|c|★Beds|oh
|c|★AugustRadburn|I missed a body slam, and you won first game because of a critical lol, don't complain please
|c|★Beds|a tie
|c|★Beds|yeah that's not right
|c|★Beds|it's a mechanical issue
|c|★Beds|not complaining but the simulator isn't correct
|c|★Beds|sry for the monologue lol
|L|SOULGAZER
|J|Nails
|c|+Lusch|its correct beds
|J|michaeloche
|c|+Lusch|u used amnesia against star
|c|+Lusch|not lax
|c|★Beds|oh
|c|★AugustRadburn|Yes, that's right, if you boost then you recover you speed
|J|BLINGAS
|J|King Tsunami
|L|King Tsunami
|L|BLINGAS
|L|michaeloche
|L|Diogo
|choice||switch 6
|
|switch|p2a: Tauros|Tauros|353\/353
|turn|25
|choice|move 3|move 1
|
|move|p2a: Tauros|Body Slam|p1a: Snorlax
|-damage|p1a: Snorlax|206\/523 par
|cant|p1a: Snorlax|par
|
|turn|26
|L|Malekith
|choice|move 3|move 2
|
|move|p2a: Tauros|Hyper Beam|p1a: Snorlax
|-crit|p1a: Snorlax
|-damage|p1a: Snorlax|0 fnt
|faint|p1a: Snorlax
|J|EG Posho
|choice|switch 2|
|
|switch|p1a: Exeggutor|Exeggutor|282\/393
|turn|27
|L|EG Posho
|choice|move 2|switch 3
|
|switch|p2a: Starmie|Starmie|284\/323 par
|move|p1a: Exeggutor|Stun Spore|p2a: Starmie
|-fail|p2a: Starmie|par
|
|turn|28
|L|thecrystalonix
|choice|switch 5|switch 4
|
|switch|p1a: Chansey|Chansey|427\/703 par
|switch|p2a: Golem|Golem|363\/363
|
|turn|29
|L|Nails
|choice|switch 5|move 4
|
|switch|p1a: Exeggutor|Exeggutor|282\/393
|move|p2a: Golem|Body Slam|p1a: Exeggutor
|-crit|p1a: Exeggutor
|-damage|p1a: Exeggutor|126\/393
|-status|p1a: Exeggutor|par
|
|turn|30
|choice|move 4|move 2
|
|move|p2a: Golem|Rock Slide|p1a: Exeggutor
|-damage|p1a: Exeggutor|16\/393 par
|cant|p1a: Exeggutor|par
|
|turn|31
|choice|move 4|move 4
|
|move|p2a: Golem|Body Slam|p1a: Exeggutor
|-damage|p1a: Exeggutor|0 fnt
|faint|p1a: Exeggutor
|choice|switch 3|
|
|switch|p1a: Jynx|Jynx|333\/333
|turn|32
|choice|move 3|switch 4
|
|switch|p2a: Starmie|Starmie|284\/323 par
|move|p1a: Jynx|Blizzard|p2a: Starmie
|-resisted|p2a: Starmie
|-damage|p2a: Starmie|220\/323 par
|
|turn|33
|J|Mickey Deeznuts
|choice|switch 5|move 4
|
|switch|p1a: Chansey|Chansey|427\/703 par
|cant|p2a: Starmie|par
|
|turn|34
|choice|move 4|move 1
|
|move|p2a: Starmie|Recover|p2a: Starmie
|-heal|p2a: Starmie|323\/323 par
|move|p1a: Chansey|Soft-Boiled|p1a: Chansey
|-heal|p1a: Chansey|703\/703 par
|
|turn|35
|choice|move 2|move 3
|
|move|p2a: Starmie|Blizzard|p1a: Chansey
|-damage|p1a: Chansey|612\/703 par
|move|p1a: Chansey|Thunderbolt|p2a: Starmie
|-supereffective|p2a: Starmie
|-damage|p2a: Starmie|166\/323 par
|
|turn|36
|choice|move 1|switch 2
|
|switch|p2a: Exeggutor|Exeggutor|393\/393 slp
|move|p1a: Chansey|Ice Beam|p2a: Exeggutor
|-supereffective|p2a: Exeggutor
|-damage|p2a: Exeggutor|260\/393 slp
|
|turn|37
|J|Polekoner
|L|Polekoner
|choice|move 1|move 3
|
|cant|p2a: Exeggutor|slp
|move|p1a: Chansey|Ice Beam|p2a: Exeggutor
|-supereffective|p2a: Exeggutor
|-damage|p2a: Exeggutor|118\/393 slp
|
|turn|38
|choice|move 1|move 3
|
|cant|p2a: Exeggutor|slp
|move|p1a: Chansey|Ice Beam|p2a: Exeggutor
|-supereffective|p2a: Exeggutor
|-damage|p2a: Exeggutor|0 fnt
|faint|p2a: Exeggutor
|choice||switch 4
|
|switch|p2a: Golem|Golem|363\/363
|turn|39
|choice|switch 6|move 1
|
|switch|p1a: Slowbro|Slowbro|393\/393
|move|p2a: Golem|Earthquake|p1a: Slowbro
|-damage|p1a: Slowbro|270\/393
|
|turn|40
|choice|move 3|switch 5
|
|switch|p2a: Chansey|Chansey|632\/703
|move|p1a: Slowbro|Surf|p2a: Chansey
|-damage|p2a: Chansey|544\/703
|
|turn|41
|choice|switch 6|move 3
|
|switch|p1a: Chansey|Chansey|612\/703 par
|move|p2a: Chansey|Thunderbolt|p1a: Chansey
|-damage|p1a: Chansey|535\/703 par
|
|turn|42
|L|teal6
|choice|move 1|switch 3
|
|switch|p2a: Tauros|Tauros|353\/353
|move|p1a: Chansey|Ice Beam|p2a: Tauros
|-damage|p2a: Tauros|248\/353
|
|turn|43
|J|ChrisBrownVEVO
|choice|move 3|move 1
|
|move|p2a: Tauros|Body Slam|p1a: Chansey
|-damage|p1a: Chansey|254\/703 par
|move|p1a: Chansey|Thunder Wave|p2a: Tauros
|-status|p2a: Tauros|par
|
|turn|44
|L|ChrisBrownVEVO
|choice|switch 6|move 1
|
|switch|p1a: Slowbro|Slowbro|270\/393
|cant|p2a: Tauros|par
|
|turn|45
|choice|move 3|switch 3
|
|switch|p2a: Chansey|Chansey|544\/703
|move|p1a: Slowbro|Surf|p2a: Chansey
|-damage|p2a: Chansey|456\/703
|
|turn|46
|choice|move 1|switch 3
|
|switch|p2a: Tauros|Tauros|248\/353 par
|move|p1a: Slowbro|Thunder Wave|p2a: Tauros
|-fail|p2a: Tauros|par
|
|turn|47
|choice|move 3|switch 3
|
|switch|p2a: Chansey|Chansey|456\/703
|move|p1a: Slowbro|Surf|p2a: Chansey
|-damage|p2a: Chansey|361\/703
|
|turn|48
|choice|move 1|move 1
|
|move|p2a: Chansey|Soft-Boiled|p2a: Chansey
|-heal|p2a: Chansey|703\/703
|move|p1a: Slowbro|Thunder Wave|p2a: Chansey
|-status|p2a: Chansey|par
|
|turn|49
|choice|move 2|move 3
|
|move|p1a: Slowbro|Amnesia|p1a: Slowbro
|-boost|p1a: Slowbro|spd|2
|-boost|p1a: Slowbro|spa|2
|move|p2a: Chansey|Thunderbolt|p1a: Slowbro
|-supereffective|p1a: Slowbro
|-damage|p1a: Slowbro|182\/393
|
|turn|50
|choice|move 2|move 4
|
|move|p1a: Slowbro|Amnesia|p1a: Slowbro
|-boost|p1a: Slowbro|spd|2
|-boost|p1a: Slowbro|spa|2
|move|p2a: Chansey|Sing|p1a: Slowbro|[miss]
|-miss|p2a: Chansey
|
|turn|51
|L|Mickey Deeznuts
|choice|move 3|move 4
|
|move|p1a: Slowbro|Surf|p2a: Chansey
|-damage|p2a: Chansey|414\/703 par
|move|p2a: Chansey|Sing|p1a: Slowbro|[miss]
|-miss|p2a: Chansey
|
|turn|52
|c|★AugustRadburn|come on
|choice|move 3|move 4
|
|move|p1a: Slowbro|Surf|p2a: Chansey
|-damage|p2a: Chansey|134\/703 par
|move|p2a: Chansey|Sing|p1a: Slowbro|[miss]
|-miss|p2a: Chansey
|
|turn|53
|c|★AugustRadburn|three fucking misses lol
|L|Confide
|choice|move 3|move 3
|
|move|p1a: Slowbro|Surf|p2a: Chansey
|-crit|p2a: Chansey
|-damage|p2a: Chansey|0 fnt
|faint|p2a: Chansey
|choice||switch 5
|
|switch|p2a: Golem|Golem|363\/363
|turn|54
|choice|move 3|move 3
|
|move|p2a: Golem|Explosion|p1a: Slowbro
|-crit|p1a: Slowbro
|-damage|p1a: Slowbro|0 fnt
|faint|p1a: Slowbro
|faint|p2a: Golem
|L|AM
|choice|switch 4|switch 2
|
|switch|p1a: Tauros|Tauros|353\/353
|switch|p2a: Starmie|Starmie|166\/323 par
|turn|55
|choice|move 4|switch 3
|
|switch|p2a: Tauros|Tauros|248\/353 par
|move|p1a: Tauros|Hyper Beam|p2a: Tauros
|-damage|p2a: Tauros|72\/353 par
|
|turn|56
|-mustrecharge|p1a: Tauros
|-mustrecharge|p1a: Tauros
|choice|move 1|move 1
|
|cant|p1a: Tauros|recharge
|move|p2a: Tauros|Body Slam|p1a: Tauros
|-damage|p1a: Tauros|252\/353
|
|turn|57
|c|★AugustRadburn|gg
|choice|move 1|move 1
|
|move|p1a: Tauros|Body Slam|p2a: Tauros
|-damage|p2a: Tauros|0 fnt
|faint|p2a: Tauros
|choice||switch 3
|
|switch|p2a: Starmie|Starmie|166\/323 par
|turn|58
|c|★Beds|ggs
|choice|move 4|move 1
|
|move|p1a: Tauros|Hyper Beam|p2a: Starmie
|-crit|p2a: Starmie
|-damage|p2a: Starmie|0 fnt
|faint|p2a: Starmie
|
|win|Beds