|J|teal6
|J|another onee
|player|p1|teal6|138
|player|p2|another onee|96
|gametype|singles
|gen|1
|tier|[Gen 1] OU
|seed|4686,32391,25053,30766
|rule|Sleep Clause Mod: Limit one foe put to sleep
|rule|Freeze Clause Mod: Limit one foe frozen
|rule|Species Clause: Limit one of each Pokémon
|rule|OHKO Clause: OHKO moves are banned
|rule|Evasion Moves Clause: Evasion moves are banned
|rule|HP Percentage Mod: HP is shown in percentages
|
|start
|switch|p1a: Jolteon|Jolteon|333\/333
|switch|p2a: Gengar|Gengar|323\/323
|turn|1
|J|gladiator movies
|choice|move 2|move 1
|
|move|p1a: Jolteon|Thunder Wave|p2a: Gengar
|-status|p2a: Gengar|par
|move|p2a: Gengar|Hypnosis|p1a: Jolteon|[miss]
|-miss|p2a: Gengar
|
|turn|2
|J|KratosMana
|choice|move 1|move 1
|
|move|p1a: Jolteon|Thunderbolt|p2a: Gengar
|-damage|p2a: Gengar|224\/323 par
|move|p2a: Gengar|Hypnosis|p1a: Jolteon|[miss]
|-miss|p2a: Gengar
|
|turn|3
|choice|move 1|move 1
|
|move|p1a: Jolteon|Thunderbolt|p2a: Gengar
|-crit|p2a: Gengar
|-damage|p2a: Gengar|30\/323 par
|move|p2a: Gengar|Hypnosis|p1a: Jolteon
|-status|p1a: Jolteon|slp
|
|turn|4
|choice|move 1|move 4
|
|cant|p1a: Jolteon|slp
|move|p2a: Gengar|Explosion|p1a: Jolteon
|-damage|p1a: Jolteon|42\/333 slp
|faint|p2a: Gengar
|choice||switch 6
|
|switch|p2a: Tauros|Tauros|353\/353
|turn|5
|choice|switch 6|move 4
|
|switch|p1a: Exeggutor|Exeggutor|393\/393
|move|p2a: Tauros|Blizzard|p1a: Exeggutor|[miss]
|-miss|p2a: Tauros
|
|turn|6
|choice|move 1|switch 3
|
|switch|p2a: Exeggutor|Exeggutor|393\/393
|move|p1a: Exeggutor|Sleep Powder|p2a: Exeggutor|[miss]
|-miss|p1a: Exeggutor
|
|turn|7
|choice|move 1|move 2
|
|move|p1a: Exeggutor|Sleep Powder|p2a: Exeggutor
|-status|p2a: Exeggutor|slp
|cant|p2a: Exeggutor|slp
|
|turn|8
|choice|switch 5|switch 4
|
|switch|p1a: Zapdos|Zapdos|383\/383
|switch|p2a: Chansey|Chansey|703\/703
|
|turn|9
|choice|switch 6|move 1
|
|switch|p1a: Jolteon|Jolteon|42\/333 slp
|move|p2a: Chansey|Reflect|p2a: Chansey
|-start|p2a: Chansey|Reflect
|
|turn|10
|choice|move 4|move 2
|
|cant|p1a: Jolteon|slp
|move|p2a: Chansey|Seismic Toss|p1a: Jolteon
|-damage|p1a: Jolteon|0 fnt
|faint|p1a: Jolteon
|choice|switch 3|
|
|switch|p1a: Snorlax|Snorlax|523\/523
|turn|11
|choice|move 1|move 4
|
|move|p2a: Chansey|Thunder Wave|p1a: Snorlax
|-status|p1a: Snorlax|par
|move|p1a: Snorlax|Amnesia|p1a: Snorlax
|-boost|p1a: Snorlax|spd|2
|-boost|p1a: Snorlax|spa|2
|
|turn|12
|choice|move 2|switch 5
|
|switch|p2a: Snorlax|Snorlax|523\/523
|move|p1a: Snorlax|Blizzard|p2a: Snorlax
|-damage|p2a: Snorlax|335\/523
|
|turn|13
|choice|move 2|move 1
|
|move|p2a: Snorlax|Body Slam|p1a: Snorlax
|-damage|p1a: Snorlax|373\/523 par
|move|p1a: Snorlax|Blizzard|p2a: Snorlax
|-damage|p2a: Snorlax|135\/523
|
|turn|14
|choice|switch 2|move 4
|
|switch|p1a: Alakazam|Alakazam|313\/313
|move|p2a: Snorlax|Self-Destruct|p1a: Alakazam
|-damage|p1a: Alakazam|0 fnt
|faint|p1a: Alakazam
|faint|p2a: Snorlax
|choice|switch 5|switch 2
|
|switch|p2a: Jolteon|Jolteon|333\/333
|switch|p1a: Exeggutor|Exeggutor|393\/393
|turn|15
|choice|move 4|move 3
|
|move|p2a: Jolteon|Pin Missile|p1a: Exeggutor
|-crit|p1a: Exeggutor
|-supereffective|p1a: Exeggutor
|-damage|p1a: Exeggutor|310\/393
|-damage|p1a: Exeggutor|227\/393
|-damage|p1a: Exeggutor|144\/393
|-damage|p1a: Exeggutor|61\/393
|-damage|p1a: Exeggutor|0 fnt
|-hitcount|p1a: Exeggutor|5
|faint|p1a: Exeggutor
|choice|switch 2|
|
|switch|p1a: Snorlax|Snorlax|373\/523 par
|turn|16
|c|★another onee|:D
|choice|move 4|move 2
|
|move|p2a: Jolteon|Thunderbolt|p1a: Snorlax
|-damage|p1a: Snorlax|231\/523 par
|cant|p1a: Snorlax|par
|
|turn|17
|choice|move 4|move 2
|
|move|p2a: Jolteon|Thunderbolt|p1a: Snorlax
|-damage|p1a: Snorlax|88\/523 par
|move|p1a: Snorlax|Self-Destruct|p2a: Jolteon
|-damage|p2a: Jolteon|0 fnt
|faint|p2a: Jolteon
|faint|p1a: Snorlax
|choice|switch 6|switch 5
|
|switch|p1a: Zapdos|Zapdos|383\/383
|switch|p2a: Chansey|Chansey|703\/703
|turn|18
|choice|move 2|move 4
|
|move|p1a: Zapdos|Thunder Wave|p2a: Chansey
|-status|p2a: Chansey|par
|move|p2a: Chansey|Thunder Wave|p1a: Zapdos
|-status|p1a: Zapdos|par
|
|turn|19
|choice|move 4|move 1
|
|cant|p1a: Zapdos|par
|move|p2a: Chansey|Reflect|p2a: Chansey
|-start|p2a: Chansey|Reflect
|
|turn|20
|choice|move 4|move 2
|
|move|p1a: Zapdos|Agility|p1a: Zapdos
|-boost|p1a: Zapdos|spe|2
|move|p2a: Chansey|Seismic Toss|p1a: Zapdos
|-damage|p1a: Zapdos|283\/383 par
|
|turn|21
|choice|move 3|move 2
|
|move|p1a: Zapdos|Drill Peck|p2a: Chansey
|-damage|p2a: Chansey|581\/703 par
|move|p2a: Chansey|Seismic Toss|p1a: Zapdos
|-damage|p1a: Zapdos|183\/383 par
|
|turn|22
|choice|move 3|move 2
|
|move|p1a: Zapdos|Drill Peck|p2a: Chansey
|-damage|p2a: Chansey|469\/703 par
|cant|p2a: Chansey|par
|
|turn|23
|choice|move 3|move 2
|
|move|p1a: Zapdos|Drill Peck|p2a: Chansey
|-damage|p2a: Chansey|353\/703 par
|cant|p2a: Chansey|par
|
|turn|24
|choice|move 3|move 3
|
|move|p1a: Zapdos|Drill Peck|p2a: Chansey
|-crit|p2a: Chansey
|-damage|p2a: Chansey|0 fnt
|faint|p2a: Chansey
|choice||switch 3
|
|switch|p2a: Tauros|Tauros|353\/353
|turn|25
|choice|move 2|move 2
|
|cant|p1a: Zapdos|par
|move|p2a: Tauros|Hyper Beam|p1a: Zapdos
|-damage|p1a: Zapdos|0 fnt
|faint|p1a: Zapdos
|choice|switch 4|
|
|switch|p1a: Tauros|Tauros|353\/353
|turn|26
|choice|move 1|move 1
|
|move|p2a: Tauros|Body Slam|p1a: Tauros
|-damage|p1a: Tauros|251\/353
|move|p1a: Tauros|Body Slam|p2a: Tauros
|-damage|p2a: Tauros|241\/353
|
|turn|27
|choice|move 1|move 4
|
|move|p2a: Tauros|Blizzard|p1a: Tauros|[miss]
|-miss|p2a: Tauros
|move|p1a: Tauros|Body Slam|p2a: Tauros
|-damage|p2a: Tauros|138\/353
|
|turn|28
|c|★another onee|never doing it again
|c|★another onee|.
|choice|move 2|switch 4
|
|switch|p2a: Exeggutor|Exeggutor|393\/393 slp
|move|p1a: Tauros|Hyper Beam|p2a: Exeggutor
|-damage|p2a: Exeggutor|184\/393 slp
|
|turn|29
|-mustrecharge|p1a: Tauros
|c|★teal6|i was gonna do it turn 1
|c|★teal6|but got nervous
|-mustrecharge|p1a: Tauros
|choice|move 1|move 4
|
|cant|p1a: Tauros|recharge
|cant|p2a: Exeggutor|slp
|
|turn|30
|choice|move 1|move 4
|
|move|p1a: Tauros|Body Slam|p2a: Exeggutor
|-damage|p2a: Exeggutor|73\/393 slp
|-curestatus|p2a: Exeggutor|slp
|
|turn|31
|choice|move 1|move 4
|
|move|p1a: Tauros|Body Slam|p2a: Exeggutor
|-damage|p2a: Exeggutor|0 fnt
|faint|p2a: Exeggutor
|choice||switch 4
|
|switch|p2a: Tauros|Tauros|138\/353
|turn|32
|choice|move 2|move 2
|
|move|p1a: Tauros|Hyper Beam|p2a: Tauros
|-damage|p2a: Tauros|0 fnt
|faint|p2a: Tauros
|
|win|teal6