|J|Tricking
|J|Lutra
|player|p1|Tricking|228
|player|p2|Lutra|281
|gametype|singles
|gen|1
|tier|[Gen 1] Ubers
|rule|Sleep Clause Mod: Limit one foe put to sleep
|rule|Freeze Clause Mod: Limit one foe frozen
|rule|Species Clause: Limit one of each Pokémon
|rule|OHKO Clause: OHKO moves are banned
|rule|Evasion Moves Clause: Evasion moves are banned
|rule|HP Percentage Mod: HP is shown in percentages
|
|start
|switch|p1a: Jynx|Jynx|333\/333
|switch|p2a: Jynx|Jynx|333\/333
|turn|1
|
|move|p2a: Jynx|Lovely Kiss|p1a: Jynx
|-status|p1a: Jynx|slp
|-curestatus|p1a: Jynx|slp
|
|turn|2
|c|★Tricking|lol
|
|move|p2a: Jynx|Lovely Kiss|p1a: Jynx
|-status|p1a: Jynx|slp
|cant|p1a: Jynx|slp
|
|turn|3
|
|move|p2a: Jynx|Seismic Toss|p1a: Jynx
|-damage|p1a: Jynx|233\/333 slp
|cant|p1a: Jynx|slp
|
|turn|4
|J|Fran17
|
|switch|p1a: Mewtwo|Mewtwo|415\/415
|move|p2a: Jynx|Seismic Toss|p1a: Mewtwo
|-damage|p1a: Mewtwo|315\/415
|
|turn|5
|
|move|p1a: Mewtwo|Amnesia|p1a: Mewtwo
|-boost|p1a: Mewtwo|spd|2
|-boost|p1a: Mewtwo|spa|2
|move|p2a: Jynx|Blizzard|p1a: Mewtwo
|-damage|p1a: Mewtwo|263\/415
|
|turn|6
|
|switch|p2a: NVR SAY DIE!|Chansey|703\/703
|move|p1a: Mewtwo|Thunderbolt|p2a: NVR SAY DIE!
|-damage|p2a: NVR SAY DIE!|516\/703
|
|turn|7
|J|Stall Hater
|
|move|p1a: Mewtwo|Thunderbolt|p2a: NVR SAY DIE!
|-crit|p2a: NVR SAY DIE!
|-damage|p2a: NVR SAY DIE!|327\/703
|move|p2a: NVR SAY DIE!|Soft-Boiled|p2a: NVR SAY DIE!
|-heal|p2a: NVR SAY DIE!|678\/703
|
|turn|8
|
|move|p1a: Mewtwo|Thunderbolt|p2a: NVR SAY DIE!
|-damage|p2a: NVR SAY DIE!|466\/703
|move|p2a: NVR SAY DIE!|Light Screen|p2a: NVR SAY DIE!
|-start|p2a: NVR SAY DIE!|Light Screen
|
|turn|9
|
|move|p1a: Mewtwo|Ice Beam|p2a: NVR SAY DIE!
|-damage|p2a: NVR SAY DIE!|367\/703
|move|p2a: NVR SAY DIE!|Soft-Boiled|p2a: NVR SAY DIE!
|-heal|p2a: NVR SAY DIE!|703\/703
|
|turn|10
|
|move|p1a: Mewtwo|Ice Beam|p2a: NVR SAY DIE!
|-damage|p2a: NVR SAY DIE!|602\/703
|move|p2a: NVR SAY DIE!|Seismic Toss|p1a: Mewtwo
|-damage|p1a: Mewtwo|163\/415
|
|turn|11
|
|move|p1a: Mewtwo|Recover|p1a: Mewtwo
|-heal|p1a: Mewtwo|370\/415
|move|p2a: NVR SAY DIE!|Seismic Toss|p1a: Mewtwo
|-damage|p1a: Mewtwo|270\/415
|
|turn|12
|
|move|p1a: Mewtwo|Ice Beam|p2a: NVR SAY DIE!
|-damage|p2a: NVR SAY DIE!|511\/703
|move|p2a: NVR SAY DIE!|Seismic Toss|p1a: Mewtwo
|-damage|p1a: Mewtwo|170\/415
|
|turn|13
|
|move|p1a: Mewtwo|Recover|p1a: Mewtwo
|-heal|p1a: Mewtwo|377\/415
|move|p2a: NVR SAY DIE!|Seismic Toss|p1a: Mewtwo
|-damage|p1a: Mewtwo|277\/415
|
|turn|14
|
|move|p1a: Mewtwo|Recover|p1a: Mewtwo
|-heal|p1a: Mewtwo|415\/415
|move|p2a: NVR SAY DIE!|Soft-Boiled|p2a: NVR SAY DIE!
|-heal|p2a: NVR SAY DIE!|703\/703
|
|turn|15
|J|tazzie
|
|switch|p1a: Exeggutor|Exeggutor|393\/393
|move|p2a: NVR SAY DIE!|Seismic Toss|p1a: Exeggutor
|-damage|p1a: Exeggutor|293\/393
|
|turn|16
|
|switch|p2a: Jynx|Jynx|333\/333
|move|p1a: Exeggutor|Sleep Powder|p2a: Jynx
|-status|p2a: Jynx|slp
|
|turn|17
|
|switch|p2a: The Sleeper|Exeggutor|393\/393
|switch|p1a: Mew|Mew|403\/403
|
|turn|18
|L|Stall Hater
|
|switch|p2a: No Warrantee|Mew|403\/403
|move|p1a: Mew|Body Slam|p2a: No Warrantee
|-damage|p2a: No Warrantee|340\/403
|-status|p2a: No Warrantee|par
|
|turn|19
|
|move|p1a: Mew|Swords Dance|p1a: Mew
|-boost|p1a: Mew|atk|2
|move|p2a: No Warrantee|Reflect|p2a: No Warrantee
|-start|p2a: No Warrantee|Reflect
|
|turn|20
|
|move|p1a: Mew|Swords Dance|p1a: Mew
|-boost|p1a: Mew|atk|2
|move|p2a: No Warrantee|Thunder Wave|p1a: Mew
|-status|p1a: Mew|par
|
|turn|21
|
|move|p1a: Mew|Body Slam|p2a: No Warrantee
|-damage|p2a: No Warrantee|235\/403 par
|cant|p2a: No Warrantee|par
|
|turn|22
|
|move|p1a: Mew|Body Slam|p2a: No Warrantee
|-crit|p2a: No Warrantee
|-damage|p2a: No Warrantee|97\/403 par
|cant|p2a: No Warrantee|par
|
|turn|23
|
|switch|p2a: The Sleeper|Exeggutor|393\/393
|cant|p1a: Mew|par
|
|turn|24
|
|move|p2a: The Sleeper|Stun Spore|p1a: Mew
|-fail|p1a: Mew|par
|move|p1a: Mew|Body Slam|p2a: The Sleeper
|-damage|p2a: The Sleeper|166\/393
|
|turn|25
|
|switch|p1a: Jynx|Jynx|233\/333 slp
|move|p2a: The Sleeper|Stun Spore|p1a: Jynx
|-fail|p1a: Jynx
|
|turn|26
|
|switch|p1a: Mewtwo|Mewtwo|415\/415
|switch|p2a: Bonehead|Mewtwo|415\/415
|
|turn|27
|
|switch|p2a: NVR SAY DIE!|Chansey|703\/703
|move|p1a: Mewtwo|Ice Beam|p2a: NVR SAY DIE!
|-damage|p2a: NVR SAY DIE!|609\/703
|
|turn|28
|
|move|p1a: Mewtwo|Thunderbolt|p2a: NVR SAY DIE!
|-crit|p2a: NVR SAY DIE!
|-damage|p2a: NVR SAY DIE!|418\/703
|move|p2a: NVR SAY DIE!|Seismic Toss|p1a: Mewtwo
|-damage|p1a: Mewtwo|315\/415
|
|turn|29
|
|move|p1a: Mewtwo|Thunderbolt|p2a: NVR SAY DIE!
|-damage|p2a: NVR SAY DIE!|321\/703
|move|p2a: NVR SAY DIE!|Soft-Boiled|p2a: NVR SAY DIE!
|-heal|p2a: NVR SAY DIE!|672\/703
|
|turn|30
|
|move|p1a: Mewtwo|Thunderbolt|p2a: NVR SAY DIE!
|-damage|p2a: NVR SAY DIE!|576\/703
|move|p2a: NVR SAY DIE!|Seismic Toss|p1a: Mewtwo
|-damage|p1a: Mewtwo|215\/415
|
|turn|31
|
|move|p1a: Mewtwo|Recover|p1a: Mewtwo
|-heal|p1a: Mewtwo|415\/415
|move|p2a: NVR SAY DIE!|Seismic Toss|p1a: Mewtwo
|-damage|p1a: Mewtwo|315\/415
|
|turn|32
|
|move|p1a: Mewtwo|Thunderbolt|p2a: NVR SAY DIE!
|-damage|p2a: NVR SAY DIE!|471\/703
|move|p2a: NVR SAY DIE!|Light Screen|p2a: NVR SAY DIE!
|-start|p2a: NVR SAY DIE!|Light Screen
|
|turn|33
|
|move|p1a: Mewtwo|Amnesia|p1a: Mewtwo
|-boost|p1a: Mewtwo|spd|2
|-boost|p1a: Mewtwo|spa|2
|move|p2a: NVR SAY DIE!|Soft-Boiled|p2a: NVR SAY DIE!
|-heal|p2a: NVR SAY DIE!|703\/703
|
|turn|34
|L|Fran17
|
|move|p1a: Mewtwo|Thunderbolt|p2a: NVR SAY DIE!
|-crit|p2a: NVR SAY DIE!
|-damage|p2a: NVR SAY DIE!|505\/703
|move|p2a: NVR SAY DIE!|Seismic Toss|p1a: Mewtwo
|-damage|p1a: Mewtwo|215\/415
|
|turn|35
|
|move|p1a: Mewtwo|Recover|p1a: Mewtwo
|-heal|p1a: Mewtwo|415\/415
|move|p2a: NVR SAY DIE!|Soft-Boiled|p2a: NVR SAY DIE!
|-heal|p2a: NVR SAY DIE!|703\/703
|
|turn|36
|
|move|p1a: Mewtwo|Thunderbolt|p2a: NVR SAY DIE!
|-crit|p2a: NVR SAY DIE!
|-damage|p2a: NVR SAY DIE!|503\/703
|move|p2a: NVR SAY DIE!|Seismic Toss|p1a: Mewtwo
|-damage|p1a: Mewtwo|315\/415
|
|turn|37
|
|move|p1a: Mewtwo|Amnesia|p1a: Mewtwo
|-boost|p1a: Mewtwo|spd|2
|-boost|p1a: Mewtwo|spa|2
|move|p2a: NVR SAY DIE!|Seismic Toss|p1a: Mewtwo
|-damage|p1a: Mewtwo|215\/415
|
|turn|38
|
|move|p1a: Mewtwo|Recover|p1a: Mewtwo
|-heal|p1a: Mewtwo|415\/415
|move|p2a: NVR SAY DIE!|Soft-Boiled|p2a: NVR SAY DIE!
|-heal|p2a: NVR SAY DIE!|703\/703
|
|turn|39
|
|move|p1a: Mewtwo|Thunderbolt|p2a: NVR SAY DIE!
|-damage|p2a: NVR SAY DIE!|577\/703
|move|p2a: NVR SAY DIE!|Seismic Toss|p1a: Mewtwo
|-damage|p1a: Mewtwo|315\/415
|
|turn|40
|J|Rennyy
|
|move|p1a: Mewtwo|Thunderbolt|p2a: NVR SAY DIE!
|-crit|p2a: NVR SAY DIE!
|-damage|p2a: NVR SAY DIE!|399\/703
|move|p2a: NVR SAY DIE!|Seismic Toss|p1a: Mewtwo
|-damage|p1a: Mewtwo|215\/415
|
|turn|41
|
|move|p1a: Mewtwo|Recover|p1a: Mewtwo
|-heal|p1a: Mewtwo|415\/415
|move|p2a: NVR SAY DIE!|Soft-Boiled|p2a: NVR SAY DIE!
|-heal|p2a: NVR SAY DIE!|703\/703
|
|turn|42
|J|AudioSurfer58
|
|move|p1a: Mewtwo|Thunderbolt|p2a: NVR SAY DIE!
|-damage|p2a: NVR SAY DIE!|577\/703
|move|p2a: NVR SAY DIE!|Seismic Toss|p1a: Mewtwo
|-damage|p1a: Mewtwo|315\/415
|
|turn|43
|
|move|p1a: Mewtwo|Thunderbolt|p2a: NVR SAY DIE!
|-crit|p2a: NVR SAY DIE!
|-damage|p2a: NVR SAY DIE!|380\/703
|move|p2a: NVR SAY DIE!|Seismic Toss|p1a: Mewtwo
|-damage|p1a: Mewtwo|215\/415
|
|turn|44
|
|move|p1a: Mewtwo|Thunderbolt|p2a: NVR SAY DIE!
|-crit|p2a: NVR SAY DIE!
|-damage|p2a: NVR SAY DIE!|200\/703
|move|p2a: NVR SAY DIE!|Soft-Boiled|p2a: NVR SAY DIE!
|-heal|p2a: NVR SAY DIE!|551\/703
|
|turn|45
|
|move|p1a: Mewtwo|Recover|p1a: Mewtwo
|-heal|p1a: Mewtwo|415\/415
|move|p2a: NVR SAY DIE!|Soft-Boiled|p2a: NVR SAY DIE!
|-heal|p2a: NVR SAY DIE!|703\/703
|
|turn|46
|c|★Lutra|pp check?
|c|★Tricking|10 tb
|c|★Tricking|13 ib
|c|★Tricking|24 recover
|c|★Tricking|19 amnesia
|J|Fran17
|c|★Lutra|46LS 17 Seismic 6 softboiled 32 twave
|
|move|p1a: Mewtwo|Thunderbolt|p2a: NVR SAY DIE!
|-damage|p2a: NVR SAY DIE!|586\/703
|-status|p2a: NVR SAY DIE!|par
|move|p2a: NVR SAY DIE!|Seismic Toss|p1a: Mewtwo
|-damage|p1a: Mewtwo|315\/415
|
|turn|47
|
|move|p1a: Mewtwo|Thunderbolt|p2a: NVR SAY DIE!
|-crit|p2a: NVR SAY DIE!
|-damage|p2a: NVR SAY DIE!|408\/703 par
|move|p2a: NVR SAY DIE!|Soft-Boiled|p2a: NVR SAY DIE!
|-heal|p2a: NVR SAY DIE!|703\/703 par
|
|turn|48
|J|XvolcaronaX
|J|Amoung Us
|
|move|p1a: Mewtwo|Ice Beam|p2a: NVR SAY DIE!
|-damage|p2a: NVR SAY DIE!|575\/703 par
|cant|p2a: NVR SAY DIE!|par
|
|turn|49
|
|move|p1a: Mewtwo|Recover|p1a: Mewtwo
|-heal|p1a: Mewtwo|415\/415
|move|p2a: NVR SAY DIE!|Soft-Boiled|p2a: NVR SAY DIE!
|-heal|p2a: NVR SAY DIE!|703\/703 par
|
|turn|50
|
|switch|p1a: Snorlax|Snorlax|523\/523
|move|p2a: NVR SAY DIE!|Seismic Toss|p1a: Snorlax
|-damage|p1a: Snorlax|423\/523
|
|turn|51
|L|Fran17
|
|switch|p2a: HERE IT CUMZ|Slowbro|393\/393
|move|p1a: Snorlax|Body Slam|p2a: HERE IT CUMZ
|-damage|p2a: HERE IT CUMZ|287\/393
|-status|p2a: HERE IT CUMZ|par
|
|turn|52
|
|switch|p1a: Mewtwo|Mewtwo|415\/415
|move|p2a: HERE IT CUMZ|Thunder Wave|p1a: Mewtwo
|-status|p1a: Mewtwo|par
|
|turn|53
|
|switch|p2a: NVR SAY DIE!|Chansey|703\/703 par
|move|p1a: Mewtwo|Thunderbolt|p2a: NVR SAY DIE!
|-crit|p2a: NVR SAY DIE!
|-damage|p2a: NVR SAY DIE!|512\/703 par
|
|turn|54
|
|switch|p1a: Snorlax|Snorlax|423\/523
|move|p2a: NVR SAY DIE!|Thunder Wave|p1a: Snorlax
|-status|p1a: Snorlax|par
|
|turn|55
|
|switch|p2a: HERE IT CUMZ|Slowbro|287\/393 par
|move|p1a: Snorlax|Hyper Beam|p2a: HERE IT CUMZ
|-damage|p2a: HERE IT CUMZ|99\/393 par
|
|turn|56
|-mustrecharge|p1a: Snorlax
|-mustrecharge|p1a: Snorlax
|
|cant|p1a: Snorlax|recharge
|move|p2a: HERE IT CUMZ|Rest|p2a: HERE IT CUMZ
|-status|p2a: HERE IT CUMZ|slp
|-heal|p2a: HERE IT CUMZ|393\/393 slp|[silent]
|-status|p2a: HERE IT CUMZ|slp|[from] move: Rest
|
|turn|57
|
|switch|p1a: Zapdos|Zapdos|383\/383
|cant|p2a: HERE IT CUMZ|slp
|
|turn|58
|
|switch|p2a: Bonehead|Mewtwo|415\/415
|move|p1a: Zapdos|Drill Peck|p2a: Bonehead
|-damage|p2a: Bonehead|315\/415
|
|turn|59
|
|switch|p1a: Mewtwo|Mewtwo|415\/415 par
|move|p2a: Bonehead|Ice Beam|p1a: Mewtwo
|-damage|p1a: Mewtwo|344\/415 par
|
|turn|60
|
|switch|p2a: NVR SAY DIE!|Chansey|512\/703 par
|cant|p1a: Mewtwo|par
|
|turn|61
|
|switch|p1a: Snorlax|Snorlax|423\/523 par
|move|p2a: NVR SAY DIE!|Seismic Toss|p1a: Snorlax
|-damage|p1a: Snorlax|323\/523 par
|
|turn|62
|L|Amoung Us
|
|switch|p2a: HERE IT CUMZ|Slowbro|393\/393 slp
|move|p1a: Snorlax|Body Slam|p2a: HERE IT CUMZ
|-damage|p2a: HERE IT CUMZ|300\/393 slp
|
|turn|63
|
|-curestatus|p2a: HERE IT CUMZ|slp
|move|p1a: Snorlax|Body Slam|p2a: HERE IT CUMZ
|-damage|p2a: HERE IT CUMZ|204\/393
|
|turn|64
|
|switch|p1a: Mewtwo|Mewtwo|344\/415 par
|move|p2a: HERE IT CUMZ|Surf|p1a: Mewtwo
|-damage|p1a: Mewtwo|273\/415 par
|
|turn|65
|
|switch|p2a: NVR SAY DIE!|Chansey|512\/703 par
|cant|p1a: Mewtwo|par
|
|turn|66
|
|move|p1a: Mewtwo|Recover|p1a: Mewtwo
|-heal|p1a: Mewtwo|415\/415 par
|move|p2a: NVR SAY DIE!|Seismic Toss|p1a: Mewtwo
|-damage|p1a: Mewtwo|315\/415 par
|
|turn|67
|
|move|p1a: Mewtwo|Thunderbolt|p2a: NVR SAY DIE!
|-damage|p2a: NVR SAY DIE!|411\/703 par
|move|p2a: NVR SAY DIE!|Seismic Toss|p1a: Mewtwo
|-damage|p1a: Mewtwo|215\/415 par
|
|turn|68
|
|cant|p1a: Mewtwo|par
|move|p2a: NVR SAY DIE!|Soft-Boiled|p2a: NVR SAY DIE!
|-heal|p2a: NVR SAY DIE!|703\/703 par
|
|turn|69
|
|move|p1a: Mewtwo|Recover|p1a: Mewtwo
|-heal|p1a: Mewtwo|415\/415 par
|move|p2a: NVR SAY DIE!|Light Screen|p2a: NVR SAY DIE!
|-start|p2a: NVR SAY DIE!|Light Screen
|
|turn|70
|
|switch|p1a: Mew|Mew|403\/403 par
|cant|p2a: NVR SAY DIE!|par
|
|turn|71
|
|switch|p2a: HERE IT CUMZ|Slowbro|204\/393
|move|p1a: Mew|Swords Dance|p1a: Mew
|-boost|p1a: Mew|atk|2
|
|turn|72
|
|move|p2a: HERE IT CUMZ|Amnesia|p2a: HERE IT CUMZ
|-boost|p2a: HERE IT CUMZ|spd|2
|-boost|p2a: HERE IT CUMZ|spa|2
|move|p1a: Mew|Body Slam|p2a: HERE IT CUMZ
|-damage|p2a: HERE IT CUMZ|76\/393
|
|turn|73
|
|move|p2a: HERE IT CUMZ|Surf|p1a: Mew
|-damage|p1a: Mew|219\/403 par
|move|p1a: Mew|Body Slam|p2a: HERE IT CUMZ
|-crit|p2a: HERE IT CUMZ
|-damage|p2a: HERE IT CUMZ|0 fnt
|faint|p2a: HERE IT CUMZ
|
|switch|p2a: Bonehead|Mewtwo|315\/415
|turn|74
|
|move|p2a: Bonehead|Ice Beam|p1a: Mew
|-damage|p1a: Mew|110\/403 par
|move|p1a: Mew|Self-Destruct|p2a: Bonehead
|-crit|p2a: Bonehead
|-damage|p2a: Bonehead|0 fnt
|faint|p2a: Bonehead
|faint|p1a: Mew
|J|Over Heaven
|
|switch|p1a: Zapdos|Zapdos|383\/383
|switch|p2a: The Sleeper|Exeggutor|166\/393
|turn|75
|L|Over Heaven
|c|★Lutra|ggs, good team
|c|★Tricking|ggs
|c|★Tricking|thank you marcoasd
|c|★Tricking|:0
|
|move|p1a: Zapdos|Drill Peck|p2a: The Sleeper
|-supereffective|p2a: The Sleeper
|-damage|p2a: The Sleeper|0 fnt
|faint|p2a: The Sleeper
|
|switch|p2a: NVR SAY DIE!|Chansey|703\/703 par
|turn|76
|
|switch|p1a: Snorlax|Snorlax|323\/523 par
|move|p2a: NVR SAY DIE!|Thunder Wave|p1a: Snorlax
|-fail|p1a: Snorlax|par
|
|turn|77
|
|switch|p2a: No Warrantee|Mew|97\/403 par
|move|p1a: Snorlax|Body Slam|p2a: No Warrantee
|-damage|p2a: No Warrantee|0 fnt
|faint|p2a: No Warrantee
|
|switch|p2a: Jynx|Jynx|333\/333 slp
|turn|78
|
|cant|p2a: Jynx|slp
|cant|p1a: Snorlax|par
|
|turn|79
|
|cant|p2a: Jynx|slp
|move|p1a: Snorlax|Self-Destruct|p2a: Jynx
|-crit|p2a: Jynx
|-damage|p2a: Jynx|0 fnt
|faint|p2a: Jynx
|faint|p1a: Snorlax
|
|switch|p1a: Exeggutor|Exeggutor|293\/393
|switch|p2a: NVR SAY DIE!|Chansey|703\/703 par
|turn|80
|
|move|p1a: Exeggutor|Explosion|p2a: NVR SAY DIE!
|-damage|p2a: NVR SAY DIE!|0 fnt
|faint|p2a: NVR SAY DIE!
|faint|p1a: Exeggutor
|
|win|Tricking