|J|marcoasd
|J|teal6
|player|p1|marcoasd|265
|player|p2|teal6|138
|gametype|singles
|gen|1
|tier|[Gen 1] OU
|seed|60647,63342,18640,60786
|rule|Sleep Clause Mod: Limit one foe put to sleep
|rule|Freeze Clause Mod: Limit one foe frozen
|rule|Species Clause: Limit one of each Pokémon
|rule|OHKO Clause: OHKO moves are banned
|rule|Evasion Moves Clause: Evasion moves are banned
|rule|HP Percentage Mod: HP is shown in percentages
|
|start
|switch|p1a: Starmie|Starmie|323\/323
|switch|p2a: Jynx|Jynx|333\/333
|turn|1
|choice|move 3|move 2
|
|move|p1a: Starmie|Thunder Wave|p2a: Jynx
|-status|p2a: Jynx|par
|move|p2a: Jynx|Lovely Kiss|p1a: Starmie|[miss]
|-miss|p2a: Jynx
|
|turn|2
|choice|move 2|move 2
|
|move|p1a: Starmie|Psychic|p2a: Jynx
|-resisted|p2a: Jynx
|-damage|p2a: Jynx|280\/333 par
|-unboost|p2a: Jynx|spd|1
|-unboost|p2a: Jynx|spa|1
|move|p2a: Jynx|Lovely Kiss|p1a: Starmie
|-status|p1a: Starmie|slp
|
|turn|3
|choice|switch 3|switch 3
|
|switch|p1a: Chansey|Chansey|703\/703
|switch|p2a: Snorlax|Snorlax|523\/523
|
|turn|4
|choice|move 1|move 1
|
|move|p1a: Chansey|Thunder Wave|p2a: Snorlax
|-status|p2a: Snorlax|par
|move|p2a: Snorlax|Body Slam|p1a: Chansey
|-damage|p1a: Chansey|427\/703
|
|turn|5
|choice|move 4|move 1
|
|move|p1a: Chansey|Soft-Boiled|p1a: Chansey
|-heal|p1a: Chansey|703\/703
|cant|p2a: Snorlax|par
|
|turn|6
|J|timetodddddduel
|choice|switch 6|move 1
|
|switch|p1a: Snorlax|Snorlax|523\/523
|move|p2a: Snorlax|Body Slam|p1a: Snorlax
|-damage|p1a: Snorlax|385\/523
|
|turn|7
|choice|move 2|move 1
|
|move|p1a: Snorlax|Reflect|p1a: Snorlax
|-start|p1a: Snorlax|Reflect
|move|p2a: Snorlax|Body Slam|p1a: Snorlax
|-damage|p1a: Snorlax|312\/523
|
|turn|8
|choice|move 1|switch 6
|
|switch|p2a: Slowbro|Slowbro|393\/393
|move|p1a: Snorlax|Body Slam|p2a: Slowbro
|-damage|p2a: Slowbro|294\/393
|-status|p2a: Slowbro|par
|
|turn|9
|choice|move 1|move 1
|
|move|p1a: Snorlax|Body Slam|p2a: Slowbro
|-damage|p2a: Slowbro|197\/393 par
|move|p2a: Slowbro|Amnesia|p2a: Slowbro
|-boost|p2a: Slowbro|spd|2
|-boost|p2a: Slowbro|spa|2
|
|turn|10
|J|odio questo gioco
|choice|move 1|move 4
|
|move|p1a: Snorlax|Body Slam|p2a: Slowbro
|-damage|p2a: Slowbro|88\/393 par
|cant|p2a: Slowbro|par
|
|turn|11
|L|odio questo gioco
|choice|move 1|switch 4
|
|switch|p2a: Exeggutor|Exeggutor|393\/393
|move|p1a: Snorlax|Body Slam|p2a: Exeggutor
|-damage|p2a: Exeggutor|283\/393
|
|turn|12
|choice|move 1|move 4
|
|move|p2a: Exeggutor|Stun Spore|p1a: Snorlax|[miss]
|-miss|p2a: Exeggutor
|move|p1a: Snorlax|Body Slam|p2a: Exeggutor
|-damage|p2a: Exeggutor|157\/393
|
|turn|13
|choice|move 1|move 4
|
|move|p2a: Exeggutor|Stun Spore|p1a: Snorlax
|-status|p1a: Snorlax|par
|move|p1a: Snorlax|Body Slam|p2a: Exeggutor
|-damage|p2a: Exeggutor|41\/393
|
|turn|14
|choice|switch 3|move 3
|
|switch|p1a: Starmie|Starmie|323\/323 slp
|move|p2a: Exeggutor|Explosion|p1a: Starmie
|-damage|p1a: Starmie|18\/323 slp
|faint|p2a: Exeggutor
|choice||switch 4
|
|switch|p2a: Slowbro|Slowbro|88\/393 par
|turn|15
|choice|switch 6|move 4
|
|switch|p1a: Chansey|Chansey|703\/703
|move|p2a: Slowbro|Rest|p2a: Slowbro
|-status|p2a: Slowbro|slp
|-heal|p2a: Slowbro|393\/393 slp|[silent]
|-status|p2a: Slowbro|slp|[from] move: Rest
|
|turn|16
|choice|move 3|switch 5
|
|switch|p2a: Chansey|Chansey|703\/703
|move|p1a: Chansey|Thunderbolt|p2a: Chansey
|-damage|p2a: Chansey|625\/703
|
|turn|17
|choice|move 1|move 1
|
|move|p1a: Chansey|Thunder Wave|p2a: Chansey
|-status|p2a: Chansey|par
|move|p2a: Chansey|Ice Beam|p1a: Chansey
|-damage|p1a: Chansey|635\/703
|
|turn|18
|choice|switch 3|move 1
|
|switch|p1a: Snorlax|Snorlax|312\/523 par
|cant|p2a: Chansey|par
|
|turn|19
|choice|move 3|move 1
|
|move|p2a: Chansey|Ice Beam|p1a: Snorlax
|-damage|p1a: Snorlax|209\/523 par
|cant|p1a: Snorlax|par
|
|turn|20
|choice|move 4|move 1
|
|move|p2a: Chansey|Ice Beam|p1a: Snorlax
|-damage|p1a: Snorlax|108\/523 par
|cant|p1a: Snorlax|par
|
|turn|21
|choice|move 4|move 1
|
|move|p2a: Chansey|Ice Beam|p1a: Snorlax
|-damage|p1a: Snorlax|6\/523 par
|move|p1a: Snorlax|Rest|p1a: Snorlax
|-status|p1a: Snorlax|slp
|-heal|p1a: Snorlax|523\/523 slp|[silent]
|-status|p1a: Snorlax|slp|[from] move: Rest
|
|turn|22
|c|★marcoasd|dio cane
|c|★teal6|fuck hahaha
|c|★teal6|i was like
|c|★teal6|"please dont have rest for some reason" lol
|choice|move 1|switch 6
|
|switch|p2a: Snorlax|Snorlax|523\/523 par
|cant|p1a: Snorlax|slp
|
|turn|23
|choice|move 2|move 4
|
|-curestatus|p1a: Snorlax|slp
|move|p2a: Snorlax|Self-Destruct|p1a: Snorlax
|-damage|p1a: Snorlax|88\/523
|faint|p2a: Snorlax
|choice||switch 2
|
|switch|p2a: Tauros|Tauros|353\/353
|turn|24
|choice|move 4|move 1
|
|move|p2a: Tauros|Body Slam|p1a: Snorlax
|-crit|p1a: Snorlax
|-damage|p1a: Snorlax|0 fnt
|faint|p1a: Snorlax
|choice|switch 5|
|
|switch|p1a: Tauros|Tauros|353\/353
|turn|25
|choice|move 1|move 1
|
|move|p2a: Tauros|Body Slam|p1a: Tauros
|-damage|p1a: Tauros|257\/353
|move|p1a: Tauros|Body Slam|p2a: Tauros
|-damage|p2a: Tauros|251\/353
|
|turn|26
|choice|move 1|move 1
|
|move|p1a: Tauros|Body Slam|p2a: Tauros
|-damage|p2a: Tauros|143\/353
|move|p2a: Tauros|Body Slam|p1a: Tauros
|-damage|p1a: Tauros|149\/353
|
|turn|27
|choice|switch 4|move 4
|
|switch|p1a: Golem|Golem|363\/363
|move|p2a: Tauros|Hyper Beam|p1a: Golem
|-crit|p1a: Golem
|-resisted|p1a: Golem
|-damage|p1a: Golem|225\/363
|
|turn|28
|-mustrecharge|p2a: Tauros
|c|★teal6|gah
|-mustrecharge|p2a: Tauros
|c|★teal6|wp
|choice|move 4|move 1
|
|cant|p2a: Tauros|recharge
|move|p1a: Golem|Explosion|p2a: Tauros
|-damage|p2a: Tauros|0 fnt
|faint|p2a: Tauros
|faint|p1a: Golem
|c|★marcoasd|well not that much
|choice|switch 4|switch 3
|
|switch|p1a: Tauros|Tauros|149\/353
|switch|p2a: Jynx|Jynx|280\/333 par
|turn|29
|choice|move 3|move 4
|
|move|p1a: Tauros|Hyper Beam|p2a: Jynx
|-damage|p2a: Jynx|0 fnt
|faint|p2a: Jynx
|choice||switch 6
|
|switch|p2a: Chansey|Chansey|625\/703 par
|turn|30
|choice|move 2|move 4
|
|move|p1a: Tauros|Earthquake|p2a: Chansey
|-damage|p2a: Chansey|414\/703 par
|cant|p2a: Chansey|par
|
|turn|31
|choice|move 3|move 2
|
|move|p1a: Tauros|Hyper Beam|p2a: Chansey
|-crit|p2a: Chansey
|-damage|p2a: Chansey|0 fnt
|faint|p2a: Chansey
|choice||switch 5
|
|switch|p2a: Slowbro|Slowbro|393\/393 slp
|turn|32
|c|★marcoasd|gg
|c|★teal6|gg
|choice|switch 2|move 3
|
|switch|p1a: Exeggutor|Exeggutor|393\/393
|cant|p2a: Slowbro|slp
|
|turn|33
|choice|move 4|move 4
|
|move|p1a: Exeggutor|Explosion|p2a: Slowbro
|-damage|p2a: Slowbro|144\/393 slp
|faint|p1a: Exeggutor
|choice|switch 3|
|
|switch|p1a: Chansey|Chansey|635\/703
|turn|34
|choice|move 3|move 4
|
|move|p1a: Chansey|Thunderbolt|p2a: Slowbro
|-supereffective|p2a: Slowbro
|-damage|p2a: Slowbro|0 fnt
|faint|p2a: Slowbro
|
|win|marcoasd