|J|Dice
|J|Tesung
|player|p1|Dice|134
|player|p2|Tesung|170
|gametype|singles
|gen|1
|tier|[Gen 1] OU
|seed|
|rule|Sleep Clause Mod: Limit one foe put to sleep
|rule|Freeze Clause Mod: Limit one foe frozen
|rule|Species Clause: Limit one of each Pokémon
|rule|OHKO Clause: OHKO moves are banned
|rule|Evasion Moves Clause: Evasion moves are banned
|rule|HP Percentage Mod: HP is shown in percentages
|
|start
|switch|p1a: Jynx|Jynx|100\/100
|switch|p2a: Jynx|Jynx|100\/100
|turn|1
|choice||
|
|move|p2a: Jynx|Lovely Kiss|p1a: Jynx
|-status|p1a: Jynx|slp
|cant|p1a: Jynx|slp
|
|turn|2
|choice||
|
|switch|p2a: Tauros|Tauros|100\/100
|-curestatus|p1a: Jynx|slp
|
|turn|3
|choice||
|
|switch|p2a: Jynx|Jynx|100\/100
|move|p1a: Jynx|Lovely Kiss|p2a: Jynx|[miss]
|-miss|p1a: Jynx
|
|turn|4
|choice||
|
|move|p1a: Jynx|Lovely Kiss|p2a: Jynx
|-status|p2a: Jynx|slp
|cant|p2a: Jynx|slp
|
|turn|5
|choice||
|
|switch|p1a: Tauros|Tauros|100\/100
|-curestatus|p2a: Jynx|slp
|
|turn|6
|choice||
|
|move|p1a: Tauros|Hyper Beam|p2a: Jynx
|-damage|p2a: Jynx|6\/100
|move|p2a: Jynx|Lovely Kiss|p1a: Tauros
|-status|p1a: Tauros|slp
|
|turn|7
|-mustrecharge|p1a: Tauros
|-mustrecharge|p1a: Tauros
|choice||
|
|cant|p1a: Tauros|recharge
|move|p2a: Jynx|Blizzard|p1a: Tauros
|-damage|p1a: Tauros|50\/100 slp
|
|turn|8
|choice||
|
|switch|p1a: Jynx|Jynx|100\/100
|move|p2a: Jynx|Rest|p2a: Jynx
|-status|p2a: Jynx|slp
|-heal|p2a: Jynx|100\/100 slp|[silent]
|-status|p2a: Jynx|slp|[from] move: Rest
|
|turn|9
|J|BKC
|L|BKC
|choice||
|
|cant|p2a: Jynx|slp
|move|p1a: Jynx|Psychic|p2a: Jynx
|-crit|p2a: Jynx
|-resisted|p2a: Jynx
|-damage|p2a: Jynx|68\/100 slp
|
|turn|10
|choice||
|
|move|p1a: Jynx|Psychic|p2a: Jynx
|-resisted|p2a: Jynx
|-damage|p2a: Jynx|53\/100 slp
|-curestatus|p2a: Jynx|slp
|
|turn|11
|choice||
|
|move|p2a: Jynx|Psychic|p1a: Jynx
|-resisted|p1a: Jynx
|-damage|p1a: Jynx|86\/100
|-unboost|p1a: Jynx|spd|1
|-unboost|p1a: Jynx|spa|1
|move|p1a: Jynx|Psychic|p2a: Jynx
|-crit|p2a: Jynx
|-resisted|p2a: Jynx
|-damage|p2a: Jynx|23\/100
|-unboost|p2a: Jynx|spd|1
|-unboost|p2a: Jynx|spa|1
|
|turn|12
|choice||
|
|move|p2a: Jynx|Rest|p2a: Jynx
|-status|p2a: Jynx|slp
|-heal|p2a: Jynx|100\/100 slp|[silent]
|-status|p2a: Jynx|slp|[from] move: Rest
|move|p1a: Jynx|Blizzard|p2a: Jynx
|-resisted|p2a: Jynx
|-damage|p2a: Jynx|80\/100 slp
|
|turn|13
|choice||
|
|move|p1a: Jynx|Psychic|p2a: Jynx
|-resisted|p2a: Jynx
|-damage|p2a: Jynx|64\/100 slp
|cant|p2a: Jynx|slp
|
|turn|14
|choice||
|
|-curestatus|p2a: Jynx|slp
|move|p1a: Jynx|Psychic|p2a: Jynx
|-resisted|p2a: Jynx
|-damage|p2a: Jynx|48\/100
|-unboost|p2a: Jynx|spd|1
|-unboost|p2a: Jynx|spa|1
|
|turn|15
|choice||
|
|move|p2a: Jynx|Rest|p2a: Jynx
|-status|p2a: Jynx|slp
|-heal|p2a: Jynx|100\/100 slp|[silent]
|-status|p2a: Jynx|slp|[from] move: Rest
|move|p1a: Jynx|Psychic|p2a: Jynx
|-crit|p2a: Jynx
|-resisted|p2a: Jynx
|-damage|p2a: Jynx|71\/100 slp
|
|turn|16
|choice||
|
|switch|p2a: Starmie|Starmie|100\/100
|move|p1a: Jynx|Psychic|p2a: Starmie
|-resisted|p2a: Starmie
|-damage|p2a: Starmie|89\/100
|-unboost|p2a: Starmie|spd|1
|-unboost|p2a: Starmie|spa|1
|
|turn|17
|choice||
|
|switch|p2a: Jynx|Jynx|71\/100 slp
|switch|p1a: Chansey|Chansey|100\/100
|
|turn|18
|choice||
|
|cant|p2a: Jynx|slp
|move|p1a: Chansey|Thunderbolt|p2a: Jynx
|-damage|p2a: Jynx|48\/100 slp
|
|turn|19
|choice||
|
|-curestatus|p2a: Jynx|slp
|move|p1a: Chansey|Thunder Wave|p2a: Jynx
|-status|p2a: Jynx|par
|
|turn|20
|choice||
|
|move|p1a: Chansey|Thunderbolt|p2a: Jynx
|-damage|p2a: Jynx|26\/100 par
|cant|p2a: Jynx|par
|
|turn|21
|choice||
|
|move|p1a: Chansey|Thunderbolt|p2a: Jynx
|-damage|p2a: Jynx|0 fnt
|faint|p2a: Jynx
|c|★Tesung|fk
|choice||
|
|switch|p2a: Starmie|Starmie|89\/100
|turn|22
|choice||
|
|move|p2a: Starmie|Thunder Wave|p1a: Chansey
|-status|p1a: Chansey|par
|move|p1a: Chansey|Thunderbolt|p2a: Starmie
|-supereffective|p2a: Starmie
|-damage|p2a: Starmie|42\/100
|
|turn|23
|choice||
|
|move|p2a: Starmie|Recover|p2a: Starmie
|-heal|p2a: Starmie|92\/100
|move|p1a: Chansey|Thunder Wave|p2a: Starmie
|-status|p2a: Starmie|par
|
|turn|24
|choice||
|
|switch|p2a: Snorlax|Snorlax|100\/100
|move|p1a: Chansey|Ice Beam|p2a: Snorlax
|-damage|p2a: Snorlax|82\/100
|
|turn|25
|choice||
|
|move|p2a: Snorlax|Body Slam|p1a: Chansey
|-damage|p1a: Chansey|59\/100 par
|cant|p1a: Chansey|par
|
|turn|26
|choice||
|
|switch|p1a: Exeggutor|Exeggutor|100\/100
|move|p2a: Snorlax|Body Slam|p1a: Exeggutor
|-damage|p1a: Exeggutor|73\/100
|
|turn|27
|choice||
|
|switch|p1a: Snorlax|Snorlax|100\/100
|switch|p2a: Starmie|Starmie|92\/100 par
|
|turn|28
|choice||
|
|switch|p2a: Chansey|Chansey|100\/100
|move|p1a: Snorlax|Amnesia|p1a: Snorlax
|-boost|p1a: Snorlax|spd|2
|-boost|p1a: Snorlax|spa|2
|
|turn|29
|choice||
|
|move|p2a: Chansey|Thunder Wave|p1a: Snorlax
|-status|p1a: Snorlax|par
|cant|p1a: Snorlax|par
|
|turn|30
|choice||
|
|move|p2a: Chansey|Seismic Toss|p1a: Snorlax
|-damage|p1a: Snorlax|81\/100 par
|move|p1a: Snorlax|Amnesia|p1a: Snorlax
|-boost|p1a: Snorlax|spd|2
|-boost|p1a: Snorlax|spa|2
|
|turn|31
|choice||
|
|move|p2a: Chansey|Seismic Toss|p1a: Snorlax
|-damage|p1a: Snorlax|62\/100 par
|cant|p1a: Snorlax|par
|
|turn|32
|choice||
|
|move|p2a: Chansey|Seismic Toss|p1a: Snorlax
|-damage|p1a: Snorlax|43\/100 par
|move|p1a: Snorlax|Blizzard|p2a: Chansey
|-damage|p2a: Chansey|69\/100
|
|turn|33
|choice||
|
|move|p2a: Chansey|Seismic Toss|p1a: Snorlax
|-damage|p1a: Snorlax|24\/100 par
|move|p1a: Snorlax|Self-Destruct|p2a: Chansey
|-damage|p2a: Chansey|0 fnt
|faint|p2a: Chansey
|faint|p1a: Snorlax
|choice||
|
|switch|p1a: Jynx|Jynx|86\/100
|switch|p2a: Snorlax|Snorlax|82\/100
|turn|34
|choice||
|
|switch|p2a: Starmie|Starmie|92\/100 par
|move|p1a: Jynx|Lovely Kiss|p2a: Starmie
|-fail|p2a: Starmie
|
|turn|35
|choice||
|
|switch|p1a: Chansey|Chansey|59\/100 par
|switch|p2a: Snorlax|Snorlax|82\/100
|
|turn|36
|choice||
|
|switch|p1a: Exeggutor|Exeggutor|73\/100
|move|p2a: Snorlax|Body Slam|p1a: Exeggutor
|-crit|p1a: Exeggutor
|-damage|p1a: Exeggutor|13\/100
|
|turn|37
|choice||
|
|move|p1a: Exeggutor|Psychic|p2a: Snorlax
|-crit|p2a: Snorlax
|-damage|p2a: Snorlax|26\/100
|-unboost|p2a: Snorlax|spd|1
|-unboost|p2a: Snorlax|spa|1
|move|p2a: Snorlax|Body Slam|p1a: Exeggutor
|-damage|p1a: Exeggutor|0 fnt
|faint|p1a: Exeggutor
|choice||
|
|switch|p1a: Lapras|Lapras|100\/100
|turn|38
|choice||
|
|switch|p2a: Starmie|Starmie|92\/100 par
|move|p1a: Lapras|Blizzard|p2a: Starmie
|-resisted|p2a: Starmie
|-damage|p2a: Starmie|71\/100 par
|
|turn|39
|choice||
|
|switch|p1a: Chansey|Chansey|59\/100 par
|move|p2a: Starmie|Thunder Wave|p1a: Chansey
|-fail|p1a: Chansey|par
|
|turn|40
|choice||
|
|switch|p2a: Snorlax|Snorlax|26\/100
|switch|p1a: Lapras|Lapras|100\/100
|
|turn|41
|choice||
|
|switch|p2a: Starmie|Starmie|71\/100 par
|move|p1a: Lapras|Blizzard|p2a: Starmie
|-resisted|p2a: Starmie
|-damage|p2a: Starmie|52\/100 par
|
|turn|42
|choice||
|
|move|p1a: Lapras|Thunderbolt|p2a: Starmie
|-supereffective|p2a: Starmie
|-damage|p2a: Starmie|7\/100 par
|move|p2a: Starmie|Thunder Wave|p1a: Lapras
|-status|p1a: Lapras|par
|
|turn|43
|choice||
|
|cant|p2a: Starmie|par
|move|p1a: Lapras|Thunderbolt|p2a: Starmie
|-supereffective|p2a: Starmie
|-damage|p2a: Starmie|0 fnt
|faint|p2a: Starmie
|choice||
|
|switch|p2a: Zapdos|Zapdos|100\/100
|turn|44
|choice||
|
|switch|p1a: Tauros|Tauros|50\/100 slp
|move|p2a: Zapdos|Thunder|p1a: Tauros|[miss]
|-miss|p2a: Zapdos
|
|turn|45
|choice||
|
|cant|p1a: Tauros|slp
|move|p2a: Zapdos|Agility|p2a: Zapdos
|-boost|p2a: Zapdos|spe|2
|
|turn|46
|choice||
|
|move|p2a: Zapdos|Thunderbolt|p1a: Tauros
|-damage|p1a: Tauros|2\/100 slp
|cant|p1a: Tauros|slp
|
|turn|47
|choice||
|
|move|p2a: Zapdos|Drill Peck|p1a: Tauros
|-damage|p1a: Tauros|0 fnt
|faint|p1a: Tauros
|choice||
|
|switch|p1a: Jynx|Jynx|86\/100
|turn|48
|choice||
|
|move|p2a: Zapdos|Drill Peck|p1a: Jynx
|-crit|p1a: Jynx
|-damage|p1a: Jynx|0 fnt
|faint|p1a: Jynx
|c|★Tesung|-
|choice||
|
|switch|p1a: Chansey|Chansey|59\/100 par
|turn|49
|choice||
|
|move|p2a: Zapdos|Drill Peck|p1a: Chansey
|-crit|p1a: Chansey
|-damage|p1a: Chansey|0 fnt
|faint|p1a: Chansey
|c|★Dice|lame
|c|★Tesung|gg
|c|★Tesung|lol
|-message|Dice forfeited.
|
|win|Tesung