|inactive|Battle timer is ON: inactive players will automatically lose when time's up.
|J|Golden Gyarados
|J|Tyrano
|player|p1|Golden Gyarados|266
|player|p2|Tyrano|80
|gametype|singles
|gen|1
|tier|[Gen 1] OU
|rule|Sleep Clause Mod: Limit one foe put to sleep
|rule|Freeze Clause Mod: Limit one foe frozen
|rule|Species Clause: Limit one of each Pokémon
|rule|OHKO Clause: OHKO moves are banned
|rule|Evasion Moves Clause: Evasion moves are banned
|rule|HP Percentage Mod: HP is shown in percentages
|
|start
|switch|p1a: Jynx|Jynx|333\/333
|switch|p2a: Starmie|Starmie|323\/323
|turn|1
|J|BKC
|J|M Dragon
|raw|<div class="broadcast-red"><b>Moderated chat was set to @!<\/b><br \/>Only users of rank @ and higher can talk.<\/div>
|J|kratosmana
|J|not guilas
|J|penedurojeje
|J|Betapf
|J|Txerogross
|J|elastico
|J|theurbandear
|J|Hikali
|J|TheLindomar
|J|Finchinator
|J|edgar
|L|TheLindomar
|J|jajajalol
|J|Yogiras
|J|e7e
|J|iamgingE
|
|move|p2a: Starmie|Thunder Wave|p1a: Jynx
|-status|p1a: Jynx|par
|move|p1a: Jynx|Lovely Kiss|p2a: Starmie
|-status|p2a: Starmie|slp
|
|turn|2
|J|Croven
|J|Terraquaza
|J|bouff
|J|Steelphoenix
|J|Sam
|J|Jimmy Turtwig
|J|Isa RC
|J|Kingler12345
|J|Meru
|J|colour the skies
|
|cant|p2a: Starmie|slp
|move|p1a: Jynx|Blizzard|p2a: Starmie
|-resisted|p2a: Starmie
|-damage|p2a: Starmie|259\/323 slp
|
|turn|3
|J|mfhoundoom
|J|Tesung
|J|str3amline
|J|Crying Heavens
|J|robert
|J|SoulWind
|J|Funkasaurus
|J|H-C
|J|Stall Hater
|
|switch|p2a: Chansey|Chansey|703\/703
|switch|p1a: Chansey|Chansey|703\/703
|
|turn|4
|J|hairy toenail
|J|cosine180
|L|Croven
|J|tomahawk
|
|move|p2a: Chansey|Thunder Wave|p1a: Chansey
|-status|p1a: Chansey|par
|move|p1a: Chansey|Ice Beam|p2a: Chansey
|-damage|p2a: Chansey|626\/703
|
|turn|5
|J|Croven
|J|Nails
|J|bug comin
|
|switch|p2a: Snorlax|Snorlax|523\/523
|move|p1a: Chansey|Thunder Wave|p2a: Snorlax
|-status|p2a: Snorlax|par
|
|turn|6
|J|nooboon
|J|Mizuhime
|
|cant|p1a: Chansey|par
|move|p2a: Snorlax|Earthquake|p1a: Chansey
|-damage|p1a: Chansey|488\/703 par
|
|turn|7
|
|cant|p1a: Chansey|par
|move|p2a: Snorlax|Body Slam|p1a: Chansey
|-damage|p1a: Chansey|182\/703 par
|
|turn|8
|
|switch|p1a: Golem|Golem|363\/363
|cant|p2a: Snorlax|par
|
|turn|9
|
|switch|p2a: Exeggutor|Exeggutor|393\/393
|move|p1a: Golem|Earthquake|p2a: Exeggutor
|-resisted|p2a: Exeggutor
|-damage|p2a: Exeggutor|328\/393
|
|turn|10
|L|mfhoundoom
|
|switch|p1a: Jynx|Jynx|333\/333 par
|move|p2a: Exeggutor|Psychic|p1a: Jynx
|-resisted|p1a: Jynx
|-damage|p1a: Jynx|266\/333 par
|
|turn|11
|J|Rumor
|J|sca1d
|J|Lanculus
|
|switch|p2a: Starmie|Starmie|259\/323 slp
|cant|p1a: Jynx|par
|
|turn|12
|J|Yoda2798
|L|Yoda2798
|L|Lanculus
|J|innovamania
|
|switch|p2a: Chansey|Chansey|626\/703
|move|p1a: Jynx|Psychic|p2a: Chansey
|-damage|p2a: Chansey|524\/703
|-unboost|p2a: Chansey|spd|1
|-unboost|p2a: Chansey|spa|1
|
|turn|13
|
|move|p2a: Chansey|Seismic Toss|p1a: Jynx
|-damage|p1a: Jynx|166\/333 par
|move|p1a: Jynx|Blizzard|p2a: Chansey
|-damage|p2a: Chansey|324\/703
|
|turn|14
|J|MoxieInfinite
|
|move|p2a: Chansey|Seismic Toss|p1a: Jynx
|-damage|p1a: Jynx|66\/333 par
|move|p1a: Jynx|Rest|p1a: Jynx
|-status|p1a: Jynx|slp
|-heal|p1a: Jynx|333\/333 slp|[silent]
|-status|p1a: Jynx|slp|[from] move: Rest
|
|turn|15
|J|Key
|J|Mr.378
|
|switch|p1a: Exeggutor|Exeggutor|393\/393
|move|p2a: Chansey|Soft-Boiled|p2a: Chansey
|-heal|p2a: Chansey|675\/703
|
|turn|16
|
|move|p1a: Exeggutor|Stun Spore|p2a: Chansey
|-status|p2a: Chansey|par
|move|p2a: Chansey|Thunder Wave|p1a: Exeggutor
|-status|p1a: Exeggutor|par
|
|turn|17
|L|Kingler12345
|
|move|p1a: Exeggutor|Psychic|p2a: Chansey
|-crit|p2a: Chansey
|-damage|p2a: Chansey|459\/703 par
|move|p2a: Chansey|Seismic Toss|p1a: Exeggutor
|-damage|p1a: Exeggutor|293\/393 par
|
|turn|18
|
|switch|p2a: Starmie|Starmie|259\/323 slp
|move|p1a: Exeggutor|Psychic|p2a: Starmie
|-resisted|p2a: Starmie
|-damage|p2a: Starmie|195\/323 slp
|
|turn|19
|J|Kingler12345
|J|apple7
|
|cant|p2a: Starmie|slp
|move|p1a: Exeggutor|Psychic|p2a: Starmie
|-resisted|p2a: Starmie
|-damage|p2a: Starmie|137\/323 slp
|
|turn|20
|J|soulgazer
|
|cant|p2a: Starmie|slp
|-curestatus|p2a: Starmie|slp
|cant|p1a: Exeggutor|par
|
|turn|21
|J|Analog
|J|ImGingy
|
|move|p2a: Starmie|Blizzard|p1a: Exeggutor
|-crit|p1a: Exeggutor
|-supereffective|p1a: Exeggutor
|-damage|p1a: Exeggutor|0 fnt
|faint|p1a: Exeggutor
|
|switch|p1a: Zapdos|Zapdos|383\/383
|turn|22
|
|switch|p2a: Rhydon|Rhydon|413\/413
|move|p1a: Zapdos|Thunderbolt|p2a: Rhydon
|-immune|p2a: Rhydon|[msg]
|
|turn|23
|J|marcoasd
|J|tele
|L|penedurojeje
|J|IAmAlsoGingy
|
|switch|p1a: Golem|Golem|363\/363
|move|p2a: Rhydon|Substitute|p2a: Rhydon
|-start|p2a: Rhydon|Substitute
|-damage|p2a: Rhydon|310\/413
|
|turn|24
|J|d0nutt
|
|move|p1a: Golem|Earthquake|p2a: Rhydon
|-supereffective|p2a: Rhydon
|-end|p2a: Rhydon|Substitute
|move|p2a: Rhydon|Earthquake|p1a: Golem
|-supereffective|p1a: Golem
|-damage|p1a: Golem|131\/363
|
|turn|25
|J|zdrup
|J|Based Lord Christo
|
|switch|p2a: Exeggutor|Exeggutor|328\/393
|move|p1a: Golem|Body Slam|p2a: Exeggutor
|-damage|p2a: Exeggutor|248\/393
|-status|p2a: Exeggutor|par
|
|turn|26
|J|SOMALIA
|J|ary
|J|Akkeshi
|J|Kefky
|
|switch|p1a: Jynx|Jynx|333\/333 slp
|switch|p2a: Snorlax|Snorlax|523\/523 par
|
|turn|27
|J|penedurojeje
|J|kektus
|
|switch|p1a: Golem|Golem|131\/363
|move|p2a: Snorlax|Body Slam|p1a: Golem
|-resisted|p1a: Golem
|-damage|p1a: Golem|87\/363
|
|turn|28
|J|Faith Lee
|L|penedurojeje
|J|yohji yanmegamotto
|L|IAmAlsoGingy
|L|yohji yanmegamotto
|
|move|p1a: Golem|Earthquake|p2a: Snorlax
|-damage|p2a: Snorlax|354\/523 par
|move|p2a: Snorlax|Earthquake|p1a: Golem
|-supereffective|p1a: Golem
|-damage|p1a: Golem|0 fnt
|faint|p1a: Golem
|J|Key
|J|yohji yanmegamotto
|J|penedurojeje
|J|IAmAlsoGingy
|
|switch|p1a: Zapdos|Zapdos|383\/383
|turn|29
|
|switch|p1a: Tauros|Tauros|353\/353
|switch|p2a: Rhydon|Rhydon|310\/413
|
|turn|30
|L|robert
|L|tele
|L|kektus
|J|GGuilas
|J|Rotter
|J|reiku
|
|switch|p2a: Starmie|Starmie|137\/323
|move|p1a: Tauros|Blizzard|p2a: Starmie
|-resisted|p2a: Starmie
|-damage|p2a: Starmie|97\/323
|
|turn|31
|
|move|p2a: Starmie|Recover|p2a: Starmie
|-heal|p2a: Starmie|258\/323
|move|p1a: Tauros|Body Slam|p2a: Starmie
|-damage|p2a: Starmie|145\/323
|
|turn|32
|J|Icey Tea
|J|notvidya
|L|notvidya
|
|switch|p1a: Chansey|Chansey|182\/703 par
|move|p2a: Starmie|Recover|p2a: Starmie
|-heal|p2a: Starmie|306\/323
|
|turn|33
|J|Axel10
|
|switch|p2a: Exeggutor|Exeggutor|248\/393 par
|move|p1a: Chansey|Soft-Boiled|p1a: Chansey
|-heal|p1a: Chansey|533\/703 par
|
|turn|34
|
|switch|p1a: Jynx|Jynx|333\/333 slp
|move|p2a: Exeggutor|Explosion|p1a: Jynx
|-damage|p1a: Jynx|0 fnt
|faint|p1a: Jynx
|faint|p2a: Exeggutor
|L|penedurojeje
|J|Gogoplata
|L|Gogoplata
|J|Real FV13
|
|switch|p2a: Tauros|Tauros|353\/353
|switch|p1a: Zapdos|Zapdos|383\/383
|turn|35
|
|switch|p2a: Rhydon|Rhydon|310\/413
|move|p1a: Zapdos|Thunder Wave|p2a: Rhydon
|-immune|p2a: Rhydon|[msg]
|
|turn|36
|L|Croven
|
|switch|p1a: Tauros|Tauros|353\/353
|move|p2a: Rhydon|Rock Slide|p1a: Tauros
|-damage|p1a: Tauros|236\/353
|
|turn|37
|J|Croven
|J|Xpa
|
|switch|p2a: Starmie|Starmie|306\/323
|move|p1a: Tauros|Body Slam|p2a: Starmie
|-damage|p2a: Starmie|193\/323
|
|turn|38
|J|penedurojeje
|
|switch|p1a: Chansey|Chansey|533\/703 par
|move|p2a: Starmie|Recover|p2a: Starmie
|-heal|p2a: Starmie|323\/323
|
|turn|39
|
|switch|p2a: Chansey|Chansey|459\/703 par
|move|p1a: Chansey|Ice Beam|p2a: Chansey
|-damage|p2a: Chansey|385\/703 par
|
|turn|40
|
|cant|p2a: Chansey|par
|cant|p1a: Chansey|par
|
|turn|41
|
|move|p1a: Chansey|Soft-Boiled|p1a: Chansey
|-heal|p1a: Chansey|703\/703 par
|move|p2a: Chansey|Soft-Boiled|p2a: Chansey
|-heal|p2a: Chansey|703\/703 par
|
|turn|42
|J|soulraiser
|
|move|p1a: Chansey|Thunderbolt|p2a: Chansey
|-damage|p2a: Chansey|627\/703 par
|move|p2a: Chansey|Reflect|p2a: Chansey
|-start|p2a: Chansey|Reflect
|
|turn|43
|
|move|p2a: Chansey|Seismic Toss|p1a: Chansey
|-damage|p1a: Chansey|603\/703 par
|move|p1a: Chansey|Thunderbolt|p2a: Chansey
|-damage|p2a: Chansey|559\/703 par
|
|turn|44
|
|move|p2a: Chansey|Seismic Toss|p1a: Chansey
|-damage|p1a: Chansey|503\/703 par
|move|p1a: Chansey|Thunderbolt|p2a: Chansey
|-damage|p2a: Chansey|487\/703 par
|
|turn|45
|J|ReshiRampage
|
|cant|p2a: Chansey|par
|move|p1a: Chansey|Soft-Boiled|p1a: Chansey
|-heal|p1a: Chansey|703\/703 par
|
|turn|46
|
|move|p2a: Chansey|Seismic Toss|p1a: Chansey
|-damage|p1a: Chansey|603\/703 par
|cant|p1a: Chansey|par
|
|turn|47
|
|cant|p2a: Chansey|par
|move|p1a: Chansey|Thunderbolt|p2a: Chansey
|-damage|p2a: Chansey|410\/703 par
|
|turn|48
|
|move|p2a: Chansey|Soft-Boiled|p2a: Chansey
|-heal|p2a: Chansey|703\/703 par
|move|p1a: Chansey|Thunderbolt|p2a: Chansey
|-damage|p2a: Chansey|631\/703 par
|
|turn|49
|L|nooboon
|
|move|p2a: Chansey|Seismic Toss|p1a: Chansey
|-damage|p1a: Chansey|503\/703 par
|move|p1a: Chansey|Thunderbolt|p2a: Chansey
|-damage|p2a: Chansey|552\/703 par
|
|turn|50
|
|move|p2a: Chansey|Seismic Toss|p1a: Chansey
|-damage|p1a: Chansey|403\/703 par
|move|p1a: Chansey|Thunderbolt|p2a: Chansey
|-damage|p2a: Chansey|479\/703 par
|
|turn|51
|
|cant|p2a: Chansey|par
|move|p1a: Chansey|Soft-Boiled|p1a: Chansey
|-heal|p1a: Chansey|703\/703 par
|
|turn|52
|
|move|p1a: Chansey|Thunderbolt|p2a: Chansey
|-damage|p2a: Chansey|408\/703 par
|cant|p2a: Chansey|par
|
|turn|53
|
|switch|p1a: Tauros|Tauros|236\/353
|move|p2a: Chansey|Soft-Boiled|p2a: Chansey
|-heal|p2a: Chansey|703\/703 par
|
|turn|54
|
|switch|p1a: Chansey|Chansey|703\/703 par
|move|p2a: Chansey|Thunder Wave|p1a: Chansey
|-fail|p1a: Chansey|par
|
|turn|55
|
|move|p2a: Chansey|Seismic Toss|p1a: Chansey
|-damage|p1a: Chansey|603\/703 par
|move|p1a: Chansey|Thunderbolt|p2a: Chansey
|-crit|p2a: Chansey
|-damage|p2a: Chansey|564\/703 par
|
|turn|56
|J|Kris Bryant
|
|move|p1a: Chansey|Thunderbolt|p2a: Chansey
|-damage|p2a: Chansey|494\/703 par
|move|p2a: Chansey|Reflect|p2a: Chansey
|-fail|p2a: Chansey
|
|turn|57
|
|cant|p2a: Chansey|par
|cant|p1a: Chansey|par
|
|turn|58
|
|move|p2a: Chansey|Reflect|p2a: Chansey
|-fail|p2a: Chansey
|move|p1a: Chansey|Thunderbolt|p2a: Chansey
|-damage|p2a: Chansey|420\/703 par
|
|turn|59
|
|switch|p1a: Tauros|Tauros|236\/353
|move|p2a: Chansey|Soft-Boiled|p2a: Chansey
|-heal|p2a: Chansey|703\/703 par
|
|turn|60
|
|switch|p1a: Chansey|Chansey|603\/703 par
|move|p2a: Chansey|Thunder Wave|p1a: Chansey
|-fail|p1a: Chansey|par
|
|turn|61
|
|move|p1a: Chansey|Thunder Wave|p2a: Chansey
|-fail|p2a: Chansey|par
|cant|p2a: Chansey|par
|
|turn|62
|
|move|p2a: Chansey|Seismic Toss|p1a: Chansey
|-damage|p1a: Chansey|503\/703 par
|cant|p1a: Chansey|par
|
|turn|63
|
|move|p2a: Chansey|Seismic Toss|p1a: Chansey
|-damage|p1a: Chansey|403\/703 par
|move|p1a: Chansey|Ice Beam|p2a: Chansey
|-damage|p2a: Chansey|631\/703 par
|
|turn|64
|
|cant|p2a: Chansey|par
|move|p1a: Chansey|Soft-Boiled|p1a: Chansey
|-heal|p1a: Chansey|703\/703 par
|
|turn|65
|
|move|p1a: Chansey|Thunderbolt|p2a: Chansey
|-damage|p2a: Chansey|556\/703 par
|move|p2a: Chansey|Seismic Toss|p1a: Chansey
|-damage|p1a: Chansey|603\/703 par
|
|turn|66
|
|move|p1a: Chansey|Ice Beam|p2a: Chansey
|-damage|p2a: Chansey|484\/703 par
|move|p2a: Chansey|Seismic Toss|p1a: Chansey
|-damage|p1a: Chansey|503\/703 par
|
|turn|67
|
|move|p2a: Chansey|Soft-Boiled|p2a: Chansey
|-heal|p2a: Chansey|703\/703 par
|move|p1a: Chansey|Soft-Boiled|p1a: Chansey
|-heal|p1a: Chansey|703\/703 par
|
|turn|68
|
|move|p2a: Chansey|Seismic Toss|p1a: Chansey
|-damage|p1a: Chansey|603\/703 par
|move|p1a: Chansey|Ice Beam|p2a: Chansey
|-damage|p2a: Chansey|623\/703 par
|
|turn|69
|
|move|p2a: Chansey|Seismic Toss|p1a: Chansey
|-damage|p1a: Chansey|503\/703 par
|move|p1a: Chansey|Ice Beam|p2a: Chansey
|-damage|p2a: Chansey|551\/703 par
|
|turn|70
|L|yohji yanmegamotto
|
|move|p2a: Chansey|Reflect|p2a: Chansey
|-fail|p2a: Chansey
|move|p1a: Chansey|Soft-Boiled|p1a: Chansey
|-heal|p1a: Chansey|703\/703 par
|
|turn|71
|
|cant|p2a: Chansey|par
|move|p1a: Chansey|Ice Beam|p2a: Chansey
|-damage|p2a: Chansey|475\/703 par
|
|turn|72
|
|switch|p1a: Zapdos|Zapdos|383\/383
|move|p2a: Chansey|Soft-Boiled|p2a: Chansey
|-heal|p2a: Chansey|703\/703 par
|
|turn|73
|J|Hot N Cold
|L|Hot N Cold
|
|switch|p1a: Chansey|Chansey|703\/703 par
|move|p2a: Chansey|Thunder Wave|p1a: Chansey
|-fail|p1a: Chansey|par
|
|turn|74
|
|move|p1a: Chansey|Ice Beam|p2a: Chansey
|-damage|p2a: Chansey|633\/703 par
|move|p2a: Chansey|Seismic Toss|p1a: Chansey
|-damage|p1a: Chansey|603\/703 par
|
|turn|75
|
|move|p2a: Chansey|Reflect|p2a: Chansey
|-fail|p2a: Chansey
|move|p1a: Chansey|Ice Beam|p2a: Chansey
|-damage|p2a: Chansey|553\/703 par
|
|turn|76
|
|switch|p1a: Zapdos|Zapdos|383\/383
|move|p2a: Chansey|Seismic Toss|p1a: Zapdos
|-damage|p1a: Zapdos|283\/383
|
|turn|77
|L|colour the skies
|
|move|p1a: Zapdos|Mimic|p2a: Chansey
|-start|p1a: Zapdos|Mimic|Soft-Boiled
|move|p2a: Chansey|Thunder Wave|p1a: Zapdos
|-status|p1a: Zapdos|par
|
|turn|78
|L|Based Lord Christo
|L|H-C
|
|move|p1a: Zapdos|Soft-Boiled|p1a: Zapdos
|-heal|p1a: Zapdos|383\/383 par
|cant|p2a: Chansey|par
|
|turn|79
|J|Lutra
|
|move|p1a: Zapdos|Drill Peck|p2a: Chansey
|-crit|p2a: Chansey
|-damage|p2a: Chansey|52\/703 par
|move|p2a: Chansey|Seismic Toss|p1a: Zapdos
|-damage|p1a: Zapdos|283\/383 par
|
|turn|80
|
|move|p1a: Zapdos|Drill Peck|p2a: Chansey
|-damage|p2a: Chansey|0 fnt
|faint|p2a: Chansey
|L|penedurojeje
|
|switch|p2a: Rhydon|Rhydon|310\/413
|turn|81
|J|Cristal
|J|Lyconik
|J|giara
|J|Luckstard.
|J|ParaSlam
|L|ParaSlam
|J|Tombtoile
|J|Hot N Cold
|J|Froggy26
|L|Hot N Cold
|
|switch|p1a: Tauros|Tauros|236\/353
|move|p2a: Rhydon|Earthquake|p1a: Tauros
|-damage|p1a: Tauros|96\/353
|
|turn|82
|
|switch|p2a: Starmie|Starmie|323\/323
|move|p1a: Tauros|Blizzard|p2a: Starmie
|-resisted|p2a: Starmie
|-damage|p2a: Starmie|286\/323
|
|turn|83
|J|penedurojeje
|
|switch|p1a: Chansey|Chansey|603\/703 par
|move|p2a: Starmie|Blizzard|p1a: Chansey
|-damage|p1a: Chansey|509\/703 par
|
|turn|84
|L|Akkeshi
|
|switch|p2a: Snorlax|Snorlax|354\/523 par
|move|p1a: Chansey|Ice Beam|p2a: Snorlax
|-damage|p2a: Snorlax|254\/523 par
|
|turn|85
|
|cant|p1a: Chansey|par
|move|p2a: Snorlax|Self-Destruct|p1a: Chansey
|-damage|p1a: Chansey|0 fnt
|faint|p1a: Chansey
|faint|p2a: Snorlax
|
|switch|p2a: Starmie|Starmie|286\/323
|switch|p1a: Zapdos|Zapdos|283\/383 par
|turn|86
|
|switch|p2a: Rhydon|Rhydon|310\/413
|switch|p1a: Tauros|Tauros|96\/353
|
|turn|87
|
|switch|p2a: Starmie|Starmie|286\/323
|move|p1a: Tauros|Blizzard|p2a: Starmie
|-resisted|p2a: Starmie
|-damage|p2a: Starmie|246\/323
|
|turn|88
|J|stathakis
|L|Lyconik
|J|LJDarkrai
|
|move|p2a: Starmie|Blizzard|p1a: Tauros
|-damage|p1a: Tauros|0 fnt
|faint|p1a: Tauros
|J|Hot N Cold
|c|★Golden Gyarados|gg
|
|switch|p1a: Zapdos|Zapdos|283\/383 par
|turn|89
|L|e7e
|L|Hot N Cold
|c|★Tyrano|gg
|
|move|p2a: Starmie|Blizzard|p1a: Zapdos
|-supereffective|p1a: Zapdos
|-damage|p1a: Zapdos|126\/383 par
|move|p1a: Zapdos|Mimic|p2a: Starmie
|-start|p1a: Zapdos|Mimic|Blizzard
|
|turn|90
|
|move|p2a: Starmie|Blizzard|p1a: Zapdos
|-crit|p1a: Zapdos
|-supereffective|p1a: Zapdos
|-damage|p1a: Zapdos|0 fnt
|faint|p1a: Zapdos
|
|win|Tyrano
|L|Axel10
|L|BKC
|J|AZ5102
|L|Xpa
|J|robert
|J|Gogoplata
|J|ludicrousman
|L|SoulWind
|L|Golden Gyarados
|player|p1
|L|Mr.378
|L|Stall Hater
|L|d0nutt
|L|Jimmy Turtwig
|L|bouff
|L|Kefky
|L|ReshiRampage
|L|Froggy26
|L|AZ5102
|L|penedurojeje
|L|jajajalol
|L|Faith Lee
|L|sca1d
|L|Real FV13
|L|theurbandear
|L|Hikali
|L|Finchinator
|L|Tesung
|L|GGuilas
|J|Stratos
|L|stathakis
|L|Yogiras
|L|robert
|L|Tyrano
|player|p2
|L|Luckstard.
|L|marcoasd
|L|cosine180
|J|Stall Hater
|J|Nails
|L|jpw234
|L|Lutra
|L|Stall Hater
|L|Rumor
|L|kratosmana
|L|elastico
|L|Analog
|L|Isa RC
|L|M Dragon
|L|Mizuhime
|L|Tombtoile
|L|zdrup
|L|Rotter
|L|hairy toenail
|L|Txerogross
|L|Stratos
|L|reiku
|L|ludicrousman
|L|Crying Heavens
|L|iamgingE
|L|Kingler12345
|J|Xopi
|L|Xopi
|L|Steelphoenix
|L|Key
|L|edgar
|L|innovamania
|L|apple7
|J|zdrup
|L|zdrup
|L|Gogoplata
|L|Croven
|L|ary
|J|marcoasd
|L|marcoasd
|L|LJDarkrai