|inactive|Battle timer is ON: inactive players will automatically lose when time's up.
|J|Finchinator
|J|Disenchanted
|player|p1|Finchinator|1
|player|p2|Disenchanted|170
|gametype|singles
|gen|1
|tier|[Gen 1] OU
|seed|28523,17741,62397,31814
|rule|Sleep Clause Mod: Limit one foe put to sleep
|rule|Freeze Clause Mod: Limit one foe frozen
|rule|Species Clause: Limit one of each Pokémon
|rule|OHKO Clause: OHKO moves are banned
|rule|Evasion Moves Clause: Evasion moves are banned
|rule|HP Percentage Mod: HP is shown in percentages
|
|start
|switch|p1a: Starmie|Starmie|323\/323
|switch|p2a: Gengar|Gengar|323\/323
|turn|1
|J|Clueless
|c|★Disenchanted|1sec
|c|★Disenchanted|gotta pee
|J|Jirachee
|J|Syncrasy
|L|Jirachee
|J|Dad's Dad
|J|teal6
|c|★Finchinator|in br pee.
|J|CasedVictory
|c|+CasedVictory|finchinator you didnt say
|c|★Disenchanted|in brasil
|c|★Disenchanted|rain
|c|+CasedVictory|ANYTHING about me? :(
|J|Astounded
|L|Astounded
|choice|move 2|switch 4
|
|switch|p2a: Chansey|Chansey|703\/703
|move|p1a: Starmie|Blizzard|p2a: Chansey
|-crit|p2a: Chansey
|-damage|p2a: Chansey|528\/703
|
|turn|2
|J|hodor
|J|quagback2qc
|J|Demerging
|J|Omastar42
|choice|switch 4|move 2
|
|switch|p1a: Chansey|Chansey|703\/703
|move|p2a: Chansey|Thunderbolt|p1a: Chansey
|-damage|p1a: Chansey|631\/703
|
|turn|3
|c|+CasedVictory|u didnt say
|c|+CasedVictory|1 scoutting advice
|choice|move 1|move 3
|
|move|p2a: Chansey|Ice Beam|p1a: Chansey
|-damage|p1a: Chansey|555\/703
|-status|p1a: Chansey|frz
|cant|p1a: Chansey|frz
|
|turn|4
|c|+CasedVictory|WTF
|c|★Disenchanted|cool.
|c|★Finchinator|fucking
|c|★Finchinator|brazilians
|choice|switch 2|move 2
|
|switch|p1a: Exeggutor|Exeggutor|393\/393
|move|p2a: Chansey|Thunderbolt|p1a: Exeggutor
|-resisted|p1a: Exeggutor
|-damage|p1a: Exeggutor|358\/393
|
|turn|5
|c|+CasedVictory|finch not a sngle thing :(
|c|★Disenchanted|cased
|c|★Disenchanted|sup
|c|+CasedVictory|hi
|c|+CasedVictory|nm
|c|+CasedVictory|why'd you bring stall
|choice|move 2|switch 4
|
|switch|p2a: Gengar|Gengar|323\/323
|move|p1a: Exeggutor|Sleep Powder|p2a: Gengar|[miss]
|-miss|p1a: Exeggutor
|
|turn|6
|c|+CasedVictory|without mola
|c|★Disenchanted|idk
|c|+CasedVictory|me neither
|c|★Disenchanted|it was knida a good decision
|c|+CasedVictory|~_~
|c|★Disenchanted|but i palyed it badly
|c|★Finchinator|"ORAS NU: Cased vs rozes - One does not scout a CasedVictory. We've spoken about this and will continue to. 
|c|★Finchinator|"
|c|★Disenchanted|i should have watchep
|c|+CasedVictory|come'on
|c|★Disenchanted|your match vs
|c|+CasedVictory|you didn't help
|c|★Disenchanted|king uu
|c|+CasedVictory|a SINGLE thing
|c|★Disenchanted|to learn how to play with stall
|choice|move 2|move 1
|
|move|p2a: Gengar|Hypnosis|p1a: Exeggutor
|-status|p1a: Exeggutor|slp
|cant|p1a: Exeggutor|slp
|
|turn|7
|c|+CasedVictory|ya
|c|★Finchinator|wtf
|c|+CasedVictory|mirror coat da reun
|c|★Finchinator|u hit
|choice|move 2|move 4
|
|move|p2a: Gengar|Night Shade|p1a: Exeggutor
|-damage|p1a: Exeggutor|258\/393 slp
|-curestatus|p1a: Exeggutor|slp
|
|turn|8
|choice|move 2|move 1
|
|move|p2a: Gengar|Hypnosis|p1a: Exeggutor|[miss]
|-miss|p2a: Gengar
|move|p1a: Exeggutor|Sleep Powder|p2a: Gengar
|-status|p2a: Gengar|slp
|
|turn|9
|c|★Finchinator|HA
|c|★Disenchanted|o_o
|J|Tatsuma
|L|quagback2qc
|choice|move 1|move 4
|
|cant|p2a: Gengar|slp
|move|p1a: Exeggutor|Psychic|p2a: Gengar
|-supereffective|p2a: Gengar
|-damage|p2a: Gengar|100\/323 slp
|-unboost|p2a: Gengar|spd|1
|-unboost|p2a: Gengar|spa|1
|
|turn|10
|choice|move 1|switch 3
|
|switch|p2a: Starmie|Starmie|323\/323
|move|p1a: Exeggutor|Psychic|p2a: Starmie
|-resisted|p2a: Starmie
|-damage|p2a: Starmie|265\/323
|-unboost|p2a: Starmie|spd|1
|-unboost|p2a: Starmie|spa|1
|
|turn|11
|L|Syncrasy
|choice|switch 4|switch 3
|
|switch|p2a: Gengar|Gengar|100\/323 slp
|switch|p1a: Starmie|Starmie|323\/323
|
|turn|12
|choice|move 2|switch 4
|
|switch|p2a: Chansey|Chansey|528\/703
|move|p1a: Starmie|Blizzard|p2a: Chansey
|-damage|p2a: Chansey|433\/703
|
|turn|13
|c|+Tatsuma|go disenchanted oo
|choice|switch 5|move 1
|
|switch|p1a: Golem|Golem|363\/363
|move|p2a: Chansey|Soft-Boiled|p2a: Chansey
|-heal|p2a: Chansey|703\/703
|
|turn|14
|c|%hodor|finchantor
|choice|move 1|switch 3
|
|switch|p2a: Starmie|Starmie|265\/323
|move|p1a: Golem|Earthquake|p2a: Starmie
|-damage|p2a: Starmie|121\/323
|
|turn|15
|c|★Finchinator|mr
|c|★Finchinator|me*
|choice|switch 5|move 4
|
|switch|p1a: Starmie|Starmie|323\/323
|move|p2a: Starmie|Recover|p2a: Starmie
|-heal|p2a: Starmie|282\/323
|
|turn|16
|choice|move 4|switch 3
|
|switch|p2a: Chansey|Chansey|703\/703
|move|p1a: Starmie|Thunder Wave|p2a: Chansey
|-status|p2a: Chansey|par
|
|turn|17
|c|★Disenchanted|get predicted.
|choice|switch 3|move 3
|
|switch|p1a: Snorlax|Snorlax|523\/523
|cant|p2a: Chansey|par
|
|turn|18
|choice|move 4|switch 6
|
|switch|p2a: Snorlax|Snorlax|523\/523
|move|p1a: Snorlax|Earthquake|p2a: Snorlax
|-damage|p2a: Snorlax|405\/523
|
|turn|19
|choice|switch 5|move 3
|
|switch|p1a: Golem|Golem|363\/363
|move|p2a: Snorlax|Earthquake|p1a: Golem
|-supereffective|p1a: Golem
|-damage|p1a: Golem|225\/363
|
|turn|20
|choice|move 2|switch 3
|
|switch|p2a: Starmie|Starmie|282\/323
|move|p1a: Golem|Body Slam|p2a: Starmie
|-damage|p2a: Starmie|201\/323
|-status|p2a: Starmie|par
|
|turn|21
|c|★Disenchanted|hax
|c|★Finchinator|watch
|c|★Finchinator|this
|choice|move 1|switch 4
|
|switch|p2a: Gengar|Gengar|100\/323 slp
|move|p1a: Golem|Earthquake|p2a: Gengar
|-supereffective|p2a: Gengar
|-damage|p2a: Gengar|0 fnt
|faint|p2a: Gengar
|c|★Finchinator|bop
|choice||switch 5
|
|switch|p2a: Exeggutor|Exeggutor|393\/393
|turn|22
|choice|move 3|move 1
|
|move|p2a: Exeggutor|Sleep Powder|p1a: Golem
|-status|p1a: Golem|slp
|cant|p1a: Golem|slp
|
|turn|23
|choice|switch 3|move 3
|
|switch|p1a: Starmie|Starmie|323\/323
|move|p2a: Exeggutor|Psychic|p1a: Starmie
|-resisted|p1a: Starmie
|-damage|p1a: Starmie|265\/323
|
|turn|24
|choice|switch 5|switch 6
|
|switch|p1a: Snorlax|Snorlax|523\/523
|switch|p2a: Chansey|Chansey|703\/703 par
|
|turn|25
|choice|move 1|switch 3
|
|switch|p2a: Snorlax|Snorlax|405\/523
|move|p1a: Snorlax|Body Slam|p2a: Snorlax
|-damage|p2a: Snorlax|268\/523
|
|turn|26
|choice|move 1|move 2
|
|move|p1a: Snorlax|Body Slam|p2a: Snorlax
|-damage|p2a: Snorlax|123\/523
|move|p2a: Snorlax|Counter|p1a: Snorlax
|-damage|p1a: Snorlax|233\/523
|
|turn|27
|choice|move 1|move 4
|
|move|p2a: Snorlax|Self-Destruct|p1a: Snorlax
|-damage|p1a: Snorlax|0 fnt
|faint|p1a: Snorlax
|faint|p2a: Snorlax
|c|★Finchinator|why do u
|c|★Disenchanted|there it is
|c|★Finchinator|always win the ties
|c|★Finchinator|fck u
|c|★Disenchanted|be nice
|c|★Disenchanted|we're friends
|c|★Finchinator|dude im just fucking
|c|★Finchinator|LOL
|c|★Finchinator|dw
|c|★Disenchanted|so am i
|c|★Disenchanted|dw
|c|★Disenchanted|o_o
|c|+Tatsuma|rude 
|c|★Finchinator|i dont give much of a fuck about this tour
|c|★Disenchanted|i was just trying
|c|★Finchinator|i just wanna make as many 'typical br' jokes
|c|+Tatsuma|this is the first game?
|c|★Disenchanted|to troll you back
|c|★Finchinator|and use the o_o
|J|Jirachee
|c|★Disenchanted|hahahaha
|c|★Finchinator|as many times as possible
|c|★Finchinator|good goals
|c|★Finchinator|yn
|c|★Finchinator|o_o
|c|★Disenchanted|yea
|c|★Disenchanted|sure
|c|★Disenchanted|o_o
|c|★Disenchanted|you're doing
|c|★Disenchanted|it right
|c|★Finchinator|;]
|choice|switch 4|switch 6
|
|switch|p2a: Exeggutor|Exeggutor|393\/393
|switch|p1a: Exeggutor|Exeggutor|258\/393
|turn|28
|choice|move 1|move 3
|
|move|p2a: Exeggutor|Psychic|p1a: Exeggutor
|-resisted|p1a: Exeggutor
|-damage|p1a: Exeggutor|204\/393
|move|p1a: Exeggutor|Psychic|p2a: Exeggutor
|-resisted|p2a: Exeggutor
|-damage|p2a: Exeggutor|339\/393
|-unboost|p2a: Exeggutor|spd|1
|-unboost|p2a: Exeggutor|spa|1
|
|turn|29
|choice|move 1|move 3
|
|move|p1a: Exeggutor|Psychic|p2a: Exeggutor
|-crit|p2a: Exeggutor
|-resisted|p2a: Exeggutor
|-damage|p2a: Exeggutor|234\/393
|-unboost|p2a: Exeggutor|spd|1
|-unboost|p2a: Exeggutor|spa|1
|move|p2a: Exeggutor|Psychic|p1a: Exeggutor
|-resisted|p1a: Exeggutor
|-damage|p1a: Exeggutor|180\/393
|-unboost|p1a: Exeggutor|spd|1
|-unboost|p1a: Exeggutor|spa|1
|
|turn|30
|c|★Disenchanted|there it is.
|choice|switch 3|move 4
|
|switch|p1a: Golem|Golem|225\/363 slp
|move|p2a: Exeggutor|Explosion|p1a: Golem
|-resisted|p1a: Golem
|-damage|p1a: Golem|126\/363 slp
|faint|p2a: Exeggutor
|choice||switch 2
|
|switch|p2a: Tauros|Tauros|353\/353
|turn|31
|choice|move 3|move 3
|
|move|p2a: Tauros|Earthquake|p1a: Golem
|-supereffective|p1a: Golem
|-damage|p1a: Golem|0 fnt
|faint|p1a: Golem
|choice|switch 5|
|
|switch|p1a: Starmie|Starmie|265\/323
|turn|32
|c|★Disenchanted|is ur last
|c|★Disenchanted|tauros
|c|★Disenchanted|o_o
|c|★Disenchanted|almost forgot
|c|★Disenchanted|about
|choice|switch 3|switch 3
|
|switch|p1a: Exeggutor|Exeggutor|180\/393
|switch|p2a: Chansey|Chansey|703\/703 par
|
|turn|33
|c|★Disenchanted|the o_o
|choice|move 1|switch 4
|
|switch|p2a: Starmie|Starmie|201\/323 par
|move|p1a: Exeggutor|Psychic|p2a: Starmie
|-resisted|p2a: Starmie
|-damage|p2a: Starmie|137\/323 par
|
|turn|34
|choice|move 4|move 4
|
|move|p1a: Exeggutor|Mega Drain|p2a: Starmie
|-supereffective|p2a: Starmie
|-damage|p2a: Starmie|21\/323 par
|-heal|p1a: Exeggutor|238\/393|[from] drain|[of] p2a: Starmie
|move|p2a: Starmie|Recover|p2a: Starmie
|-heal|p2a: Starmie|182\/323 par
|
|turn|35
|choice|move 4|move 4
|
|move|p1a: Exeggutor|Mega Drain|p2a: Starmie
|-supereffective|p2a: Starmie
|-damage|p2a: Starmie|75\/323 par
|-heal|p1a: Exeggutor|291\/393|[from] drain|[of] p2a: Starmie
|cant|p2a: Starmie|par
|
|turn|36
|choice|move 4|move 3
|
|move|p1a: Exeggutor|Mega Drain|p2a: Starmie
|-crit|p2a: Starmie
|-supereffective|p2a: Starmie
|-damage|p2a: Starmie|0 fnt
|-heal|p1a: Exeggutor|328\/393|[from] drain|[of] p2a: Starmie
|faint|p2a: Starmie
|choice||switch 4
|
|switch|p2a: Chansey|Chansey|703\/703 par
|turn|37
|choice|move 1|move 3
|
|move|p1a: Exeggutor|Psychic|p2a: Chansey
|-damage|p2a: Chansey|581\/703 par
|move|p2a: Chansey|Ice Beam|p1a: Exeggutor
|-supereffective|p1a: Exeggutor
|-damage|p1a: Exeggutor|202\/393
|
|turn|38
|choice|move 1|move 4
|
|move|p1a: Exeggutor|Psychic|p2a: Chansey
|-damage|p2a: Chansey|457\/703 par
|-unboost|p2a: Chansey|spd|1
|-unboost|p2a: Chansey|spa|1
|move|p2a: Chansey|Thunder Wave|p1a: Exeggutor
|-status|p1a: Exeggutor|par
|
|turn|39
|choice|move 3|move 1
|
|move|p1a: Exeggutor|Explosion|p2a: Chansey
|-damage|p2a: Chansey|0 fnt
|faint|p2a: Chansey
|faint|p1a: Exeggutor
|choice|switch 3|switch 3
|
|switch|p1a: Starmie|Starmie|265\/323
|switch|p2a: Tauros|Tauros|353\/353
|turn|40
|choice|move 4|move 2
|
|move|p1a: Starmie|Thunder Wave|p2a: Tauros
|-status|p2a: Tauros|par
|move|p2a: Tauros|Body Slam|p1a: Starmie
|-damage|p1a: Starmie|162\/323
|-status|p1a: Starmie|par
|
|turn|41
|choice|move 2|move 1
|
|cant|p1a: Starmie|par
|move|p2a: Tauros|Hyper Beam|p1a: Starmie
|-damage|p1a: Starmie|0 fnt
|faint|p1a: Starmie
|choice|switch 6|
|
|switch|p1a: Tauros|Tauros|353\/353
|turn|42
|c|★Disenchanted|cmon
|c|★Disenchanted|tauros
|c|★Finchinator|n
|c|★Finchinator|n
|c|★Finchinator|n
|c|★Finchinator|n
|c|★Finchinator|n
|c|★Finchinator|n
|c|★Finchinator|n
|c|★Disenchanted|tibazaaaaaaaao
|choice|move 1|move 2
|
|move|p1a: Tauros|Body Slam|p2a: Tauros
|-damage|p2a: Tauros|243\/353 par
|move|p2a: Tauros|Body Slam|p1a: Tauros
|-damage|p1a: Tauros|249\/353
|
|turn|43
|c|★Finchinator|o_o
|c|★Disenchanted|hm
|c|★Disenchanted|should i go
|c|★Disenchanted|for the para
|c|★Disenchanted|or for the crit
|c|★Finchinator|u gotta go for crit
|c|★Finchinator|imo
|J|Mr.378
|c|+Tatsuma|go hyper and crit :]
|L|CasedVictory
|c|★Finchinator|dear god.
|choice|move 1|move 1
|
|move|p1a: Tauros|Body Slam|p2a: Tauros
|-damage|p2a: Tauros|135\/353 par
|cant|p2a: Tauros|par
|
|turn|44
|c|★Disenchanted|fuk
|c|★Disenchanted|yo
|choice|move 3|move 1
|
|move|p1a: Tauros|Hyper Beam|p2a: Tauros
|-damage|p2a: Tauros|0 fnt
|faint|p2a: Tauros
|
|win|Finchinator