|J|marcoasd
|J|teal6
|player|p1|marcoasd|265
|player|p2|teal6|138
|gametype|singles
|gen|1
|tier|[Gen 1] OU
|seed|21494,6889,34309,1115
|rule|Sleep Clause Mod: Limit one foe put to sleep
|rule|Freeze Clause Mod: Limit one foe frozen
|rule|Species Clause: Limit one of each Pokémon
|rule|OHKO Clause: OHKO moves are banned
|rule|Evasion Moves Clause: Evasion moves are banned
|rule|HP Percentage Mod: HP is shown in percentages
|
|start
|switch|p1a: Starmie|Starmie|323\/323
|switch|p2a: Jolteon|Jolteon|333\/333
|turn|1
|J|KratosMana
|J|Kingler12345
|J|Aurious
|L|Aurious
|choice|switch 3|move 1
|
|switch|p1a: Chansey|Chansey|703\/703
|move|p2a: Jolteon|Thunderbolt|p1a: Chansey
|-damage|p1a: Chansey|596\/703
|
|turn|2
|choice|switch 2|switch 6
|
|switch|p2a: Exeggutor|Exeggutor|393\/393
|switch|p1a: Exeggutor|Exeggutor|393\/393
|
|turn|3
|choice|switch 3|move 1
|
|switch|p1a: Starmie|Starmie|323\/323
|move|p2a: Exeggutor|Sleep Powder|p1a: Starmie
|-status|p1a: Starmie|slp
|
|turn|4
|J|GOAO
|choice|switch 3|move 3
|
|switch|p1a: Exeggutor|Exeggutor|393\/393
|move|p2a: Exeggutor|Psychic|p1a: Exeggutor
|-resisted|p1a: Exeggutor
|-damage|p1a: Exeggutor|337\/393
|-unboost|p1a: Exeggutor|spd|1
|-unboost|p1a: Exeggutor|spa|1
|
|turn|5
|c|+GOAO|teal *-*
|choice|move 1|move 4
|
|move|p1a: Exeggutor|Sleep Powder|p2a: Exeggutor
|-status|p2a: Exeggutor|slp
|cant|p2a: Exeggutor|slp
|
|turn|6
|choice|switch 6|move 4
|
|switch|p1a: Snorlax|Snorlax|523\/523
|cant|p2a: Exeggutor|slp
|
|turn|7
|choice|move 1|move 4
|
|cant|p2a: Exeggutor|slp
|move|p1a: Snorlax|Body Slam|p2a: Exeggutor
|-damage|p2a: Exeggutor|277\/393 slp
|
|turn|8
|choice|move 1|move 4
|
|cant|p2a: Exeggutor|slp
|move|p1a: Snorlax|Body Slam|p2a: Exeggutor
|-damage|p2a: Exeggutor|152\/393 slp
|
|turn|9
|choice|move 1|move 4
|
|cant|p2a: Exeggutor|slp
|move|p1a: Snorlax|Body Slam|p2a: Exeggutor
|-damage|p2a: Exeggutor|26\/393 slp
|
|turn|10
|choice|move 1|switch 3
|
|switch|p2a: Snorlax|Snorlax|523\/523
|move|p1a: Snorlax|Body Slam|p2a: Snorlax
|-damage|p2a: Snorlax|377\/523
|
|turn|11
|choice|move 3|move 3
|
|move|p1a: Snorlax|Reflect|p1a: Snorlax
|-start|p1a: Snorlax|Reflect
|move|p2a: Snorlax|Body Slam|p1a: Snorlax
|-damage|p1a: Snorlax|451\/523
|
|turn|12
|choice|move 1|move 1
|
|move|p1a: Snorlax|Body Slam|p2a: Snorlax
|-damage|p2a: Snorlax|231\/523
|move|p2a: Snorlax|Amnesia|p2a: Snorlax
|-boost|p2a: Snorlax|spd|2
|-boost|p2a: Snorlax|spa|2
|
|turn|13
|choice|move 1|move 2
|
|move|p1a: Snorlax|Body Slam|p2a: Snorlax
|-damage|p2a: Snorlax|84\/523
|move|p2a: Snorlax|Blizzard|p1a: Snorlax
|-damage|p1a: Snorlax|253\/523
|
|turn|14
|choice|move 1|move 2
|
|move|p2a: Snorlax|Blizzard|p1a: Snorlax
|-damage|p1a: Snorlax|59\/523
|move|p1a: Snorlax|Body Slam|p2a: Snorlax
|-damage|p2a: Snorlax|0 fnt
|faint|p2a: Snorlax
|choice||switch 2
|
|switch|p2a: Alakazam|Alakazam|313\/313
|turn|15
|choice|switch 2|move 1
|
|switch|p1a: Chansey|Chansey|596\/703
|move|p2a: Alakazam|Psychic|p1a: Chansey
|-damage|p1a: Chansey|476\/703
|
|turn|16
|choice|move 4|move 1
|
|move|p2a: Alakazam|Psychic|p1a: Chansey
|-damage|p1a: Chansey|354\/703
|move|p1a: Chansey|Soft-Boiled|p1a: Chansey
|-heal|p1a: Chansey|703\/703
|
|turn|17
|choice|move 1|move 1
|
|move|p2a: Alakazam|Psychic|p1a: Chansey
|-damage|p1a: Chansey|579\/703
|-unboost|p1a: Chansey|spd|1
|-unboost|p1a: Chansey|spa|1
|move|p1a: Chansey|Thunder Wave|p2a: Alakazam
|-status|p2a: Alakazam|par
|
|turn|18
|choice|move 2|move 4
|
|move|p1a: Chansey|Seismic Toss|p2a: Alakazam
|-damage|p2a: Alakazam|213\/313 par
|move|p2a: Alakazam|Thunder Wave|p1a: Chansey
|-status|p1a: Chansey|par
|
|turn|19
|choice|move 2|move 1
|
|cant|p2a: Alakazam|par
|move|p1a: Chansey|Seismic Toss|p2a: Alakazam
|-damage|p2a: Alakazam|113\/313 par
|
|turn|20
|choice|move 2|move 3
|
|move|p2a: Alakazam|Recover|p2a: Alakazam
|-heal|p2a: Alakazam|269\/313 par
|move|p1a: Chansey|Seismic Toss|p2a: Alakazam
|-damage|p2a: Alakazam|169\/313 par
|
|turn|21
|L|KratosMana
|choice|move 2|move 1
|
|move|p2a: Alakazam|Psychic|p1a: Chansey
|-damage|p1a: Chansey|376\/703 par
|move|p1a: Chansey|Seismic Toss|p2a: Alakazam
|-damage|p2a: Alakazam|69\/313 par
|
|turn|22
|choice|move 4|move 3
|
|move|p2a: Alakazam|Recover|p2a: Alakazam
|-heal|p2a: Alakazam|225\/313 par
|move|p1a: Chansey|Soft-Boiled|p1a: Chansey
|-heal|p1a: Chansey|703\/703 par
|
|turn|23
|choice|move 2|move 1
|
|move|p2a: Alakazam|Psychic|p1a: Chansey
|-damage|p1a: Chansey|502\/703 par
|move|p1a: Chansey|Seismic Toss|p2a: Alakazam
|-damage|p2a: Alakazam|125\/313 par
|
|turn|24
|choice|switch 4|move 3
|
|switch|p1a: Alakazam|Alakazam|313\/313
|move|p2a: Alakazam|Recover|p2a: Alakazam
|-heal|p2a: Alakazam|281\/313 par
|
|turn|25
|choice|switch 4|move 4
|
|switch|p1a: Chansey|Chansey|502\/703 par
|move|p2a: Alakazam|Thunder Wave|p1a: Chansey
|-fail|p1a: Chansey|par
|
|turn|26
|choice|move 4|move 1
|
|cant|p2a: Alakazam|par
|move|p1a: Chansey|Soft-Boiled|p1a: Chansey
|-heal|p1a: Chansey|703\/703 par
|
|turn|27
|choice|move 2|move 1
|
|move|p2a: Alakazam|Psychic|p1a: Chansey
|-crit|p1a: Chansey
|-damage|p1a: Chansey|470\/703 par
|-unboost|p1a: Chansey|spd|1
|-unboost|p1a: Chansey|spa|1
|move|p1a: Chansey|Seismic Toss|p2a: Alakazam
|-damage|p2a: Alakazam|181\/313 par
|
|turn|28
|choice|move 4|move 4
|
|move|p2a: Alakazam|Thunder Wave|p1a: Chansey
|-fail|p1a: Chansey|par
|move|p1a: Chansey|Soft-Boiled|p1a: Chansey
|-heal|p1a: Chansey|703\/703 par
|
|turn|29
|choice|move 2|move 3
|
|move|p2a: Alakazam|Recover|p2a: Alakazam
|-heal|p2a: Alakazam|313\/313 par
|cant|p1a: Chansey|par
|
|turn|30
|J|timetodddddduel
|choice|move 2|move 1
|
|move|p2a: Alakazam|Psychic|p1a: Chansey
|-damage|p1a: Chansey|493\/703 par
|move|p1a: Chansey|Seismic Toss|p2a: Alakazam
|-damage|p2a: Alakazam|213\/313 par
|
|turn|31
|choice|move 4|move 1
|
|cant|p2a: Alakazam|par
|move|p1a: Chansey|Soft-Boiled|p1a: Chansey
|-heal|p1a: Chansey|703\/703 par
|
|turn|32
|choice|switch 3|move 3
|
|switch|p1a: Starmie|Starmie|323\/323 slp
|cant|p2a: Alakazam|par
|
|turn|33
|choice|switch 3|switch 6
|
|switch|p1a: Chansey|Chansey|703\/703 par
|switch|p2a: Jolteon|Jolteon|333\/333
|
|turn|34
|choice|move 1|move 4
|
|move|p2a: Jolteon|Double Kick|p1a: Chansey
|-supereffective|p1a: Chansey
|-damage|p1a: Chansey|600\/703 par
|-damage|p1a: Chansey|497\/703 par
|-hitcount|p1a: Chansey|2
|move|p1a: Chansey|Thunder Wave|p2a: Jolteon
|-status|p2a: Jolteon|par
|
|turn|35
|choice|switch 6|move 3
|
|switch|p1a: Exeggutor|Exeggutor|337\/393
|move|p2a: Jolteon|Pin Missile|p1a: Exeggutor
|-supereffective|p1a: Exeggutor
|-damage|p1a: Exeggutor|292\/393
|-damage|p1a: Exeggutor|247\/393
|-damage|p1a: Exeggutor|202\/393
|-damage|p1a: Exeggutor|157\/393
|-hitcount|p1a: Exeggutor|4
|
|turn|36
|choice|move 2|switch 3
|
|switch|p2a: Exeggutor|Exeggutor|26\/393 slp
|move|p1a: Exeggutor|Double-Edge|p2a: Exeggutor
|-damage|p2a: Exeggutor|0 fnt
|-damage|p1a: Exeggutor|151\/393|[from] recoil|[of] p2a: Exeggutor
|faint|p2a: Exeggutor
|choice||switch 5
|
|switch|p2a: Zapdos|Zapdos|383\/383
|turn|37
|c|★marcoasd|2 electrics
|c|★marcoasd|man you're evil
|c|★teal6|hahaha
|choice|switch 3|move 3
|
|switch|p1a: Starmie|Starmie|323\/323 slp
|move|p2a: Zapdos|Drill Peck|p1a: Starmie
|-crit|p1a: Starmie
|-damage|p1a: Starmie|136\/323 slp
|
|turn|38
|choice|move 3|move 4
|
|cant|p1a: Starmie|slp
|move|p2a: Zapdos|Agility|p2a: Zapdos
|-boost|p2a: Zapdos|spe|2
|
|turn|39
|L|GOAO
|choice|move 4|move 1
|
|move|p2a: Zapdos|Thunderbolt|p1a: Starmie
|-supereffective|p1a: Starmie
|-damage|p1a: Starmie|0 fnt
|faint|p1a: Starmie
|choice|switch 6|
|
|switch|p1a: Chansey|Chansey|497\/703 par
|turn|40
|choice|move 1|move 3
|
|move|p2a: Zapdos|Drill Peck|p1a: Chansey
|-damage|p1a: Chansey|250\/703 par
|move|p1a: Chansey|Thunder Wave|p2a: Zapdos
|-status|p2a: Zapdos|par
|
|turn|41
|choice|move 4|move 3
|
|cant|p2a: Zapdos|par
|move|p1a: Chansey|Soft-Boiled|p1a: Chansey
|-heal|p1a: Chansey|601\/703 par
|
|turn|42
|choice|move 2|move 3
|
|move|p2a: Zapdos|Drill Peck|p1a: Chansey
|-crit|p1a: Chansey
|-damage|p1a: Chansey|148\/703 par
|move|p1a: Chansey|Seismic Toss|p2a: Zapdos
|-damage|p2a: Zapdos|283\/383 par
|
|turn|43
|choice|move 4|move 3
|
|move|p2a: Zapdos|Drill Peck|p1a: Chansey
|-damage|p1a: Chansey|0 fnt
|faint|p1a: Chansey
|choice|switch 2|
|
|switch|p1a: Snorlax|Snorlax|59\/523
|turn|44
|choice|move 2|switch 6
|
|switch|p2a: Alakazam|Alakazam|213\/313 par
|move|p1a: Snorlax|Self-Destruct|p2a: Alakazam
|-damage|p2a: Alakazam|0 fnt
|faint|p2a: Alakazam
|faint|p1a: Snorlax
|L|Kingler12345
|choice|switch 3|switch 3
|
|switch|p1a: Exeggutor|Exeggutor|151\/393
|switch|p2a: Jolteon|Jolteon|333\/333 par
|turn|45
|J|Meloettaaa
|choice|move 4|move 3
|
|move|p1a: Exeggutor|Explosion|p2a: Jolteon
|-damage|p2a: Jolteon|0 fnt
|faint|p2a: Jolteon
|faint|p1a: Exeggutor
|choice|switch 4|switch 6
|
|switch|p1a: Alakazam|Alakazam|313\/313
|switch|p2a: Zapdos|Zapdos|283\/383 par
|turn|46
|choice|move 3|move 4
|
|move|p1a: Alakazam|Reflect|p1a: Alakazam
|-start|p1a: Alakazam|Reflect
|move|p2a: Zapdos|Agility|p2a: Zapdos
|-boost|p2a: Zapdos|spe|2
|
|turn|47
|choice|move 2|move 2
|
|move|p2a: Zapdos|Thunder Wave|p1a: Alakazam
|-status|p1a: Alakazam|par
|move|p1a: Alakazam|Psychic|p2a: Zapdos
|-damage|p2a: Zapdos|176\/383 par
|-unboost|p2a: Zapdos|spd|1
|-unboost|p2a: Zapdos|spa|1
|
|turn|48
|choice|move 2|move 3
|
|move|p2a: Zapdos|Drill Peck|p1a: Alakazam
|-damage|p1a: Alakazam|245\/313 par
|move|p1a: Alakazam|Psychic|p2a: Zapdos
|-damage|p2a: Zapdos|3\/383 par
|
|turn|49
|choice|move 4|move 3
|
|move|p2a: Zapdos|Drill Peck|p1a: Alakazam
|-damage|p1a: Alakazam|171\/313 par
|move|p1a: Alakazam|Recover|p1a: Alakazam
|-heal|p1a: Alakazam|313\/313 par
|
|turn|50
|choice|move 2|move 3
|
|move|p2a: Zapdos|Drill Peck|p1a: Alakazam
|-damage|p1a: Alakazam|244\/313 par
|move|p1a: Alakazam|Psychic|p2a: Zapdos
|-damage|p2a: Zapdos|0 fnt
|faint|p2a: Zapdos
|choice||switch 4
|
|switch|p2a: Tauros|Tauros|353\/353
|turn|51
|choice|move 1|move 1
|
|move|p2a: Tauros|Body Slam|p1a: Alakazam
|-crit|p1a: Alakazam
|-damage|p1a: Alakazam|0 fnt
|faint|p1a: Alakazam
|choice|switch 5|
|
|switch|p1a: Tauros|Tauros|353\/353
|turn|52
|choice|move 1|move 1
|
|move|p2a: Tauros|Body Slam|p1a: Tauros
|-damage|p1a: Tauros|243\/353
|move|p1a: Tauros|Body Slam|p2a: Tauros
|-crit|p2a: Tauros
|-damage|p2a: Tauros|141\/353
|
|turn|53
|choice|move 3|move 2
|
|move|p1a: Tauros|Hyper Beam|p2a: Tauros
|-damage|p2a: Tauros|0 fnt
|faint|p2a: Tauros
|
|win|marcoasd