|J|marcoasd
|J|Tesung
|player|p1|marcoasd|266
|player|p2|Tesung|2
|gametype|singles
|gen|1
|tier|[Gen 1] OU
|seed|
|rule|Sleep Clause Mod: Limit one foe put to sleep
|rule|Freeze Clause Mod: Limit one foe frozen
|rule|Species Clause: Limit one of each Pokémon
|rule|OHKO Clause: OHKO moves are banned
|rule|Evasion Moves Clause: Evasion moves are banned
|rule|HP Percentage Mod: HP is shown in percentages
|
|start
|switch|p1a: Alakazam|Alakazam, M|100\/100
|switch|p2a: Alakazam|Alakazam|100\/100
|turn|1
|J|Rumor
|J|Dice
|c|+Rumor|ost?
|J|Nails
|c|★marcoasd|nah
|c|★marcoasd|we're randomly playing
|choice||
|
|switch|p2a: Exeggutor|Exeggutor|100\/100
|switch|p1a: Chansey|Chansey|100\/100
|
|turn|2
|J|user p2
|c|★marcoasd|nah why u do this on me
|c|★Tesung|lol
|c|+Nails|outplayed
|c|+Nails|gg
|choice||
|
|switch|p1a: Starmie|Starmie|100\/100
|move|p2a: Exeggutor|Sleep Powder|p1a: Starmie
|-status|p1a: Starmie|slp
|
|turn|3
|c|★Tesung|i never lnow how to play zam v zam
|J|Icey Tea
|c|★marcoasd|well i NEVER do this
|c|+Nails|it's team dependant
|c|+Nails|imo
|c|★marcoasd|i always trade waves
|c|★marcoasd|yeah this is a weird one
|c|★Tesung|i hate how tricky it is to get a sleep
|choice||
|
|switch|p1a: Chansey|Chansey|100\/100
|move|p2a: Exeggutor|Psychic|p1a: Chansey
|-damage|p1a: Chansey|84\/100
|
|turn|4
|c|★Tesung|if u wave a zam
|choice||
|
|switch|p1a: Starmie|Starmie|100\/100 slp
|move|p2a: Exeggutor|Explosion|p1a: Starmie
|-damage|p1a: Starmie|10\/100 slp
|faint|p2a: Exeggutor
|c|+Nails|double edge eggy
|c|★marcoasd|pls man
|choice||
|
|switch|p2a: Tauros|Tauros|100\/100
|turn|5
|c|+Nails|solves that
|c|+Nails|oo
|c|+user p2|yeah de eggy is nice
|c|★marcoasd|don't do this on me 
|c|★marcoasd|asd
|choice||
|
|cant|p1a: Starmie|slp
|move|p2a: Tauros|Body Slam|p1a: Starmie
|-damage|p1a: Starmie|0 fnt
|faint|p1a: Starmie
|choice||
|
|switch|p1a: Chansey|Chansey|84\/100
|turn|6
|c|+Nails|tesung
|choice||
|
|switch|p2a: Chansey|Chansey|100\/100
|move|p1a: Chansey|Sing|p2a: Chansey
|-status|p2a: Chansey|slp
|
|turn|7
|c|+Nails|u shoulda
|c|+user p2|o
|J|snuggles n' fluff
|c|+Nails|nvm im bad but
|L|snuggles n' fluff
|c|+Nails|now u send the jynx in
|choice||
|
|switch|p1a: Tauros|Tauros|100\/100
|cant|p2a: Chansey|slp
|
|turn|8
|c|+Nails|sigh
|choice||
|
|switch|p2a: Slowbro|Slowbro|100\/100
|move|p1a: Tauros|Body Slam|p2a: Slowbro
|-damage|p2a: Slowbro|76\/100
|
|turn|9
|c|+Nails|thats still not a jynx
|c|+Nails|imo
|choice||
|
|switch|p1a: Golem|Golem|100\/100
|move|p2a: Slowbro|Thunder Wave|p1a: Golem
|-immune|p1a: Golem|[msg]
|
|turn|10
|choice||
|
|move|p1a: Golem|Explosion|p2a: Slowbro
|-damage|p2a: Slowbro|7\/100
|faint|p1a: Golem
|choice||
|
|switch|p1a: Tauros|Tauros|100\/100
|turn|11
|c|+Nails|silly tesunger.
|choice||
|
|move|p1a: Tauros|Body Slam|p2a: Slowbro
|-crit|p2a: Slowbro
|-damage|p2a: Slowbro|0 fnt
|faint|p2a: Slowbro
|choice||
|
|switch|p2a: Tauros|Tauros|100\/100
|turn|12
|L|Dice
|choice||
|
|move|p2a: Tauros|Fire Blast|p1a: Tauros|[miss]
|-miss|p2a: Tauros
|move|p1a: Tauros|Body Slam|p2a: Tauros
|-damage|p2a: Tauros|70\/100
|
|turn|13
|c|+Nails|ah
|c|+Nails|nice
|choice||
|
|move|p2a: Tauros|Fire Blast|p1a: Tauros
|-damage|p1a: Tauros|75\/100
|move|p1a: Tauros|Body Slam|p2a: Tauros
|-damage|p2a: Tauros|39\/100
|
|turn|14
|choice||
|
|switch|p2a: Rhydon|Rhydon|100\/100
|switch|p1a: Chansey|Chansey|84\/100
|
|turn|15
|choice||
|
|switch|p2a: Chansey|Chansey|100\/100 slp
|move|p1a: Chansey|Ice Beam|p2a: Chansey
|-damage|p2a: Chansey|90\/100 slp
|
|turn|16
|c|★Tesung|plz chansey
|choice||
|
|cant|p2a: Chansey|slp
|move|p1a: Chansey|Ice Beam|p2a: Chansey
|-damage|p2a: Chansey|79\/100 slp
|
|turn|17
|choice||
|
|cant|p2a: Chansey|slp
|move|p1a: Chansey|Ice Beam|p2a: Chansey
|-damage|p2a: Chansey|69\/100 slp
|
|turn|18
|c|+Nails|can u make the call
|c|+Nails|is it in u
|choice||
|
|switch|p1a: Tauros|Tauros|75\/100
|cant|p2a: Chansey|slp
|
|turn|19
|c|+Nails|it was not
|c|+Nails|in u
|c|+Nails|:(
|c|★Tesung|just wanted to wake
|c|★Tesung|not make a call
|choice||
|
|switch|p2a: Rhydon|Rhydon|100\/100
|move|p1a: Tauros|Earthquake|p2a: Rhydon
|-crit|p2a: Rhydon
|-supereffective|p2a: Rhydon
|-damage|p2a: Rhydon|37\/100
|
|turn|20
|c|+Nails|sigh
|J|Heysup
|c|★marcoasd|o fortuna velut luna
|c|★marcoasd|etc
|L|Heysup
|choice||
|
|switch|p2a: Alakazam|Alakazam|100\/100
|move|p1a: Tauros|Blizzard|p2a: Alakazam
|-damage|p2a: Alakazam|81\/100
|
|turn|21
|choice||
|
|move|p2a: Alakazam|Psychic|p1a: Tauros
|-damage|p1a: Tauros|32\/100
|-unboost|p1a: Tauros|spd|1
|-unboost|p1a: Tauros|spa|1
|move|p1a: Tauros|Hyper Beam|p2a: Alakazam
|-crit|p2a: Alakazam
|-damage|p2a: Alakazam|0 fnt
|faint|p2a: Alakazam
|c|+Nails|also btw i would not have gone for the fire blast
|c|+Nails|with bull
|choice||
|
|switch|p2a: Tauros|Tauros|39\/100
|turn|22
|c|+Nails|when u had an unparaed zammer
|c|★Tesung|whats the point of fire blast
|c|★Tesung|if u dont use it vs taurs
|choice||
|
|switch|p1a: Chansey|Chansey|84\/100
|move|p2a: Tauros|Body Slam|p1a: Chansey
|-crit|p1a: Chansey
|-damage|p1a: Chansey|3\/100
|
|turn|23
|c|+Nails|i mean
|choice||
|
|move|p2a: Tauros|Body Slam|p1a: Chansey
|-crit|p1a: Chansey
|-damage|p1a: Chansey|0 fnt
|faint|p1a: Chansey
|c|+Nails|u just didnt have to go for it
|choice||
|
|switch|p1a: Alakazam|Alakazam, M|100\/100
|turn|24
|choice||
|
|switch|p2a: Chansey|Chansey|69\/100 slp
|move|p1a: Alakazam|Psychic|p2a: Chansey
|-damage|p2a: Chansey|51\/100 slp
|
|turn|25
|c|★Tesung|plz
|choice||
|
|switch|p1a: Tauros|Tauros|32\/100
|-curestatus|p2a: Chansey|slp
|
|turn|26
|c|+Nails|like the bull isn't God since both sides have lategame unparaed zammer
|c|★Tesung|so why ever run blst
|choice||
|
|switch|p2a: Rhydon|Rhydon|37\/100
|move|p1a: Tauros|Hyper Beam|p2a: Rhydon
|-resisted|p2a: Rhydon
|-damage|p2a: Rhydon|20\/100
|
|turn|27
|-mustrecharge|p1a: Tauros
|c|+Nails|cuz most of the time
|c|+Nails|both zammers are paraed
|J|Pohjis
|c|+Nails|or slept
|-mustrecharge|p1a: Tauros
|c|+Nails|and it cant stop a bull sweep
|c|+Nails|are u god
|c|★Tesung|how does that relate
|c|★Tesung|to whether to use blast
|choice||
|
|cant|p1a: Tauros|recharge
|move|p2a: Rhydon|Earthquake|p1a: Tauros
|-damage|p1a: Tauros|0 fnt
|faint|p1a: Tauros
|choice||
|
|switch|p1a: Alakazam|Alakazam, M|100\/100
|turn|28
|choice||
|
|switch|p2a: Chansey|Chansey|51\/100
|move|p1a: Alakazam|Psychic|p2a: Chansey
|-damage|p2a: Chansey|33\/100
|
|turn|29
|choice||
|
|move|p1a: Alakazam|Thunder Wave|p2a: Chansey
|-status|p2a: Chansey|par
|move|p2a: Chansey|Soft-Boiled|p2a: Chansey
|-heal|p2a: Chansey|83\/100 par
|
|turn|30
|c|+Nails|fire blast gives u higher chance of winning the bull war
|choice||
|
|switch|p1a: Zapdos|Zapdos|100\/100
|move|p2a: Chansey|Ice Beam|p1a: Zapdos
|-crit|p1a: Zapdos
|-supereffective|p1a: Zapdos
|-damage|p1a: Zapdos|31\/100
|
|turn|31
|c|+Nails|but can backfire
|c|★Tesung|porca
|c|+Nails|dio
|choice||
|
|switch|p2a: Rhydon|Rhydon|20\/100
|move|p1a: Zapdos|Drill Peck|p2a: Rhydon
|-resisted|p2a: Rhydon
|-damage|p2a: Rhydon|10\/100
|
|turn|32
|c|★Tesung|0
|choice||
|
|switch|p1a: Alakazam|Alakazam, M|100\/100
|move|p2a: Rhydon|Rock Slide|p1a: Alakazam
|-damage|p1a: Alakazam|49\/100
|
|turn|33
|c|+Nails|get Shit On.
|c|+Nails|imo.
|c|★Tesung|shat upon.
|choice||
|
|switch|p2a: Chansey|Chansey|83\/100 par
|move|p1a: Alakazam|Recover|p1a: Alakazam
|-heal|p1a: Alakazam|99\/100
|
|turn|34
|c|+Nails|yea that.
|choice||
|
|move|p1a: Alakazam|Psychic|p2a: Chansey
|-damage|p2a: Chansey|66\/100 par
|move|p2a: Chansey|Ice Beam|p1a: Alakazam
|-damage|p1a: Alakazam|81\/100
|
|turn|35
|choice||
|
|move|p1a: Alakazam|Psychic|p2a: Chansey
|-crit|p2a: Chansey
|-damage|p2a: Chansey|28\/100 par
|move|p2a: Chansey|Soft-Boiled|p2a: Chansey
|-heal|p2a: Chansey|78\/100 par
|
|turn|36
|c|+Nails|!learn chansey, thunder wave
|raw|<div class="infobox">In Gen 6, Chansey <span class="message-learn-canlearn">can<\/span> learn Thunder Wave from:<ul class="message-learn-list"><li>anywhere (all moves are level-up\/tutor\/TM\/HM in gen 6)<\/ul><\/div>
|choice||
|
|move|p1a: Alakazam|Psychic|p2a: Chansey
|-damage|p2a: Chansey|59\/100 par
|-unboost|p2a: Chansey|spd|1
|-unboost|p2a: Chansey|spa|1
|cant|p2a: Chansey|par
|
|turn|37
|choice||
|
|switch|p1a: Zapdos|Zapdos|31\/100
|move|p2a: Chansey|Soft-Boiled|p2a: Chansey
|-heal|p2a: Chansey|100\/100 par
|
|turn|38
|c|★marcoasd|i beammed too easily :(
|choice||
|
|move|p1a: Zapdos|Drill Peck|p2a: Chansey
|-damage|p2a: Chansey|66\/100 par
|cant|p2a: Chansey|par
|
|turn|39
|c|★Tesung|hmm
|J|Syncrasy
|choice||
|
|switch|p2a: Rhydon|Rhydon|10\/100
|move|p1a: Zapdos|Drill Peck|p2a: Rhydon
|-resisted|p2a: Rhydon
|-damage|p2a: Rhydon|2\/100
|
|turn|40
|choice||
|
|move|p1a: Zapdos|Drill Peck|p2a: Rhydon
|-crit|p2a: Rhydon
|-resisted|p2a: Rhydon
|-damage|p2a: Rhydon|0 fnt
|faint|p2a: Rhydon
|choice||
|
|switch|p2a: Tauros|Tauros|39\/100
|turn|41
|choice||
|
|move|p2a: Tauros|Blizzard|p1a: Zapdos
|-crit|p1a: Zapdos
|-supereffective|p1a: Zapdos
|-damage|p1a: Zapdos|0 fnt
|faint|p1a: Zapdos
|c|+Nails|why was that
|choice||
|
|switch|p1a: Alakazam|Alakazam, M|81\/100
|turn|42
|c|+Nails|not a beam
|c|+Nails|huh.
|c|★Tesung|:
|choice||
|
|switch|p2a: Chansey|Chansey|66\/100 par
|move|p1a: Alakazam|Psychic|p2a: Chansey
|-damage|p2a: Chansey|47\/100 par
|-unboost|p2a: Chansey|spd|1
|-unboost|p2a: Chansey|spa|1
|
|turn|43
|choice||
|
|move|p1a: Alakazam|Psychic|p2a: Chansey
|-damage|p2a: Chansey|19\/100 par
|move|p2a: Chansey|Soft-Boiled|p2a: Chansey
|-heal|p2a: Chansey|69\/100 par
|
|turn|44
|choice||
|
|move|p1a: Alakazam|Psychic|p2a: Chansey
|-damage|p2a: Chansey|41\/100 par
|-unboost|p2a: Chansey|spd|1
|-unboost|p2a: Chansey|spa|1
|move|p2a: Chansey|Soft-Boiled|p2a: Chansey
|-heal|p2a: Chansey|91\/100 par
|
|turn|45
|choice||
|
|move|p1a: Alakazam|Psychic|p2a: Chansey
|-damage|p2a: Chansey|52\/100 par
|move|p2a: Chansey|Soft-Boiled|p2a: Chansey
|-heal|p2a: Chansey|100\/100 par
|
|turn|46
|choice||
|
|move|p1a: Alakazam|Psychic|p2a: Chansey
|-damage|p2a: Chansey|66\/100 par
|-unboost|p2a: Chansey|spd|1
|-unboost|p2a: Chansey|spa|1
|move|p2a: Chansey|Soft-Boiled|p2a: Chansey
|-heal|p2a: Chansey|100\/100 par
|
|turn|47
|choice||
|
|move|p1a: Alakazam|Psychic|p2a: Chansey
|-damage|p2a: Chansey|51\/100 par
|move|p2a: Chansey|Soft-Boiled|p2a: Chansey
|-heal|p2a: Chansey|100\/100 par
|
|turn|48
|choice||
|
|move|p1a: Alakazam|Psychic|p2a: Chansey
|-crit|p2a: Chansey
|-damage|p2a: Chansey|64\/100 par
|move|p2a: Chansey|Soft-Boiled|p2a: Chansey
|-heal|p2a: Chansey|100\/100 par
|
|turn|49
|c|+Nails|marco..
|choice||
|
|move|p1a: Alakazam|Psychic|p2a: Chansey
|-damage|p2a: Chansey|52\/100 par
|move|p2a: Chansey|Soft-Boiled|p2a: Chansey
|-heal|p2a: Chansey|100\/100 par
|
|turn|50
|choice||
|
|move|p1a: Alakazam|Psychic|p2a: Chansey
|-damage|p2a: Chansey|57\/100 par
|move|p2a: Chansey|Soft-Boiled|p2a: Chansey
|-heal|p2a: Chansey|100\/100 par
|
|turn|51
|c|+Nails|sigh
|choice||
|
|move|p1a: Alakazam|Seismic Toss|p2a: Chansey
|-damage|p2a: Chansey|86\/100 par
|move|p2a: Chansey|Soft-Boiled|p2a: Chansey
|-heal|p2a: Chansey|100\/100 par
|
|turn|52
|c|+Nails|ty
|choice||
|
|move|p1a: Alakazam|Seismic Toss|p2a: Chansey
|-damage|p2a: Chansey|86\/100 par
|move|p2a: Chansey|Thunder Wave|p1a: Alakazam
|-status|p1a: Alakazam|par
|
|turn|53
|J|iris
|choice||
|
|move|p1a: Alakazam|Recover|p1a: Alakazam
|-heal|p1a: Alakazam|100\/100 par
|move|p2a: Chansey|Soft-Boiled|p2a: Chansey
|-heal|p2a: Chansey|100\/100 par
|
|turn|54
|L|user p2
|choice||
|
|cant|p1a: Alakazam|par
|move|p2a: Chansey|Ice Beam|p1a: Alakazam
|-damage|p1a: Alakazam|93\/100 par
|
|turn|55
|choice||
|
|move|p1a: Alakazam|Psychic|p2a: Chansey
|-damage|p2a: Chansey|55\/100 par
|-unboost|p2a: Chansey|spd|1
|-unboost|p2a: Chansey|spa|1
|move|p2a: Chansey|Ice Beam|p1a: Alakazam
|-damage|p1a: Alakazam|86\/100 par
|
|turn|56
|choice||
|
|cant|p1a: Alakazam|par
|move|p2a: Chansey|Thunderbolt|p1a: Alakazam
|-damage|p1a: Alakazam|79\/100 par
|
|turn|57
|choice||
|
|move|p1a: Alakazam|Recover|p1a: Alakazam
|-heal|p1a: Alakazam|100\/100 par
|move|p2a: Chansey|Thunderbolt|p1a: Alakazam
|-damage|p1a: Alakazam|93\/100 par
|
|turn|58
|choice||
|
|move|p1a: Alakazam|Seismic Toss|p2a: Chansey
|-damage|p2a: Chansey|41\/100 par
|move|p2a: Chansey|Thunderbolt|p1a: Alakazam
|-damage|p1a: Alakazam|86\/100 par
|
|turn|59
|choice||
|
|move|p1a: Alakazam|Recover|p1a: Alakazam
|-heal|p1a: Alakazam|100\/100 par
|move|p2a: Chansey|Soft-Boiled|p2a: Chansey
|-heal|p2a: Chansey|91\/100 par
|
|turn|60
|choice||
|
|switch|p2a: Tauros|Tauros|39\/100
|move|p1a: Alakazam|Seismic Toss|p2a: Tauros
|-damage|p2a: Tauros|10\/100
|
|turn|61
|c|★Tesung|porco
|c|★marcoasd|lol
|choice||
|
|switch|p2a: Chansey|Chansey|91\/100 par
|move|p1a: Alakazam|Seismic Toss|p2a: Chansey
|-damage|p2a: Chansey|77\/100 par
|
|turn|62
|c|★marcoasd|buy a crit
|choice||
|
|cant|p1a: Alakazam|par
|move|p2a: Chansey|Soft-Boiled|p2a: Chansey
|-heal|p2a: Chansey|100\/100 par
|
|turn|63
|c|★Tesung|that was stupid
|choice||
|
|move|p1a: Alakazam|Psychic|p2a: Chansey
|-crit|p2a: Chansey
|-damage|p2a: Chansey|68\/100 par
|move|p2a: Chansey|Thunderbolt|p1a: Alakazam
|-damage|p1a: Alakazam|80\/100 par
|
|turn|64
|L|iris
|choice||
|
|move|p1a: Alakazam|Seismic Toss|p2a: Chansey
|-damage|p2a: Chansey|54\/100 par
|move|p2a: Chansey|Thunderbolt|p1a: Alakazam
|-damage|p1a: Alakazam|59\/100 par
|
|turn|65
|choice||
|
|cant|p1a: Alakazam|par
|move|p2a: Chansey|Thunderbolt|p1a: Alakazam
|-damage|p1a: Alakazam|39\/100 par
|
|turn|66
|choice||
|
|move|p1a: Alakazam|Recover|p1a: Alakazam
|-heal|p1a: Alakazam|88\/100 par
|move|p2a: Chansey|Thunderbolt|p1a: Alakazam
|-damage|p1a: Alakazam|70\/100 par
|
|turn|67
|choice||
|
|move|p1a: Alakazam|Seismic Toss|p2a: Chansey
|-damage|p2a: Chansey|40\/100 par
|move|p2a: Chansey|Thunderbolt|p1a: Alakazam
|-damage|p1a: Alakazam|50\/100 par
|
|turn|68
|choice||
|
|move|p1a: Alakazam|Recover|p1a: Alakazam
|-heal|p1a: Alakazam|99\/100 par
|move|p2a: Chansey|Soft-Boiled|p2a: Chansey
|-heal|p2a: Chansey|90\/100 par
|
|turn|69
|choice||
|
|move|p1a: Alakazam|Seismic Toss|p2a: Chansey
|-damage|p2a: Chansey|75\/100 par
|move|p2a: Chansey|Thunderbolt|p1a: Alakazam
|-damage|p1a: Alakazam|80\/100 par
|
|turn|70
|c|+Nails|choke
|choice||
|
|move|p1a: Alakazam|Seismic Toss|p2a: Chansey
|-damage|p2a: Chansey|61\/100 par
|move|p2a: Chansey|Thunderbolt|p1a: Alakazam
|-damage|p1a: Alakazam|61\/100 par
|
|turn|71
|c|+Nails|@ turn 68
|c|★Tesung|by who?
|c|+Nails|imo
|c|+Nails|u
|c|+Nails|shoulda
|c|★Tesung|how
|c|+Nails|gone bull
|c|+Nails|when he was 40
|c|+Nails|cuz fp
|c|★Tesung|calling it a choke
|c|★Tesung|is p strong
|c|★Tesung|imo
|c|★marcoasd|^
|choice||
|
|cant|p1a: Alakazam|par
|move|p2a: Chansey|Thunderbolt|p1a: Alakazam
|-damage|p1a: Alakazam|42\/100 par
|
|turn|72
|choice||
|
|move|p1a: Alakazam|Recover|p1a: Alakazam
|-heal|p1a: Alakazam|92\/100 par
|move|p2a: Chansey|Thunderbolt|p1a: Alakazam
|-damage|p1a: Alakazam|72\/100 par
|
|turn|73
|choice||
|
|move|p1a: Alakazam|Seismic Toss|p2a: Chansey
|-damage|p2a: Chansey|47\/100 par
|move|p2a: Chansey|Thunderbolt|p1a: Alakazam
|-damage|p1a: Alakazam|52\/100 par
|
|turn|74
|choice||
|
|move|p1a: Alakazam|Recover|p1a: Alakazam
|-heal|p1a: Alakazam|100\/100 par
|move|p2a: Chansey|Thunderbolt|p1a: Alakazam
|-damage|p1a: Alakazam|79\/100 par
|
|turn|75
|choice||
|
|cant|p1a: Alakazam|par
|move|p2a: Chansey|Thunderbolt|p1a: Alakazam
|-damage|p1a: Alakazam|60\/100 par
|
|turn|76
|choice||
|
|move|p1a: Alakazam|Recover|p1a: Alakazam
|-heal|p1a: Alakazam|100\/100 par
|move|p2a: Chansey|Thunderbolt|p1a: Alakazam
|-damage|p1a: Alakazam|81\/100 par
|
|turn|77
|choice||
|
|cant|p1a: Alakazam|par
|cant|p2a: Chansey|par
|
|turn|78
|choice||
|
|move|p1a: Alakazam|Seismic Toss|p2a: Chansey
|-damage|p2a: Chansey|33\/100 par
|move|p2a: Chansey|Ice Beam|p1a: Alakazam
|-damage|p1a: Alakazam|62\/100 par
|
|turn|79
|choice||
|
|move|p1a: Alakazam|Recover|p1a: Alakazam
|-heal|p1a: Alakazam|100\/100 par
|move|p2a: Chansey|Ice Beam|p1a: Alakazam
|-damage|p1a: Alakazam|81\/100 par
|
|turn|80
|choice||
|
|move|p1a: Alakazam|Seismic Toss|p2a: Chansey
|-damage|p2a: Chansey|18\/100 par
|move|p2a: Chansey|Ice Beam|p1a: Alakazam
|-damage|p1a: Alakazam|61\/100 par
|
|turn|81
|choice||
|
|move|p1a: Alakazam|Recover|p1a: Alakazam
|-heal|p1a: Alakazam|100\/100 par
|move|p2a: Chansey|Ice Beam|p1a: Alakazam
|-damage|p1a: Alakazam|81\/100 par
|
|turn|82
|c|+Nails|i also think
|choice||
|
|move|p1a: Alakazam|Recover|p1a: Alakazam
|-heal|p1a: Alakazam|100\/100 par
|move|p2a: Chansey|Ice Beam|p1a: Alakazam
|-damage|p1a: Alakazam|81\/100 par
|
|turn|83
|c|+Nails|marco shoulda
|choice||
|
|move|p1a: Alakazam|Seismic Toss|p2a: Chansey
|-damage|p2a: Chansey|4\/100 par
|move|p2a: Chansey|Ice Beam|p1a: Alakazam
|-damage|p1a: Alakazam|62\/100 par
|
|turn|84
|c|+Nails|twaved into full hp chansey
|choice||
|
|cant|p1a: Alakazam|par
|move|p2a: Chansey|Ice Beam|p1a: Alakazam
|-damage|p1a: Alakazam|44\/100 par
|
|turn|85
|c|+Nails|when it was clicking softboiled every turn
|choice||
|
|switch|p2a: Tauros|Tauros|10\/100
|cant|p1a: Alakazam|par
|
|turn|86
|c|+Nails|to save psychic pp
|c|★Tesung|-
|c|★marcoasd|rip
|c|★marcoasd|gg
|c|★Tesung|gg
|c|★marcoasd|well my mistake was to hyper beam with tauros
|c|★marcoasd|oh well
|c|+Nails|y
|choice||
|
|move|p2a: Tauros|Body Slam|p1a: Alakazam
|-crit|p1a: Alakazam
|-damage|p1a: Alakazam|0 fnt
|faint|p1a: Alakazam
|
|win|Tesung