|J|Stratos
|J|Dice
|player|p1|Stratos|1
|player|p2|Dice|168
|gametype|singles
|gen|1
|tier|[Gen 1] OU
|seed|34003,2448,41067,12955
|rule|Sleep Clause Mod: Limit one foe put to sleep
|rule|Freeze Clause Mod: Limit one foe frozen
|rule|Species Clause: Limit one of each Pokémon
|rule|OHKO Clause: OHKO moves are banned
|rule|Evasion Moves Clause: Evasion moves are banned
|rule|HP Percentage Mod: HP is shown in percentages
|
|start
|switch|p1a: Jynx|Jynx|333\/333
|switch|p2a: Jynx|Jynx|333\/333
|turn|1
|choice|move 1|move 2
|
|move|p2a: Jynx|Lovely Kiss|p1a: Jynx|[miss]
|-miss|p2a: Jynx
|move|p1a: Jynx|Lovely Kiss|p2a: Jynx
|-status|p2a: Jynx|slp
|
|turn|2
|J|River Martini
|c|★Stratos|outplayed
|choice|move 2|move 2
|
|cant|p2a: Jynx|slp
|move|p1a: Jynx|Psychic|p2a: Jynx
|-resisted|p2a: Jynx
|-damage|p2a: Jynx|284\/333 slp
|-unboost|p2a: Jynx|spd|1
|-unboost|p2a: Jynx|spa|1
|
|turn|3
|choice|move 3|switch 6
|
|switch|p2a: Chansey|Chansey|703\/703
|move|p1a: Jynx|Blizzard|p2a: Chansey
|-crit|p2a: Chansey
|-damage|p2a: Chansey|441\/703
|
|turn|4
|choice|switch 3|move 3
|
|switch|p1a: Chansey|Chansey|703\/703
|move|p2a: Chansey|Thunder Wave|p1a: Chansey
|-status|p1a: Chansey|par
|
|turn|5
|choice|move 4|move 2
|
|move|p2a: Chansey|Soft-Boiled|p2a: Chansey
|-heal|p2a: Chansey|703\/703
|move|p1a: Chansey|Thunder Wave|p2a: Chansey
|-status|p2a: Chansey|par
|
|turn|6
|choice|switch 4|move 1
|
|switch|p1a: Snorlax|Snorlax|523\/523
|move|p2a: Chansey|Ice Beam|p1a: Snorlax
|-crit|p1a: Snorlax
|-damage|p1a: Snorlax|335\/523
|
|turn|7
|choice|move 2|switch 4
|
|switch|p2a: Snorlax|Snorlax|523\/523
|move|p1a: Snorlax|Body Slam|p2a: Snorlax
|-damage|p2a: Snorlax|377\/523
|
|turn|8
|choice|move 1|move 4
|
|move|p2a: Snorlax|Reflect|p2a: Snorlax
|-start|p2a: Snorlax|Reflect
|move|p1a: Snorlax|Reflect|p1a: Snorlax
|-start|p1a: Snorlax|Reflect
|
|turn|9
|choice|move 2|move 1
|
|move|p2a: Snorlax|Body Slam|p1a: Snorlax
|-damage|p1a: Snorlax|270\/523
|move|p1a: Snorlax|Body Slam|p2a: Snorlax
|-damage|p2a: Snorlax|307\/523
|
|turn|10
|choice|move 2|move 1
|
|move|p1a: Snorlax|Body Slam|p2a: Snorlax
|-damage|p2a: Snorlax|237\/523
|move|p2a: Snorlax|Body Slam|p1a: Snorlax
|-damage|p1a: Snorlax|199\/523
|
|turn|11
|choice|move 2|move 1
|
|move|p2a: Snorlax|Body Slam|p1a: Snorlax
|-crit|p1a: Snorlax
|-damage|p1a: Snorlax|0 fnt
|faint|p1a: Snorlax
|c|★Stratos|damn
|c|★Stratos|got outplayed
|c|★Dice|so did my jynx :(
|choice|switch 5|
|
|switch|p1a: Exeggutor|Exeggutor|393\/393
|turn|12
|choice|move 3|move 2
|
|move|p1a: Exeggutor|Psychic|p2a: Snorlax
|-damage|p2a: Snorlax|88\/523
|-unboost|p2a: Snorlax|spd|1
|-unboost|p2a: Snorlax|spa|1
|move|p2a: Snorlax|Self-Destruct|p1a: Exeggutor
|-damage|p1a: Exeggutor|18\/393
|faint|p2a: Snorlax
|choice||switch 3
|
|switch|p2a: Tauros|Tauros|353\/353
|turn|13
|choice|move 4|move 1
|
|move|p2a: Tauros|Body Slam|p1a: Exeggutor
|-damage|p1a: Exeggutor|0 fnt
|faint|p1a: Exeggutor
|choice|switch 2|
|
|switch|p1a: Starmie|Starmie|323\/323
|turn|14
|choice|switch 6|switch 4
|
|switch|p1a: Tauros|Tauros|353\/353
|switch|p2a: Chansey|Chansey|703\/703 par
|
|turn|15
|c|★Stratos|the simple fact of the matter is
|c|★Stratos|im crittin this
|c|★Dice|r u
|choice|move 4|move 3
|
|move|p1a: Tauros|Hyper Beam|p2a: Chansey
|-crit|p2a: Chansey
|-damage|p2a: Chansey|0 fnt
|faint|p2a: Chansey
|c|★Stratos|yea
|c|★Dice|guess u r
|choice||switch 5
|
|switch|p2a: Exeggutor|Exeggutor|393\/393
|turn|16
|c|★Stratos|love well trained tauroses
|c|★Dice|i think it's taurosi
|c|★Stratos|hmm
|choice|switch 4|move 1
|
|switch|p1a: Chansey|Chansey|703\/703 par
|move|p2a: Exeggutor|Psychic|p1a: Chansey
|-damage|p1a: Chansey|580\/703 par
|-unboost|p1a: Chansey|spd|1
|-unboost|p1a: Chansey|spa|1
|
|turn|17
|c|★Stratos|taurosi sounds stupid af
|choice|switch 3|move 1
|
|switch|p1a: Jynx|Jynx|333\/333
|move|p2a: Exeggutor|Psychic|p1a: Jynx
|-resisted|p1a: Jynx
|-damage|p1a: Jynx|270\/333
|
|turn|18
|choice|move 3|move 2
|
|move|p1a: Jynx|Blizzard|p2a: Exeggutor
|-supereffective|p2a: Exeggutor
|-damage|p2a: Exeggutor|142\/393
|-status|p2a: Exeggutor|frz
|cant|p2a: Exeggutor|frz
|
|turn|19
|choice|switch 6|switch 6
|
|switch|p1a: Starmie|Starmie|323\/323
|switch|p2a: Jynx|Jynx|284\/333 slp
|
|turn|20
|J|Kanbe Kotori
|c|★Stratos|love well trained jynxes too
|choice|move 2|move 2
|
|move|p1a: Starmie|Thunderbolt|p2a: Jynx
|-damage|p2a: Jynx|203\/333 slp
|-curestatus|p2a: Jynx|slp
|
|turn|21
|choice|switch 3|move 2
|
|switch|p1a: Chansey|Chansey|580\/703 par
|move|p2a: Jynx|Lovely Kiss|p1a: Chansey
|-fail|p1a: Chansey
|
|turn|22
|choice|move 4|move 1
|
|move|p2a: Jynx|Psychic|p1a: Chansey
|-damage|p1a: Chansey|479\/703 par
|move|p1a: Chansey|Thunder Wave|p2a: Jynx
|-status|p2a: Jynx|par
|
|turn|23
|choice|move 3|move 1
|
|move|p2a: Jynx|Psychic|p1a: Chansey
|-damage|p1a: Chansey|387\/703 par
|move|p1a: Chansey|Thunderbolt|p2a: Jynx
|-damage|p2a: Jynx|124\/333 par
|
|turn|24
|choice|move 1|move 1
|
|move|p2a: Jynx|Psychic|p1a: Chansey
|-damage|p1a: Chansey|287\/703 par
|-unboost|p1a: Chansey|spd|1
|-unboost|p1a: Chansey|spa|1
|move|p1a: Chansey|Soft-Boiled|p1a: Chansey
|-heal|p1a: Chansey|638\/703 par
|
|turn|25
|choice|move 3|move 2
|
|move|p2a: Jynx|Lovely Kiss|p1a: Chansey
|-fail|p1a: Chansey
|move|p1a: Chansey|Thunderbolt|p2a: Jynx
|-damage|p2a: Jynx|75\/333 par
|
|turn|26
|choice|move 3|move 2
|
|move|p2a: Jynx|Lovely Kiss|p1a: Chansey|[miss]
|-miss|p2a: Jynx
|move|p1a: Chansey|Thunderbolt|p2a: Jynx
|-damage|p2a: Jynx|21\/333 par
|
|turn|27
|choice|move 3|move 3
|
|move|p2a: Jynx|Rest|p2a: Jynx
|-status|p2a: Jynx|slp
|-heal|p2a: Jynx|333\/333 slp|[silent]
|-status|p2a: Jynx|slp|[from] move: Rest
|move|p1a: Chansey|Thunderbolt|p2a: Jynx
|-damage|p2a: Jynx|281\/333 slp
|
|turn|28
|choice|switch 4|switch 4
|
|switch|p2a: Tauros|Tauros|353\/353
|switch|p1a: Tauros|Tauros|353\/353
|
|turn|29
|choice|switch 3|move 1
|
|switch|p1a: Starmie|Starmie|323\/323
|move|p2a: Tauros|Body Slam|p1a: Starmie
|-damage|p1a: Starmie|218\/323
|
|turn|30
|choice|move 3|switch 4
|
|switch|p2a: Jynx|Jynx|281\/333 slp
|move|p1a: Starmie|Thunder Wave|p2a: Jynx
|-fail|p2a: Jynx
|
|turn|31
|choice|switch 3|switch 4
|
|switch|p1a: Tauros|Tauros|353\/353
|switch|p2a: Tauros|Tauros|353\/353
|
|turn|32
|choice|switch 3|move 1
|
|switch|p1a: Starmie|Starmie|218\/323
|move|p2a: Tauros|Body Slam|p1a: Starmie
|-crit|p1a: Starmie
|-damage|p1a: Starmie|19\/323
|
|turn|33
|choice|move 3|switch 4
|
|switch|p2a: Jynx|Jynx|281\/333 slp
|move|p1a: Starmie|Thunder Wave|p2a: Jynx
|-fail|p2a: Jynx
|
|turn|34
|choice|move 4|move 1
|
|move|p1a: Starmie|Recover|p1a: Starmie
|-heal|p1a: Starmie|180\/323
|cant|p2a: Jynx|slp
|
|turn|35
|choice|move 4|switch 4
|
|switch|p2a: Tauros|Tauros|353\/353
|move|p1a: Starmie|Recover|p1a: Starmie
|-heal|p1a: Starmie|323\/323
|
|turn|36
|choice|move 3|switch 4
|
|switch|p2a: Jynx|Jynx|281\/333 slp
|move|p1a: Starmie|Thunder Wave|p2a: Jynx
|-fail|p2a: Jynx
|
|turn|37
|choice|switch 3|switch 4
|
|switch|p1a: Tauros|Tauros|353\/353
|switch|p2a: Tauros|Tauros|353\/353
|
|turn|38
|choice|switch 3|move 1
|
|switch|p1a: Starmie|Starmie|323\/323
|move|p2a: Tauros|Body Slam|p1a: Starmie
|-crit|p1a: Starmie
|-damage|p1a: Starmie|104\/323
|-status|p1a: Starmie|par
|
|turn|39
|c|★Stratos|fuck
|choice|switch 3|move 1
|
|switch|p1a: Tauros|Tauros|353\/353
|move|p2a: Tauros|Body Slam|p1a: Tauros
|-damage|p1a: Tauros|253\/353
|
|turn|40
|choice|move 2|move 1
|
|move|p2a: Tauros|Body Slam|p1a: Tauros
|-crit|p1a: Tauros
|-damage|p1a: Tauros|54\/353
|move|p1a: Tauros|Body Slam|p2a: Tauros
|-damage|p2a: Tauros|256\/353
|
|turn|41
|choice|move 4|move 3
|
|move|p1a: Tauros|Hyper Beam|p2a: Tauros
|-crit|p2a: Tauros
|-damage|p2a: Tauros|0 fnt
|faint|p2a: Tauros
|choice||switch 2
|
|switch|p2a: Zapdos|Zapdos|383\/383
|turn|42
|choice|move 4|move 3
|
|move|p1a: Tauros|Hyper Beam|p2a: Zapdos
|-damage|p2a: Zapdos|193\/383
|move|p2a: Zapdos|Drill Peck|p1a: Tauros
|-damage|p1a: Tauros|0 fnt
|faint|p1a: Tauros
|choice|switch 4|
|
|switch|p1a: Chansey|Chansey|638\/703 par
|turn|43
|choice|move 4|switch 4
|
|switch|p2a: Jynx|Jynx|281\/333 slp
|move|p1a: Chansey|Thunder Wave|p2a: Jynx
|-fail|p2a: Jynx
|
|turn|44
|choice|move 4|move 1
|
|-curestatus|p2a: Jynx|slp
|move|p1a: Chansey|Thunder Wave|p2a: Jynx
|-status|p2a: Jynx|par
|
|turn|45
|choice|move 3|move 1
|
|move|p2a: Jynx|Psychic|p1a: Chansey
|-damage|p1a: Chansey|547\/703 par
|-unboost|p1a: Chansey|spd|1
|-unboost|p1a: Chansey|spa|1
|move|p1a: Chansey|Thunderbolt|p2a: Jynx
|-damage|p2a: Jynx|225\/333 par
|
|turn|46
|choice|switch 3|move 1
|
|switch|p1a: Starmie|Starmie|104\/323 par
|cant|p2a: Jynx|par
|
|turn|47
|choice|move 2|switch 4
|
|switch|p2a: Zapdos|Zapdos|193\/383
|move|p1a: Starmie|Thunderbolt|p2a: Zapdos
|-crit|p2a: Zapdos
|-damage|p2a: Zapdos|63\/383
|
|turn|48
|choice|move 1|move 1
|
|move|p2a: Zapdos|Thunder|p1a: Starmie
|-supereffective|p1a: Starmie
|-damage|p1a: Starmie|0 fnt
|faint|p1a: Starmie
|choice|switch 6|
|
|switch|p1a: Jynx|Jynx|270\/333
|turn|49
|c|★Stratos|>literally just forgetting ur paralyzed
|c|★Stratos|im the best player
|choice|move 2|switch 4
|
|switch|p2a: Jynx|Jynx|225\/333 par
|move|p1a: Jynx|Psychic|p2a: Jynx
|-crit|p2a: Jynx
|-resisted|p2a: Jynx
|-damage|p2a: Jynx|128\/333 par
|
|turn|50
|choice|switch 3|move 3
|
|switch|p1a: Chansey|Chansey|547\/703 par
|cant|p2a: Jynx|par
|
|turn|51
|choice|move 3|move 3
|
|move|p2a: Jynx|Rest|p2a: Jynx
|-status|p2a: Jynx|slp
|-heal|p2a: Jynx|333\/333 slp|[silent]
|-status|p2a: Jynx|slp|[from] move: Rest
|cant|p1a: Chansey|par
|
|turn|52
|choice|switch 3|move 1
|
|switch|p1a: Jynx|Jynx|270\/333
|cant|p2a: Jynx|slp
|
|turn|53
|choice|move 2|move 2
|
|move|p1a: Jynx|Psychic|p2a: Jynx
|-crit|p2a: Jynx
|-resisted|p2a: Jynx
|-damage|p2a: Jynx|224\/333 slp
|-curestatus|p2a: Jynx|slp
|
|turn|54
|choice|move 1|move 2
|
|move|p1a: Jynx|Lovely Kiss|p2a: Jynx
|-status|p2a: Jynx|slp
|cant|p2a: Jynx|slp
|
|turn|55
|choice|move 2|move 2
|
|move|p1a: Jynx|Psychic|p2a: Jynx
|-crit|p2a: Jynx
|-resisted|p2a: Jynx
|-damage|p2a: Jynx|115\/333 slp
|cant|p2a: Jynx|slp
|
|turn|56
|choice|move 2|switch 6
|
|switch|p2a: Exeggutor|Exeggutor|142\/393 frz
|move|p1a: Jynx|Psychic|p2a: Exeggutor
|-resisted|p2a: Exeggutor
|-damage|p2a: Exeggutor|99\/393 frz
|
|turn|57
|choice|move 2|move 3
|
|move|p1a: Jynx|Psychic|p2a: Exeggutor
|-resisted|p2a: Exeggutor
|-damage|p2a: Exeggutor|53\/393 frz
|cant|p2a: Exeggutor|frz
|
|turn|58
|choice|move 2|move 3
|
|move|p1a: Jynx|Psychic|p2a: Exeggutor
|-resisted|p2a: Exeggutor
|-damage|p2a: Exeggutor|10\/393 frz
|cant|p2a: Exeggutor|frz
|
|turn|59
|choice|move 2|move 3
|
|move|p1a: Jynx|Psychic|p2a: Exeggutor
|-crit|p2a: Exeggutor
|-resisted|p2a: Exeggutor
|-damage|p2a: Exeggutor|0 fnt
|faint|p2a: Exeggutor
|choice||switch 6
|
|switch|p2a: Jynx|Jynx|115\/333 slp
|turn|60
|choice|move 2|move 2
|
|move|p1a: Jynx|Psychic|p2a: Jynx
|-resisted|p2a: Jynx
|-damage|p2a: Jynx|59\/333 slp
|cant|p2a: Jynx|slp
|
|turn|61
|choice|move 3|move 3
|
|move|p1a: Jynx|Blizzard|p2a: Jynx
|-crit|p2a: Jynx
|-resisted|p2a: Jynx
|-damage|p2a: Jynx|0 fnt
|faint|p2a: Jynx
|choice||switch 4
|
|switch|p2a: Zapdos|Zapdos|63\/383
|turn|62
|choice|move 2|move 1
|
|move|p2a: Zapdos|Thunder|p1a: Jynx|[miss]
|-miss|p2a: Zapdos
|move|p1a: Jynx|Psychic|p2a: Zapdos
|-crit|p2a: Zapdos
|-damage|p2a: Zapdos|0 fnt
|faint|p2a: Zapdos
|
|win|Stratos