|J|Whatwouldulik2kno
|J|fapkingg
|player|p1|Whatwouldulik2kno|#zamrock
|player|p2|fapkingg|96
|gametype|singles
|gen|1
|tier|[Gen 1] OU
|seed|46559,25692,31121,65002
|rule|Sleep Clause Mod: Limit one foe put to sleep
|rule|Freeze Clause Mod: Limit one foe frozen
|rule|Species Clause: Limit one of each Pokémon
|rule|OHKO Clause: OHKO moves are banned
|rule|Evasion Moves Clause: Evasion moves are banned
|rule|HP Percentage Mod: HP is shown in percentages
|
|start
|switch|p1a: Hypno|Hypno|373\/373
|switch|p2a: Alakazam|Alakazam|313\/313
|turn|1
|choice|move 1|move 4
|
|move|p2a: Alakazam|Thunder Wave|p1a: Hypno
|-status|p1a: Hypno|par
|move|p1a: Hypno|Hypnosis|p2a: Alakazam
|-status|p2a: Alakazam|slp
|
|turn|2
|choice|move 4|move 1
|
|cant|p2a: Alakazam|slp
|move|p1a: Hypno|Thunder Wave|p2a: Alakazam
|-fail|p2a: Alakazam
|
|turn|3
|choice|move 2|switch 5
|
|switch|p2a: Snorlax|Snorlax|523\/523
|cant|p1a: Hypno|par
|
|turn|4
|choice|move 4|move 1
|
|move|p2a: Snorlax|Body Slam|p1a: Hypno
|-damage|p1a: Hypno|248\/373 par
|move|p1a: Hypno|Thunder Wave|p2a: Snorlax
|-status|p2a: Snorlax|par
|
|turn|5
|choice|switch 5|move 1
|
|switch|p1a: Golem|Golem|363\/363
|move|p2a: Snorlax|Body Slam|p1a: Golem
|-resisted|p1a: Golem
|-damage|p1a: Golem|316\/363
|
|turn|6
|choice|move 4|switch 2
|
|switch|p2a: Starmie|Starmie|323\/323
|move|p1a: Golem|Rock Slide|p2a: Starmie
|-crit|p2a: Starmie
|-damage|p2a: Starmie|110\/323
|
|turn|7
|choice|switch 3|move 4
|
|switch|p1a: Starmie|Starmie|323\/323
|move|p2a: Starmie|Recover|p2a: Starmie
|-heal|p2a: Starmie|271\/323
|
|turn|8
|choice|move 4|switch 2
|
|switch|p2a: Snorlax|Snorlax|523\/523 par
|move|p1a: Starmie|Thunderbolt|p2a: Snorlax
|-damage|p2a: Snorlax|432\/523 par
|
|turn|9
|choice|switch 3|move 1
|
|switch|p1a: Golem|Golem|316\/363
|cant|p2a: Snorlax|par
|
|turn|10
|choice|move 2|switch 3
|
|switch|p2a: Exeggutor|Exeggutor|393\/393
|move|p1a: Golem|Earthquake|p2a: Exeggutor
|-resisted|p2a: Exeggutor
|-damage|p2a: Exeggutor|325\/393
|
|turn|11
|choice|switch 5|switch 5
|
|switch|p2a: Alakazam|Alakazam|313\/313 slp
|switch|p1a: Hypno|Hypno|248\/373 par
|
|turn|12
|choice|switch 5|move 3
|
|switch|p1a: Golem|Golem|316\/363
|-curestatus|p2a: Alakazam|slp
|
|turn|13
|choice|switch 5|move 3
|
|switch|p1a: Hypno|Hypno|248\/373 par
|move|p2a: Alakazam|Seismic Toss|p1a: Hypno
|-damage|p1a: Hypno|148\/373 par
|
|turn|14
|choice|move 3|move 3
|
|move|p2a: Alakazam|Seismic Toss|p1a: Hypno
|-damage|p1a: Hypno|48\/373 par
|move|p1a: Hypno|Rest|p1a: Hypno
|-status|p1a: Hypno|slp
|-heal|p1a: Hypno|373\/373 slp|[silent]
|-status|p1a: Hypno|slp|[from] move: Rest
|
|turn|15
|choice|move 2|move 3
|
|move|p2a: Alakazam|Seismic Toss|p1a: Hypno
|-damage|p1a: Hypno|273\/373 slp
|cant|p1a: Hypno|slp
|
|turn|16
|choice|move 3|move 3
|
|move|p2a: Alakazam|Seismic Toss|p1a: Hypno
|-damage|p1a: Hypno|173\/373 slp
|-curestatus|p1a: Hypno|slp
|
|turn|17
|choice|move 3|move 3
|
|move|p2a: Alakazam|Seismic Toss|p1a: Hypno
|-damage|p1a: Hypno|73\/373
|move|p1a: Hypno|Rest|p1a: Hypno
|-status|p1a: Hypno|slp
|-heal|p1a: Hypno|373\/373 slp|[silent]
|-status|p1a: Hypno|slp|[from] move: Rest
|
|turn|18
|choice|move 3|move 3
|
|move|p2a: Alakazam|Seismic Toss|p1a: Hypno
|-damage|p1a: Hypno|273\/373 slp
|cant|p1a: Hypno|slp
|
|turn|19
|choice|move 2|move 3
|
|move|p2a: Alakazam|Seismic Toss|p1a: Hypno
|-damage|p1a: Hypno|173\/373 slp
|-curestatus|p1a: Hypno|slp
|
|turn|20
|choice|move 3|move 3
|
|move|p2a: Alakazam|Seismic Toss|p1a: Hypno
|-damage|p1a: Hypno|73\/373
|move|p1a: Hypno|Rest|p1a: Hypno
|-status|p1a: Hypno|slp
|-heal|p1a: Hypno|373\/373 slp|[silent]
|-status|p1a: Hypno|slp|[from] move: Rest
|
|turn|21
|choice|move 2|switch 3
|
|switch|p2a: Snorlax|Snorlax|432\/523 par
|cant|p1a: Hypno|slp
|
|turn|22
|choice|switch 5|move 2
|
|switch|p1a: Golem|Golem|316\/363
|move|p2a: Snorlax|Earthquake|p1a: Golem
|-supereffective|p1a: Golem
|-damage|p1a: Golem|176\/363
|
|turn|23
|choice|move 1|switch 3
|
|switch|p2a: Alakazam|Alakazam|313\/313
|move|p1a: Golem|Body Slam|p2a: Alakazam
|-crit|p2a: Alakazam
|-damage|p2a: Alakazam|113\/313
|
|turn|24
|choice|switch 5|move 2
|
|switch|p1a: Hypno|Hypno|373\/373 slp
|move|p2a: Alakazam|Recover|p2a: Alakazam
|-heal|p2a: Alakazam|269\/313
|
|turn|25
|choice|move 2|switch 3
|
|switch|p2a: Snorlax|Snorlax|432\/523 par
|-curestatus|p1a: Hypno|slp
|
|turn|26
|choice|switch 4|move 1
|
|switch|p1a: Dragonite|Dragonite|385\/385
|cant|p2a: Snorlax|par
|
|turn|27
|choice|move 1|switch 3
|
|switch|p2a: Alakazam|Alakazam|269\/313
|move|p1a: Dragonite|Agility|p1a: Dragonite
|-boost|p1a: Dragonite|spe|2
|
|turn|28
|choice|move 4|move 4
|
|move|p1a: Dragonite|Wrap|p2a: Alakazam
|-damage|p2a: Alakazam|246\/313
|-activate|p2a: Alakazam|move: Wrap|[of] p1a: Dragonite
|cant|p2a: Alakazam|partiallytrapped
|
|turn|29
|choice|move 4|switch 4
|
|switch|p2a: Rhydon|Rhydon|413\/413
|move|p1a: Dragonite|Wrap|p2a: Rhydon
|-crit|p2a: Rhydon
|-resisted|p2a: Rhydon
|-damage|p2a: Rhydon|402\/413
|-activate|p2a: Rhydon|move: Wrap|[of] p1a: Dragonite
|
|turn|30
|choice|move 4|switch 5
|
|switch|p2a: Exeggutor|Exeggutor|325\/393
|move|p1a: Dragonite|Wrap|p2a: Exeggutor|[miss]
|-miss|p1a: Dragonite
|
|turn|31
|choice|move 4|move 1
|
|move|p1a: Dragonite|Wrap|p2a: Exeggutor
|-damage|p2a: Exeggutor|307\/393
|-activate|p2a: Exeggutor|move: Wrap|[of] p1a: Dragonite
|cant|p2a: Exeggutor|partiallytrapped
|
|turn|32
|choice|move 4|switch 5
|
|switch|p2a: Rhydon|Rhydon|402\/413
|move|p1a: Dragonite|Wrap|p2a: Rhydon
|-resisted|p2a: Rhydon
|-damage|p2a: Rhydon|396\/413
|-activate|p2a: Rhydon|move: Wrap|[of] p1a: Dragonite
|
|turn|33
|choice|move 4|switch 4
|
|switch|p2a: Alakazam|Alakazam|246\/313
|move|p1a: Dragonite|Wrap|p2a: Alakazam
|-crit|p2a: Alakazam
|-damage|p2a: Alakazam|205\/313
|-activate|p2a: Alakazam|move: Wrap|[of] p1a: Dragonite
|
|turn|34
|choice|move 4|switch 2
|
|switch|p2a: Starmie|Starmie|271\/323
|move|p1a: Dragonite|Wrap|p2a: Starmie
|-damage|p2a: Starmie|253\/323
|-activate|p2a: Starmie|move: Wrap|[of] p1a: Dragonite
|
|turn|35
|choice|move 4|switch 3
|
|switch|p2a: Snorlax|Snorlax|432\/523 par
|move|p1a: Dragonite|Wrap|p2a: Snorlax
|-damage|p2a: Snorlax|411\/523 par
|-activate|p2a: Snorlax|move: Wrap|[of] p1a: Dragonite
|
|turn|36
|choice|switch 4|switch 4
|
|switch|p1a: Hypno|Hypno|373\/373
|switch|p2a: Rhydon|Rhydon|396\/413
|
|turn|37
|choice|move 2|switch 4
|
|switch|p2a: Snorlax|Snorlax|411\/523 par
|move|p1a: Hypno|Psychic|p2a: Snorlax
|-damage|p2a: Snorlax|268\/523 par
|
|turn|38
|choice|switch 5|move 4
|
|switch|p1a: Golem|Golem|176\/363
|move|p2a: Snorlax|Rest|p2a: Snorlax
|-fail|p2a: Snorlax
|
|turn|39
|c|★Whatwouldulik2kno|LOL
|c|★Whatwouldulik2kno|love rby
|c|★fapkingg|ah
|c|★Whatwouldulik2kno|for real tho sorry
|c|★fapkingg|not your fault haha
|choice|move 1|switch 5
|
|switch|p2a: Exeggutor|Exeggutor|307\/393
|move|p1a: Golem|Body Slam|p2a: Exeggutor
|-damage|p2a: Exeggutor|230\/393
|
|turn|40
|choice|switch 2|move 1
|
|switch|p1a: Exeggutor|Exeggutor|393\/393
|move|p2a: Exeggutor|Sleep Powder|p1a: Exeggutor
|-status|p1a: Exeggutor|slp
|
|turn|41
|choice|move 3|switch 3
|
|switch|p2a: Starmie|Starmie|253\/323
|cant|p1a: Exeggutor|slp
|
|turn|42
|choice|switch 3|move 2
|
|switch|p1a: Starmie|Starmie|323\/323
|move|p2a: Starmie|Blizzard|p1a: Starmie
|-resisted|p1a: Starmie
|-damage|p1a: Starmie|275\/323
|
|turn|43
|choice|move 4|move 1
|
|move|p2a: Starmie|Thunder Wave|p1a: Starmie
|-status|p1a: Starmie|par
|move|p1a: Starmie|Thunderbolt|p2a: Starmie
|-supereffective|p2a: Starmie
|-damage|p2a: Starmie|114\/323
|
|turn|44
|choice|move 3|move 4
|
|move|p2a: Starmie|Recover|p2a: Starmie
|-heal|p2a: Starmie|275\/323
|move|p1a: Starmie|Thunder Wave|p2a: Starmie
|-status|p2a: Starmie|par
|
|turn|45
|choice|move 2|move 3
|
|cant|p2a: Starmie|par
|move|p1a: Starmie|Hydro Pump|p2a: Starmie|[miss]
|-miss|p1a: Starmie
|
|turn|46
|choice|move 4|move 3
|
|cant|p1a: Starmie|par
|move|p2a: Starmie|Thunderbolt|p1a: Starmie
|-supereffective|p1a: Starmie
|-damage|p1a: Starmie|127\/323 par
|
|turn|47
|choice|move 4|move 3
|
|move|p2a: Starmie|Thunderbolt|p1a: Starmie
|-supereffective|p1a: Starmie
|-damage|p1a: Starmie|0 fnt
|faint|p1a: Starmie
|choice|switch 4|
|
|switch|p1a: Dragonite|Dragonite|385\/385
|turn|48
|choice|move 4|move 2
|
|move|p1a: Dragonite|Wrap|p2a: Starmie
|-damage|p2a: Starmie|257\/323 par
|-activate|p2a: Starmie|move: Wrap|[of] p1a: Dragonite
|cant|p2a: Starmie|partiallytrapped
|
|turn|49
|choice|move 4|switch 2
|
|switch|p2a: Alakazam|Alakazam|205\/313
|move|p1a: Dragonite|Wrap|p2a: Alakazam
|-damage|p2a: Alakazam|183\/313
|-activate|p2a: Alakazam|move: Wrap|[of] p1a: Dragonite
|
|turn|50
|choice|move 4|switch 6
|
|switch|p2a: Tauros|Tauros|353\/353
|move|p1a: Dragonite|Wrap|p2a: Tauros
|-crit|p2a: Tauros
|-damage|p2a: Tauros|323\/353
|-activate|p2a: Tauros|move: Wrap|[of] p1a: Dragonite
|
|turn|51
|choice|move 4|switch 4
|
|switch|p2a: Rhydon|Rhydon|396\/413
|move|p1a: Dragonite|Wrap|p2a: Rhydon
|-resisted|p2a: Rhydon
|-damage|p2a: Rhydon|390\/413
|-activate|p2a: Rhydon|move: Wrap|[of] p1a: Dragonite
|
|turn|52
|choice|move 4|switch 5
|
|switch|p2a: Snorlax|Snorlax|268\/523 par
|move|p1a: Dragonite|Wrap|p2a: Snorlax
|-damage|p2a: Snorlax|247\/523 par
|-activate|p2a: Snorlax|move: Wrap|[of] p1a: Dragonite
|
|turn|53
|choice|move 4|switch 4
|
|switch|p2a: Tauros|Tauros|323\/353
|move|p1a: Dragonite|Wrap|p2a: Tauros
|-damage|p2a: Tauros|308\/353
|-activate|p2a: Tauros|move: Wrap|[of] p1a: Dragonite
|
|turn|54
|choice|move 4|switch 6
|
|switch|p2a: Alakazam|Alakazam|183\/313
|move|p1a: Dragonite|Wrap|p2a: Alakazam
|-damage|p2a: Alakazam|160\/313
|-activate|p2a: Alakazam|move: Wrap|[of] p1a: Dragonite
|
|turn|55
|choice|move 4|switch 2
|
|switch|p2a: Starmie|Starmie|257\/323 par
|move|p1a: Dragonite|Wrap|p2a: Starmie
|-damage|p2a: Starmie|239\/323 par
|-activate|p2a: Starmie|move: Wrap|[of] p1a: Dragonite
|
|turn|56
|choice|move 4|switch 3
|
|switch|p2a: Exeggutor|Exeggutor|230\/393
|move|p1a: Dragonite|Wrap|p2a: Exeggutor|[miss]
|-miss|p1a: Dragonite
|
|turn|57
|choice|move 4|move 2
|
|move|p1a: Dragonite|Wrap|p2a: Exeggutor
|-damage|p2a: Exeggutor|212\/393
|-activate|p2a: Exeggutor|move: Wrap|[of] p1a: Dragonite
|cant|p2a: Exeggutor|partiallytrapped
|
|turn|58
|choice|move 4|switch 2
|
|switch|p2a: Alakazam|Alakazam|160\/313
|move|p1a: Dragonite|Wrap|p2a: Alakazam
|-damage|p2a: Alakazam|138\/313
|-activate|p2a: Alakazam|move: Wrap|[of] p1a: Dragonite
|
|turn|59
|choice|move 4|switch 3
|
|switch|p2a: Starmie|Starmie|239\/323 par
|move|p1a: Dragonite|Wrap|p2a: Starmie
|-damage|p2a: Starmie|221\/323 par
|-activate|p2a: Starmie|move: Wrap|[of] p1a: Dragonite
|
|turn|60
|choice|move 4|switch 5
|
|switch|p2a: Rhydon|Rhydon|390\/413
|move|p1a: Dragonite|Wrap|p2a: Rhydon
|-crit|p2a: Rhydon
|-resisted|p2a: Rhydon
|-damage|p2a: Rhydon|378\/413
|-activate|p2a: Rhydon|move: Wrap|[of] p1a: Dragonite
|
|turn|61
|choice|move 4|switch 6
|
|switch|p2a: Tauros|Tauros|308\/353
|move|p1a: Dragonite|Wrap|p2a: Tauros|[miss]
|-miss|p1a: Dragonite
|
|turn|62
|choice|move 1|move 4
|
|move|p2a: Tauros|Blizzard|p1a: Dragonite
|-supereffective|p1a: Dragonite
|-damage|p1a: Dragonite|104\/385
|move|p1a: Dragonite|Agility|p1a: Dragonite
|-boost|p1a: Dragonite|spe|2
|
|turn|63
|choice|move 4|move 2
|
|move|p1a: Dragonite|Wrap|p2a: Tauros
|-damage|p2a: Tauros|293\/353
|-activate|p2a: Tauros|move: Wrap|[of] p1a: Dragonite
|cant|p2a: Tauros|partiallytrapped
|
|turn|64
|choice|move 4|switch 6
|
|switch|p2a: Rhydon|Rhydon|378\/413
|move|p1a: Dragonite|Wrap|p2a: Rhydon
|-resisted|p2a: Rhydon
|-damage|p2a: Rhydon|372\/413
|-activate|p2a: Rhydon|move: Wrap|[of] p1a: Dragonite
|
|turn|65
|choice|move 4|switch 2
|
|switch|p2a: Exeggutor|Exeggutor|212\/393
|move|p1a: Dragonite|Wrap|p2a: Exeggutor|[miss]
|-miss|p1a: Dragonite
|
|turn|66
|choice|move 4|move 3
|
|move|p1a: Dragonite|Wrap|p2a: Exeggutor
|-damage|p2a: Exeggutor|194\/393
|-activate|p2a: Exeggutor|move: Wrap|[of] p1a: Dragonite
|cant|p2a: Exeggutor|partiallytrapped
|
|turn|67
|choice|move 4|switch 4
|
|switch|p2a: Snorlax|Snorlax|247\/523 par
|move|p1a: Dragonite|Wrap|p2a: Snorlax
|-damage|p2a: Snorlax|227\/523 par
|-activate|p2a: Snorlax|move: Wrap|[of] p1a: Dragonite
|
|turn|68
|choice|move 4|switch 2
|
|switch|p2a: Rhydon|Rhydon|372\/413
|move|p1a: Dragonite|Wrap|p2a: Rhydon
|-resisted|p2a: Rhydon
|-damage|p2a: Rhydon|366\/413
|-activate|p2a: Rhydon|move: Wrap|[of] p1a: Dragonite
|
|turn|69
|choice|move 4|switch 3
|
|switch|p2a: Alakazam|Alakazam|138\/313
|move|p1a: Dragonite|Wrap|p2a: Alakazam
|-damage|p2a: Alakazam|114\/313
|-activate|p2a: Alakazam|move: Wrap|[of] p1a: Dragonite
|
|turn|70
|choice|move 4|switch 5
|
|switch|p2a: Starmie|Starmie|221\/323 par
|move|p1a: Dragonite|Wrap|p2a: Starmie
|-damage|p2a: Starmie|205\/323 par
|-activate|p2a: Starmie|move: Wrap|[of] p1a: Dragonite
|
|turn|71
|choice|move 4|switch 3
|
|switch|p2a: Rhydon|Rhydon|366\/413
|move|p1a: Dragonite|Wrap|p2a: Rhydon
|-crit|p2a: Rhydon
|-resisted|p2a: Rhydon
|-damage|p2a: Rhydon|353\/413
|-activate|p2a: Rhydon|move: Wrap|[of] p1a: Dragonite
|
|turn|72
|choice|move 4|move 3
|
|move|p1a: Dragonite|Wrap|p2a: Rhydon
|-damage|p2a: Rhydon|340\/413
|cant|p2a: Rhydon|partiallytrapped
|
|turn|73
|choice|move 4|move 3
|
|move|p1a: Dragonite|Wrap|p2a: Rhydon
|-damage|p2a: Rhydon|327\/413
|cant|p2a: Rhydon|partiallytrapped
|
|-end|p2a: Rhydon|Wrap|[partiallytrapped]
|turn|74
|choice|move 4|move 3
|
|move|p1a: Dragonite|Wrap|p2a: Rhydon
|-crit|p2a: Rhydon
|-resisted|p2a: Rhydon
|-damage|p2a: Rhydon|314\/413
|-activate|p2a: Rhydon|move: Wrap|[of] p1a: Dragonite
|cant|p2a: Rhydon|partiallytrapped
|
|turn|75
|c|★Whatwouldulik2kno|this is the most
|c|★Whatwouldulik2kno|broken piece of shit
|c|★Whatwouldulik2kno|in the tier
|c|★fapkingg|THANKS GOD
|c|★fapkingg|almost switched
|c|★fapkingg|nah it's not really broken
|c|★fapkingg|but
|c|★fapkingg|extremely annoying
|c|★Whatwouldulik2kno|it's annoying
|c|★Whatwouldulik2kno|lol
|choice|move 4|move 3
|
|move|p1a: Dragonite|Wrap|p2a: Rhydon
|-damage|p2a: Rhydon|301\/413
|cant|p2a: Rhydon|partiallytrapped
|
|turn|76
|choice|move 4|move 3
|
|move|p1a: Dragonite|Wrap|p2a: Rhydon
|-damage|p2a: Rhydon|288\/413
|cant|p2a: Rhydon|partiallytrapped
|
|-end|p2a: Rhydon|Wrap|[partiallytrapped]
|turn|77
|c|★Whatwouldulik2kno|surf kills
|choice|move 2|move 3
|
|move|p1a: Dragonite|Blizzard|p2a: Rhydon
|-supereffective|p2a: Rhydon
|-damage|p2a: Rhydon|10\/413
|-status|p2a: Rhydon|frz
|cant|p2a: Rhydon|frz
|
|turn|78
|c|★Whatwouldulik2kno|bop
|c|★Whatwouldulik2kno|oh
|c|★Whatwouldulik2kno|lol
|c|★Whatwouldulik2kno|i'm bad
|c|★Whatwouldulik2kno|Dragonite Blizzard vs. Rhydon: 272-320 (65.8 - 77.4%) -- guaranteed 2HKO
|c|★fapkingg|xd
|c|★Whatwouldulik2kno|zzzz
|c|★Whatwouldulik2kno|owell
|choice|move 2|move 3
|
|move|p1a: Dragonite|Blizzard|p2a: Rhydon|[miss]
|-miss|p1a: Dragonite
|cant|p2a: Rhydon|frz
|
|turn|79
|choice|move 2|move 3
|
|move|p1a: Dragonite|Blizzard|p2a: Rhydon|[miss]
|-miss|p1a: Dragonite
|cant|p2a: Rhydon|frz
|
|turn|80
|c|★Whatwouldulik2kno|this is fun
|c|★Whatwouldulik2kno|lol
|c|★fapkingg|rofl
|choice|move 2|move 3
|
|move|p1a: Dragonite|Blizzard|p2a: Rhydon
|-supereffective|p2a: Rhydon
|-damage|p2a: Rhydon|0 fnt
|faint|p2a: Rhydon
|c|★Whatwouldulik2kno|dont think i can
|c|★Whatwouldulik2kno|ever play comp rby
|c|★Whatwouldulik2kno|for a living
|c|★Whatwouldulik2kno|good lord
|c|★fapkingg|man
|c|★fapkingg|i want to tell you that
|c|★fapkingg|outside of wrapping
|c|★fapkingg|and other bs
|c|★fapkingg|rby is so fun
|c|★fapkingg|really.
|c|★Whatwouldulik2kno|i like it
|c|★Whatwouldulik2kno|to an extent
|choice||switch 3
|
|switch|p2a: Starmie|Starmie|205\/323 par
|turn|81
|choice|move 3|move 1
|
|move|p1a: Dragonite|Hyper Beam|p2a: Starmie
|-damage|p2a: Starmie|57\/323 par
|move|p2a: Starmie|Thunder Wave|p1a: Dragonite
|-status|p1a: Dragonite|par
|
|turn|82
|-mustrecharge|p1a: Dragonite
|-mustrecharge|p1a: Dragonite
|choice|move 1|move 4
|
|cant|p1a: Dragonite|recharge
|move|p2a: Starmie|Recover|p2a: Starmie
|-heal|p2a: Starmie|218\/323 par
|
|turn|83
|choice|move 3|move 2
|
|cant|p1a: Dragonite|par
|move|p2a: Starmie|Blizzard|p1a: Dragonite
|-supereffective|p1a: Dragonite
|-damage|p1a: Dragonite|0 fnt
|faint|p1a: Dragonite
|choice|switch 2|
|
|switch|p1a: Golem|Golem|176\/363
|turn|84
|choice|move 3|switch 4
|
|switch|p2a: Exeggutor|Exeggutor|194\/393
|move|p1a: Golem|Explosion|p2a: Exeggutor
|-crit|p2a: Exeggutor
|-damage|p2a: Exeggutor|0 fnt
|faint|p2a: Exeggutor
|faint|p1a: Golem
|choice|switch 5|switch 4
|
|switch|p1a: Hypno|Hypno|373\/373
|switch|p2a: Starmie|Starmie|218\/323 par
|turn|85
|c|★fapkingg|i will freeze you
|c|★fapkingg|!!
|choice|move 2|move 4
|
|move|p1a: Hypno|Psychic|p2a: Starmie
|-resisted|p2a: Starmie
|-damage|p2a: Starmie|163\/323 par
|move|p2a: Starmie|Recover|p2a: Starmie
|-heal|p2a: Starmie|323\/323 par
|
|turn|86
|c|★Whatwouldulik2kno|bop
|choice|move 2|move 2
|
|move|p1a: Hypno|Psychic|p2a: Starmie
|-crit|p2a: Starmie
|-resisted|p2a: Starmie
|-damage|p2a: Starmie|200\/323 par
|cant|p2a: Starmie|par
|
|turn|87
|c|★fapkingg|i will try to use hypno a bit more
|choice|move 2|move 4
|
|move|p1a: Hypno|Psychic|p2a: Starmie
|-resisted|p2a: Starmie
|-damage|p2a: Starmie|142\/323 par
|-unboost|p2a: Starmie|spd|1
|-unboost|p2a: Starmie|spa|1
|move|p2a: Starmie|Recover|p2a: Starmie
|-heal|p2a: Starmie|303\/323 par
|
|turn|88
|c|★fapkingg|it deserves more appreciation tbh
|c|★Whatwouldulik2kno|yeah it's hipster
|choice|move 2|switch 5
|
|switch|p2a: Alakazam|Alakazam|114\/313
|move|p1a: Hypno|Psychic|p2a: Alakazam
|-resisted|p2a: Alakazam
|-damage|p2a: Alakazam|70\/313
|
|turn|89
|choice|move 1|switch 5
|
|switch|p2a: Starmie|Starmie|303\/323 par
|move|p1a: Hypno|Hypnosis|p2a: Starmie
|-fail|p2a: Starmie
|
|turn|90
|choice|move 2|move 2
|
|move|p1a: Hypno|Psychic|p2a: Starmie
|-resisted|p2a: Starmie
|-damage|p2a: Starmie|243\/323 par
|-unboost|p2a: Starmie|spd|1
|-unboost|p2a: Starmie|spa|1
|move|p2a: Starmie|Blizzard|p1a: Hypno|[miss]
|-miss|p2a: Starmie
|
|turn|91
|choice|move 1|move 2
|
|move|p1a: Hypno|Hypnosis|p2a: Starmie
|-fail|p2a: Starmie
|move|p2a: Starmie|Blizzard|p1a: Hypno
|-damage|p1a: Hypno|318\/373
|
|turn|92
|c|★Whatwouldulik2kno|got me
|c|★fapkingg|hehe
|choice|move 1|move 2
|
|move|p1a: Hypno|Hypnosis|p2a: Starmie
|-fail|p2a: Starmie
|cant|p2a: Starmie|par
|
|turn|93
|choice|move 2|move 2
|
|move|p1a: Hypno|Psychic|p2a: Starmie
|-resisted|p2a: Starmie
|-damage|p2a: Starmie|154\/323 par
|cant|p2a: Starmie|par
|
|turn|94
|choice|move 2|move 4
|
|move|p1a: Hypno|Psychic|p2a: Starmie
|-resisted|p2a: Starmie
|-damage|p2a: Starmie|63\/323 par
|move|p2a: Starmie|Recover|p2a: Starmie
|-heal|p2a: Starmie|224\/323 par
|
|turn|95
|choice|move 2|move 2
|
|move|p1a: Hypno|Psychic|p2a: Starmie
|-resisted|p2a: Starmie
|-damage|p2a: Starmie|139\/323 par
|move|p2a: Starmie|Blizzard|p1a: Hypno
|-crit|p1a: Hypno
|-damage|p1a: Hypno|163\/373
|
|turn|96
|c|★fapkingg|c'mon
|c|★Whatwouldulik2kno|you playign dangerously
|c|★Whatwouldulik2kno|lol
|c|★fapkingg|starmie
|c|★fapkingg|bro
|c|★fapkingg|freeze
|c|★fapkingg|not like i have other plays oo
|choice|move 2|move 4
|
|move|p1a: Hypno|Psychic|p2a: Starmie
|-resisted|p2a: Starmie
|-damage|p2a: Starmie|53\/323 par
|-unboost|p2a: Starmie|spd|1
|-unboost|p2a: Starmie|spa|1
|cant|p2a: Starmie|par
|
|turn|97
|c|★Whatwouldulik2kno|wasn't meant to be
|choice|move 2|switch 5
|
|switch|p2a: Alakazam|Alakazam|70\/313
|move|p1a: Hypno|Psychic|p2a: Alakazam
|-crit|p2a: Alakazam
|-resisted|p2a: Alakazam
|-damage|p2a: Alakazam|0 fnt
|faint|p2a: Alakazam
|c|★Whatwouldulik2kno|go hypno!
|c|★Whatwouldulik2kno|turn into an OU mon!
|choice||switch 6
|
|switch|p2a: Tauros|Tauros|293\/353
|turn|98
|c|★fapkingg|hm..
|choice|switch 3|move 2
|
|switch|p1a: Exeggutor|Exeggutor|393\/393 slp
|move|p2a: Tauros|Hyper Beam|p1a: Exeggutor
|-damage|p1a: Exeggutor|183\/393 slp
|
|turn|99
|-mustrecharge|p2a: Tauros
|-mustrecharge|p2a: Tauros
|choice|switch 6|move 1
|
|switch|p1a: Tauros|Tauros|353\/353
|cant|p2a: Tauros|recharge
|
|turn|100
|c|★Whatwouldulik2kno|the bull war starts
|choice|move 2|move 1
|
|move|p1a: Tauros|Body Slam|p2a: Tauros
|-damage|p2a: Tauros|193\/353
|move|p2a: Tauros|Body Slam|p1a: Tauros
|-damage|p1a: Tauros|244\/353
|
|turn|101
|c|★fapkingg|my bull is well-trained
|c|★fapkingg|gooo
|choice|move 2|move 1
|
|move|p2a: Tauros|Body Slam|p1a: Tauros
|-damage|p1a: Tauros|144\/353
|move|p1a: Tauros|Body Slam|p2a: Tauros
|-damage|p2a: Tauros|96\/353
|
|turn|102
|c|★fapkingg|lgi
|c|★Whatwouldulik2kno|gg
|choice|move 4|move 2
|
|move|p2a: Tauros|Hyper Beam|p1a: Tauros
|-damage|p1a: Tauros|0 fnt
|faint|p1a: Tauros
|c|★Whatwouldulik2kno|damn
|choice|switch 3|
|
|switch|p1a: Hypno|Hypno|163\/373
|turn|103
|c|★fapkingg|gg
|c|★fapkingg|was close
|c|★Whatwouldulik2kno|yh
|c|★fapkingg|but wait
|c|★fapkingg|not yet
|c|★Whatwouldulik2kno|dodge
|c|★fapkingg|remember its rby
|c|★Whatwouldulik2kno|lgi
|choice|move 2|move 2
|
|move|p2a: Tauros|Hyper Beam|p1a: Hypno
|-damage|p1a: Hypno|0 fnt
|faint|p1a: Hypno
|c|★Whatwouldulik2kno|gg
|choice|switch 6|
|
|switch|p1a: Exeggutor|Exeggutor|183\/393 slp
|turn|104
|c|★fapkingg|gg man
|c|★fapkingg|was fun
|c|★Whatwouldulik2kno|i wished
|choice|move 4|move 1
|
|move|p2a: Tauros|Body Slam|p1a: Exeggutor
|-crit|p1a: Exeggutor
|-damage|p1a: Exeggutor|0 fnt
|faint|p1a: Exeggutor
|
|win|fapkingg