|inactive|Battle timer is ON: inactive players will automatically lose when time's up.
|J|Lutra
|J|Cristal
|player|p1|Lutra|281
|player|p2|Cristal|170
|gametype|singles
|gen|1
|tier|[Gen 1] Ubers
|rule|Sleep Clause Mod: Limit one foe put to sleep
|rule|Freeze Clause Mod: Limit one foe frozen
|rule|Species Clause: Limit one of each Pokémon
|rule|OHKO Clause: OHKO moves are banned
|rule|Evasion Moves Clause: Evasion moves are banned
|rule|HP Percentage Mod: HP is shown in percentages
|
|start
|switch|p1a: Jynx|Jynx|333\/333
|switch|p2a: Jynx|Jynx|333\/333
|turn|1
|
|move|p2a: Jynx|Lovely Kiss|p1a: Jynx|[miss]
|-miss|p2a: Jynx
|move|p1a: Jynx|Lovely Kiss|p2a: Jynx|[miss]
|-miss|p1a: Jynx
|
|turn|2
|
|move|p2a: Jynx|Lovely Kiss|p1a: Jynx
|-status|p1a: Jynx|slp
|cant|p1a: Jynx|slp
|
|turn|3
|
|switch|p1a: NVR SAY DIE!|Chansey|703\/703
|move|p2a: Jynx|Seismic Toss|p1a: NVR SAY DIE!
|-damage|p1a: NVR SAY DIE!|603\/703
|
|turn|4
|
|move|p2a: Jynx|Ice Beam|p1a: NVR SAY DIE!
|-damage|p1a: NVR SAY DIE!|504\/703
|move|p1a: NVR SAY DIE!|Seismic Toss|p2a: Jynx
|-damage|p2a: Jynx|233\/333
|
|turn|5
|
|switch|p2a: Snorlax|Snorlax|523\/523
|move|p1a: NVR SAY DIE!|Soft-Boiled|p1a: NVR SAY DIE!
|-heal|p1a: NVR SAY DIE!|703\/703
|
|turn|6
|
|switch|p1a: The Sleeper|Exeggutor|393\/393
|move|p2a: Snorlax|Amnesia|p2a: Snorlax
|-boost|p2a: Snorlax|spd|2
|-boost|p2a: Snorlax|spa|2
|
|turn|7
|
|move|p1a: The Sleeper|Sleep Powder|p2a: Snorlax
|-status|p2a: Snorlax|slp
|cant|p2a: Snorlax|slp
|
|turn|8
|
|move|p1a: The Sleeper|Psychic|p2a: Snorlax
|-crit|p2a: Snorlax
|-damage|p2a: Snorlax|202\/523 slp
|cant|p2a: Snorlax|slp
|
|turn|9
|
|switch|p2a: Jynx|Jynx|233\/333
|move|p1a: The Sleeper|Psychic|p2a: Jynx
|-resisted|p2a: Jynx
|-damage|p2a: Jynx|173\/333
|
|turn|10
|
|switch|p1a: NVR SAY DIE!|Chansey|703\/703
|move|p2a: Jynx|Ice Beam|p1a: NVR SAY DIE!
|-damage|p1a: NVR SAY DIE!|600\/703
|
|turn|11
|
|move|p2a: Jynx|Ice Beam|p1a: NVR SAY DIE!
|-damage|p1a: NVR SAY DIE!|493\/703
|move|p1a: NVR SAY DIE!|Seismic Toss|p2a: Jynx
|-damage|p2a: Jynx|73\/333
|
|turn|12
|
|switch|p2a: Chansey|Chansey|703\/703
|move|p1a: NVR SAY DIE!|Soft-Boiled|p1a: NVR SAY DIE!
|-heal|p1a: NVR SAY DIE!|703\/703
|
|turn|13
|
|move|p1a: NVR SAY DIE!|Light Screen|p1a: NVR SAY DIE!
|-start|p1a: NVR SAY DIE!|Light Screen
|move|p2a: Chansey|Seismic Toss|p1a: NVR SAY DIE!
|-damage|p1a: NVR SAY DIE!|603\/703
|
|turn|14
|
|move|p2a: Chansey|Seismic Toss|p1a: NVR SAY DIE!
|-damage|p1a: NVR SAY DIE!|503\/703
|move|p1a: NVR SAY DIE!|Seismic Toss|p2a: Chansey
|-damage|p2a: Chansey|603\/703
|
|turn|15
|
|switch|p1a: HERE IT CUMZ|Slowbro|393\/393
|move|p2a: Chansey|Seismic Toss|p1a: HERE IT CUMZ
|-damage|p1a: HERE IT CUMZ|293\/393
|
|turn|16
|
|move|p2a: Chansey|Thunder Wave|p1a: HERE IT CUMZ
|-status|p1a: HERE IT CUMZ|par
|move|p1a: HERE IT CUMZ|Amnesia|p1a: HERE IT CUMZ
|-boost|p1a: HERE IT CUMZ|spd|2
|-boost|p1a: HERE IT CUMZ|spa|2
|
|turn|17
|
|move|p2a: Chansey|Seismic Toss|p1a: HERE IT CUMZ
|-damage|p1a: HERE IT CUMZ|193\/393 par
|move|p1a: HERE IT CUMZ|Surf|p2a: Chansey
|-damage|p2a: Chansey|428\/703
|
|turn|18
|
|switch|p1a: The Sleeper|Exeggutor|393\/393
|move|p2a: Chansey|Seismic Toss|p1a: The Sleeper
|-damage|p1a: The Sleeper|293\/393
|
|turn|19
|
|move|p1a: The Sleeper|Stun Spore|p2a: Chansey
|-status|p2a: Chansey|par
|move|p2a: Chansey|Soft-Boiled|p2a: Chansey
|-heal|p2a: Chansey|703\/703 par
|
|turn|20
|
|switch|p2a: Jynx|Jynx|73\/333
|move|p1a: The Sleeper|Psychic|p2a: Jynx
|-resisted|p2a: Jynx
|-damage|p2a: Jynx|4\/333
|
|turn|21
|
|switch|p1a: NVR SAY DIE!|Chansey|503\/703
|move|p2a: Jynx|Ice Beam|p1a: NVR SAY DIE!
|-damage|p1a: NVR SAY DIE!|397\/703
|
|turn|22
|
|move|p2a: Jynx|Ice Beam|p1a: NVR SAY DIE!
|-damage|p1a: NVR SAY DIE!|293\/703
|move|p1a: NVR SAY DIE!|Soft-Boiled|p1a: NVR SAY DIE!
|-heal|p1a: NVR SAY DIE!|644\/703
|
|turn|23
|
|switch|p2a: Chansey|Chansey|703\/703 par
|move|p1a: NVR SAY DIE!|Seismic Toss|p2a: Chansey
|-damage|p2a: Chansey|603\/703 par
|
|turn|24
|
|switch|p1a: Bonehead|Mewtwo|415\/415
|move|p2a: Chansey|Thunder Wave|p1a: Bonehead
|-status|p1a: Bonehead|par
|
|turn|25
|
|switch|p2a: Exeggutor|Exeggutor|393\/393
|move|p1a: Bonehead|Amnesia|p1a: Bonehead
|-boost|p1a: Bonehead|spd|2
|-boost|p1a: Bonehead|spa|2
|
|turn|26
|
|switch|p2a: Mew|Mew|403\/403
|move|p1a: Bonehead|Ice Beam|p2a: Mew
|-damage|p2a: Mew|194\/403
|
|turn|27
|
|move|p2a: Mew|Transform|p1a: Bonehead
|-transform|p2a: Mew|p1a: Bonehead
|move|p1a: Bonehead|Ice Beam|p2a: Mew
|-damage|p2a: Mew|0 fnt
|faint|p2a: Mew
|
|switch|p2a: Chansey|Chansey|603\/703 par
|turn|28
|c|★Lutra|the bug is it uses mew stats
|c|★Lutra|by mistake
|c|★Cristal|lol
|
|move|p1a: Bonehead|Psychic|p2a: Chansey
|-damage|p2a: Chansey|311\/703 par
|-unboost|p2a: Chansey|spd|1
|-unboost|p2a: Chansey|spa|1
|move|p2a: Chansey|Light Screen|p2a: Chansey
|-start|p2a: Chansey|Light Screen
|
|turn|29
|
|move|p1a: Bonehead|Psychic|p2a: Chansey
|-damage|p2a: Chansey|99\/703 par
|move|p2a: Chansey|Soft-Boiled|p2a: Chansey
|-heal|p2a: Chansey|450\/703 par
|
|turn|30
|
|move|p1a: Bonehead|Psychic|p2a: Chansey
|-damage|p2a: Chansey|227\/703 par
|-unboost|p2a: Chansey|spd|1
|-unboost|p2a: Chansey|spa|1
|move|p2a: Chansey|Soft-Boiled|p2a: Chansey
|-heal|p2a: Chansey|578\/703 par
|
|turn|31
|
|cant|p1a: Bonehead|par
|cant|p2a: Chansey|par
|
|turn|32
|
|switch|p2a: Exeggutor|Exeggutor|393\/393
|move|p1a: Bonehead|Psychic|p2a: Exeggutor
|-crit|p2a: Exeggutor
|-resisted|p2a: Exeggutor
|-damage|p2a: Exeggutor|269\/393
|
|turn|33
|
|switch|p1a: The Sleeper|Exeggutor|293\/393
|move|p2a: Exeggutor|Psychic|p1a: The Sleeper
|-resisted|p1a: The Sleeper
|-damage|p1a: The Sleeper|242\/393
|-unboost|p1a: The Sleeper|spd|1
|-unboost|p1a: The Sleeper|spa|1
|
|turn|34
|
|switch|p1a: Jynx|Jynx|333\/333 slp
|move|p2a: Exeggutor|Psychic|p1a: Jynx
|-crit|p1a: Jynx
|-resisted|p1a: Jynx
|-damage|p1a: Jynx|217\/333 slp
|-unboost|p1a: Jynx|spd|1
|-unboost|p1a: Jynx|spa|1
|
|turn|35
|
|switch|p1a: The Sleeper|Exeggutor|242\/393
|move|p2a: Exeggutor|Psychic|p1a: The Sleeper
|-resisted|p1a: The Sleeper
|-damage|p1a: The Sleeper|185\/393
|-unboost|p1a: The Sleeper|spd|1
|-unboost|p1a: The Sleeper|spa|1
|
|turn|36
|
|switch|p2a: Jynx|Jynx|4\/333
|move|p1a: The Sleeper|Stun Spore|p2a: Jynx
|-status|p2a: Jynx|par
|
|turn|37
|
|switch|p2a: Exeggutor|Exeggutor|269\/393
|move|p1a: The Sleeper|Psychic|p2a: Exeggutor
|-resisted|p2a: Exeggutor
|-damage|p2a: Exeggutor|232\/393
|
|turn|38
|
|switch|p1a: No Warrantee|Mew|403\/403
|move|p2a: Exeggutor|Psychic|p1a: No Warrantee
|-resisted|p1a: No Warrantee
|-damage|p1a: No Warrantee|342\/403
|
|turn|39
|
|move|p1a: No Warrantee|Reflect|p1a: No Warrantee
|-start|p1a: No Warrantee|Reflect
|move|p2a: Exeggutor|Stun Spore|p1a: No Warrantee
|-status|p1a: No Warrantee|par
|
|turn|40
|
|move|p2a: Exeggutor|Psychic|p1a: No Warrantee
|-crit|p1a: No Warrantee
|-resisted|p1a: No Warrantee
|-damage|p1a: No Warrantee|223\/403 par
|-unboost|p1a: No Warrantee|spd|1
|-unboost|p1a: No Warrantee|spa|1
|move|p1a: No Warrantee|Transform|p2a: Exeggutor
|-transform|p1a: No Warrantee|p2a: Exeggutor
|
|turn|41
|
|move|p2a: Exeggutor|Psychic|p1a: No Warrantee
|-resisted|p1a: No Warrantee
|-damage|p1a: No Warrantee|136\/403 par
|move|p1a: No Warrantee|Stun Spore|p2a: Exeggutor|[miss]
|-miss|p1a: No Warrantee
|
|turn|42
|
|switch|p1a: The Sleeper|Exeggutor|185\/393
|move|p2a: Exeggutor|Psychic|p1a: The Sleeper
|-resisted|p1a: The Sleeper
|-damage|p1a: The Sleeper|134\/393
|
|turn|43
|
|move|p1a: The Sleeper|Stun Spore|p2a: Exeggutor
|-status|p2a: Exeggutor|par
|cant|p2a: Exeggutor|par
|
|turn|44
|
|switch|p1a: No Warrantee|Mew|136\/403 par
|move|p2a: Exeggutor|Psychic|p1a: No Warrantee
|-resisted|p1a: No Warrantee
|-damage|p1a: No Warrantee|72\/403 par
|
|turn|45
|
|move|p1a: No Warrantee|Soft-Boiled|p1a: No Warrantee
|-heal|p1a: No Warrantee|273\/403 par
|move|p2a: Exeggutor|Explosion|p1a: No Warrantee
|-damage|p1a: No Warrantee|0 fnt
|faint|p1a: No Warrantee
|faint|p2a: Exeggutor
|
|switch|p1a: Bonehead|Mewtwo|415\/415 par
|switch|p2a: Chansey|Chansey|578\/703 par
|turn|46
|
|switch|p2a: Mewtwo|Mewtwo|415\/415
|move|p1a: Bonehead|Amnesia|p1a: Bonehead
|-boost|p1a: Bonehead|spd|2
|-boost|p1a: Bonehead|spa|2
|
|turn|47
|
|move|p2a: Mewtwo|Amnesia|p2a: Mewtwo
|-boost|p2a: Mewtwo|spd|2
|-boost|p2a: Mewtwo|spa|2
|move|p1a: Bonehead|Amnesia|p1a: Bonehead
|-boost|p1a: Bonehead|spd|2
|-boost|p1a: Bonehead|spa|2
|
|turn|48
|
|move|p2a: Mewtwo|Amnesia|p2a: Mewtwo
|-boost|p2a: Mewtwo|spd|2
|-boost|p2a: Mewtwo|spa|2
|cant|p1a: Bonehead|par
|
|turn|49
|
|move|p2a: Mewtwo|Amnesia|p2a: Mewtwo
|-boost|p2a: Mewtwo|spd|2
|-boost|p2a: Mewtwo|spa|2
|move|p1a: Bonehead|Ice Beam|p2a: Mewtwo
|-crit|p2a: Mewtwo
|-damage|p2a: Mewtwo|271\/415
|-status|p2a: Mewtwo|frz
|
|turn|50
|c|★Cristal|gg
|c|★Lutra|gg
|-message|Cristal forfeited.
|
|win|Lutra