|J|Dice
|J|Tesung
|player|p1|Dice|134
|player|p2|Tesung|170
|gametype|singles
|gen|1
|tier|[Gen 1] OU
|seed|
|rule|Sleep Clause Mod: Limit one foe put to sleep
|rule|Freeze Clause Mod: Limit one foe frozen
|rule|Species Clause: Limit one of each Pokémon
|rule|OHKO Clause: OHKO moves are banned
|rule|Evasion Moves Clause: Evasion moves are banned
|rule|HP Percentage Mod: HP is shown in percentages
|
|start
|switch|p1a: Gengar|Gengar|100\/100
|switch|p2a: SOULGAZER|Alakazam|100\/100
|turn|1
|choice||
|
|switch|p1a: Exeggutor|Exeggutor|100\/100
|move|p2a: SOULGAZER|Psychic|p1a: Exeggutor
|-resisted|p1a: Exeggutor
|-damage|p1a: Exeggutor|86\/100
|-unboost|p1a: Exeggutor|spd|1
|-unboost|p1a: Exeggutor|spa|1
|
|turn|2
|choice||
|
|move|p2a: SOULGAZER|Thunder Wave|p1a: Exeggutor
|-status|p1a: Exeggutor|par
|move|p1a: Exeggutor|Sleep Powder|p2a: SOULGAZER
|-status|p2a: SOULGAZER|slp
|
|turn|3
|choice||
|
|switch|p1a: Tauros|Tauros|100\/100
|-curestatus|p2a: SOULGAZER|slp
|
|turn|4
|c|★Tesung|ah
|choice||
|
|switch|p1a: Chansey|Chansey|100\/100
|move|p2a: SOULGAZER|Seismic Toss|p1a: Chansey
|-damage|p1a: Chansey|86\/100
|
|turn|5
|choice||
|
|switch|p2a: PDC|Exeggutor|100\/100
|move|p1a: Chansey|Ice Beam|p2a: PDC
|-supereffective|p2a: PDC
|-damage|p2a: PDC|65\/100
|
|turn|6
|choice||
|
|switch|p2a: PAPAI NOEL|Lapras|100\/100
|switch|p1a: Exeggutor|Exeggutor|86\/100 par
|
|turn|7
|choice||
|
|switch|p1a: Gengar|Gengar|100\/100
|move|p2a: PAPAI NOEL|Blizzard|p1a: Gengar
|-damage|p1a: Gengar|67\/100
|
|turn|8
|choice||
|
|switch|p2a: SOULGAZER|Alakazam|100\/100
|move|p1a: Gengar|Hypnosis|p2a: SOULGAZER|[miss]
|-miss|p1a: Gengar
|
|turn|9
|choice||
|
|move|p2a: SOULGAZER|Psychic|p1a: Gengar
|-supereffective|p1a: Gengar
|-damage|p1a: Gengar|0 fnt
|faint|p1a: Gengar
|choice||
|
|switch|p1a: Exeggutor|Exeggutor|86\/100 par
|turn|10
|choice||
|
|move|p2a: SOULGAZER|Seismic Toss|p1a: Exeggutor
|-damage|p1a: Exeggutor|61\/100 par
|move|p1a: Exeggutor|Sleep Powder|p2a: SOULGAZER
|-status|p2a: SOULGAZER|slp
|
|turn|11
|choice||
|
|switch|p1a: Tauros|Tauros|100\/100
|cant|p2a: SOULGAZER|slp
|
|turn|12
|choice||
|
|switch|p2a: DOPPELSOLDNER|Snorlax|100\/100
|move|p1a: Tauros|Body Slam|p2a: DOPPELSOLDNER
|-damage|p2a: DOPPELSOLDNER|77\/100
|
|turn|13
|choice||
|
|switch|p1a: Chansey|Chansey|86\/100
|move|p2a: DOPPELSOLDNER|Body Slam|p1a: Chansey
|-damage|p1a: Chansey|44\/100
|
|turn|14
|choice||
|
|switch|p2a: PDC|Exeggutor|65\/100
|move|p1a: Chansey|Thunder Wave|p2a: PDC
|-status|p2a: PDC|par
|
|turn|15
|choice||
|
|move|p1a: Chansey|Soft-Boiled|p1a: Chansey
|-heal|p1a: Chansey|94\/100
|cant|p2a: PDC|par
|
|turn|16
|choice||
|
|switch|p1a: Exeggutor|Exeggutor|61\/100 par
|move|p2a: PDC|Sleep Powder|p1a: Exeggutor|[miss]
|-miss|p2a: PDC
|
|turn|17
|choice||
|
|move|p2a: PDC|Explosion|p1a: Exeggutor
|-damage|p1a: Exeggutor|0 fnt
|faint|p1a: Exeggutor
|faint|p2a: PDC
|choice||
|
|switch|p1a: Alakazam|Alakazam|100\/100
|switch|p2a: PAPAI NOEL|Lapras|100\/100
|turn|18
|choice||
|
|switch|p2a: SOULGAZER|Alakazam|100\/100 slp
|move|p1a: Alakazam|Thunder Wave|p2a: SOULGAZER
|-fail|p2a: SOULGAZER
|
|turn|19
|choice||
|
|switch|p1a: Tauros|Tauros|100\/100
|cant|p2a: SOULGAZER|slp
|
|turn|20
|choice||
|
|switch|p2a: DOPPELSOLDNER|Snorlax|77\/100
|move|p1a: Tauros|Body Slam|p2a: DOPPELSOLDNER
|-crit|p2a: DOPPELSOLDNER
|-damage|p2a: DOPPELSOLDNER|30\/100
|
|turn|21
|c|★Tesung|fk.
|choice||
|
|switch|p2a: TESUNG|Chansey|100\/100
|move|p1a: Tauros|Hyper Beam|p2a: TESUNG
|-damage|p2a: TESUNG|33\/100
|
|turn|22
|-mustrecharge|p1a: Tauros
|-mustrecharge|p1a: Tauros
|choice||
|
|cant|p1a: Tauros|recharge
|move|p2a: TESUNG|Thunder Wave|p1a: Tauros
|-status|p1a: Tauros|par
|
|turn|23
|choice||
|
|move|p2a: TESUNG|Soft-Boiled|p2a: TESUNG
|-heal|p2a: TESUNG|83\/100
|move|p1a: Tauros|Body Slam|p2a: TESUNG
|-damage|p2a: TESUNG|45\/100
|
|turn|24
|choice||
|
|move|p2a: TESUNG|Soft-Boiled|p2a: TESUNG
|-heal|p2a: TESUNG|95\/100
|move|p1a: Tauros|Body Slam|p2a: TESUNG
|-crit|p2a: TESUNG
|-damage|p2a: TESUNG|19\/100
|
|turn|25
|J|scheisse
|choice||
|
|move|p2a: TESUNG|Soft-Boiled|p2a: TESUNG
|-heal|p2a: TESUNG|69\/100
|move|p1a: Tauros|Hyper Beam|p2a: TESUNG|[miss]
|-miss|p1a: Tauros
|
|turn|26
|choice||
|
|move|p2a: TESUNG|Soft-Boiled|p2a: TESUNG
|-heal|p2a: TESUNG|100\/100
|cant|p1a: Tauros|par
|
|turn|27
|choice||
|
|switch|p2a: DOPPELSOLDNER|Snorlax|30\/100
|switch|p1a: Chansey|Chansey|94\/100
|
|turn|28
|choice||
|
|move|p1a: Chansey|Thunder Wave|p2a: DOPPELSOLDNER
|-status|p2a: DOPPELSOLDNER|par
|move|p2a: DOPPELSOLDNER|Self-Destruct|p1a: Chansey
|-damage|p1a: Chansey|0 fnt
|faint|p1a: Chansey
|faint|p2a: DOPPELSOLDNER
|choice||
|
|switch|p2a: TESUNG|Chansey|100\/100
|switch|p1a: Snorlax|Snorlax|100\/100
|turn|29
|choice||
|
|move|p2a: TESUNG|Thunder Wave|p1a: Snorlax
|-status|p1a: Snorlax|par
|move|p1a: Snorlax|Body Slam|p2a: TESUNG
|-damage|p2a: TESUNG|60\/100
|
|turn|30
|choice||
|
|move|p2a: TESUNG|Soft-Boiled|p2a: TESUNG
|-heal|p2a: TESUNG|100\/100
|cant|p1a: Snorlax|par
|
|turn|31
|choice||
|
|move|p2a: TESUNG|Ice Beam|p1a: Snorlax
|-damage|p1a: Snorlax|82\/100 par
|move|p1a: Snorlax|Body Slam|p2a: TESUNG
|-damage|p2a: TESUNG|59\/100
|
|turn|32
|choice||
|
|move|p2a: TESUNG|Soft-Boiled|p2a: TESUNG
|-heal|p2a: TESUNG|100\/100
|cant|p1a: Snorlax|par
|
|turn|33
|choice||
|
|move|p2a: TESUNG|Ice Beam|p1a: Snorlax
|-damage|p1a: Snorlax|62\/100 par
|move|p1a: Snorlax|Body Slam|p2a: TESUNG
|-damage|p2a: TESUNG|56\/100
|
|turn|34
|choice||
|
|move|p2a: TESUNG|Soft-Boiled|p2a: TESUNG
|-heal|p2a: TESUNG|100\/100
|cant|p1a: Snorlax|par
|
|turn|35
|choice||
|
|move|p2a: TESUNG|Ice Beam|p1a: Snorlax
|-damage|p1a: Snorlax|44\/100 par
|move|p1a: Snorlax|Self-Destruct|p2a: TESUNG
|-damage|p2a: TESUNG|0 fnt
|faint|p2a: TESUNG
|faint|p1a: Snorlax
|choice||
|
|switch|p1a: Alakazam|Alakazam|100\/100
|switch|p2a: SOULGAZER|Alakazam|100\/100 slp
|turn|36
|choice||
|
|switch|p1a: Tauros|Tauros|100\/100 par
|cant|p2a: SOULGAZER|slp
|
|turn|37
|choice||
|
|-curestatus|p2a: SOULGAZER|slp
|cant|p1a: Tauros|par
|
|turn|38
|choice||
|
|move|p2a: SOULGAZER|Psychic|p1a: Tauros
|-damage|p1a: Tauros|58\/100 par
|move|p1a: Tauros|Body Slam|p2a: SOULGAZER
|-crit|p2a: SOULGAZER
|-damage|p2a: SOULGAZER|0 fnt
|faint|p2a: SOULGAZER
|choice||
|
|switch|p2a: PAPAI NOEL|Lapras|100\/100
|turn|39
|choice||
|
|move|p2a: PAPAI NOEL|Blizzard|p1a: Tauros
|-damage|p1a: Tauros|6\/100 par
|cant|p1a: Tauros|par
|
|turn|40
|choice||
|
|move|p2a: PAPAI NOEL|Thunderbolt|p1a: Tauros
|-damage|p1a: Tauros|0 fnt
|faint|p1a: Tauros
|choice||
|
|switch|p1a: Alakazam|Alakazam|100\/100
|turn|41
|choice||
|
|move|p1a: Alakazam|Thunder Wave|p2a: PAPAI NOEL
|-status|p2a: PAPAI NOEL|par
|move|p2a: PAPAI NOEL|Sing|p1a: Alakazam|[miss]
|-miss|p2a: PAPAI NOEL
|
|turn|42
|choice||
|
|move|p1a: Alakazam|Psychic|p2a: PAPAI NOEL
|-damage|p2a: PAPAI NOEL|73\/100 par
|move|p2a: PAPAI NOEL|Sing|p1a: Alakazam|[miss]
|-miss|p2a: PAPAI NOEL
|
|turn|43
|choice||
|
|move|p1a: Alakazam|Psychic|p2a: PAPAI NOEL
|-damage|p2a: PAPAI NOEL|44\/100 par
|-unboost|p2a: PAPAI NOEL|spd|1
|-unboost|p2a: PAPAI NOEL|spa|1
|cant|p2a: PAPAI NOEL|par
|
|turn|44
|choice||
|
|move|p1a: Alakazam|Psychic|p2a: PAPAI NOEL
|-damage|p2a: PAPAI NOEL|0 fnt
|faint|p2a: PAPAI NOEL
|choice||
|
|switch|p2a: SHAKEITUP|Tauros|100\/100
|turn|45
|choice||
|
|move|p1a: Alakazam|Reflect|p1a: Alakazam
|-start|p1a: Alakazam|Reflect
|move|p2a: SHAKEITUP|Body Slam|p1a: Alakazam
|-damage|p1a: Alakazam|77\/100
|
|turn|46
|choice||
|
|move|p1a: Alakazam|Thunder Wave|p2a: SHAKEITUP
|-status|p2a: SHAKEITUP|par
|move|p2a: SHAKEITUP|Body Slam|p1a: Alakazam
|-damage|p1a: Alakazam|51\/100
|
|turn|47
|choice||
|
|move|p1a: Alakazam|Recover|p1a: Alakazam
|-heal|p1a: Alakazam|100\/100
|cant|p2a: SHAKEITUP|par
|
|turn|48
|choice||
|
|move|p1a: Alakazam|Psychic|p2a: SHAKEITUP
|-damage|p2a: SHAKEITUP|50\/100 par
|move|p2a: SHAKEITUP|Body Slam|p1a: Alakazam
|-damage|p1a: Alakazam|77\/100
|
|turn|49
|choice||
|
|move|p1a: Alakazam|Psychic|p2a: SHAKEITUP
|-damage|p2a: SHAKEITUP|7\/100 par
|move|p2a: SHAKEITUP|Body Slam|p1a: Alakazam
|-damage|p1a: Alakazam|52\/100
|-status|p1a: Alakazam|par
|
|turn|50
|choice||
|
|move|p1a: Alakazam|Psychic|p2a: SHAKEITUP
|-crit|p2a: SHAKEITUP
|-damage|p2a: SHAKEITUP|0 fnt
|faint|p2a: SHAKEITUP
|
|win|Dice