|J|reymaki
|J|Dice
|player|p1|reymaki|186
|player|p2|Dice|168
|gametype|singles
|gen|1
|tier|[Gen 1] OU
|seed|34299,30635,21078,1504
|rule|Sleep Clause Mod: Limit one foe put to sleep
|rule|Freeze Clause Mod: Limit one foe frozen
|rule|Species Clause: Limit one of each Pokémon
|rule|OHKO Clause: OHKO moves are banned
|rule|Evasion Moves Clause: Evasion moves are banned
|rule|HP Percentage Mod: HP is shown in percentages
|
|start
|switch|p1a: Alakazam|Alakazam|313\/313
|switch|p2a: Gengar|Gengar|323\/323
|turn|1
|choice|move 2|switch 4
|
|switch|p2a: Chansey|Chansey|703\/703
|move|p1a: Alakazam|Psychic|p2a: Chansey
|-damage|p2a: Chansey|569\/703
|
|turn|2
|J|standbyme10
|J|foublue
|choice|move 1|move 2
|
|move|p1a: Alakazam|Thunder Wave|p2a: Chansey
|-status|p2a: Chansey|par
|cant|p2a: Chansey|par
|
|turn|3
|J|skeme
|choice|switch 6|move 2
|
|switch|p1a: Exeggutor|Exeggutor|393\/393
|cant|p2a: Chansey|par
|
|turn|4
|choice|move 1|move 2
|
|move|p1a: Exeggutor|Psychic|p2a: Chansey
|-damage|p2a: Chansey|447\/703 par
|move|p2a: Chansey|Ice Beam|p1a: Exeggutor
|-supereffective|p1a: Exeggutor
|-damage|p1a: Exeggutor|270\/393
|
|turn|5
|choice|move 1|switch 4
|
|switch|p2a: Gengar|Gengar|323\/323
|move|p1a: Exeggutor|Psychic|p2a: Gengar
|-supereffective|p2a: Gengar
|-damage|p2a: Gengar|133\/323
|
|turn|6
|choice|move 1|move 1
|
|move|p2a: Gengar|Hypnosis|p1a: Exeggutor
|-status|p1a: Exeggutor|slp
|cant|p1a: Exeggutor|slp
|
|turn|7
|choice|switch 5|move 2
|
|switch|p1a: Lapras|Lapras|463\/463
|move|p2a: Gengar|Thunderbolt|p1a: Lapras
|-crit|p1a: Lapras
|-supereffective|p1a: Lapras
|-damage|p1a: Lapras|104\/463
|
|turn|8
|choice|move 1|move 2
|
|move|p2a: Gengar|Thunderbolt|p1a: Lapras
|-supereffective|p1a: Lapras
|-damage|p1a: Lapras|0 fnt
|faint|p1a: Lapras
|J|choollio
|choice|switch 6|
|
|switch|p1a: Alakazam|Alakazam|313\/313
|turn|9
|choice|move 4|switch 3
|
|switch|p2a: Starmie|Starmie|323\/323
|move|p1a: Alakazam|Seismic Toss|p2a: Starmie
|-damage|p2a: Starmie|223\/323
|
|turn|10
|choice|move 1|switch 4
|
|switch|p2a: Chansey|Chansey|447\/703 par
|move|p1a: Alakazam|Thunder Wave|p2a: Chansey
|-fail|p2a: Chansey|par
|
|turn|11
|choice|move 4|move 1
|
|move|p1a: Alakazam|Seismic Toss|p2a: Chansey
|-damage|p2a: Chansey|347\/703 par
|move|p2a: Chansey|Soft-Boiled|p2a: Chansey
|-heal|p2a: Chansey|698\/703 par
|
|turn|12
|choice|switch 5|move 4
|
|switch|p1a: Exeggutor|Exeggutor|270\/393 slp
|cant|p2a: Chansey|par
|
|turn|13
|choice|move 2|move 2
|
|cant|p1a: Exeggutor|slp
|move|p2a: Chansey|Ice Beam|p1a: Exeggutor
|-supereffective|p1a: Exeggutor
|-damage|p1a: Exeggutor|141\/393 slp
|
|turn|14
|choice|move 2|switch 4
|
|switch|p2a: Starmie|Starmie|223\/323
|cant|p1a: Exeggutor|slp
|
|turn|15
|choice|move 2|move 1
|
|move|p2a: Starmie|Blizzard|p1a: Exeggutor
|-supereffective|p1a: Exeggutor
|-damage|p1a: Exeggutor|0 fnt
|faint|p1a: Exeggutor
|choice|switch 5|
|
|switch|p1a: Alakazam|Alakazam|313\/313
|turn|16
|choice|move 1|switch 4
|
|switch|p2a: Chansey|Chansey|698\/703 par
|move|p1a: Alakazam|Thunder Wave|p2a: Chansey
|-fail|p2a: Chansey|par
|
|turn|17
|J|Leftiez
|c|+Leftiez|knew you were bloo
|c|★reymaki|am not bloo
|c|+Leftiez|lie
|c|★Dice|lol
|c|★Dice|it's not
|c|★Dice|idk who it is
|c|+Leftiez|yeah
|c|+Leftiez|you don't know who it is
|c|★Dice|they just challed me
|c|+Leftiez|but it's not bloo
|choice|switch 4|move 2
|
|switch|p1a: Snorlax|Snorlax|523\/523
|move|p2a: Chansey|Ice Beam|p1a: Snorlax
|-damage|p1a: Snorlax|430\/523
|
|turn|18
|c|★Dice|well i guess it could be
|c|+Leftiez|ok bloo
|c|+Leftiez|answer this question
|c|★reymaki|am not bloo
|c|+Leftiez|bloo answer..
|choice|move 1|switch 6
|
|switch|p2a: Snorlax|Snorlax|523\/523
|move|p1a: Snorlax|Body Slam|p2a: Snorlax
|-damage|p2a: Snorlax|381\/523
|
|turn|19
|c|+Leftiez|who is your best friend ?
|J|Kingmidas
|c|★reymaki|sadly, i dont have friends on pokemon
|c|★reymaki|oh wait
|c|★Dice|:(
|c|+Leftiez|YOU ANSWERED SO YOU'RE BLOO 
|c|★reymaki|i do
|c|★reymaki|steven,s omeone from other server
|c|+Leftiez|omg
|choice|move 1|move 4
|
|move|p2a: Snorlax|Self-Destruct|p1a: Snorlax
|-damage|p1a: Snorlax|0 fnt
|faint|p1a: Snorlax
|faint|p2a: Snorlax
|c|+Leftiez|i knew you were bloo
|c|+Leftiez|holy
|c|★reymaki|LOL
|c|+Leftiez|are you gonna win ST this time
|c|★reymaki|am gonna wait till you do
|choice|switch 4|switch 4
|
|switch|p1a: Alakazam|Alakazam|313\/313
|switch|p2a: Starmie|Starmie|223\/323
|turn|20
|c|+Leftiez|damn
|c|+Leftiez|maybe in another life
|L|foublue
|c|+Leftiez|:\/
|choice|move 1|switch 6
|
|switch|p2a: Chansey|Chansey|698\/703 par
|move|p1a: Alakazam|Thunder Wave|p2a: Chansey
|-fail|p2a: Chansey|par
|
|turn|21
|choice|move 4|move 4
|
|move|p1a: Alakazam|Seismic Toss|p2a: Chansey
|-damage|p2a: Chansey|598\/703 par
|cant|p2a: Chansey|par
|
|turn|22
|choice|move 4|move 4
|
|move|p1a: Alakazam|Seismic Toss|p2a: Chansey
|-damage|p2a: Chansey|498\/703 par
|move|p2a: Chansey|Thunder Wave|p1a: Alakazam
|-status|p1a: Alakazam|par
|
|turn|23
|choice|move 4|move 1
|
|move|p1a: Alakazam|Seismic Toss|p2a: Chansey
|-damage|p2a: Chansey|398\/703 par
|move|p2a: Chansey|Soft-Boiled|p2a: Chansey
|-heal|p2a: Chansey|703\/703 par
|
|turn|24
|choice|move 4|switch 6
|
|switch|p2a: Starmie|Starmie|223\/323
|move|p1a: Alakazam|Seismic Toss|p2a: Starmie
|-damage|p2a: Starmie|123\/323
|
|turn|25
|choice|move 1|move 4
|
|move|p2a: Starmie|Recover|p2a: Starmie
|-heal|p2a: Starmie|284\/323
|cant|p1a: Alakazam|par
|
|turn|26
|choice|move 1|move 2
|
|move|p2a: Starmie|Psychic|p1a: Alakazam
|-resisted|p1a: Alakazam
|-damage|p1a: Alakazam|270\/313 par
|cant|p1a: Alakazam|par
|
|turn|27
|choice|move 1|move 2
|
|move|p2a: Starmie|Psychic|p1a: Alakazam
|-resisted|p1a: Alakazam
|-damage|p1a: Alakazam|226\/313 par
|-unboost|p1a: Alakazam|spd|1
|-unboost|p1a: Alakazam|spa|1
|cant|p1a: Alakazam|par
|
|turn|28
|choice|move 1|move 2
|
|move|p2a: Starmie|Psychic|p1a: Alakazam
|-resisted|p1a: Alakazam
|-damage|p1a: Alakazam|161\/313 par
|move|p1a: Alakazam|Thunder Wave|p2a: Starmie
|-status|p2a: Starmie|par
|
|turn|29
|choice|move 3|move 2
|
|cant|p2a: Starmie|par
|move|p1a: Alakazam|Recover|p1a: Alakazam
|-heal|p1a: Alakazam|313\/313 par
|
|turn|30
|choice|switch 2|move 2
|
|switch|p1a: Starmie|Starmie|323\/323
|move|p2a: Starmie|Psychic|p1a: Starmie
|-resisted|p1a: Starmie
|-damage|p1a: Starmie|270\/323
|
|turn|31
|choice|move 2|move 3
|
|move|p1a: Starmie|Thunderbolt|p2a: Starmie
|-supereffective|p2a: Starmie
|-damage|p2a: Starmie|122\/323 par
|move|p2a: Starmie|Thunder Wave|p1a: Starmie
|-status|p1a: Starmie|par
|
|turn|32
|choice|switch 3|switch 6
|
|switch|p1a: Tauros|Tauros|353\/353
|switch|p2a: Chansey|Chansey|703\/703 par
|
|turn|33
|choice|move 2|move 4
|
|move|p1a: Tauros|Body Slam|p2a: Chansey
|-damage|p2a: Chansey|433\/703 par
|move|p2a: Chansey|Thunder Wave|p1a: Tauros
|-status|p1a: Tauros|par
|
|turn|34
|choice|move 4|switch 3
|
|switch|p2a: Gengar|Gengar|133\/323
|move|p1a: Tauros|Hyper Beam|p2a: Gengar
|-immune|p2a: Gengar|[msg]
|
|turn|35
|choice|switch 2|move 3
|
|switch|p1a: Alakazam|Alakazam|313\/313 par
|move|p2a: Gengar|Explosion|p1a: Alakazam
|-damage|p1a: Alakazam|0 fnt
|faint|p1a: Alakazam
|faint|p2a: Gengar
|choice|switch 3|switch 2
|
|switch|p2a: Articuno|Articuno|383\/383
|switch|p1a: Starmie|Starmie|270\/323 par
|turn|36
|choice|move 2|switch 3
|
|switch|p2a: Chansey|Chansey|433\/703 par
|move|p1a: Starmie|Thunderbolt|p2a: Chansey
|-damage|p2a: Chansey|362\/703 par
|
|turn|37
|choice|switch 2|move 1
|
|switch|p1a: Tauros|Tauros|353\/353 par
|cant|p2a: Chansey|par
|
|turn|38
|choice|move 3|switch 6
|
|switch|p2a: Starmie|Starmie|122\/323 par
|move|p1a: Tauros|Earthquake|p2a: Starmie
|-damage|p2a: Starmie|37\/323 par
|
|turn|39
|c|★reymaki|misclick
|choice|move 2|move 2
|
|move|p2a: Starmie|Psychic|p1a: Tauros
|-damage|p1a: Tauros|226\/353 par
|-unboost|p1a: Tauros|spd|1
|-unboost|p1a: Tauros|spa|1
|move|p1a: Tauros|Body Slam|p2a: Starmie|[miss]
|-miss|p1a: Tauros
|
|turn|40
|choice|move 2|move 2
|
|move|p2a: Starmie|Psychic|p1a: Tauros
|-crit|p1a: Tauros
|-damage|p1a: Tauros|0 fnt
|faint|p1a: Tauros
|c|★reymaki|fuck me right
|choice|switch 2|
|
|switch|p1a: Starmie|Starmie|270\/323 par
|turn|41
|L|standbyme10
|c|★Dice|lol
|c|★reymaki|gg
|c|★Dice|i think my tauros won
|c|★Dice|but ye gg
|choice|move 2|move 4
|
|move|p1a: Starmie|Thunderbolt|p2a: Starmie
|-supereffective|p2a: Starmie
|-damage|p2a: Starmie|0 fnt
|faint|p2a: Starmie
|c|★reymaki|i know
|choice||switch 5
|
|switch|p2a: Tauros|Tauros|353\/353
|turn|42
|c|★reymaki|i just didnt wanted tro lose that bad
|choice|move 1|move 1
|
|move|p2a: Tauros|Body Slam|p1a: Starmie
|-damage|p1a: Starmie|153\/323 par
|cant|p1a: Starmie|par
|
|turn|43
|choice|move 3|move 4
|
|move|p2a: Tauros|Hyper Beam|p1a: Starmie
|-damage|p1a: Starmie|0 fnt
|faint|p1a: Starmie
|
|win|Dice