|J|SOMALIA
|J|fapkingg
|player|p1|SOMALIA|144
|player|p2|fapkingg|96
|gametype|singles
|gen|1
|tier|[Gen 1] OU
|seed|36161,31755,30102,44180
|rule|Sleep Clause Mod: Limit one foe put to sleep
|rule|Freeze Clause Mod: Limit one foe frozen
|rule|Species Clause: Limit one of each Pokémon
|rule|OHKO Clause: OHKO moves are banned
|rule|Evasion Moves Clause: Evasion moves are banned
|rule|HP Percentage Mod: HP is shown in percentages
|
|start
|switch|p1a: Snorlax|Snorlax|523\/523
|switch|p2a: Jynx|Jynx|333\/333
|turn|1
|choice|move 3|move 1
|
|move|p2a: Jynx|Lovely Kiss|p1a: Snorlax
|-status|p1a: Snorlax|slp
|cant|p1a: Snorlax|slp
|
|turn|2
|J|Based Godfish
|choice|switch 3|move 3
|
|switch|p1a: Cloyster|Cloyster|303\/303
|move|p2a: Jynx|Psychic|p1a: Cloyster
|-damage|p1a: Cloyster|183\/303
|
|turn|3
|choice|move 1|move 3
|
|move|p2a: Jynx|Psychic|p1a: Cloyster
|-crit|p1a: Cloyster
|-damage|p1a: Cloyster|0 fnt
|faint|p1a: Cloyster
|c|★SOMALIA|ugh
|c|★SOMALIA|im fucking up
|c|★fapkingg|boom.
|c|★SOMALIA|i thoght only ice
|choice|switch 4|
|
|switch|p1a: Slowbro|Slowbro|393\/393
|turn|4
|c|★SOMALIA|COME ON U RAT
|c|★SOMALIA|im gonna
|choice|move 1|move 2
|
|move|p2a: Jynx|Blizzard|p1a: Slowbro
|-resisted|p1a: Slowbro
|-damage|p1a: Slowbro|312\/393
|move|p1a: Slowbro|Amnesia|p1a: Slowbro
|-boost|p1a: Slowbro|spd|2
|-boost|p1a: Slowbro|spa|2
|
|turn|5
|c|★SOMALIA|surf u
|c|★fapkingg|now watch me freeze
|c|★SOMALIA|if u doill
|c|★SOMALIA|cri.
|c|★fapkingg|also lol @ timer
|choice|move 4|move 2
|
|move|p2a: Jynx|Blizzard|p1a: Slowbro
|-crit|p1a: Slowbro
|-resisted|p1a: Slowbro
|-damage|p1a: Slowbro|168\/393
|move|p1a: Slowbro|Thunder Wave|p2a: Jynx
|-status|p2a: Jynx|par
|
|turn|6
|choice|move 2|move 2
|
|move|p1a: Slowbro|Surf|p2a: Jynx
|-damage|p2a: Jynx|129\/333 par
|cant|p2a: Jynx|par
|
|turn|7
|choice|move 2|switch 3
|
|switch|p2a: Exeggutor|Exeggutor|393\/393
|move|p1a: Slowbro|Surf|p2a: Exeggutor
|-resisted|p2a: Exeggutor
|-damage|p2a: Exeggutor|304\/393
|
|turn|8
|J|fapjesus the fifth
|choice|move 4|switch 2
|
|switch|p2a: Chansey|Chansey|703\/703
|move|p1a: Slowbro|Thunder Wave|p2a: Chansey
|-status|p2a: Chansey|par
|
|turn|9
|choice|move 2|move 2
|
|move|p1a: Slowbro|Surf|p2a: Chansey
|-damage|p2a: Chansey|517\/703 par
|move|p2a: Chansey|Thunderbolt|p1a: Slowbro
|-supereffective|p1a: Slowbro
|-damage|p1a: Slowbro|74\/393
|
|turn|10
|choice|move 3|move 2
|
|move|p1a: Slowbro|Rest|p1a: Slowbro
|-status|p1a: Slowbro|slp
|-heal|p1a: Slowbro|393\/393 slp|[silent]
|-status|p1a: Slowbro|slp|[from] move: Rest
|cant|p2a: Chansey|par
|
|turn|11
|choice|move 2|move 2
|
|cant|p1a: Slowbro|slp
|move|p2a: Chansey|Thunderbolt|p1a: Slowbro
|-crit|p1a: Slowbro
|-supereffective|p1a: Slowbro
|-damage|p1a: Slowbro|21\/393 slp
|
|turn|12
|c|★SOMALIA|lmao
|c|★SOMALIA|this thing is slow as shit
|choice|move 2|move 2
|
|-curestatus|p1a: Slowbro|slp
|cant|p2a: Chansey|par
|
|turn|13
|J|Alexander
|choice|move 3|move 2
|
|move|p1a: Slowbro|Rest|p1a: Slowbro
|-status|p1a: Slowbro|slp
|-heal|p1a: Slowbro|393\/393 slp|[silent]
|-status|p1a: Slowbro|slp|[from] move: Rest
|move|p2a: Chansey|Thunderbolt|p1a: Slowbro
|-supereffective|p1a: Slowbro
|-damage|p1a: Slowbro|302\/393 slp
|
|turn|14
|choice|switch 2|move 2
|
|switch|p1a: Golem|Golem|363\/363
|cant|p2a: Chansey|par
|
|turn|15
|choice|move 2|switch 2
|
|switch|p2a: Exeggutor|Exeggutor|304\/393
|move|p1a: Golem|Earthquake|p2a: Exeggutor
|-resisted|p2a: Exeggutor
|-damage|p2a: Exeggutor|237\/393
|
|turn|16
|choice|switch 6|switch 3
|
|switch|p2a: Jynx|Jynx|129\/333 par
|switch|p1a: Exeggutor|Exeggutor|393\/393
|
|turn|17
|choice|move 3|move 2
|
|move|p1a: Exeggutor|Hyper Beam|p2a: Jynx|[miss]
|-miss|p1a: Exeggutor
|move|p2a: Jynx|Blizzard|p1a: Exeggutor
|-supereffective|p1a: Exeggutor
|-damage|p1a: Exeggutor|158\/393
|
|turn|18
|c|★SOMALIA|LMFAO
|c|★SOMALIA|I HAVE NOT
|c|★SOMALIA|WITNESSED
|c|★fapkingg|:p
|c|★SOMALIA|someone luckier
|c|★SOMALIA|than me
|choice|move 3|move 2
|
|move|p1a: Exeggutor|Hyper Beam|p2a: Jynx
|-damage|p2a: Jynx|0 fnt
|faint|p2a: Jynx
|choice||switch 6
|
|switch|p2a: Tauros|Tauros|353\/353
|turn|19
|c|★SOMALIA|dont blizzrd crit
|choice|move 1|move 2
|
|move|p2a: Tauros|Hyper Beam|p1a: Exeggutor|[miss]
|-miss|p2a: Tauros
|move|p1a: Exeggutor|Explosion|p2a: Tauros
|-damage|p2a: Tauros|101\/353
|faint|p1a: Exeggutor
|c|★SOMALIA|wooo
|J|homed
|choice|switch 5|
|
|switch|p1a: Chansey|Chansey|703\/703
|turn|20
|c|★fapkingg|hahaha
|c|★fapkingg|rekt xD
|choice|move 4|switch 2
|
|switch|p2a: Chansey|Chansey|517\/703 par
|move|p1a: Chansey|Thunder Wave|p2a: Chansey
|-fail|p2a: Chansey|par
|
|turn|21
|choice|move 1|move 1
|
|move|p1a: Chansey|Seismic Toss|p2a: Chansey
|-damage|p2a: Chansey|417\/703 par
|move|p2a: Chansey|Ice Beam|p1a: Chansey
|-damage|p1a: Chansey|623\/703
|
|turn|22
|choice|switch 3|move 1
|
|switch|p1a: Snorlax|Snorlax|523\/523 slp
|move|p2a: Chansey|Ice Beam|p1a: Snorlax
|-damage|p1a: Snorlax|415\/523 slp
|
|turn|23
|choice|move 3|switch 3
|
|switch|p2a: Exeggutor|Exeggutor|237\/393
|cant|p1a: Snorlax|slp
|
|turn|24
|choice|switch 3|move 3
|
|switch|p1a: Chansey|Chansey|623\/703
|move|p2a: Exeggutor|Psychic|p1a: Chansey
|-damage|p1a: Chansey|503\/703
|
|turn|25
|choice|move 2|switch 3
|
|switch|p2a: Chansey|Chansey|417\/703 par
|move|p1a: Chansey|Ice Beam|p2a: Chansey
|-damage|p2a: Chansey|348\/703 par
|
|turn|26
|choice|switch 6|move 3
|
|switch|p1a: Golem|Golem|363\/363
|move|p2a: Chansey|Soft-Boiled|p2a: Chansey
|-heal|p2a: Chansey|699\/703 par
|
|turn|27
|choice|move 2|move 1
|
|move|p1a: Golem|Earthquake|p2a: Chansey
|-damage|p2a: Chansey|366\/703 par
|move|p2a: Chansey|Ice Beam|p1a: Golem
|-supereffective|p1a: Golem
|-damage|p1a: Golem|142\/363
|
|turn|28
|c|★SOMALIA|of course min damage
|choice|move 2|switch 3
|
|switch|p2a: Exeggutor|Exeggutor|237\/393
|move|p1a: Golem|Earthquake|p2a: Exeggutor
|-resisted|p2a: Exeggutor
|-damage|p2a: Exeggutor|170\/393
|
|turn|29
|c|★fapkingg|not really
|c|★SOMALIA|my calc said
|choice|switch 6|switch 2
|
|switch|p2a: Tauros|Tauros|101\/353
|switch|p1a: Chansey|Chansey|503\/703
|
|turn|30
|c|★SOMALIA|on my casio calculator said
|c|★SOMALIA|45.99% min
|c|★SOMALIA|max is 60
|c|★fapkingg|lucky i can't calc right now
|c|★fapkingg|hehehe
|J|GOAO
|choice|move 4|move 4
|
|move|p2a: Tauros|Earthquake|p1a: Chansey
|-damage|p1a: Chansey|304\/703
|move|p1a: Chansey|Thunder Wave|p2a: Tauros
|-status|p2a: Tauros|par
|
|turn|31
|c|★SOMALIA|HOWS THAT
|c|★SOMALIA|pretty powerful huh
|choice|move 3|move 1
|
|move|p1a: Chansey|Soft-Boiled|p1a: Chansey
|-heal|p1a: Chansey|655\/703
|cant|p2a: Tauros|par
|
|turn|32
|choice|move 2|move 1
|
|move|p1a: Chansey|Ice Beam|p2a: Tauros
|-damage|p2a: Tauros|0 fnt
|faint|p2a: Tauros
|choice||switch 4
|
|switch|p2a: Snorlax|Snorlax|523\/523
|turn|33
|choice|move 4|move 3
|
|move|p1a: Chansey|Thunder Wave|p2a: Snorlax
|-status|p2a: Snorlax|par
|move|p2a: Snorlax|Reflect|p2a: Snorlax
|-start|p2a: Snorlax|Reflect
|
|turn|34
|choice|switch 2|move 1
|
|switch|p1a: Slowbro|Slowbro|302\/393 slp
|cant|p2a: Snorlax|par
|
|turn|35
|J|Xopi
|choice|move 1|move 2
|
|cant|p1a: Slowbro|slp
|cant|p2a: Snorlax|par
|
|turn|36
|choice|move 1|move 1
|
|-curestatus|p1a: Slowbro|slp
|move|p2a: Snorlax|Amnesia|p2a: Snorlax
|-boost|p2a: Snorlax|spd|2
|-boost|p2a: Snorlax|spa|2
|
|turn|37
|c|★SOMALIA|im crittin
|choice|move 1|move 2
|
|move|p1a: Slowbro|Amnesia|p1a: Slowbro
|-boost|p1a: Slowbro|spd|2
|-boost|p1a: Slowbro|spa|2
|cant|p2a: Snorlax|par
|
|turn|38
|c|★SOMALIA|GET ready
|choice|move 1|move 1
|
|move|p1a: Slowbro|Amnesia|p1a: Slowbro
|-boost|p1a: Slowbro|spd|2
|-boost|p1a: Slowbro|spa|2
|move|p2a: Snorlax|Amnesia|p2a: Snorlax
|-boost|p2a: Snorlax|spd|2
|-boost|p2a: Snorlax|spa|2
|
|turn|39
|choice|move 1|move 1
|
|move|p1a: Slowbro|Amnesia|p1a: Slowbro
|-boost|p1a: Slowbro|spd|2
|-boost|p1a: Slowbro|spa|2
|move|p2a: Snorlax|Amnesia|p2a: Snorlax
|-boost|p2a: Snorlax|spd|2
|-boost|p2a: Snorlax|spa|2
|
|turn|40
|choice|move 2|move 2
|
|move|p1a: Slowbro|Surf|p2a: Snorlax
|-damage|p2a: Snorlax|393\/523 par
|move|p2a: Snorlax|Body Slam|p1a: Slowbro
|-damage|p1a: Slowbro|199\/393
|
|turn|41
|choice|move 2|move 2
|
|move|p1a: Slowbro|Surf|p2a: Snorlax
|-damage|p2a: Snorlax|271\/523 par
|cant|p2a: Snorlax|par
|
|turn|42
|choice|move 2|move 4
|
|move|p1a: Slowbro|Surf|p2a: Snorlax
|-damage|p2a: Snorlax|145\/523 par
|move|p2a: Snorlax|Rest|p2a: Snorlax
|-status|p2a: Snorlax|slp
|-heal|p2a: Snorlax|523\/523 slp|[silent]
|-status|p2a: Snorlax|slp|[from] move: Rest
|
|turn|43
|choice|move 2|move 2
|
|move|p1a: Slowbro|Surf|p2a: Snorlax
|-damage|p2a: Snorlax|407\/523 slp
|cant|p2a: Snorlax|slp
|
|turn|44
|choice|move 2|move 2
|
|move|p1a: Slowbro|Surf|p2a: Snorlax
|-damage|p2a: Snorlax|278\/523 slp
|-curestatus|p2a: Snorlax|slp
|
|turn|45
|choice|move 4|move 2
|
|move|p1a: Slowbro|Thunder Wave|p2a: Snorlax
|-status|p2a: Snorlax|par
|cant|p2a: Snorlax|par
|
|turn|46
|choice|move 2|move 2
|
|move|p1a: Slowbro|Surf|p2a: Snorlax
|-damage|p2a: Snorlax|160\/523 par
|move|p2a: Snorlax|Body Slam|p1a: Slowbro
|-damage|p1a: Slowbro|93\/393
|
|turn|47
|choice|move 2|move 2
|
|move|p1a: Slowbro|Surf|p2a: Snorlax
|-damage|p2a: Snorlax|47\/523 par
|move|p2a: Snorlax|Body Slam|p1a: Slowbro
|-damage|p1a: Slowbro|0 fnt
|faint|p1a: Slowbro
|choice|switch 2|
|
|switch|p1a: Chansey|Chansey|655\/703
|turn|48
|choice|move 1|move 4
|
|move|p1a: Chansey|Seismic Toss|p2a: Snorlax
|-damage|p2a: Snorlax|0 fnt
|faint|p2a: Snorlax
|choice||switch 3
|
|switch|p2a: Chansey|Chansey|366\/703 par
|turn|49
|choice|move 2|move 1
|
|move|p1a: Chansey|Ice Beam|p2a: Chansey
|-damage|p2a: Chansey|296\/703 par
|cant|p2a: Chansey|par
|
|turn|50
|choice|switch 3|move 1
|
|switch|p1a: Snorlax|Snorlax|415\/523 slp
|move|p2a: Chansey|Ice Beam|p1a: Snorlax
|-crit|p1a: Snorlax
|-damage|p1a: Snorlax|232\/523 slp
|
|turn|51
|choice|move 3|switch 5
|
|switch|p2a: Persian|Persian|333\/333
|cant|p1a: Snorlax|slp
|
|turn|52
|c|★fapkingg|EL CAT
|choice|switch 3|move 1
|
|switch|p1a: Chansey|Chansey|655\/703
|move|p2a: Persian|Slash|p1a: Chansey
|-crit|p1a: Chansey
|-damage|p1a: Chansey|274\/703
|
|turn|53
|c|★SOMALIA|that cat with ur luck
|c|★SOMALIA|im finished
|c|★SOMALIA|gg
|c|★SOMALIA|oh
|c|★fapkingg|ggg
|choice|switch 6|move 1
|
|switch|p1a: Golem|Golem|142\/363
|move|p2a: Persian|Slash|p1a: Golem
|-crit|p1a: Golem
|-resisted|p1a: Golem
|-damage|p1a: Golem|91\/363
|
|turn|54
|c|★SOMALIA|DONT GIVE IN
|c|★SOMALIA|SEISMIC TOSS!
|J|Aurious
|choice|move 2|move 3
|
|move|p2a: Persian|Bubble Beam|p1a: Golem
|-supereffective|p1a: Golem
|-damage|p1a: Golem|0 fnt
|faint|p1a: Golem
|L|Aurious
|c|★fapkingg|!!
|c|★SOMALIA|LMFAO
|c|★SOMALIA|this is a uber
|c|★SOMALIA|pokemon
|c|★SOMALIA|ur using
|c|★SOMALIA|uber
|choice|switch 3|
|
|switch|p1a: Snorlax|Snorlax|232\/523 slp
|turn|55
|choice|move 1|move 4
|
|move|p2a: Persian|Screech|p1a: Snorlax
|-unboost|p1a: Snorlax|def|2
|cant|p1a: Snorlax|slp
|
|turn|56
|c|★SOMALIA|fucking fat
|c|★SOMALIA|snorlax
|c|★SOMALIA|sleep u pig
|choice|move 3|move 2
|
|move|p2a: Persian|Hyper Beam|p1a: Snorlax
|-damage|p1a: Snorlax|0 fnt
|faint|p1a: Snorlax
|choice|switch 6|
|
|switch|p1a: Chansey|Chansey|274\/703
|turn|57
|choice|move 1|move 1
|
|move|p2a: Persian|Slash|p1a: Chansey
|-crit|p1a: Chansey
|-damage|p1a: Chansey|0 fnt
|faint|p1a: Chansey
|
|win|fapkingg