|J|Dice
|J|Prague Kick
|player|p1|Dice|134
|player|p2|Prague Kick|1
|gametype|singles
|gen|1
|tier|[Gen 1] OU
|seed|
|rule|Sleep Clause Mod: Limit one foe put to sleep
|rule|Freeze Clause Mod: Limit one foe frozen
|rule|Species Clause: Limit one of each Pokémon
|rule|OHKO Clause: OHKO moves are banned
|rule|Evasion Moves Clause: Evasion moves are banned
|rule|HP Percentage Mod: HP is shown in percentages
|
|start
|switch|p1a: Alakazam|Alakazam|100\/100
|switch|p2a: il dado è tratto|Alakazam, M|100\/100
|turn|1
|J|BKC
|J|shaian
|J|Fireburn
|c|★Prague Kick|hf
|J|Tesung
|c|%BKC|yum
|c|+Fireburn|this for rby wcop?
|c|★Dice|likewise
|c|★Prague Kick|yeah rby tour
|c|+Fireburn|neat-o
|c|★Prague Kick|lutra's world tour
|choice||
|
|move|p2a: il dado è tratto|Thunder Wave|p1a: Alakazam
|-status|p1a: Alakazam|par
|move|p1a: Alakazam|Thunder Wave|p2a: il dado è tratto
|-status|p2a: il dado è tratto|par
|
|turn|2
|c|+Fireburn|I still havent forgiven jolteon
|choice||
|
|move|p2a: il dado è tratto|Seismic Toss|p1a: Alakazam
|-damage|p1a: Alakazam|69\/100 par
|move|p1a: Alakazam|Psychic|p2a: il dado è tratto
|-resisted|p2a: il dado è tratto
|-damage|p2a: il dado è tratto|82\/100 par
|
|turn|3
|c|+Fireburn|for not getting crits
|choice||
|
|switch|p2a: dado knor|Snorlax, M|100\/100
|move|p1a: Alakazam|Recover|p1a: Alakazam
|-heal|p1a: Alakazam|100\/100 par
|
|turn|4
|choice||
|
|switch|p1a: Snorlax|Snorlax|100\/100
|move|p2a: dado knor|Body Slam|p1a: Snorlax
|-damage|p1a: Snorlax|73\/100
|
|turn|5
|choice||
|
|move|p2a: dado knor|Reflect|p2a: dado knor
|-start|p2a: dado knor|Reflect
|move|p1a: Snorlax|Body Slam|p2a: dado knor
|-damage|p2a: dado knor|87\/100
|
|turn|6
|choice||
|
|switch|p1a: Exeggutor|Exeggutor|100\/100
|move|p2a: dado knor|Body Slam|p1a: Exeggutor
|-damage|p1a: Exeggutor|72\/100
|-status|p1a: Exeggutor|par
|
|turn|7
|c|★Prague Kick|im laggin af
|choice||
|
|switch|p1a: Snorlax|Snorlax|73\/100
|move|p2a: dado knor|Body Slam|p1a: Snorlax
|-damage|p1a: Snorlax|48\/100
|
|turn|8
|choice||
|
|move|p2a: dado knor|Body Slam|p1a: Snorlax
|-damage|p1a: Snorlax|20\/100
|move|p1a: Snorlax|Blizzard|p2a: dado knor
|-damage|p2a: dado knor|70\/100
|
|turn|9
|choice||
|
|move|p1a: Snorlax|Self-Destruct|p2a: dado knor
|-damage|p2a: dado knor|28\/100
|faint|p1a: Snorlax
|choice||
|
|switch|p1a: Zapdos|Zapdos|100\/100
|turn|10
|J|babidi1998
|choice||
|
|switch|p2a: dado nel brodo|Chansey|100\/100
|move|p1a: Zapdos|Thunderbolt|p2a: dado nel brodo
|-damage|p2a: dado nel brodo|81\/100
|
|turn|11
|choice||
|
|switch|p1a: Chansey|Chansey|100\/100
|move|p2a: dado nel brodo|Seismic Toss|p1a: Chansey
|-damage|p1a: Chansey|86\/100
|
|turn|12
|choice||
|
|move|p1a: Chansey|Ice Beam|p2a: dado nel brodo
|-damage|p2a: dado nel brodo|70\/100
|move|p2a: dado nel brodo|Thunder Wave|p1a: Chansey
|-status|p1a: Chansey|par
|
|turn|13
|choice||
|
|switch|p2a: il dado è tratto|Alakazam, M|82\/100 par
|move|p1a: Chansey|Ice Beam|p2a: il dado è tratto
|-damage|p2a: il dado è tratto|62\/100 par
|
|turn|14
|choice||
|
|switch|p1a: Alakazam|Alakazam|100\/100 par
|move|p2a: il dado è tratto|Psychic|p1a: Alakazam
|-resisted|p1a: Alakazam
|-damage|p1a: Alakazam|83\/100 par
|
|turn|15
|choice||
|
|move|p1a: Alakazam|Seismic Toss|p2a: il dado è tratto
|-damage|p2a: il dado è tratto|30\/100 par
|move|p2a: il dado è tratto|Recover|p2a: il dado è tratto
|-heal|p2a: il dado è tratto|80\/100 par
|
|turn|16
|choice||
|
|move|p2a: il dado è tratto|Seismic Toss|p1a: Alakazam
|-damage|p1a: Alakazam|51\/100 par
|move|p1a: Alakazam|Psychic|p2a: il dado è tratto
|-resisted|p2a: il dado è tratto
|-damage|p2a: il dado è tratto|64\/100 par
|-unboost|p2a: il dado è tratto|spd|1
|-unboost|p2a: il dado è tratto|spa|1
|
|turn|17
|c|+babidi1998|go dice!
|choice||
|
|cant|p1a: Alakazam|par
|cant|p2a: il dado è tratto|par
|
|turn|18
|choice||
|
|move|p1a: Alakazam|Recover|p1a: Alakazam
|-heal|p1a: Alakazam|100\/100 par
|move|p2a: il dado è tratto|Recover|p2a: il dado è tratto
|-heal|p2a: il dado è tratto|100\/100 par
|
|turn|19
|choice||
|
|switch|p2a: dado nel brodo|Chansey|70\/100
|move|p1a: Alakazam|Seismic Toss|p2a: dado nel brodo
|-damage|p2a: dado nel brodo|56\/100
|
|turn|20
|choice||
|
|move|p2a: dado nel brodo|Soft-Boiled|p2a: dado nel brodo
|-heal|p2a: dado nel brodo|100\/100
|move|p1a: Alakazam|Psychic|p2a: dado nel brodo
|-damage|p2a: dado nel brodo|82\/100
|-unboost|p2a: dado nel brodo|spd|1
|-unboost|p2a: dado nel brodo|spa|1
|
|turn|21
|choice||
|
|switch|p1a: Chansey|Chansey|86\/100 par
|move|p2a: dado nel brodo|Seismic Toss|p1a: Chansey
|-damage|p1a: Chansey|72\/100 par
|
|turn|22
|L|babidi1998
|choice||
|
|switch|p2a: dado knor|Snorlax, M|28\/100
|move|p1a: Chansey|Soft-Boiled|p1a: Chansey
|-heal|p1a: Chansey|100\/100 par
|
|turn|23
|choice||
|
|switch|p1a: Zapdos|Zapdos|100\/100
|move|p2a: dado knor|Self-Destruct|p1a: Zapdos
|-damage|p1a: Zapdos|4\/100
|faint|p2a: dado knor
|choice||
|
|switch|p2a: dado star|Tauros|100\/100
|turn|24
|choice||
|
|move|p2a: dado star|Body Slam|p1a: Zapdos
|-damage|p1a: Zapdos|0 fnt
|faint|p1a: Zapdos
|choice||
|
|switch|p1a: Tauros|Tauros|100\/100
|turn|25
|choice||
|
|move|p2a: dado star|Body Slam|p1a: Tauros
|-crit|p1a: Tauros
|-damage|p1a: Tauros|42\/100
|move|p1a: Tauros|Body Slam|p2a: dado star
|-damage|p2a: dado star|74\/100
|
|turn|26
|choice||
|
|switch|p1a: Exeggutor|Exeggutor|72\/100 par
|move|p2a: dado star|Body Slam|p1a: Exeggutor
|-damage|p1a: Exeggutor|43\/100 par
|
|turn|27
|choice||
|
|switch|p1a: Chansey|Chansey|100\/100 par
|move|p2a: dado star|Hyper Beam|p1a: Chansey
|-damage|p1a: Chansey|38\/100 par
|
|turn|28
|-mustrecharge|p2a: dado star
|-mustrecharge|p2a: dado star
|choice||
|
|cant|p2a: dado star|recharge
|move|p1a: Chansey|Thunder Wave|p2a: dado star
|-status|p2a: dado star|par
|
|turn|29
|choice||
|
|switch|p1a: Alakazam|Alakazam|100\/100 par
|cant|p2a: dado star|par
|
|turn|30
|choice||
|
|switch|p2a: il dado è tratto|Alakazam, M|100\/100 par
|move|p1a: Alakazam|Psychic|p2a: il dado è tratto
|-resisted|p2a: il dado è tratto
|-damage|p2a: il dado è tratto|83\/100 par
|
|turn|31
|choice||
|
|move|p1a: Alakazam|Psychic|p2a: il dado è tratto
|-resisted|p2a: il dado è tratto
|-damage|p2a: il dado è tratto|67\/100 par
|move|p2a: il dado è tratto|Psychic|p1a: Alakazam
|-resisted|p1a: Alakazam
|-damage|p1a: Alakazam|83\/100 par
|-unboost|p1a: Alakazam|spd|1
|-unboost|p1a: Alakazam|spa|1
|
|turn|32
|choice||
|
|move|p2a: il dado è tratto|Recover|p2a: il dado è tratto
|-heal|p2a: il dado è tratto|100\/100 par
|move|p1a: Alakazam|Psychic|p2a: il dado è tratto
|-resisted|p2a: il dado è tratto
|-damage|p2a: il dado è tratto|89\/100 par
|
|turn|33
|choice||
|
|move|p2a: il dado è tratto|Psychic|p1a: Alakazam
|-crit|p1a: Alakazam
|-resisted|p1a: Alakazam
|-damage|p1a: Alakazam|49\/100 par
|move|p1a: Alakazam|Psychic|p2a: il dado è tratto
|-resisted|p2a: il dado è tratto
|-damage|p2a: il dado è tratto|79\/100 par
|-unboost|p2a: il dado è tratto|spd|1
|-unboost|p2a: il dado è tratto|spa|1
|
|turn|34
|choice||
|
|switch|p2a: dado star|Tauros|74\/100 par
|cant|p1a: Alakazam|par
|
|turn|35
|choice||
|
|switch|p1a: Exeggutor|Exeggutor|43\/100 par
|move|p2a: dado star|Hyper Beam|p1a: Exeggutor
|-damage|p1a: Exeggutor|0 fnt
|faint|p1a: Exeggutor
|choice||
|
|switch|p1a: Alakazam|Alakazam|49\/100 par
|turn|36
|choice||
|
|switch|p2a: dado nel brodo|Chansey|82\/100
|cant|p1a: Alakazam|par
|
|turn|37
|choice||
|
|move|p2a: dado nel brodo|Seismic Toss|p1a: Alakazam
|-damage|p1a: Alakazam|17\/100 par
|cant|p1a: Alakazam|par
|
|turn|38
|choice||
|
|switch|p1a: Chansey|Chansey|38\/100 par
|move|p2a: dado nel brodo|Seismic Toss|p1a: Chansey
|-damage|p1a: Chansey|23\/100 par
|
|turn|39
|choice||
|
|switch|p2a: dado star|Tauros|74\/100 par
|move|p1a: Chansey|Soft-Boiled|p1a: Chansey
|-heal|p1a: Chansey|73\/100 par
|
|turn|40
|choice||
|
|switch|p1a: Alakazam|Alakazam|17\/100 par
|move|p2a: dado star|Body Slam|p1a: Alakazam
|-damage|p1a: Alakazam|0 fnt
|faint|p1a: Alakazam
|choice||
|
|switch|p1a: Tauros|Tauros|42\/100
|turn|41
|choice||
|
|move|p1a: Tauros|Body Slam|p2a: dado star
|-damage|p2a: dado star|45\/100 par
|move|p2a: dado star|Hyper Beam|p1a: Tauros
|-crit|p1a: Tauros
|-damage|p1a: Tauros|0 fnt
|faint|p1a: Tauros
|L|Tesung
|choice||
|
|switch|p1a: Chansey|Chansey|73\/100 par
|turn|42
|-message|Dice forfeited.
|
|win|Prague Kick