|inactive|Battle timer is ON: inactive players will automatically lose when time's up.
|J|H-C
|J|CrapAtRBY
|player|p1|H-C|244
|player|p2|CrapAtRBY|170
|gametype|singles
|gen|1
|tier|[Gen 1] OU
|rule|Sleep Clause Mod: Limit one foe put to sleep
|rule|Freeze Clause Mod: Limit one foe frozen
|rule|Species Clause: Limit one of each Pokémon
|rule|OHKO Clause: OHKO moves are banned
|rule|Evasion Moves Clause: Evasion moves are banned
|rule|HP Percentage Mod: HP is shown in percentages
|
|start
|switch|p1a: Jynx|Jynx|333\/333
|switch|p2a: Starmie|Starmie|323\/323
|turn|1
|J|Alf
|J|yippeeee
|
|switch|p1a: Chansey|Chansey|703\/703
|move|p2a: Starmie|Thunder Wave|p1a: Chansey
|-status|p1a: Chansey|par
|
|turn|2
|
|switch|p2a: Snorlax|Snorlax|523\/523
|move|p1a: Chansey|Thunderbolt|p2a: Snorlax
|-damage|p2a: Snorlax|428\/523
|
|turn|3
|
|switch|p1a: Exeggutor|Exeggutor|393\/393
|move|p2a: Snorlax|Body Slam|p1a: Exeggutor
|-damage|p1a: Exeggutor|278\/393
|
|turn|4
|
|switch|p2a: Starmie|Starmie|323\/323
|move|p1a: Exeggutor|Sleep Powder|p2a: Starmie
|-status|p2a: Starmie|slp
|
|turn|5
|
|switch|p2a: Lapras|Lapras|463\/463
|move|p1a: Exeggutor|Psychic|p2a: Lapras
|-damage|p2a: Lapras|330\/463
|
|turn|6
|
|switch|p1a: Snorlax|Snorlax|523\/523
|move|p2a: Lapras|Confuse Ray|p1a: Snorlax
|-start|p1a: Snorlax|confusion
|
|turn|7
|J|Isa RC
|L|Isa RC
|J|Isa RC
|
|move|p2a: Lapras|Blizzard|p1a: Snorlax
|-damage|p1a: Snorlax|336\/523
|-activate|p1a: Snorlax|confusion
|-damage|p1a: Snorlax|288\/523|[from] confusion
|
|turn|8
|
|switch|p1a: Chansey|Chansey|703\/703 par
|move|p2a: Lapras|Blizzard|p1a: Chansey
|-damage|p1a: Chansey|575\/703 par
|
|turn|9
|
|move|p2a: Lapras|Confuse Ray|p1a: Chansey
|-start|p1a: Chansey|confusion
|-activate|p1a: Chansey|confusion
|-damage|p1a: Chansey|540\/703 par|[from] confusion
|
|turn|10
|
|move|p2a: Lapras|Body Slam|p1a: Chansey
|-damage|p1a: Chansey|363\/703 par
|-end|p1a: Chansey|confusion
|move|p1a: Chansey|Thunder Wave|p2a: Lapras
|-status|p2a: Lapras|par
|
|turn|11
|
|move|p2a: Lapras|Confuse Ray|p1a: Chansey
|-start|p1a: Chansey|confusion
|-activate|p1a: Chansey|confusion
|-damage|p1a: Chansey|328\/703 par|[from] confusion
|
|turn|12
|
|switch|p1a: Starmie|Starmie|323\/323
|cant|p2a: Lapras|par
|
|turn|13
|
|switch|p2a: Chansey|Chansey|703\/703
|move|p1a: Starmie|Thunderbolt|p2a: Chansey
|-crit|p2a: Chansey
|-damage|p2a: Chansey|565\/703
|
|turn|14
|
|move|p1a: Starmie|Blizzard|p2a: Chansey
|-damage|p2a: Chansey|468\/703
|move|p2a: Chansey|Thunderbolt|p1a: Starmie
|-supereffective|p1a: Starmie
|-damage|p1a: Starmie|155\/323
|-status|p1a: Starmie|par
|
|turn|15
|
|switch|p1a: Snorlax|Snorlax|288\/523
|move|p2a: Chansey|Thunderbolt|p1a: Snorlax
|-damage|p1a: Snorlax|188\/523
|
|turn|16
|
|move|p2a: Chansey|Thunder Wave|p1a: Snorlax
|-status|p1a: Snorlax|par
|cant|p1a: Snorlax|par
|
|turn|17
|
|switch|p2a: Lapras|Lapras|330\/463 par
|move|p1a: Snorlax|Rest|p1a: Snorlax
|-status|p1a: Snorlax|slp
|-heal|p1a: Snorlax|523\/523 slp|[silent]
|-status|p1a: Snorlax|slp|[from] move: Rest
|
|turn|18
|L|Isa RC
|
|switch|p1a: Starmie|Starmie|155\/323 par
|move|p2a: Lapras|Blizzard|p1a: Starmie
|-resisted|p1a: Starmie
|-damage|p1a: Starmie|81\/323 par
|
|turn|19
|
|move|p1a: Starmie|Recover|p1a: Starmie
|-heal|p1a: Starmie|242\/323 par
|move|p2a: Lapras|Confuse Ray|p1a: Starmie
|-start|p1a: Starmie|confusion
|
|turn|20
|
|switch|p1a: Snorlax|Snorlax|523\/523 slp
|move|p2a: Lapras|Body Slam|p1a: Snorlax
|-damage|p1a: Snorlax|441\/523 slp
|
|turn|21
|
|cant|p1a: Snorlax|slp
|move|p2a: Lapras|Blizzard|p1a: Snorlax|[miss]
|-miss|p2a: Lapras
|
|turn|22
|
|cant|p1a: Snorlax|slp
|-curestatus|p1a: Snorlax|slp
|move|p2a: Lapras|Confuse Ray|p1a: Snorlax
|-start|p1a: Snorlax|confusion
|
|turn|23
|
|-activate|p1a: Snorlax|confusion
|move|p1a: Snorlax|Reflect|p1a: Snorlax
|-start|p1a: Snorlax|Reflect
|cant|p2a: Lapras|par
|
|turn|24
|
|-activate|p1a: Snorlax|confusion
|move|p1a: Snorlax|Body Slam|p2a: Lapras
|-damage|p2a: Lapras|200\/463 par
|move|p2a: Lapras|Blizzard|p1a: Snorlax
|-damage|p1a: Snorlax|256\/523
|
|turn|25
|
|-activate|p1a: Snorlax|confusion
|-damage|p1a: Snorlax|208\/523|[from] confusion
|move|p2a: Lapras|Blizzard|p1a: Snorlax
|-damage|p1a: Snorlax|19\/523
|
|turn|26
|c|★H-C|can you get a para sometimes.
|
|-end|p1a: Snorlax|confusion
|move|p1a: Snorlax|Rest|p1a: Snorlax
|-status|p1a: Snorlax|slp
|-heal|p1a: Snorlax|523\/523 slp|[silent]
|-status|p1a: Snorlax|slp|[from] move: Rest
|move|p2a: Lapras|Body Slam|p1a: Snorlax
|-damage|p1a: Snorlax|487\/523 slp
|
|turn|27
|
|cant|p1a: Snorlax|slp
|move|p2a: Lapras|Blizzard|p1a: Snorlax
|-damage|p1a: Snorlax|301\/523 slp
|
|turn|28
|
|cant|p1a: Snorlax|slp
|-curestatus|p1a: Snorlax|slp
|move|p2a: Lapras|Blizzard|p1a: Snorlax
|-crit|p1a: Snorlax
|-damage|p1a: Snorlax|0 fnt
|faint|p1a: Snorlax
|
|switch|p1a: Tauros|Tauros|353\/353
|turn|29
|
|move|p1a: Tauros|Hyper Beam|p2a: Lapras
|-damage|p2a: Lapras|0 fnt
|faint|p2a: Lapras
|
|switch|p2a: Tauros|Tauros|353\/353
|turn|30
|
|move|p2a: Tauros|Body Slam|p1a: Tauros
|-damage|p1a: Tauros|242\/353
|move|p1a: Tauros|Body Slam|p2a: Tauros|[miss]
|-miss|p1a: Tauros
|
|turn|31
|c|★H-C|are you kidding me .
|
|switch|p1a: Exeggutor|Exeggutor|278\/393
|move|p2a: Tauros|Body Slam|p1a: Exeggutor
|-crit|p1a: Exeggutor
|-damage|p1a: Exeggutor|76\/393
|
|turn|32
|
|move|p2a: Tauros|Body Slam|p1a: Exeggutor
|-damage|p1a: Exeggutor|0 fnt
|faint|p1a: Exeggutor
|
|switch|p1a: Starmie|Starmie|242\/323 par
|turn|33
|
|switch|p2a: Chansey|Chansey|468\/703
|move|p1a: Starmie|Thunder Wave|p2a: Chansey
|-status|p2a: Chansey|par
|
|turn|34
|
|switch|p1a: Chansey|Chansey|328\/703 par
|move|p2a: Chansey|Soft-Boiled|p2a: Chansey
|-heal|p2a: Chansey|703\/703 par
|
|turn|35
|
|switch|p2a: Snorlax|Snorlax|428\/523
|move|p1a: Chansey|Soft-Boiled|p1a: Chansey
|-heal|p1a: Chansey|679\/703 par
|
|turn|36
|
|move|p2a: Snorlax|Body Slam|p1a: Chansey
|-damage|p1a: Chansey|381\/703 par
|move|p1a: Chansey|Thunder Wave|p2a: Snorlax
|-status|p2a: Snorlax|par
|
|turn|37
|
|move|p1a: Chansey|Soft-Boiled|p1a: Chansey
|-heal|p1a: Chansey|703\/703 par
|move|p2a: Snorlax|Body Slam|p1a: Chansey
|-damage|p1a: Chansey|433\/703 par
|
|turn|38
|
|switch|p1a: Starmie|Starmie|242\/323 par
|move|p2a: Snorlax|Body Slam|p1a: Starmie
|-damage|p1a: Starmie|116\/323 par
|
|turn|39
|
|move|p1a: Starmie|Recover|p1a: Starmie
|-heal|p1a: Starmie|277\/323 par
|move|p2a: Snorlax|Hyper Beam|p1a: Starmie
|-damage|p1a: Starmie|56\/323 par
|
|turn|40
|-mustrecharge|p2a: Snorlax
|-mustrecharge|p2a: Snorlax
|
|move|p1a: Starmie|Recover|p1a: Starmie
|-heal|p1a: Starmie|217\/323 par
|cant|p2a: Snorlax|recharge
|
|turn|41
|
|move|p1a: Starmie|Recover|p1a: Starmie
|-heal|p1a: Starmie|323\/323 par
|move|p2a: Snorlax|Body Slam|p1a: Starmie
|-damage|p1a: Starmie|196\/323 par
|
|turn|42
|
|move|p1a: Starmie|Blizzard|p2a: Snorlax
|-damage|p2a: Snorlax|304\/523 par
|move|p2a: Snorlax|Body Slam|p1a: Starmie
|-damage|p1a: Starmie|69\/323 par
|
|turn|43
|
|move|p1a: Starmie|Recover|p1a: Starmie
|-heal|p1a: Starmie|230\/323 par
|move|p2a: Snorlax|Body Slam|p1a: Starmie
|-crit|p1a: Starmie
|-damage|p1a: Starmie|0 fnt
|faint|p1a: Starmie
|
|switch|p1a: Jynx|Jynx|333\/333
|turn|44
|
|move|p1a: Jynx|Blizzard|p2a: Snorlax
|-damage|p2a: Snorlax|137\/523 par
|move|p2a: Snorlax|Hyper Beam|p1a: Jynx
|-damage|p1a: Jynx|22\/333
|
|turn|45
|-mustrecharge|p2a: Snorlax
|-mustrecharge|p2a: Snorlax
|
|move|p1a: Jynx|Blizzard|p2a: Snorlax
|-crit|p2a: Snorlax
|-damage|p2a: Snorlax|0 fnt
|faint|p2a: Snorlax
|
|switch|p2a: Tauros|Tauros|353\/353
|turn|46
|
|move|p2a: Tauros|Earthquake|p1a: Jynx
|-damage|p1a: Jynx|0 fnt
|faint|p1a: Jynx
|
|switch|p1a: Chansey|Chansey|433\/703 par
|turn|47
|
|move|p2a: Tauros|Body Slam|p1a: Chansey
|-crit|p1a: Chansey
|-damage|p1a: Chansey|0 fnt
|faint|p1a: Chansey
|
|switch|p1a: Tauros|Tauros|242\/353
|turn|48
|
|move|p1a: Tauros|Body Slam|p2a: Tauros
|-damage|p2a: Tauros|252\/353
|move|p2a: Tauros|Body Slam|p1a: Tauros
|-damage|p1a: Tauros|144\/353
|
|turn|49
|
|move|p2a: Tauros|Hyper Beam|p1a: Tauros
|-crit|p1a: Tauros
|-damage|p1a: Tauros|0 fnt
|faint|p1a: Tauros
|
|win|CrapAtRBY