|J|Isa
|J|Dice
|player|p1|Isa|169
|player|p2|Dice|168
|gametype|singles
|gen|1
|tier|[Gen 1] OU
|seed|41169,23433,63260,61238
|rule|Sleep Clause Mod: Limit one foe put to sleep
|rule|Freeze Clause Mod: Limit one foe frozen
|rule|Species Clause: Limit one of each Pokémon
|rule|OHKO Clause: OHKO moves are banned
|rule|Evasion Moves Clause: Evasion moves are banned
|rule|HP Percentage Mod: HP is shown in percentages
|
|start
|switch|p1a: Alakazam|Alakazam|313\/313
|switch|p2a: Alakazam|Alakazam|313\/313
|turn|1
|choice|move 2|move 2
|
|move|p1a: Alakazam|Seismic Toss|p2a: Alakazam
|-damage|p2a: Alakazam|213\/313
|move|p2a: Alakazam|Thunder Wave|p1a: Alakazam
|-status|p1a: Alakazam|par
|
|turn|2
|choice|move 2|move 4
|
|move|p2a: Alakazam|Seismic Toss|p1a: Alakazam
|-damage|p1a: Alakazam|213\/313 par
|move|p1a: Alakazam|Seismic Toss|p2a: Alakazam
|-damage|p2a: Alakazam|113\/313
|
|turn|3
|choice|switch 3|move 3
|
|switch|p1a: Exeggutor|Exeggutor|393\/393
|move|p2a: Alakazam|Recover|p2a: Alakazam
|-heal|p2a: Alakazam|269\/313
|
|turn|4
|choice|move 1|move 4
|
|move|p2a: Alakazam|Seismic Toss|p1a: Exeggutor
|-damage|p1a: Exeggutor|293\/393
|move|p1a: Exeggutor|Sleep Powder|p2a: Alakazam
|-status|p2a: Alakazam|slp
|
|turn|5
|J|Quote
|c|★Isa|thats not very consequent of you
|J|yung stef
|choice|move 2|switch 6
|
|switch|p2a: Exeggutor|Exeggutor|393\/393
|move|p1a: Exeggutor|Stun Spore|p2a: Exeggutor
|-status|p2a: Exeggutor|par
|
|turn|6
|choice|switch 3|move 1
|
|switch|p1a: Alakazam|Alakazam|213\/313 par
|move|p2a: Exeggutor|Psychic|p1a: Alakazam
|-resisted|p1a: Alakazam
|-damage|p1a: Alakazam|160\/313 par
|
|turn|7
|choice|move 3|move 1
|
|cant|p1a: Alakazam|par
|move|p2a: Exeggutor|Psychic|p1a: Alakazam
|-resisted|p1a: Alakazam
|-damage|p1a: Alakazam|106\/313 par
|
|turn|8
|choice|move 3|move 1
|
|move|p1a: Alakazam|Recover|p1a: Alakazam
|-heal|p1a: Alakazam|262\/313 par
|move|p2a: Exeggutor|Psychic|p1a: Alakazam
|-resisted|p1a: Alakazam
|-damage|p1a: Alakazam|212\/313 par
|
|turn|9
|choice|move 3|move 1
|
|move|p1a: Alakazam|Recover|p1a: Alakazam
|-heal|p1a: Alakazam|313\/313 par
|move|p2a: Exeggutor|Psychic|p1a: Alakazam
|-resisted|p1a: Alakazam
|-damage|p1a: Alakazam|261\/313 par
|
|turn|10
|choice|move 2|move 1
|
|cant|p1a: Alakazam|par
|move|p2a: Exeggutor|Psychic|p1a: Alakazam
|-resisted|p1a: Alakazam
|-damage|p1a: Alakazam|212\/313 par
|
|turn|11
|J|BlackWeed
|c|★Isa|silly goose zam
|c|★Dice|same chance
|c|+BlackWeed|ct
|c|★Dice|as scald
|c|★Dice|yn
|c|★Isa|yy
|choice|move 3|move 1
|
|move|p1a: Alakazam|Recover|p1a: Alakazam
|-heal|p1a: Alakazam|313\/313 par
|cant|p2a: Exeggutor|par
|
|turn|12
|choice|move 2|switch 2
|
|switch|p2a: Snorlax|Snorlax|523\/523
|move|p1a: Alakazam|Seismic Toss|p2a: Snorlax
|-damage|p2a: Snorlax|423\/523
|
|turn|13
|J|doggdogdogd
|c|★Isa|use counter here ok
|choice|switch 6|move 1
|
|switch|p1a: Snorlax|Snorlax|523\/523
|move|p2a: Snorlax|Body Slam|p1a: Snorlax
|-damage|p1a: Snorlax|379\/523
|
|turn|14
|choice|move 2|move 1
|
|move|p1a: Snorlax|Body Slam|p2a: Snorlax
|-damage|p2a: Snorlax|281\/523
|move|p2a: Snorlax|Body Slam|p1a: Snorlax
|-damage|p1a: Snorlax|249\/523
|
|turn|15
|J|kratosmana
|J|giara
|c|+BlackWeed|this new mechanic
|c|+BlackWeed|of not prlz
|c|+BlackWeed|nomal
|c|+BlackWeed|is bad
|c|+BlackWeed|oO
|c|★Isa|oo
|c|★Dice|oO
|c|+BlackWeed|should revert
|choice|move 2|move 1
|
|move|p1a: Snorlax|Body Slam|p2a: Snorlax
|-crit|p2a: Snorlax
|-damage|p2a: Snorlax|27\/523
|move|p2a: Snorlax|Body Slam|p1a: Snorlax
|-damage|p1a: Snorlax|103\/523
|
|turn|16
|c|★Isa|cool
|c|★Dice|isa
|c|★Dice|is
|c|★Dice|haxer
|c|★Dice|yn
|c|★Isa|y
|c|+BlackWeed|y
|c|★Dice|he switch
|c|★Dice|i boom
|c|★Dice|yn
|c|+BlackWeed|y
|c|★Isa|h3h3
|choice|move 2|move 1
|
|move|p1a: Snorlax|Body Slam|p2a: Snorlax
|-damage|p2a: Snorlax|0 fnt
|faint|p2a: Snorlax
|L|yung stef
|c|★Dice|.
|c|★Isa|quick claw
|choice||switch 4
|
|switch|p2a: Tauros|Tauros|353\/353
|turn|17
|c|★Isa|sorry not sorry
|choice|move 4|move 1
|
|move|p2a: Tauros|Body Slam|p1a: Snorlax
|-damage|p1a: Snorlax|0 fnt
|faint|p1a: Snorlax
|choice|switch 5|
|
|switch|p1a: Chansey|Chansey|703\/703
|turn|18
|choice|move 1|move 1
|
|move|p2a: Tauros|Body Slam|p1a: Chansey
|-damage|p1a: Chansey|443\/703
|move|p1a: Chansey|Thunder Wave|p2a: Tauros
|-status|p2a: Tauros|par
|
|turn|19
|c|★Dice|misclick
|c|★Dice|yn
|c|★Isa|obv.
|choice|move 4|switch 2
|
|switch|p2a: Exeggutor|Exeggutor|393\/393 par
|move|p1a: Chansey|Soft-Boiled|p1a: Chansey
|-heal|p1a: Chansey|703\/703
|
|turn|20
|c|+BlackWeed|isa
|c|+BlackWeed|do u like
|c|+BlackWeed|https:\/\/www.youtube.com\/watch?v=lf_wVfwpfp8
|choice|switch 6|move 1
|
|switch|p1a: Alakazam|Alakazam|313\/313 par
|move|p2a: Exeggutor|Psychic|p1a: Alakazam
|-crit|p1a: Alakazam
|-resisted|p1a: Alakazam
|-damage|p1a: Alakazam|218\/313 par
|
|turn|21
|c|★Isa|nah
|c|★Isa|bang bang
|c|★Isa|is better
|c|+BlackWeed|._.
|c|★Isa|yy?
|c|+BlackWeed|n
|J|BKC
|J|Aurious
|c|★Isa|BANG BANG into the rooooom
|c|+BlackWeed|https:\/\/www.youtube.com\/watch?v=il9nqWw9W3Y
|c|+BlackWeed|this is my fav music
|c|+BlackWeed|o_o
|J|bilo mi je drago
|c|★Dice|https:\/\/www.youtube.com\/watch?v=J1b22l1kFKY
|c|+BlackWeed|is heavy metal
|c|★Dice|o_o
|c|★Isa|https:\/\/www.youtube.com\/watch?v=5oflR7hOb34
|J|trust no one
|c|★Isa|this is mine
|c|★Isa|oo
|L|trust no one
|c|★Isa|oh it was
|c|★Isa|my turn
|c|★Isa|i didnt notice
|c|★Isa|rofl
|choice|move 2|move 1
|
|move|p1a: Alakazam|Seismic Toss|p2a: Exeggutor
|-damage|p2a: Exeggutor|293\/393 par
|cant|p2a: Exeggutor|par
|
|turn|22
|choice|move 2|move 1
|
|move|p1a: Alakazam|Seismic Toss|p2a: Exeggutor
|-damage|p2a: Exeggutor|193\/393 par
|move|p2a: Exeggutor|Psychic|p1a: Alakazam
|-crit|p1a: Alakazam
|-resisted|p1a: Alakazam
|-damage|p1a: Alakazam|125\/313 par
|
|turn|23
|choice|move 3|move 1
|
|move|p1a: Alakazam|Recover|p1a: Alakazam
|-heal|p1a: Alakazam|281\/313 par
|cant|p2a: Exeggutor|par
|
|turn|24
|choice|move 2|move 2
|
|cant|p1a: Alakazam|par
|move|p2a: Exeggutor|Explosion|p1a: Alakazam
|-damage|p1a: Alakazam|0 fnt
|faint|p1a: Alakazam
|faint|p2a: Exeggutor
|c|+BlackWeed|roll
|c|★Isa|yyyy
|choice|switch 6|switch 3
|
|switch|p1a: Chansey|Chansey|703\/703
|switch|p2a: Slowbro|Slowbro|393\/393
|turn|25
|c|+BlackWeed|slowbro
|c|+BlackWeed|o_o
|c|★Isa|fat
|choice|move 1|switch 5
|
|switch|p2a: Chansey|Chansey|703\/703
|move|p1a: Chansey|Thunder Wave|p2a: Chansey
|-status|p2a: Chansey|par
|
|turn|26
|choice|switch 4|move 3
|
|switch|p1a: Tauros|Tauros|353\/353
|cant|p2a: Chansey|par
|
|turn|27
|choice|move 3|move 1
|
|move|p1a: Tauros|Earthquake|p2a: Chansey
|-damage|p2a: Chansey|501\/703 par
|move|p2a: Chansey|Thunder Wave|p1a: Tauros
|-status|p1a: Tauros|par
|
|turn|28
|choice|move 2|move 4
|
|move|p1a: Tauros|Body Slam|p2a: Chansey
|-crit|p2a: Chansey
|-damage|p2a: Chansey|0 fnt
|faint|p2a: Chansey
|c|★Dice|.
|c|★Isa|crot
|c|+BlackWeed|outl
|choice||switch 5
|
|switch|p2a: Slowbro|Slowbro|393\/393
|turn|29
|choice|move 2|move 4
|
|move|p2a: Slowbro|Amnesia|p2a: Slowbro
|-boost|p2a: Slowbro|spd|2
|-boost|p2a: Slowbro|spa|2
|move|p1a: Tauros|Body Slam|p2a: Slowbro
|-damage|p2a: Slowbro|304\/393
|
|turn|30
|c|+BlackWeed|thats like cm
|c|+BlackWeed|yn
|c|★Dice|its like
|c|★Isa|double cm
|c|★Dice|nasty plot
|c|★Isa|oo
|c|★Dice|yn
|choice|move 2|move 2
|
|move|p2a: Slowbro|Psychic|p1a: Tauros
|-damage|p1a: Tauros|134\/353 par
|move|p1a: Tauros|Body Slam|p2a: Slowbro
|-damage|p2a: Slowbro|205\/393
|
|turn|31
|c|★Isa|fp where
|choice|switch 3|move 2
|
|switch|p1a: Exeggutor|Exeggutor|293\/393
|move|p2a: Slowbro|Psychic|p1a: Exeggutor
|-crit|p1a: Exeggutor
|-resisted|p1a: Exeggutor
|-damage|p1a: Exeggutor|214\/393
|-unboost|p1a: Exeggutor|spd|1
|-unboost|p1a: Exeggutor|spa|1
|
|turn|32
|c|%BKC|dice is gonna write a doctoral thesis on rby
|choice|move 2|switch 2
|
|switch|p2a: Tauros|Tauros|353\/353 par
|move|p1a: Exeggutor|Stun Spore|p2a: Tauros
|-fail|p2a: Tauros|par
|
|turn|33
|c|+BlackWeed|this seems good
|c|+BlackWeed|why isnt slowbro used much
|choice|move 3|move 4
|
|move|p1a: Exeggutor|Psychic|p2a: Tauros
|-damage|p2a: Tauros|259\/353 par
|-unboost|p2a: Tauros|spd|1
|-unboost|p2a: Tauros|spa|1
|move|p2a: Tauros|Hyper Beam|p1a: Exeggutor|[miss]
|-miss|p2a: Tauros
|
|turn|34
|c|%BKC|gets crit a lot
|choice|move 3|move 4
|
|move|p1a: Exeggutor|Psychic|p2a: Tauros|[miss]
|-miss|p1a: Exeggutor
|move|p2a: Tauros|Hyper Beam|p1a: Exeggutor
|-damage|p1a: Exeggutor|33\/393
|
|turn|35
|-mustrecharge|p2a: Tauros
|c|★Isa|;_;
|-mustrecharge|p2a: Tauros
|c|+BlackWeed|rol
|choice|move 3|move 1
|
|move|p1a: Exeggutor|Psychic|p2a: Tauros
|-damage|p2a: Tauros|109\/353 par
|-unboost|p2a: Tauros|spd|1
|-unboost|p2a: Tauros|spa|1
|cant|p2a: Tauros|recharge
|
|turn|36
|choice|move 3|move 1
|
|move|p1a: Exeggutor|Psychic|p2a: Tauros
|-damage|p2a: Tauros|0 fnt
|faint|p2a: Tauros
|choice||switch 2
|
|switch|p2a: Slowbro|Slowbro|205\/393
|turn|37
|choice|move 4|switch 6
|
|switch|p2a: Alakazam|Alakazam|269\/313 slp
|move|p1a: Exeggutor|Explosion|p2a: Alakazam
|-damage|p2a: Alakazam|0 fnt
|faint|p2a: Alakazam
|faint|p1a: Exeggutor
|choice|switch 2|switch 6
|
|switch|p1a: Kingler|Kingler|313\/313
|switch|p2a: Slowbro|Slowbro|205\/393
|turn|38
|c|★Isa|h3h3h3
|c|+BlackWeed|lured
|c|+BlackWeed|yn
|choice|move 2|move 1
|
|move|p1a: Kingler|Body Slam|p2a: Slowbro
|-damage|p2a: Slowbro|133\/393
|-status|p2a: Slowbro|par
|move|p2a: Slowbro|Thunder Wave|p1a: Kingler
|-status|p1a: Kingler|par
|
|turn|39
|c|★Dice|u sd
|choice|switch 4|move 3
|
|switch|p1a: Chansey|Chansey|703\/703
|cant|p2a: Slowbro|par
|
|turn|40
|c|★Dice|i psychic
|c|★Isa|unlured
|c|★Isa|,-,
|choice|move 3|move 3
|
|move|p1a: Chansey|Thunderbolt|p2a: Slowbro
|-supereffective|p2a: Slowbro
|-damage|p2a: Slowbro|0 fnt
|faint|p2a: Slowbro
|
|win|Isa
|c|★Dice|gg
|c|★Isa|g_G
|L|BKC
|L|Dice
|player|p2
|L|Isa
|player|p1
|L|giara
|L|doggdogdogd