|J|Tricking
|J|Golden Gyarados
|player|p1|Tricking|2
|player|p2|Golden Gyarados|102
|gametype|singles
|gen|1
|tier|[Gen 1] OU
|rule|Sleep Clause Mod: Limit one foe put to sleep
|rule|Freeze Clause Mod: Limit one foe frozen
|rule|Species Clause: Limit one of each Pokémon
|rule|OHKO Clause: OHKO moves are banned
|rule|Evasion Moves Clause: Evasion moves are banned
|rule|HP Percentage Mod: HP is shown in percentages
|
|start
|switch|p1a: Starmie|Starmie|323\/323
|switch|p2a: Jynx|Jynx|333\/333
|turn|1
|c|★Tricking|hf
|J|kratosmana
|
|move|p1a: Starmie|Thunder Wave|p2a: Jynx
|-status|p2a: Jynx|par
|move|p2a: Jynx|Lovely Kiss|p1a: Starmie
|-status|p1a: Starmie|slp
|
|turn|2
|J|r0spe
|J|Haund
|c|+kratosmana|goooooooooooooooo gg u can this *-*
|
|-curestatus|p1a: Starmie|slp
|move|p2a: Jynx|Psychic|p1a: Starmie
|-resisted|p1a: Starmie
|-damage|p1a: Starmie|273\/323
|-unboost|p1a: Starmie|spd|1
|-unboost|p1a: Starmie|spa|1
|
|turn|3
|L|r0spe
|
|move|p1a: Starmie|Thunderbolt|p2a: Jynx
|-damage|p2a: Jynx|281\/333 par
|cant|p2a: Jynx|par
|
|turn|4
|
|move|p1a: Starmie|Thunderbolt|p2a: Jynx
|-damage|p2a: Jynx|227\/333 par
|move|p2a: Jynx|Lovely Kiss|p1a: Starmie
|-status|p1a: Starmie|slp
|
|turn|5
|
|switch|p1a: Snorlax|Snorlax|523\/523
|move|p2a: Jynx|Blizzard|p1a: Snorlax
|-damage|p1a: Snorlax|331\/523
|
|turn|6
|
|move|p1a: Snorlax|Body Slam|p2a: Jynx
|-damage|p2a: Jynx|36\/333 par
|cant|p2a: Jynx|par
|
|turn|7
|
|move|p1a: Snorlax|Body Slam|p2a: Jynx
|-damage|p2a: Jynx|0 fnt
|faint|p2a: Jynx
|
|switch|p2a: Exeggutor|Exeggutor|393\/393
|turn|8
|
|switch|p1a: Starmie|Starmie|273\/323 slp
|move|p2a: Exeggutor|Psychic|p1a: Starmie
|-resisted|p1a: Starmie
|-damage|p1a: Starmie|211\/323 slp
|
|turn|9
|
|switch|p2a: Chansey|Chansey|703\/703
|cant|p1a: Starmie|slp
|
|turn|10
|
|switch|p1a: Chansey|Chansey|703\/703
|move|p2a: Chansey|Thunderbolt|p1a: Chansey
|-damage|p1a: Chansey|632\/703
|-status|p1a: Chansey|par
|
|turn|11
|
|move|p2a: Chansey|Thunderbolt|p1a: Chansey
|-crit|p1a: Chansey
|-damage|p1a: Chansey|482\/703 par
|move|p1a: Chansey|Ice Beam|p2a: Chansey
|-damage|p2a: Chansey|623\/703
|
|turn|12
|
|move|p2a: Chansey|Thunderbolt|p1a: Chansey
|-damage|p1a: Chansey|406\/703 par
|move|p1a: Chansey|Soft-Boiled|p1a: Chansey
|-heal|p1a: Chansey|703\/703 par
|
|turn|13
|
|move|p2a: Chansey|Thunderbolt|p1a: Chansey
|-damage|p1a: Chansey|631\/703 par
|cant|p1a: Chansey|par
|
|turn|14
|
|move|p2a: Chansey|Thunderbolt|p1a: Chansey
|-damage|p1a: Chansey|560\/703 par
|cant|p1a: Chansey|par
|
|turn|15
|
|move|p2a: Chansey|Thunderbolt|p1a: Chansey
|-damage|p1a: Chansey|481\/703 par
|move|p1a: Chansey|Ice Beam|p2a: Chansey
|-damage|p2a: Chansey|553\/703
|
|turn|16
|
|switch|p2a: Golem|Golem|363\/363
|cant|p1a: Chansey|par
|
|turn|17
|
|switch|p1a: Exeggutor|Exeggutor|393\/393
|move|p2a: Golem|Body Slam|p1a: Exeggutor
|-damage|p1a: Exeggutor|320\/393
|
|turn|18
|
|switch|p2a: Exeggutor|Exeggutor|393\/393
|move|p1a: Exeggutor|Sleep Powder|p2a: Exeggutor|[miss]
|-miss|p1a: Exeggutor
|
|turn|19
|
|move|p2a: Exeggutor|Stun Spore|p1a: Exeggutor|[miss]
|-miss|p2a: Exeggutor
|move|p1a: Exeggutor|Sleep Powder|p2a: Exeggutor
|-status|p2a: Exeggutor|slp
|
|turn|20
|
|switch|p1a: Chansey|Chansey|481\/703 par
|switch|p2a: Chansey|Chansey|553\/703
|
|turn|21
|
|move|p2a: Chansey|Thunderbolt|p1a: Chansey
|-damage|p1a: Chansey|410\/703 par
|move|p1a: Chansey|Soft-Boiled|p1a: Chansey
|-heal|p1a: Chansey|703\/703 par
|
|turn|22
|
|move|p2a: Chansey|Thunderbolt|p1a: Chansey
|-damage|p1a: Chansey|633\/703 par
|cant|p1a: Chansey|par
|
|turn|23
|
|move|p2a: Chansey|Thunderbolt|p1a: Chansey
|-damage|p1a: Chansey|557\/703 par
|move|p1a: Chansey|Ice Beam|p2a: Chansey
|-damage|p2a: Chansey|475\/703
|
|turn|24
|
|move|p2a: Chansey|Soft-Boiled|p2a: Chansey
|-heal|p2a: Chansey|703\/703
|move|p1a: Chansey|Ice Beam|p2a: Chansey
|-damage|p2a: Chansey|630\/703
|
|turn|25
|
|move|p2a: Chansey|Thunderbolt|p1a: Chansey
|-damage|p1a: Chansey|483\/703 par
|move|p1a: Chansey|Ice Beam|p2a: Chansey
|-damage|p2a: Chansey|558\/703
|
|turn|26
|
|move|p2a: Chansey|Thunderbolt|p1a: Chansey
|-damage|p1a: Chansey|404\/703 par
|cant|p1a: Chansey|par
|
|turn|27
|
|switch|p2a: Golem|Golem|363\/363
|move|p1a: Chansey|Soft-Boiled|p1a: Chansey
|-heal|p1a: Chansey|703\/703 par
|
|turn|28
|
|move|p2a: Golem|Earthquake|p1a: Chansey
|-damage|p1a: Chansey|352\/703 par
|move|p1a: Chansey|Ice Beam|p2a: Golem
|-supereffective|p2a: Golem
|-damage|p2a: Golem|125\/363
|
|turn|29
|
|switch|p1a: Exeggutor|Exeggutor|320\/393
|move|p2a: Golem|Earthquake|p1a: Exeggutor
|-resisted|p1a: Exeggutor
|-damage|p1a: Exeggutor|247\/393
|
|turn|30
|
|switch|p1a: Chansey|Chansey|352\/703 par
|switch|p2a: Chansey|Chansey|558\/703
|
|turn|31
|
|switch|p2a: Golem|Golem|125\/363
|move|p1a: Chansey|Soft-Boiled|p1a: Chansey
|-heal|p1a: Chansey|703\/703 par
|
|turn|32
|
|switch|p2a: Chansey|Chansey|558\/703
|switch|p1a: Exeggutor|Exeggutor|247\/393
|
|turn|33
|
|switch|p1a: Chansey|Chansey|703\/703 par
|move|p2a: Chansey|Ice Beam|p1a: Chansey
|-damage|p1a: Chansey|629\/703 par
|
|turn|34
|J|ReshiRampage
|
|move|p2a: Chansey|Thunderbolt|p1a: Chansey
|-damage|p1a: Chansey|549\/703 par
|move|p1a: Chansey|Ice Beam|p2a: Chansey
|-damage|p2a: Chansey|485\/703
|
|turn|35
|c|+ReshiRampage|what is this for?
|
|move|p2a: Chansey|Soft-Boiled|p2a: Chansey
|-heal|p2a: Chansey|703\/703
|move|p1a: Chansey|Ice Beam|p2a: Chansey
|-damage|p2a: Chansey|629\/703
|
|turn|36
|J|Villa
|c|★Tricking|roapl
|
|move|p2a: Chansey|Thunderbolt|p1a: Chansey
|-damage|p1a: Chansey|472\/703 par
|move|p1a: Chansey|Ice Beam|p2a: Chansey
|-damage|p2a: Chansey|559\/703
|
|turn|37
|
|move|p2a: Chansey|Ice Beam|p1a: Chansey
|-damage|p1a: Chansey|392\/703 par
|cant|p1a: Chansey|par
|
|turn|38
|c|+ReshiRampage|ok, is it bo3 or just one game?
|c|★Tricking|just 1
|
|move|p2a: Chansey|Ice Beam|p1a: Chansey
|-damage|p1a: Chansey|313\/703 par
|cant|p1a: Chansey|par
|
|turn|39
|
|move|p2a: Chansey|Ice Beam|p1a: Chansey
|-damage|p1a: Chansey|242\/703 par
|move|p1a: Chansey|Soft-Boiled|p1a: Chansey
|-heal|p1a: Chansey|593\/703 par
|
|turn|40
|
|move|p2a: Chansey|Soft-Boiled|p2a: Chansey
|-heal|p2a: Chansey|703\/703
|move|p1a: Chansey|Ice Beam|p2a: Chansey
|-damage|p2a: Chansey|624\/703
|
|turn|41
|
|move|p2a: Chansey|Thunder Wave|p1a: Chansey
|-fail|p1a: Chansey|par
|cant|p1a: Chansey|par
|
|turn|42
|
|move|p2a: Chansey|Thunder Wave|p1a: Chansey
|-fail|p1a: Chansey|par
|move|p1a: Chansey|Ice Beam|p2a: Chansey
|-damage|p2a: Chansey|549\/703
|
|turn|43
|
|move|p2a: Chansey|Thunder Wave|p1a: Chansey
|-fail|p1a: Chansey|par
|move|p1a: Chansey|Ice Beam|p2a: Chansey
|-damage|p2a: Chansey|474\/703
|-status|p2a: Chansey|frz
|
|turn|44
|
|cant|p2a: Chansey|frz
|move|p1a: Chansey|Ice Beam|p2a: Chansey
|-damage|p2a: Chansey|406\/703 frz
|
|turn|45
|
|cant|p2a: Chansey|frz
|move|p1a: Chansey|Soft-Boiled|p1a: Chansey
|-heal|p1a: Chansey|703\/703 par
|
|turn|46
|
|switch|p1a: Tauros|Tauros|353\/353
|cant|p2a: Chansey|frz
|
|turn|47
|
|move|p1a: Tauros|Body Slam|p2a: Chansey
|-crit|p2a: Chansey
|-damage|p2a: Chansey|0 fnt
|faint|p2a: Chansey
|
|switch|p2a: Zapdos|Zapdos|383\/383
|turn|48
|
|move|p1a: Tauros|Body Slam|p2a: Zapdos
|-damage|p2a: Zapdos|276\/383
|move|p2a: Zapdos|Thunder Wave|p1a: Tauros
|-status|p1a: Tauros|par
|
|turn|49
|
|move|p2a: Zapdos|Thunderbolt|p1a: Tauros
|-damage|p1a: Tauros|185\/353 par
|move|p1a: Tauros|Body Slam|p2a: Zapdos
|-crit|p2a: Zapdos
|-damage|p2a: Zapdos|72\/383
|
|turn|50
|
|switch|p1a: Chansey|Chansey|703\/703 par
|move|p2a: Zapdos|Thunderbolt|p1a: Chansey
|-damage|p1a: Chansey|578\/703 par
|
|turn|51
|
|move|p2a: Zapdos|Drill Peck|p1a: Chansey
|-damage|p1a: Chansey|344\/703 par
|move|p1a: Chansey|Thunder Wave|p2a: Zapdos
|-status|p2a: Zapdos|par
|
|turn|52
|
|move|p2a: Zapdos|Drill Peck|p1a: Chansey
|-damage|p1a: Chansey|107\/703 par
|cant|p1a: Chansey|par
|
|turn|53
|
|switch|p1a: Starmie|Starmie|211\/323 slp
|move|p2a: Zapdos|Drill Peck|p1a: Starmie
|-damage|p1a: Starmie|106\/323 slp
|
|turn|54
|
|-curestatus|p1a: Starmie|slp
|move|p2a: Zapdos|Thunderbolt|p1a: Starmie
|-supereffective|p1a: Starmie
|-damage|p1a: Starmie|0 fnt
|faint|p1a: Starmie
|
|switch|p1a: Exeggutor|Exeggutor|247\/393
|turn|55
|
|move|p1a: Exeggutor|Psychic|p2a: Zapdos
|-damage|p2a: Zapdos|0 fnt
|faint|p2a: Zapdos
|
|switch|p2a: Tauros|Tauros|353\/353
|turn|56
|J|RADIOGUFO BIZNIZ
|
|move|p2a: Tauros|Blizzard|p1a: Exeggutor|[miss]
|-miss|p2a: Tauros
|move|p1a: Exeggutor|Explosion|p2a: Tauros
|-damage|p2a: Tauros|108\/353
|faint|p1a: Exeggutor
|
|switch|p1a: Alakazam|Alakazam|313\/313
|turn|57
|
|switch|p2a: Exeggutor|Exeggutor|393\/393 slp
|move|p1a: Alakazam|Psychic|p2a: Exeggutor
|-crit|p2a: Exeggutor
|-resisted|p2a: Exeggutor
|-damage|p2a: Exeggutor|283\/393 slp
|
|turn|58
|
|switch|p1a: Snorlax|Snorlax|331\/523
|cant|p2a: Exeggutor|slp
|
|turn|59
|
|-curestatus|p2a: Exeggutor|slp
|move|p1a: Snorlax|Body Slam|p2a: Exeggutor
|-damage|p2a: Exeggutor|170\/393
|
|turn|60
|
|switch|p1a: Tauros|Tauros|185\/353 par
|move|p2a: Exeggutor|Psychic|p1a: Tauros
|-damage|p1a: Tauros|22\/353 par
|
|turn|61
|
|move|p2a: Exeggutor|Psychic|p1a: Tauros
|-damage|p1a: Tauros|0 fnt
|faint|p1a: Tauros
|J|KONICHIWAAA
|
|switch|p1a: Snorlax|Snorlax|331\/523
|turn|62
|
|switch|p2a: Golem|Golem|125\/363
|move|p1a: Snorlax|Body Slam|p2a: Golem
|-resisted|p2a: Golem
|-damage|p2a: Golem|84\/363
|
|turn|63
|
|switch|p1a: Chansey|Chansey|107\/703 par
|move|p2a: Golem|Earthquake|p1a: Chansey
|-crit|p1a: Chansey
|-damage|p1a: Chansey|0 fnt
|faint|p1a: Chansey
|
|switch|p1a: Alakazam|Alakazam|313\/313
|turn|64
|J|CowboyDan1
|
|move|p1a: Alakazam|Psychic|p2a: Golem
|-damage|p2a: Golem|0 fnt
|faint|p2a: Golem
|
|switch|p2a: Exeggutor|Exeggutor|170\/393
|turn|65
|
|move|p1a: Alakazam|Thunder Wave|p2a: Exeggutor
|-status|p2a: Exeggutor|par
|cant|p2a: Exeggutor|par
|
|turn|66
|
|move|p1a: Alakazam|Psychic|p2a: Exeggutor
|-crit|p2a: Exeggutor
|-resisted|p2a: Exeggutor
|-damage|p2a: Exeggutor|67\/393 par
|move|p2a: Exeggutor|Sleep Powder|p1a: Alakazam
|-status|p1a: Alakazam|slp
|
|turn|67
|
|cant|p1a: Alakazam|slp
|move|p2a: Exeggutor|Explosion|p1a: Alakazam
|-damage|p1a: Alakazam|0 fnt
|faint|p1a: Alakazam
|faint|p2a: Exeggutor
|
|switch|p2a: Tauros|Tauros|108\/353
|switch|p1a: Snorlax|Snorlax|331\/523
|turn|68
|c|★Golden Gyarados|gg
|c|★Tricking|gg
|
|move|p2a: Tauros|Hyper Beam|p1a: Snorlax
|-damage|p1a: Snorlax|102\/523
|move|p1a: Snorlax|Hyper Beam|p2a: Tauros
|-crit|p2a: Tauros
|-damage|p2a: Tauros|0 fnt
|faint|p2a: Tauros
|
|win|Tricking