|J|xJoelituh
|J|jacob
|player|p1|xJoelituh|134
|player|p2|jacob|287
|gametype|singles
|gen|1
|tier|[Gen 1] OU
|seed|24030,8850,57487,41204
|rule|Sleep Clause Mod: Limit one foe put to sleep
|rule|Freeze Clause Mod: Limit one foe frozen
|rule|Species Clause: Limit one of each Pokémon
|rule|OHKO Clause: OHKO moves are banned
|rule|Evasion Moves Clause: Evasion moves are banned
|rule|HP Percentage Mod: HP is shown in percentages
|
|start
|switch|p1a: Jolteon|Jolteon|333\/333
|switch|p2a: Starmie|Starmie|323\/323
|turn|1
|c|★xJoelituh|hf
|J|Alexander
|c|★jacob|hf
|choice|move 3|switch 6
|
|switch|p2a: Rhydon|Rhydon|413\/413
|move|p1a: Jolteon|Thunder Wave|p2a: Rhydon
|-immune|p2a: Rhydon|[msg]
|
|turn|2
|choice|switch 6|move 1
|
|switch|p1a: Exeggutor|Exeggutor|393\/393
|move|p2a: Rhydon|Earthquake|p1a: Exeggutor
|-resisted|p1a: Exeggutor
|-damage|p1a: Exeggutor|316\/393
|
|turn|3
|choice|move 1|switch 2
|
|switch|p2a: Chansey|Chansey|703\/703
|move|p1a: Exeggutor|Sleep Powder|p2a: Chansey
|-status|p2a: Chansey|slp
|
|turn|4
|choice|move 4|switch 4
|
|switch|p2a: Exeggutor|Exeggutor|393\/393
|move|p1a: Exeggutor|Stun Spore|p2a: Exeggutor
|-status|p2a: Exeggutor|par
|
|turn|5
|choice|move 2|move 2
|
|move|p1a: Exeggutor|Psychic|p2a: Exeggutor
|-resisted|p2a: Exeggutor
|-damage|p2a: Exeggutor|345\/393 par
|move|p2a: Exeggutor|Sleep Powder|p1a: Exeggutor
|-status|p1a: Exeggutor|slp
|
|turn|6
|choice|switch 6|switch 5
|
|switch|p1a: Jolteon|Jolteon|333\/333
|switch|p2a: Articuno|Articuno|383\/383
|
|turn|7
|c|★jacob|this sprite is so weird 
|J|Disaster Area
|c|+Disaster Area|=]
|c|★xJoelituh|articuno's back?
|choice|move 3|switch 2
|
|switch|p2a: Rhydon|Rhydon|413\/413
|move|p1a: Jolteon|Thunder Wave|p2a: Rhydon
|-immune|p2a: Rhydon|[msg]
|
|turn|8
|c|★jacob|this is a pie team
|c|+Disaster Area|ya
|c|+Disaster Area|i recognise it
|c|★jacob|most of the teams he gave me are strange 
|c|★xJoelituh|i do too
|c|★xJoelituh|;)
|c|+Disaster Area|I built that with paraslam [froggy25]
|c|+Disaster Area|for POWC
|choice|switch 5|move 2
|
|switch|p1a: Snorlax|Snorlax|523\/523
|move|p2a: Rhydon|Rock Slide|p1a: Snorlax
|-damage|p1a: Snorlax|375\/523
|
|turn|9
|choice|move 1|move 1
|
|move|p2a: Rhydon|Earthquake|p1a: Snorlax
|-damage|p1a: Snorlax|192\/523
|move|p1a: Snorlax|Body Slam|p2a: Rhydon
|-crit|p2a: Rhydon
|-resisted|p2a: Rhydon
|-damage|p2a: Rhydon|315\/413
|
|turn|10
|choice|move 3|move 4
|
|move|p2a: Rhydon|Substitute|p2a: Rhydon
|-start|p2a: Rhydon|Substitute
|-damage|p2a: Rhydon|212\/413
|move|p1a: Snorlax|Surf|p2a: Rhydon
|-supereffective|p2a: Rhydon
|-end|p2a: Rhydon|Substitute
|
|turn|11
|choice|move 3|move 1
|
|move|p2a: Rhydon|Earthquake|p1a: Snorlax
|-damage|p1a: Snorlax|0 fnt
|faint|p1a: Snorlax
|c|★jacob|surfing snorlax
|c|+Disaster Area|surflax is lame af tbh
|c|★xJoelituh|it isnt bad lol
|c|+Disaster Area|I mean
|c|+Disaster Area|surflax isn't garbage but
|choice|switch 3|
|
|switch|p1a: Tauros|Tauros|353\/353
|turn|12
|choice|move 1|switch 6
|
|switch|p2a: Starmie|Starmie|323\/323
|move|p1a: Tauros|Blizzard|p2a: Starmie
|-resisted|p2a: Starmie
|-damage|p2a: Starmie|289\/323
|
|turn|13
|c|+Disaster Area|it looks much stronger on paper to new players
|c|+Disaster Area|than it turns out to be in practice
|c|★xJoelituh|iirc this team is yours too 
|c|★xJoelituh|rofl
|c|+Disaster Area|maybe lol
|c|★xJoelituh|so blame yourself :x
|c|+Disaster Area|god knows
|choice|switch 5|move 4
|
|switch|p1a: Jolteon|Jolteon|333\/333
|move|p2a: Starmie|Thunder Wave|p1a: Jolteon
|-status|p1a: Jolteon|par
|
|turn|14
|c|+Disaster Area|I build tons of teams
|c|+Disaster Area|I build a batch of 20 a couple of weeks ago
|choice|move 4|switch 6
|
|switch|p2a: Rhydon|Rhydon|212\/413
|cant|p1a: Jolteon|par
|
|turn|15
|choice|switch 6|move 1
|
|switch|p1a: Exeggutor|Exeggutor|316\/393 slp
|move|p2a: Rhydon|Earthquake|p1a: Exeggutor
|-resisted|p1a: Exeggutor
|-damage|p1a: Exeggutor|238\/393 slp
|
|turn|16
|choice|switch 5|move 2
|
|switch|p1a: Tauros|Tauros|353\/353
|move|p2a: Rhydon|Rock Slide|p1a: Tauros|[miss]
|-miss|p2a: Rhydon
|
|turn|17
|c|★jacob|rude af
|c|★jacob|bro
|choice|move 1|switch 3
|
|switch|p2a: Tauros|Tauros|353\/353
|move|p1a: Tauros|Blizzard|p2a: Tauros
|-damage|p2a: Tauros|261\/353
|
|turn|18
|c|★xJoelituh|sorry :[
|choice|switch 6|move 1
|
|switch|p1a: Jolteon|Jolteon|333\/333 par
|move|p2a: Tauros|Body Slam|p1a: Jolteon
|-damage|p1a: Jolteon|203\/333 par
|
|turn|19
|choice|move 4|move 4
|
|move|p2a: Tauros|Earthquake|p1a: Jolteon
|-supereffective|p1a: Jolteon
|-damage|p1a: Jolteon|4\/333 par
|move|p1a: Jolteon|Double Kick|p2a: Tauros
|-supereffective|p2a: Tauros
|-damage|p2a: Tauros|224\/353
|-damage|p2a: Tauros|187\/353
|-hitcount|p2a: Tauros|2
|
|turn|20
|c|★jacob|i dont know what was weaker there
|c|★jacob|the double kick
|c|★jacob|or the eq
|c|★xJoelituh|hahaha
|choice|move 3|move 1
|
|move|p2a: Tauros|Body Slam|p1a: Jolteon
|-damage|p1a: Jolteon|0 fnt
|faint|p1a: Jolteon
|choice|switch 4|
|
|switch|p1a: Chansey|Chansey|703\/703
|turn|21
|choice|move 4|switch 5
|
|switch|p2a: Exeggutor|Exeggutor|345\/393 par
|move|p1a: Chansey|Ice Beam|p2a: Exeggutor
|-supereffective|p2a: Exeggutor
|-damage|p2a: Exeggutor|216\/393 par
|
|turn|22
|choice|switch 5|move 4
|
|switch|p1a: Exeggutor|Exeggutor|238\/393 slp
|move|p2a: Exeggutor|Explosion|p1a: Exeggutor
|-damage|p1a: Exeggutor|0 fnt
|faint|p1a: Exeggutor
|faint|p2a: Exeggutor
|choice|switch 5|switch 6
|
|switch|p2a: Starmie|Starmie|289\/323
|switch|p1a: Chansey|Chansey|703\/703
|turn|23
|c|★jacob|here comes the freeze
|c|★xJoelituh|:[
|c|★jacob|sorry in advance 
|choice|move 2|move 1
|
|move|p2a: Starmie|Blizzard|p1a: Chansey
|-damage|p1a: Chansey|610\/703
|move|p1a: Chansey|Thunder Wave|p2a: Starmie
|-status|p2a: Starmie|par
|
|turn|24
|choice|move 3|move 1
|
|move|p1a: Chansey|Thunderbolt|p2a: Starmie
|-crit|p2a: Starmie
|-supereffective|p2a: Starmie
|-damage|p2a: Starmie|0 fnt
|faint|p2a: Starmie
|c|★jacob|NOOOOOOOOOO
|choice||switch 2
|
|switch|p2a: Articuno|Articuno|383\/383
|turn|25
|c|★xJoelituh|rip
|c|★jacob|i got anti haxed
|c|★jacob|dont worry another chance 
|choice|move 2|move 1
|
|move|p2a: Articuno|Blizzard|p1a: Chansey
|-damage|p1a: Chansey|449\/703
|move|p1a: Chansey|Thunder Wave|p2a: Articuno
|-status|p2a: Articuno|par
|
|turn|26
|c|★xJoelituh|no freeze for you today
|choice|move 3|move 1
|
|move|p1a: Chansey|Thunderbolt|p2a: Articuno
|-supereffective|p2a: Articuno
|-damage|p2a: Articuno|247\/383 par
|move|p2a: Articuno|Blizzard|p1a: Chansey
|-damage|p1a: Chansey|301\/703
|
|turn|27
|choice|switch 2|move 1
|
|switch|p1a: Moltres|Moltres|383\/383
|move|p2a: Articuno|Blizzard|p1a: Moltres
|-supereffective|p1a: Moltres
|-damage|p1a: Moltres|116\/383
|
|turn|28
|choice|move 1|move 1
|
|move|p1a: Moltres|Fire Blast|p2a: Articuno
|-supereffective|p2a: Articuno
|-damage|p2a: Articuno|0 fnt
|faint|p2a: Articuno
|choice||switch 5
|
|switch|p2a: Tauros|Tauros|187\/353
|turn|29
|c|+Disaster Area|fire doesn't resist ice
|c|+Disaster Area|lol
|c|★xJoelituh|ik
|c|+Disaster Area|in gen 1
|c|★xJoelituh|lol
|c|★jacob|i didnt know that
|c|+Disaster Area|now u do =]
|choice|switch 6|move 1
|
|switch|p1a: Tauros|Tauros|353\/353
|move|p2a: Tauros|Body Slam|p1a: Tauros
|-damage|p1a: Tauros|258\/353
|
|turn|30
|c|★jacob|ok im criting
|c|★xJoelituh|let's play the speed tie game
|c|★jacob|the hyper beam
|choice|move 4|move 3
|
|move|p1a: Tauros|Hyper Beam|p2a: Tauros
|-damage|p2a: Tauros|4\/353
|move|p2a: Tauros|Hyper Beam|p1a: Tauros
|-damage|p1a: Tauros|71\/353
|
|turn|31
|-mustrecharge|p1a: Tauros
|-mustrecharge|p2a: Tauros
|-mustrecharge|p2a: Tauros
|c|★jacob|welp
|c|★xJoelituh|hahaha
|c|★jacob|we both failed
|-mustrecharge|p1a: Tauros
|choice|move 1|move 1
|
|cant|p1a: Tauros|recharge
|cant|p2a: Tauros|recharge
|
|turn|32
|choice|move 2|move 1
|
|move|p1a: Tauros|Body Slam|p2a: Tauros
|-damage|p2a: Tauros|0 fnt
|faint|p2a: Tauros
|c|★xJoelituh|rip
|c|★jacob|wow
|c|+Disaster Area|g2g
|L|Disaster Area
|c|★jacob|i got incredibly unlucky 
|c|★xJoelituh|i won even the recharge speed tie
|choice||switch 3
|
|switch|p2a: Rhydon|Rhydon|212\/413
|turn|33
|choice|move 1|move 1
|
|move|p1a: Tauros|Blizzard|p2a: Rhydon
|-supereffective|p2a: Rhydon
|-damage|p2a: Rhydon|0 fnt
|faint|p2a: Rhydon
|c|★jacob|thats just my luck i guess
|c|★jacob|thats why im like 3-6 in this tour
|c|★jacob|ive never not gotten lucked :(
|choice||switch 4
|
|switch|p2a: Chansey|Chansey|703\/703 slp
|turn|34
|c|★xJoelituh|man, i maining RBY and only won 1 @.@
|choice|move 2|move 3
|
|move|p1a: Tauros|Body Slam|p2a: Chansey
|-damage|p2a: Chansey|412\/703 slp
|-curestatus|p2a: Chansey|slp
|
|turn|35
|choice|move 4|move 4
|
|move|p1a: Tauros|Hyper Beam|p2a: Chansey
|-damage|p2a: Chansey|0 fnt
|faint|p2a: Chansey
|
|win|xJoelituh
|c|★xJoelituh|but hey
|c|★xJoelituh|fun match
|c|★jacob|yeah
|c|★jacob|GG
|c|★xJoelituh|gg bro
|L|jacob
|player|p2