|J|boudouche
|J|Dice
|player|p1|boudouche|126
|player|p2|Dice|134
|gametype|singles
|gen|1
|tier|[Gen 1] OU
|seed|
|rule|Sleep Clause Mod: Limit one foe put to sleep
|rule|Freeze Clause Mod: Limit one foe frozen
|rule|Species Clause: Limit one of each Pokémon
|rule|OHKO Clause: OHKO moves are banned
|rule|Evasion Moves Clause: Evasion moves are banned
|rule|HP Percentage Mod: HP is shown in percentages
|
|start
|switch|p1a: Jynx|Jynx|100\/100
|switch|p2a: Alakazam|Alakazam|100\/100
|turn|1
|J|Alexander
|choice||
|
|move|p2a: Alakazam|Thunder Wave|p1a: Jynx
|-status|p1a: Jynx|par
|move|p1a: Jynx|Lovely Kiss|p2a: Alakazam|[miss]
|-miss|p1a: Jynx
|
|turn|2
|choice||
|
|move|p2a: Alakazam|Seismic Toss|p1a: Jynx
|-damage|p1a: Jynx|70\/100 par
|move|p1a: Jynx|Lovely Kiss|p2a: Alakazam
|-status|p2a: Alakazam|slp
|
|turn|3
|choice||
|
|switch|p1a: Tauros|Tauros|100\/100
|cant|p2a: Alakazam|slp
|
|turn|4
|choice||
|
|switch|p2a: Exeggutor|Exeggutor|100\/100
|move|p1a: Tauros|Body Slam|p2a: Exeggutor
|-damage|p2a: Exeggutor|73\/100
|-status|p2a: Exeggutor|par
|
|turn|5
|choice||
|
|switch|p1a: Jynx|Jynx|70\/100 par
|move|p2a: Exeggutor|Psychic|p1a: Jynx
|-resisted|p1a: Jynx
|-damage|p1a: Jynx|51\/100 par
|
|turn|6
|choice||
|
|switch|p2a: Chansey|Chansey|100\/100
|cant|p1a: Jynx|par
|
|turn|7
|choice||
|
|move|p2a: Chansey|Thunderbolt|p1a: Jynx
|-damage|p1a: Jynx|25\/100 par
|move|p1a: Jynx|Rest|p1a: Jynx
|-status|p1a: Jynx|slp
|-heal|p1a: Jynx|100\/100 slp|[silent]
|-status|p1a: Jynx|slp|[from] move: Rest
|
|turn|8
|choice||
|
|move|p2a: Chansey|Ice Beam|p1a: Jynx
|-resisted|p1a: Jynx
|-damage|p1a: Jynx|89\/100 slp
|cant|p1a: Jynx|slp
|
|turn|9
|choice||
|
|move|p2a: Chansey|Thunderbolt|p1a: Jynx
|-damage|p1a: Jynx|65\/100 slp
|-curestatus|p1a: Jynx|slp
|
|turn|10
|choice||
|
|move|p2a: Chansey|Thunderbolt|p1a: Jynx
|-damage|p1a: Jynx|42\/100
|move|p1a: Jynx|Psychic|p2a: Chansey
|-damage|p2a: Chansey|86\/100
|
|turn|11
|choice||
|
|move|p2a: Chansey|Thunderbolt|p1a: Jynx
|-damage|p1a: Jynx|19\/100
|move|p1a: Jynx|Rest|p1a: Jynx
|-status|p1a: Jynx|slp
|-heal|p1a: Jynx|100\/100 slp|[silent]
|-status|p1a: Jynx|slp|[from] move: Rest
|
|turn|12
|choice||
|
|switch|p1a: Chansey|Chansey|100\/100
|move|p2a: Chansey|Thunderbolt|p1a: Chansey
|-damage|p1a: Chansey|90\/100
|
|turn|13
|choice||
|
|move|p2a: Chansey|Ice Beam|p1a: Chansey
|-damage|p1a: Chansey|79\/100
|move|p1a: Chansey|Ice Beam|p2a: Chansey
|-damage|p2a: Chansey|75\/100
|
|turn|14
|choice||
|
|move|p1a: Chansey|Ice Beam|p2a: Chansey
|-damage|p2a: Chansey|64\/100
|-status|p2a: Chansey|frz
|cant|p2a: Chansey|frz
|
|turn|15
|choice||
|
|switch|p1a: Tauros|Tauros|100\/100
|cant|p2a: Chansey|frz
|
|turn|16
|choice||
|
|move|p1a: Tauros|Blizzard|p2a: Chansey
|-damage|p2a: Chansey|54\/100 frz
|cant|p2a: Chansey|frz
|
|turn|17
|choice||
|
|move|p1a: Tauros|Earthquake|p2a: Chansey
|-damage|p2a: Chansey|24\/100 frz
|cant|p2a: Chansey|frz
|
|turn|18
|choice||
|
|move|p1a: Tauros|Earthquake|p2a: Chansey
|-crit|p2a: Chansey
|-damage|p2a: Chansey|0 fnt
|faint|p2a: Chansey
|choice||
|
|switch|p2a: Tauros|Tauros|100\/100
|turn|19
|choice||
|
|switch|p1a: Exeggutor|Exeggutor, M|100\/100
|move|p2a: Tauros|Blizzard|p1a: Exeggutor
|-supereffective|p1a: Exeggutor
|-damage|p1a: Exeggutor|70\/100
|
|turn|20
|choice||
|
|switch|p2a: Exeggutor|Exeggutor|73\/100 par
|move|p1a: Exeggutor|Psychic|p2a: Exeggutor
|-resisted|p2a: Exeggutor
|-damage|p2a: Exeggutor|60\/100 par
|
|turn|21
|choice||
|
|switch|p1a: Jynx|Jynx|100\/100 slp
|switch|p2a: Tauros|Tauros|100\/100
|
|turn|22
|choice||
|
|switch|p1a: Starmie|Starmie|100\/100
|move|p2a: Tauros|Body Slam|p1a: Starmie
|-damage|p1a: Starmie|69\/100
|
|turn|23
|choice||
|
|move|p1a: Starmie|Recover|p1a: Starmie
|-heal|p1a: Starmie|100\/100
|move|p2a: Tauros|Body Slam|p1a: Starmie
|-damage|p1a: Starmie|66\/100
|
|turn|24
|choice||
|
|switch|p2a: Snorlax|Snorlax|100\/100
|move|p1a: Starmie|Recover|p1a: Starmie
|-heal|p1a: Starmie|100\/100
|
|turn|25
|choice||
|
|switch|p1a: Exeggutor|Exeggutor, M|70\/100
|move|p2a: Snorlax|Body Slam|p1a: Exeggutor
|-damage|p1a: Exeggutor|40\/100
|
|turn|26
|choice||
|
|switch|p2a: Alakazam|Alakazam|100\/100 slp
|move|p1a: Exeggutor|Explosion|p2a: Alakazam
|-damage|p2a: Alakazam|0 fnt
|faint|p2a: Alakazam
|faint|p1a: Exeggutor
|choice||
|
|switch|p1a: Starmie|Starmie|100\/100
|switch|p2a: Exeggutor|Exeggutor|60\/100 par
|turn|27
|choice||
|
|move|p1a: Starmie|Blizzard|p2a: Exeggutor
|-crit|p2a: Exeggutor
|-supereffective|p2a: Exeggutor
|-damage|p2a: Exeggutor|0 fnt
|faint|p2a: Exeggutor
|choice||
|
|switch|p2a: Snorlax|Snorlax|100\/100
|turn|28
|choice||
|
|switch|p1a: Snorlax|Snorlax, M|100\/100
|move|p2a: Snorlax|Body Slam|p1a: Snorlax
|-damage|p1a: Snorlax|72\/100
|
|turn|29
|choice||
|
|move|p2a: Snorlax|Blizzard|p1a: Snorlax
|-damage|p1a: Snorlax|55\/100
|-status|p1a: Snorlax|frz
|cant|p1a: Snorlax|frz
|
|turn|30
|choice||
|
|cant|p1a: Snorlax|frz
|move|p2a: Snorlax|Amnesia|p2a: Snorlax
|-boost|p2a: Snorlax|spd|2
|-boost|p2a: Snorlax|spa|2
|
|turn|31
|choice||
|
|move|p2a: Snorlax|Amnesia|p2a: Snorlax
|-boost|p2a: Snorlax|spd|2
|-boost|p2a: Snorlax|spa|2
|cant|p1a: Snorlax|frz
|
|turn|32
|choice||
|
|cant|p1a: Snorlax|frz
|move|p2a: Snorlax|Amnesia|p2a: Snorlax
|-boost|p2a: Snorlax|spd|2
|-boost|p2a: Snorlax|spa|2
|
|turn|33
|choice||
|
|cant|p1a: Snorlax|frz
|move|p2a: Snorlax|Body Slam|p1a: Snorlax
|-damage|p1a: Snorlax|27\/100 frz
|
|turn|34
|choice||
|
|move|p2a: Snorlax|Body Slam|p1a: Snorlax
|-damage|p1a: Snorlax|0 fnt
|faint|p1a: Snorlax
|choice||
|
|switch|p1a: Chansey|Chansey|79\/100
|turn|35
|choice||
|
|move|p1a: Chansey|Thunder Wave|p2a: Snorlax
|-status|p2a: Snorlax|par
|move|p2a: Snorlax|Blizzard|p1a: Chansey
|-damage|p1a: Chansey|41\/100
|
|turn|36
|choice||
|
|move|p1a: Chansey|Soft-Boiled|p1a: Chansey
|-heal|p1a: Chansey|91\/100
|move|p2a: Snorlax|Blizzard|p1a: Chansey
|-damage|p1a: Chansey|52\/100
|
|turn|37
|choice||
|
|move|p1a: Chansey|Soft-Boiled|p1a: Chansey
|-heal|p1a: Chansey|100\/100
|move|p2a: Snorlax|Blizzard|p1a: Chansey
|-damage|p1a: Chansey|61\/100
|
|turn|38
|choice||
|
|move|p1a: Chansey|Soft-Boiled|p1a: Chansey
|-heal|p1a: Chansey|100\/100
|move|p2a: Snorlax|Blizzard|p1a: Chansey
|-damage|p1a: Chansey|63\/100
|
|turn|39
|choice||
|
|move|p1a: Chansey|Soft-Boiled|p1a: Chansey
|-heal|p1a: Chansey|100\/100
|move|p2a: Snorlax|Blizzard|p1a: Chansey
|-damage|p1a: Chansey|62\/100
|
|turn|40
|choice||
|
|move|p1a: Chansey|Soft-Boiled|p1a: Chansey
|-heal|p1a: Chansey|100\/100
|move|p2a: Snorlax|Blizzard|p1a: Chansey
|-damage|p1a: Chansey|59\/100
|
|turn|41
|choice||
|
|move|p1a: Chansey|Soft-Boiled|p1a: Chansey
|-heal|p1a: Chansey|100\/100
|cant|p2a: Snorlax|par
|
|turn|42
|choice||
|
|move|p1a: Chansey|Ice Beam|p2a: Snorlax
|-damage|p2a: Snorlax|96\/100 par
|move|p2a: Snorlax|Body Slam|p1a: Chansey
|-damage|p1a: Chansey|62\/100
|
|turn|43
|choice||
|
|move|p1a: Chansey|Ice Beam|p2a: Snorlax
|-damage|p2a: Snorlax|91\/100 par
|move|p2a: Snorlax|Body Slam|p1a: Chansey
|-damage|p1a: Chansey|19\/100
|
|turn|44
|choice||
|
|move|p1a: Chansey|Soft-Boiled|p1a: Chansey
|-heal|p1a: Chansey|69\/100
|cant|p2a: Snorlax|par
|
|turn|45
|choice||
|
|move|p1a: Chansey|Soft-Boiled|p1a: Chansey
|-heal|p1a: Chansey|100\/100
|move|p2a: Snorlax|Body Slam|p1a: Chansey
|-damage|p1a: Chansey|57\/100
|
|turn|46
|choice||
|
|move|p1a: Chansey|Ice Beam|p2a: Snorlax
|-crit|p2a: Snorlax
|-damage|p2a: Snorlax|52\/100 par
|move|p2a: Snorlax|Body Slam|p1a: Chansey
|-damage|p1a: Chansey|13\/100
|
|turn|47
|choice||
|
|move|p1a: Chansey|Soft-Boiled|p1a: Chansey
|-heal|p1a: Chansey|63\/100
|move|p2a: Snorlax|Body Slam|p1a: Chansey
|-damage|p1a: Chansey|22\/100
|
|turn|48
|choice||
|
|move|p1a: Chansey|Soft-Boiled|p1a: Chansey
|-heal|p1a: Chansey|72\/100
|move|p2a: Snorlax|Body Slam|p1a: Chansey
|-damage|p1a: Chansey|29\/100
|
|turn|49
|choice||
|
|move|p1a: Chansey|Soft-Boiled|p1a: Chansey
|-heal|p1a: Chansey|79\/100
|cant|p2a: Snorlax|par
|
|turn|50
|choice||
|
|move|p1a: Chansey|Ice Beam|p2a: Snorlax
|-crit|p2a: Snorlax
|-damage|p2a: Snorlax|12\/100 par
|move|p2a: Snorlax|Body Slam|p1a: Chansey
|-damage|p1a: Chansey|34\/100
|
|turn|51
|choice||
|
|move|p1a: Chansey|Soft-Boiled|p1a: Chansey
|-heal|p1a: Chansey|84\/100
|cant|p2a: Snorlax|par
|
|turn|52
|choice||
|
|move|p1a: Chansey|Ice Beam|p2a: Snorlax
|-crit|p2a: Snorlax
|-damage|p2a: Snorlax|0 fnt
|faint|p2a: Snorlax
|c|★boudouche|lol
|choice||
|
|switch|p2a: Tauros|Tauros|100\/100
|turn|53
|choice||
|
|move|p2a: Tauros|Hyper Beam|p1a: Chansey
|-damage|p1a: Chansey|20\/100
|move|p1a: Chansey|Thunder Wave|p2a: Tauros
|-status|p2a: Tauros|par
|
|turn|54
|-mustrecharge|p2a: Tauros
|-mustrecharge|p2a: Tauros
|choice||
|
|move|p1a: Chansey|Ice Beam|p2a: Tauros
|-damage|p2a: Tauros|73\/100 par
|cant|p2a: Tauros|recharge
|
|turn|55
|choice||
|
|move|p1a: Chansey|Ice Beam|p2a: Tauros|[miss]
|-miss|p1a: Chansey
|move|p2a: Tauros|Body Slam|p1a: Chansey
|-damage|p1a: Chansey|0 fnt
|faint|p1a: Chansey
|choice||
|
|switch|p1a: Tauros|Tauros|100\/100
|turn|56
|choice||
|
|move|p1a: Tauros|Body Slam|p2a: Tauros
|-crit|p2a: Tauros
|-damage|p2a: Tauros|21\/100 par
|cant|p2a: Tauros|par
|
|turn|57
|choice||
|
|move|p1a: Tauros|Body Slam|p2a: Tauros
|-damage|p2a: Tauros|0 fnt
|faint|p2a: Tauros
|choice||
|
|switch|p2a: Zapdos|Zapdos|100\/100
|turn|58
|choice||
|
|move|p1a: Tauros|Body Slam|p2a: Zapdos
|-damage|p2a: Zapdos|71\/100
|move|p2a: Zapdos|Thunder Wave|p1a: Tauros
|-status|p1a: Tauros|par
|
|turn|59
|choice||
|
|move|p2a: Zapdos|Agility|p2a: Zapdos
|-boost|p2a: Zapdos|spe|2
|move|p1a: Tauros|Body Slam|p2a: Zapdos
|-damage|p2a: Zapdos|42\/100
|-status|p2a: Zapdos|par
|
|turn|60
|choice||
|
|move|p2a: Zapdos|Thunderbolt|p1a: Tauros
|-damage|p1a: Tauros|52\/100 par
|move|p1a: Tauros|Hyper Beam|p2a: Zapdos
|-damage|p2a: Zapdos|0 fnt
|faint|p2a: Zapdos
|
|win|boudouche