|inactive|Battle timer is ON: inactive players will automatically lose when time's up.
|J|Golden Gyarados
|J|Tyrano
|player|p1|Golden Gyarados|266
|player|p2|Tyrano|80
|gametype|singles
|gen|1
|tier|[Gen 1] OU
|rule|Sleep Clause Mod: Limit one foe put to sleep
|rule|Freeze Clause Mod: Limit one foe frozen
|rule|Species Clause: Limit one of each Pokémon
|rule|OHKO Clause: OHKO moves are banned
|rule|Evasion Moves Clause: Evasion moves are banned
|rule|HP Percentage Mod: HP is shown in percentages
|
|start
|switch|p1a: Jynx|Jynx|333\/333
|switch|p2a: Alakazam|Alakazam|313\/313
|turn|1
|J|Finchinator
|J|elastico
|J|Stratos
|J|M Dragon
|J|Mr.378
|J|d0nutt
|J|sca1d
|J|Cristal
|J|jajajalol
|J|theurbandear
|J|Rei
|J|penedurojeje
|J|BKC
|J|stathakis
|J|kratosmana
|J|Mizuhime
|J|Yogiras
|raw|<div class="broadcast-red"><b>Moderated chat was set to %!<\/b><br \/>Only users of rank % and higher can talk.<\/div>
|J|Txerogross
|J|Luckstard.
|J|jpw234
|J|Axel10
|J|reiku
|J|ludicrousman
|J|Xopi
|J|SoulWind
|J|Rotter
|J|Crying Heavens
|J|Xpa
|L|ludicrousman
|J|vulnicurawins
|J|Steelphoenix
|J|iamgingE
|J|Funkasaurus
|J|Kefky
|
|move|p2a: Alakazam|Thunder Wave|p1a: Jynx
|-status|p1a: Jynx|par
|move|p1a: Jynx|Lovely Kiss|p2a: Alakazam
|-status|p2a: Alakazam|slp
|
|turn|2
|J|Hikali
|J|Kingler12345
|J|Nails
|J|Sam
|J|Meru
|J|LJDarkrai
|J|Hot N Cold
|
|cant|p2a: Alakazam|slp
|move|p1a: Jynx|Blizzard|p2a: Alakazam
|-damage|p2a: Alakazam|200\/313 slp
|
|turn|3
|J|SOMALIA
|J|Faith Lee
|J|Isa RC
|J|HudsonRain
|J|soulgazer
|
|switch|p2a: Slowbro|Slowbro|393\/393
|move|p1a: Jynx|Blizzard|p2a: Slowbro
|-resisted|p2a: Slowbro
|-damage|p2a: Slowbro|310\/393
|
|turn|4
|J|bouff
|J|Tesung
|J|AZ5102
|J|L0NE
|L|Luckstard.
|
|switch|p1a: Chansey|Chansey|703\/703
|move|p2a: Slowbro|Thunder Wave|p1a: Chansey
|-status|p1a: Chansey|par
|
|turn|5
|J|King Tsunami
|J|vaporwave shit
|J|BahaWin
|J|Stall Hater
|J|edgar
|J|Jimmy Turtwig
|J|innovamania
|
|switch|p2a: Snorlax|Snorlax|523\/523
|move|p1a: Chansey|Thunder Wave|p2a: Snorlax
|-status|p2a: Snorlax|par
|
|turn|6
|J|cosine180
|
|cant|p1a: Chansey|par
|cant|p2a: Snorlax|par
|
|turn|7
|
|move|p1a: Chansey|Thunderbolt|p2a: Snorlax
|-damage|p2a: Snorlax|421\/523 par
|move|p2a: Snorlax|Earthquake|p1a: Chansey
|-damage|p1a: Chansey|476\/703 par
|
|turn|8
|J|apple7
|J|kamikaze17
|
|cant|p1a: Chansey|par
|move|p2a: Snorlax|Body Slam|p1a: Chansey
|-damage|p1a: Chansey|161\/703 par
|
|turn|9
|J|Analog
|J|Kris Bryant
|
|move|p1a: Chansey|Soft-Boiled|p1a: Chansey
|-heal|p1a: Chansey|512\/703 par
|move|p2a: Snorlax|Body Slam|p1a: Chansey
|-damage|p1a: Chansey|232\/703 par
|
|turn|10
|J|hairy toenail
|
|cant|p1a: Chansey|par
|move|p2a: Snorlax|Body Slam|p1a: Chansey
|-damage|p1a: Chansey|0 fnt
|faint|p1a: Chansey
|
|switch|p1a: Exeggutor|Exeggutor|393\/393
|turn|11
|L|Hot N Cold
|J|zdrup
|
|move|p1a: Exeggutor|Psychic|p2a: Snorlax
|-damage|p2a: Snorlax|257\/523 par
|move|p2a: Snorlax|Body Slam|p1a: Exeggutor
|-damage|p1a: Exeggutor|282\/393
|-status|p1a: Exeggutor|par
|
|turn|12
|J|Croven
|J|Gogoplata
|J|lightchu
|J|GGuilas
|
|switch|p2a: Exeggutor|Exeggutor|393\/393
|move|p1a: Exeggutor|Psychic|p2a: Exeggutor
|-resisted|p2a: Exeggutor
|-damage|p2a: Exeggutor|337\/393
|-unboost|p2a: Exeggutor|spd|1
|-unboost|p2a: Exeggutor|spa|1
|
|turn|13
|J|ary
|J|snagaa
|J|Rumor
|J|marcoasd
|
|move|p2a: Exeggutor|Psychic|p1a: Exeggutor
|-resisted|p1a: Exeggutor
|-damage|p1a: Exeggutor|247\/393 par
|-unboost|p1a: Exeggutor|spd|1
|-unboost|p1a: Exeggutor|spa|1
|move|p1a: Exeggutor|Stun Spore|p2a: Exeggutor|[miss]
|-miss|p1a: Exeggutor
|
|turn|14
|J|Froggy26
|J|robert
|
|move|p2a: Exeggutor|Psychic|p1a: Exeggutor
|-resisted|p1a: Exeggutor
|-damage|p1a: Exeggutor|194\/393 par
|move|p1a: Exeggutor|Stun Spore|p2a: Exeggutor
|-status|p2a: Exeggutor|par
|
|turn|15
|
|switch|p1a: Jynx|Jynx|333\/333 par
|move|p2a: Exeggutor|Psychic|p1a: Jynx
|-resisted|p1a: Jynx
|-damage|p1a: Jynx|295\/333 par
|
|turn|16
|J|ReshiRampage
|
|switch|p1a: Exeggutor|Exeggutor|194\/393 par
|switch|p2a: Slowbro|Slowbro|310\/393
|
|turn|17
|
|switch|p2a: Exeggutor|Exeggutor|337\/393 par
|move|p1a: Exeggutor|Stun Spore|p2a: Exeggutor
|-fail|p2a: Exeggutor|par
|
|turn|18
|
|switch|p1a: Jynx|Jynx|295\/333 par
|cant|p2a: Exeggutor|par
|
|turn|19
|
|switch|p2a: Slowbro|Slowbro|310\/393
|cant|p1a: Jynx|par
|
|turn|20
|
|switch|p1a: Exeggutor|Exeggutor|194\/393 par
|move|p2a: Slowbro|Amnesia|p2a: Slowbro
|-boost|p2a: Slowbro|spd|2
|-boost|p2a: Slowbro|spa|2
|
|turn|21
|
|move|p2a: Slowbro|Surf|p1a: Exeggutor
|-resisted|p1a: Exeggutor
|-damage|p1a: Exeggutor|108\/393 par
|move|p1a: Exeggutor|Stun Spore|p2a: Slowbro
|-status|p2a: Slowbro|par
|
|turn|22
|J|Omfuga
|
|move|p2a: Slowbro|Amnesia|p2a: Slowbro
|-boost|p2a: Slowbro|spd|2
|-boost|p2a: Slowbro|spa|2
|move|p1a: Exeggutor|Explosion|p2a: Slowbro
|-damage|p2a: Slowbro|55\/393 par
|faint|p1a: Exeggutor
|J|atomicllamas
|
|switch|p1a: Tauros|Tauros|353\/353
|turn|23
|J|str3amline
|J|Marco Matias
|J|Genesis7
|J|Hot N Cold
|J|Betapf
|J|TheLindomar
|
|move|p1a: Tauros|Body Slam|p2a: Slowbro
|-damage|p2a: Slowbro|0 fnt
|faint|p2a: Slowbro
|
|switch|p2a: Exeggutor|Exeggutor|337\/393 par
|turn|24
|
|switch|p1a: Jynx|Jynx|295\/333 par
|move|p2a: Exeggutor|Psychic|p1a: Jynx
|-resisted|p1a: Jynx
|-damage|p1a: Jynx|231\/333 par
|-unboost|p1a: Jynx|spd|1
|-unboost|p1a: Jynx|spa|1
|
|turn|25
|L|Hot N Cold
|
|switch|p2a: Chansey|Chansey|703\/703
|move|p1a: Jynx|Blizzard|p2a: Chansey
|-damage|p2a: Chansey|621\/703
|-status|p2a: Chansey|frz
|
|turn|26
|J|The Kyle
|
|switch|p1a: Tauros|Tauros|353\/353
|cant|p2a: Chansey|frz
|
|turn|27
|
|move|p1a: Tauros|Body Slam|p2a: Chansey
|-damage|p2a: Chansey|340\/703 frz
|cant|p2a: Chansey|frz
|
|turn|28
|J|Hot N Cold
|
|move|p1a: Tauros|Body Slam|p2a: Chansey
|-damage|p2a: Chansey|66\/703 frz
|cant|p2a: Chansey|frz
|
|turn|29
|
|switch|p1a: Jynx|Jynx|231\/333 par
|cant|p2a: Chansey|frz
|
|turn|30
|J|DESTINY DEVICE
|
|switch|p1a: Tauros|Tauros|353\/353
|cant|p2a: Chansey|frz
|
|turn|31
|
|move|p1a: Tauros|Body Slam|p2a: Chansey
|-damage|p2a: Chansey|0 fnt
|faint|p2a: Chansey
|
|switch|p2a: Exeggutor|Exeggutor|337\/393 par
|turn|32
|
|switch|p1a: Jynx|Jynx|231\/333 par
|switch|p2a: Tauros|Tauros|353\/353
|
|turn|33
|J|soulraiser
|J|Malekith
|L|sca1d
|
|move|p2a: Tauros|Earthquake|p1a: Jynx
|-damage|p1a: Jynx|99\/333 par
|move|p1a: Jynx|Counter|p2a: Tauros
|-fail|p1a: Jynx
|
|turn|34
|
|move|p2a: Tauros|Body Slam|p1a: Jynx
|-damage|p1a: Jynx|0 fnt
|faint|p1a: Jynx
|
|switch|p1a: Tauros|Tauros|353\/353
|turn|35
|J|Deckline
|J|I ABR I
|
|switch|p2a: Alakazam|Alakazam|200\/313 slp
|move|p1a: Tauros|Body Slam|p2a: Alakazam
|-damage|p2a: Alakazam|40\/313 slp
|
|turn|36
|J|Reynaze
|L|I ABR I
|L|Reynaze
|J|Kiingsman
|
|switch|p1a: Golem|Golem|363\/363
|cant|p2a: Alakazam|slp
|
|turn|37
|J|zedpi
|J|Skyrio
|
|cant|p2a: Alakazam|slp
|-curestatus|p2a: Alakazam|slp
|move|p1a: Golem|Earthquake|p2a: Alakazam
|-damage|p2a: Alakazam|0 fnt
|faint|p2a: Alakazam
|L|Skyrio
|J|LouieLouieLouie
|
|switch|p2a: Exeggutor|Exeggutor|337\/393 par
|turn|38
|L|kamikaze17
|
|move|p1a: Golem|Explosion|p2a: Exeggutor
|-crit|p2a: Exeggutor
|-damage|p2a: Exeggutor|0 fnt
|faint|p2a: Exeggutor
|faint|p1a: Golem
|J|kamikaze17
|J|Jirachee
|
|switch|p1a: Lapras|Lapras|463\/463
|switch|p2a: Snorlax|Snorlax|257\/523 par
|turn|39
|
|move|p1a: Lapras|Blizzard|p2a: Snorlax
|-damage|p2a: Snorlax|83\/523 par
|cant|p2a: Snorlax|par
|
|turn|40
|
|move|p1a: Lapras|Thunderbolt|p2a: Snorlax
|-damage|p2a: Snorlax|0 fnt
|faint|p2a: Snorlax
|
|switch|p2a: Tauros|Tauros|353\/353
|turn|41
|
|move|p2a: Tauros|Body Slam|p1a: Lapras
|-damage|p1a: Lapras|348\/463
|-status|p1a: Lapras|par
|move|p1a: Lapras|Blizzard|p2a: Tauros|[miss]
|-miss|p1a: Lapras
|
|turn|42
|
|move|p2a: Tauros|Body Slam|p1a: Lapras
|-crit|p1a: Lapras
|-damage|p1a: Lapras|105\/463 par
|move|p1a: Lapras|Blizzard|p2a: Tauros
|-damage|p2a: Tauros|183\/353
|
|turn|43
|
|move|p2a: Tauros|Body Slam|p1a: Lapras
|-crit|p1a: Lapras
|-damage|p1a: Lapras|0 fnt
|faint|p1a: Lapras
|
|switch|p1a: Tauros|Tauros|353\/353
|turn|44
|J|petyer
|J|giara
|J|LivingMiracle
|J|Key
|
|move|p2a: Tauros|Blizzard|p1a: Tauros|[miss]
|-miss|p2a: Tauros
|move|p1a: Tauros|Body Slam|p2a: Tauros
|-damage|p2a: Tauros|75\/353
|
|turn|45
|J|sca1d
|
|move|p1a: Tauros|Body Slam|p2a: Tauros
|-damage|p2a: Tauros|0 fnt
|faint|p2a: Tauros
|
|win|Golden Gyarados
|L|SoulWind
|L|Xpa
|L|Genesis7
|L|petyer
|L|Hot N Cold
|L|Malekith
|L|Axel10
|L|Golden Gyarados
|player|p1
|L|hairy toenail
|L|Hikali
|L|Isa RC
|c|★Tyrano|gg
|L|bouff
|L|Steelphoenix
|L|Kefky