|J|dice
|J|Stratos
|player|p1|dice|168
|player|p2|Stratos|#stratos
|gametype|singles
|gen|1
|tier|[Gen 1] OU
|seed|3718,2299,33241,9142
|rule|Sleep Clause Mod: Limit one foe put to sleep
|rule|Freeze Clause Mod: Limit one foe frozen
|rule|Species Clause: Limit one of each Pokémon
|rule|OHKO Clause: OHKO moves are banned
|rule|Evasion Moves Clause: Evasion moves are banned
|rule|HP Percentage Mod: HP is shown in percentages
|
|start
|switch|p1a: Alakazam|Alakazam|313\/313
|switch|p2a: Alakazam|Alakazam|313\/313
|turn|1
|J|LT1 6A9 AM
|choice|move 4|switch 3
|
|switch|p2a: Exeggutor|Exeggutor|393\/393
|move|p1a: Alakazam|Thunder Wave|p2a: Exeggutor
|-status|p2a: Exeggutor|par
|
|turn|2
|choice|move 2|move 2
|
|move|p1a: Alakazam|Seismic Toss|p2a: Exeggutor
|-damage|p2a: Exeggutor|293\/393 par
|move|p2a: Exeggutor|Stun Spore|p1a: Alakazam
|-status|p1a: Alakazam|par
|
|turn|3
|choice|move 2|switch 4
|
|switch|p2a: Chansey|Chansey|703\/703
|move|p1a: Alakazam|Seismic Toss|p2a: Chansey
|-damage|p2a: Chansey|603\/703
|
|turn|4
|choice|move 1|move 4
|
|move|p2a: Chansey|Thunderbolt|p1a: Alakazam
|-damage|p1a: Alakazam|255\/313 par
|move|p1a: Alakazam|Psychic|p2a: Chansey
|-damage|p2a: Chansey|474\/703
|-unboost|p2a: Chansey|spd|1
|-unboost|p2a: Chansey|spa|1
|
|turn|5
|J|lt1 krack
|choice|move 1|move 4
|
|move|p2a: Chansey|Thunderbolt|p1a: Alakazam
|-damage|p1a: Alakazam|212\/313 par
|move|p1a: Alakazam|Psychic|p2a: Chansey
|-damage|p2a: Chansey|268\/703
|-unboost|p2a: Chansey|spd|1
|-unboost|p2a: Chansey|spa|1
|
|turn|6
|L|LT1 6A9 AM
|c|★Stratos|stop
|choice|move 3|move 1
|
|move|p2a: Chansey|Soft-Boiled|p2a: Chansey
|-heal|p2a: Chansey|619\/703
|move|p1a: Alakazam|Recover|p1a: Alakazam
|-heal|p1a: Alakazam|313\/313 par
|
|turn|7
|choice|move 2|switch 4
|
|switch|p2a: Exeggutor|Exeggutor|293\/393 par
|cant|p1a: Alakazam|par
|
|turn|8
|choice|move 2|move 4
|
|move|p1a: Alakazam|Seismic Toss|p2a: Exeggutor
|-damage|p2a: Exeggutor|193\/393 par
|cant|p2a: Exeggutor|par
|
|turn|9
|choice|move 2|switch 4
|
|switch|p2a: Chansey|Chansey|619\/703
|cant|p1a: Alakazam|par
|
|turn|10
|choice|move 2|move 4
|
|move|p2a: Chansey|Thunderbolt|p1a: Alakazam
|-damage|p1a: Alakazam|248\/313 par
|move|p1a: Alakazam|Seismic Toss|p2a: Chansey
|-damage|p2a: Chansey|519\/703
|
|turn|11
|choice|move 3|switch 6
|
|switch|p2a: Snorlax|Snorlax|523\/523
|move|p1a: Alakazam|Recover|p1a: Alakazam
|-heal|p1a: Alakazam|313\/313 par
|
|turn|12
|choice|switch 3|move 2
|
|switch|p1a: Rhydon|Rhydon|413\/413
|move|p2a: Snorlax|Body Slam|p1a: Rhydon
|-resisted|p1a: Rhydon
|-damage|p1a: Rhydon|364\/413
|
|turn|13
|choice|move 3|switch 2
|
|switch|p2a: Lapras|Lapras|463\/463
|move|p1a: Rhydon|Earthquake|p2a: Lapras
|-damage|p2a: Lapras|306\/463
|
|turn|14
|choice|switch 4|move 1
|
|switch|p1a: Chansey|Chansey|703\/703
|move|p2a: Lapras|Blizzard|p1a: Chansey
|-damage|p1a: Chansey|560\/703
|
|turn|15
|choice|switch 3|move 4
|
|switch|p1a: Alakazam|Alakazam|313\/313 par
|move|p2a: Lapras|Sing|p1a: Alakazam
|-fail|p1a: Alakazam
|
|turn|16
|choice|move 4|switch 4
|
|switch|p2a: Exeggutor|Exeggutor|193\/393 par
|move|p1a: Alakazam|Thunder Wave|p2a: Exeggutor
|-fail|p2a: Exeggutor|par
|
|turn|17
|choice|move 2|move 3
|
|move|p1a: Alakazam|Seismic Toss|p2a: Exeggutor
|-damage|p2a: Exeggutor|93\/393 par
|move|p2a: Exeggutor|Explosion|p1a: Alakazam
|-damage|p1a: Alakazam|0 fnt
|faint|p1a: Alakazam
|faint|p2a: Exeggutor
|choice|switch 3|switch 4
|
|switch|p2a: Lapras|Lapras|306\/463
|switch|p1a: Chansey|Chansey|560\/703
|turn|18
|L|lt1 krack
|choice|switch 2|move 1
|
|switch|p1a: Slowbro|Slowbro|393\/393
|move|p2a: Lapras|Blizzard|p1a: Slowbro
|-resisted|p1a: Slowbro
|-damage|p1a: Slowbro|314\/393
|
|turn|19
|choice|move 1|move 2
|
|move|p2a: Lapras|Thunderbolt|p1a: Slowbro
|-supereffective|p1a: Slowbro
|-damage|p1a: Slowbro|157\/393
|move|p1a: Slowbro|Thunder Wave|p2a: Lapras
|-status|p2a: Lapras|par
|
|turn|20
|choice|move 3|switch 5
|
|switch|p2a: Tauros|Tauros|353\/353
|move|p1a: Slowbro|Amnesia|p1a: Slowbro
|-boost|p1a: Slowbro|spd|2
|-boost|p1a: Slowbro|spa|2
|
|turn|21
|choice|switch 4|move 4
|
|switch|p1a: Rhydon|Rhydon|364\/413
|move|p2a: Tauros|Hyper Beam|p1a: Rhydon
|-resisted|p1a: Rhydon
|-damage|p1a: Rhydon|287\/413
|
|turn|22
|-mustrecharge|p2a: Tauros
|-mustrecharge|p2a: Tauros
|choice|move 3|move 1
|
|cant|p2a: Tauros|recharge
|move|p1a: Rhydon|Earthquake|p2a: Tauros
|-damage|p2a: Tauros|196\/353
|
|turn|23
|choice|move 3|move 1
|
|move|p2a: Tauros|Blizzard|p1a: Rhydon
|-supereffective|p1a: Rhydon
|-damage|p1a: Rhydon|65\/413
|move|p1a: Rhydon|Earthquake|p2a: Tauros
|-damage|p2a: Tauros|62\/353
|
|turn|24
|choice|move 3|move 3
|
|move|p2a: Tauros|Earthquake|p1a: Rhydon
|-crit|p1a: Rhydon
|-supereffective|p1a: Rhydon
|-damage|p1a: Rhydon|0 fnt
|faint|p1a: Rhydon
|choice|switch 6|
|
|switch|p1a: Tauros|Tauros|353\/353
|turn|25
|choice|move 1|move 4
|
|move|p1a: Tauros|Body Slam|p2a: Tauros
|-crit|p2a: Tauros
|-damage|p2a: Tauros|0 fnt
|faint|p2a: Tauros
|c|★Stratos|haxed
|choice||switch 5
|
|switch|p2a: Lapras|Lapras|306\/463 par
|turn|26
|choice|switch 4|move 2
|
|switch|p1a: Slowbro|Slowbro|157\/393
|move|p2a: Lapras|Thunderbolt|p1a: Slowbro
|-supereffective|p1a: Slowbro
|-damage|p1a: Slowbro|0 fnt
|faint|p1a: Slowbro
|choice|switch 4|
|
|switch|p1a: Tauros|Tauros|353\/353
|turn|27
|choice|move 1|move 4
|
|move|p1a: Tauros|Body Slam|p2a: Lapras
|-damage|p2a: Lapras|188\/463 par
|move|p2a: Lapras|Sing|p1a: Tauros
|-status|p1a: Tauros|slp
|
|turn|28
|J|Demerging
|choice|switch 2|move 1
|
|switch|p1a: Chansey|Chansey|560\/703
|move|p2a: Lapras|Blizzard|p1a: Chansey
|-damage|p1a: Chansey|430\/703
|
|turn|29
|choice|move 4|move 1
|
|move|p1a: Chansey|Soft-Boiled|p1a: Chansey
|-heal|p1a: Chansey|703\/703
|move|p2a: Lapras|Blizzard|p1a: Chansey
|-damage|p1a: Chansey|564\/703
|
|turn|30
|choice|move 2|move 1
|
|move|p1a: Chansey|Thunderbolt|p2a: Lapras
|-supereffective|p2a: Lapras
|-damage|p2a: Lapras|36\/463 par
|move|p2a: Lapras|Blizzard|p1a: Chansey
|-damage|p1a: Chansey|431\/703
|-status|p1a: Chansey|frz
|
|turn|31
|c|★dice|fawk
|c|★dice|gg
|c|★Stratos|CANT BYPASS THE LAPRAS
|c|★Stratos|gg
|c|★Stratos|this is 1 lucky duck
|-message|dice forfeited.
|
|win|Stratos