|inactive|Battle timer is ON: inactive players will automatically lose when time's up.
|J|BKC
|J|Nails
|player|p1|BKC|#bkc
|player|p2|Nails|282
|gametype|singles
|gen|1
|tier|[Gen 1] OU
|seed|20499,45833,31205,12199
|rule|Sleep Clause Mod: Limit one foe put to sleep
|rule|Freeze Clause Mod: Limit one foe frozen
|rule|Species Clause: Limit one of each Pokémon
|rule|OHKO Clause: OHKO moves are banned
|rule|Evasion Moves Clause: Evasion moves are banned
|rule|HP Percentage Mod: HP is shown in percentages
|
|start
|switch|p1a: Black One|Gengar|323\/323
|switch|p2a: Alakazam|Alakazam|313\/313
|turn|1
|choice|switch 3|move 1
|
|switch|p1a: Sin Nanna|Exeggutor|393\/393
|move|p2a: Alakazam|Psychic|p1a: Sin Nanna
|-resisted|p1a: Sin Nanna
|-damage|p1a: Sin Nanna|338\/393
|
|turn|2
|choice|move 1|move 2
|
|move|p2a: Alakazam|Thunder Wave|p1a: Sin Nanna
|-status|p1a: Sin Nanna|par
|move|p1a: Sin Nanna|Sleep Powder|p2a: Alakazam|[miss]
|-miss|p1a: Sin Nanna
|
|turn|3
|choice|move 1|move 4
|
|move|p2a: Alakazam|Seismic Toss|p1a: Sin Nanna
|-damage|p1a: Sin Nanna|238\/393 par
|move|p1a: Sin Nanna|Sleep Powder|p2a: Alakazam
|-status|p2a: Alakazam|slp
|
|turn|4
|choice|move 3|switch 2
|
|switch|p2a: Slowbro|Slowbro|393\/393
|move|p1a: Sin Nanna|Psychic|p2a: Slowbro
|-resisted|p2a: Slowbro
|-damage|p2a: Slowbro|325\/393
|
|turn|5
|choice|move 3|move 4
|
|move|p2a: Slowbro|Amnesia|p2a: Slowbro
|-boost|p2a: Slowbro|spd|2
|-boost|p2a: Slowbro|spa|2
|move|p1a: Sin Nanna|Psychic|p2a: Slowbro
|-resisted|p2a: Slowbro
|-damage|p2a: Slowbro|291\/393
|
|turn|6
|choice|move 4|move 2
|
|move|p2a: Slowbro|Psychic|p1a: Sin Nanna
|-resisted|p1a: Sin Nanna
|-damage|p1a: Sin Nanna|160\/393 par
|move|p1a: Sin Nanna|Explosion|p2a: Slowbro
|-damage|p2a: Slowbro|40\/393
|faint|p1a: Sin Nanna
|J|blarajan
|choice|switch 6|
|
|switch|p1a: CandleGoat|Tauros|353\/353
|turn|7
|choice|move 3|switch 3
|
|switch|p2a: Snorlax|Snorlax|523\/523
|move|p1a: CandleGoat|Earthquake|p2a: Snorlax
|-damage|p2a: Snorlax|426\/523
|
|turn|8
|choice|switch 2|move 1
|
|switch|p1a: Winterdemon|Lapras|463\/463
|move|p2a: Snorlax|Body Slam|p1a: Winterdemon
|-damage|p1a: Winterdemon|344\/463
|
|turn|9
|choice|move 1|move 1
|
|move|p1a: Winterdemon|Blizzard|p2a: Snorlax
|-damage|p2a: Snorlax|258\/523
|move|p2a: Snorlax|Body Slam|p1a: Winterdemon
|-damage|p1a: Winterdemon|210\/463
|
|turn|10
|choice|move 4|move 2
|
|move|p1a: Winterdemon|Confuse Ray|p2a: Snorlax
|-start|p2a: Snorlax|confusion
|-activate|p2a: Snorlax|confusion
|-damage|p2a: Snorlax|210\/523|[from] confusion
|
|turn|11
|choice|switch 3|switch 5
|
|switch|p1a: Black One|Gengar|323\/323
|switch|p2a: Chansey|Chansey|703\/703
|
|turn|12
|choice|move 3|move 4
|
|move|p1a: Black One|Night Shade|p2a: Chansey
|-damage|p2a: Chansey|603\/703
|move|p2a: Chansey|Thunder Wave|p1a: Black One
|-status|p1a: Black One|par
|
|turn|13
|choice|move 3|switch 5
|
|switch|p2a: Snorlax|Snorlax|210\/523
|move|p1a: Black One|Night Shade|p2a: Snorlax
|-damage|p2a: Snorlax|110\/523
|
|turn|14
|choice|switch 2|move 4
|
|switch|p1a: CandleGoat|Tauros|353\/353
|move|p2a: Snorlax|Rest|p2a: Snorlax
|-status|p2a: Snorlax|slp
|-heal|p2a: Snorlax|523\/523 slp|[silent]
|-status|p2a: Snorlax|slp|[from] move: Rest
|
|turn|15
|choice|move 2|move 1
|
|move|p1a: CandleGoat|Body Slam|p2a: Snorlax
|-damage|p2a: Snorlax|390\/523 slp
|cant|p2a: Snorlax|slp
|
|turn|16
|choice|move 2|move 1
|
|move|p1a: CandleGoat|Body Slam|p2a: Snorlax
|-damage|p2a: Snorlax|270\/523 slp
|-curestatus|p2a: Snorlax|slp
|
|turn|17
|choice|move 1|move 3
|
|move|p1a: CandleGoat|Blizzard|p2a: Snorlax
|-damage|p2a: Snorlax|171\/523
|move|p2a: Snorlax|Reflect|p2a: Snorlax
|-start|p2a: Snorlax|Reflect
|
|turn|18
|choice|move 1|move 4
|
|move|p1a: CandleGoat|Blizzard|p2a: Snorlax
|-damage|p2a: Snorlax|75\/523
|move|p2a: Snorlax|Rest|p2a: Snorlax
|-status|p2a: Snorlax|slp
|-heal|p2a: Snorlax|523\/523 slp|[silent]
|-status|p2a: Snorlax|slp|[from] move: Rest
|
|turn|19
|choice|move 2|move 1
|
|move|p1a: CandleGoat|Body Slam|p2a: Snorlax
|-damage|p2a: Snorlax|455\/523 slp
|cant|p2a: Snorlax|slp
|
|turn|20
|c|★Nails|nice
|c|★Nails|i did it
|choice|move 2|move 1
|
|move|p1a: CandleGoat|Body Slam|p2a: Snorlax
|-damage|p2a: Snorlax|385\/523 slp
|-curestatus|p2a: Snorlax|slp
|
|turn|21
|choice|move 1|move 1
|
|move|p1a: CandleGoat|Blizzard|p2a: Snorlax
|-damage|p2a: Snorlax|280\/523
|move|p2a: Snorlax|Body Slam|p1a: CandleGoat
|-damage|p1a: CandleGoat|250\/353
|
|turn|22
|choice|move 1|move 1
|
|move|p1a: CandleGoat|Blizzard|p2a: Snorlax
|-damage|p2a: Snorlax|181\/523
|move|p2a: Snorlax|Body Slam|p1a: CandleGoat
|-damage|p1a: CandleGoat|143\/353
|
|turn|23
|choice|move 1|move 4
|
|move|p1a: CandleGoat|Blizzard|p2a: Snorlax
|-damage|p2a: Snorlax|85\/523
|move|p2a: Snorlax|Rest|p2a: Snorlax
|-status|p2a: Snorlax|slp
|-heal|p2a: Snorlax|523\/523 slp|[silent]
|-status|p2a: Snorlax|slp|[from] move: Rest
|
|turn|24
|choice|move 2|move 1
|
|move|p1a: CandleGoat|Body Slam|p2a: Snorlax
|-damage|p2a: Snorlax|461\/523 slp
|cant|p2a: Snorlax|slp
|
|turn|25
|choice|move 2|move 1
|
|move|p1a: CandleGoat|Body Slam|p2a: Snorlax
|-damage|p2a: Snorlax|399\/523 slp
|-curestatus|p2a: Snorlax|slp
|
|turn|26
|choice|move 1|move 1
|
|move|p1a: CandleGoat|Blizzard|p2a: Snorlax
|-damage|p2a: Snorlax|306\/523
|-status|p2a: Snorlax|frz
|cant|p2a: Snorlax|frz
|
|turn|27
|choice|move 2|move 1
|
|move|p1a: CandleGoat|Body Slam|p2a: Snorlax
|-damage|p2a: Snorlax|244\/523 frz
|cant|p2a: Snorlax|frz
|
|turn|28
|choice|switch 5|move 1
|
|switch|p1a: Orthodox Caveman|Snorlax|523\/523
|cant|p2a: Snorlax|frz
|
|turn|29
|choice|move 3|switch 5
|
|switch|p2a: Chansey|Chansey|603\/703
|move|p1a: Orthodox Caveman|Reflect|p1a: Orthodox Caveman
|-start|p1a: Orthodox Caveman|Reflect
|
|turn|30
|choice|switch 2|move 4
|
|switch|p1a: Black One|Gengar|323\/323 par
|move|p2a: Chansey|Thunder Wave|p1a: Black One
|-fail|p1a: Black One|par
|
|turn|31
|choice|move 4|move 1
|
|move|p2a: Chansey|Ice Beam|p1a: Black One
|-crit|p1a: Black One
|-damage|p1a: Black One|201\/323 par
|move|p1a: Black One|Explosion|p2a: Chansey
|-crit|p2a: Chansey
|-damage|p2a: Chansey|0 fnt
|faint|p2a: Chansey
|faint|p1a: Black One
|c|★Nails|ugh
|c|★Nails|i made a million teams today
|c|★Nails|and most of them have him
|c|★Nails|sry.
|choice|switch 4|switch 6
|
|switch|p2a: Dragonite|Dragonite|385\/385
|switch|p1a: Báthory Erzsébet|Chansey|703\/703
|turn|32
|c|★BKC|rats.
|c|★BKC|ban wrap
|choice|move 4|move 4
|
|move|p2a: Dragonite|Wrap|p1a: Báthory Erzsébet|[miss]
|-miss|p2a: Dragonite
|move|p1a: Báthory Erzsébet|Ice Beam|p2a: Dragonite
|-supereffective|p2a: Dragonite
|-damage|p2a: Dragonite|72\/385
|
|turn|33
|choice|move 4|move 4
|
|move|p2a: Dragonite|Wrap|p1a: Báthory Erzsébet
|-damage|p1a: Báthory Erzsébet|660\/703
|-activate|p1a: Báthory Erzsébet|move: Wrap|[of] p2a: Dragonite
|cant|p1a: Báthory Erzsébet|partiallytrapped
|
|turn|34
|choice|move 4|move 4
|
|move|p2a: Dragonite|Wrap|p1a: Báthory Erzsébet
|-damage|p1a: Báthory Erzsébet|617\/703
|cant|p1a: Báthory Erzsébet|partiallytrapped
|
|turn|35
|choice|move 4|move 4
|
|move|p2a: Dragonite|Wrap|p1a: Báthory Erzsébet
|-damage|p1a: Báthory Erzsébet|574\/703
|cant|p1a: Báthory Erzsébet|partiallytrapped
|
|turn|36
|choice|move 1|move 4
|
|move|p2a: Dragonite|Wrap|p1a: Báthory Erzsébet
|-damage|p1a: Báthory Erzsébet|531\/703
|cant|p1a: Báthory Erzsébet|partiallytrapped
|
|-end|p1a: Báthory Erzsébet|Wrap|[partiallytrapped]
|turn|37
|choice|move 1|move 4
|
|move|p2a: Dragonite|Wrap|p1a: Báthory Erzsébet
|-damage|p1a: Báthory Erzsébet|491\/703
|-activate|p1a: Báthory Erzsébet|move: Wrap|[of] p2a: Dragonite
|cant|p1a: Báthory Erzsébet|partiallytrapped
|
|turn|38
|choice|move 1|move 4
|
|move|p2a: Dragonite|Wrap|p1a: Báthory Erzsébet
|-damage|p1a: Báthory Erzsébet|451\/703
|cant|p1a: Báthory Erzsébet|partiallytrapped
|
|turn|39
|choice|move 1|move 4
|
|move|p2a: Dragonite|Wrap|p1a: Báthory Erzsébet
|-damage|p1a: Báthory Erzsébet|411\/703
|cant|p1a: Báthory Erzsébet|partiallytrapped
|
|-end|p1a: Báthory Erzsébet|Wrap|[partiallytrapped]
|turn|40
|choice|move 1|move 4
|
|move|p2a: Dragonite|Wrap|p1a: Báthory Erzsébet
|-damage|p1a: Báthory Erzsébet|373\/703
|-activate|p1a: Báthory Erzsébet|move: Wrap|[of] p2a: Dragonite
|cant|p1a: Báthory Erzsébet|partiallytrapped
|
|turn|41
|choice|switch 3|move 4
|
|switch|p1a: Winterdemon|Lapras|210\/463
|move|p2a: Dragonite|Wrap|p1a: Winterdemon|[miss]
|-miss|p2a: Dragonite
|
|turn|42
|choice|move 2|move 2
|
|move|p2a: Dragonite|Thunder Wave|p1a: Winterdemon
|-status|p1a: Winterdemon|par
|move|p1a: Winterdemon|Thunderbolt|p2a: Dragonite
|-damage|p2a: Dragonite|4\/385
|
|turn|43
|c|★BKC|oh
|choice|move 2|move 4
|
|move|p2a: Dragonite|Wrap|p1a: Winterdemon
|-damage|p1a: Winterdemon|194\/463 par
|-activate|p1a: Winterdemon|move: Wrap|[of] p2a: Dragonite
|cant|p1a: Winterdemon|partiallytrapped
|
|turn|44
|choice|switch 3|move 4
|
|switch|p1a: Báthory Erzsébet|Chansey|373\/703
|move|p2a: Dragonite|Wrap|p1a: Báthory Erzsébet
|-damage|p1a: Báthory Erzsébet|336\/703
|-activate|p1a: Báthory Erzsébet|move: Wrap|[of] p2a: Dragonite
|
|turn|45
|choice|move 1|move 4
|
|move|p2a: Dragonite|Wrap|p1a: Báthory Erzsébet
|-damage|p1a: Báthory Erzsébet|299\/703
|cant|p1a: Báthory Erzsébet|partiallytrapped
|
|turn|46
|c|%blarajan|!data wrap
|c|~|\/data-move Wrap

|choice|switch 3|move 4
|
|switch|p1a: Winterdemon|Lapras|194\/463 par
|move|p2a: Dragonite|Wrap|p1a: Winterdemon
|-crit|p1a: Winterdemon
|-damage|p1a: Winterdemon|159\/463 par
|-activate|p1a: Winterdemon|move: Wrap|[of] p2a: Dragonite
|
|turn|47
|choice|switch 3|move 4
|
|switch|p1a: Báthory Erzsébet|Chansey|299\/703
|move|p2a: Dragonite|Wrap|p1a: Báthory Erzsébet
|-damage|p1a: Báthory Erzsébet|262\/703
|-activate|p1a: Báthory Erzsébet|move: Wrap|[of] p2a: Dragonite
|
|turn|48
|choice|move 1|move 4
|
|move|p2a: Dragonite|Wrap|p1a: Báthory Erzsébet
|-damage|p1a: Báthory Erzsébet|225\/703
|cant|p1a: Báthory Erzsébet|partiallytrapped
|
|-end|p1a: Báthory Erzsébet|Wrap|[partiallytrapped]
|turn|49
|choice|move 1|move 4
|
|move|p2a: Dragonite|Wrap|p1a: Báthory Erzsébet
|-damage|p1a: Báthory Erzsébet|182\/703
|-activate|p1a: Báthory Erzsébet|move: Wrap|[of] p2a: Dragonite
|cant|p1a: Báthory Erzsébet|partiallytrapped
|
|turn|50
|choice|switch 3|move 4
|
|switch|p1a: Winterdemon|Lapras|159\/463 par
|move|p2a: Dragonite|Wrap|p1a: Winterdemon
|-damage|p1a: Winterdemon|140\/463 par
|-activate|p1a: Winterdemon|move: Wrap|[of] p2a: Dragonite
|
|turn|51
|choice|move 2|move 4
|
|move|p2a: Dragonite|Wrap|p1a: Winterdemon
|-damage|p1a: Winterdemon|121\/463 par
|cant|p1a: Winterdemon|partiallytrapped
|
|-end|p1a: Winterdemon|Wrap|[partiallytrapped]
|turn|52
|choice|move 2|move 4
|
|move|p2a: Dragonite|Wrap|p1a: Winterdemon
|-damage|p1a: Winterdemon|103\/463 par
|-activate|p1a: Winterdemon|move: Wrap|[of] p2a: Dragonite
|cant|p1a: Winterdemon|par
|
|turn|53
|choice|switch 3|move 4
|
|switch|p1a: Báthory Erzsébet|Chansey|182\/703
|move|p2a: Dragonite|Wrap|p1a: Báthory Erzsébet
|-damage|p1a: Báthory Erzsébet|144\/703
|-activate|p1a: Báthory Erzsébet|move: Wrap|[of] p2a: Dragonite
|
|turn|54
|choice|switch 3|move 4
|
|switch|p1a: Winterdemon|Lapras|103\/463 par
|move|p2a: Dragonite|Wrap|p1a: Winterdemon
|-damage|p1a: Winterdemon|85\/463 par
|-activate|p1a: Winterdemon|move: Wrap|[of] p2a: Dragonite
|
|turn|55
|choice|switch 3|move 4
|
|switch|p1a: Báthory Erzsébet|Chansey|144\/703
|move|p2a: Dragonite|Wrap|p1a: Báthory Erzsébet
|-damage|p1a: Báthory Erzsébet|101\/703
|-activate|p1a: Báthory Erzsébet|move: Wrap|[of] p2a: Dragonite
|
|turn|56
|choice|switch 3|move 4
|
|switch|p1a: Winterdemon|Lapras|85\/463 par
|move|p2a: Dragonite|Wrap|p1a: Winterdemon
|-damage|p1a: Winterdemon|68\/463 par
|-activate|p1a: Winterdemon|move: Wrap|[of] p2a: Dragonite
|
|turn|57
|c|★Nails|btw the play is to go to bull instead of sacking
|c|★Nails|your low hp mons
|choice|move 2|move 4
|
|move|p2a: Dragonite|Wrap|p1a: Winterdemon
|-damage|p1a: Winterdemon|51\/463 par
|cant|p1a: Winterdemon|par
|
|turn|58
|c|★Nails|:\/
|choice|move 2|move 4
|
|move|p2a: Dragonite|Wrap|p1a: Winterdemon
|-damage|p1a: Winterdemon|34\/463 par
|cant|p1a: Winterdemon|partiallytrapped
|
|turn|59
|choice|move 2|move 4
|
|move|p2a: Dragonite|Wrap|p1a: Winterdemon
|-damage|p1a: Winterdemon|17\/463 par
|cant|p1a: Winterdemon|par
|
|-end|p1a: Winterdemon|Wrap|[partiallytrapped]
|turn|60
|c|★BKC|its weak
|c|★Nails|eh
|c|★Nails|i suppose
|choice|move 2|move 1
|
|move|p2a: Dragonite|Agility|p2a: Dragonite
|-boost|p2a: Dragonite|spe|2
|cant|p1a: Winterdemon|par
|
|turn|61
|c|★BKC|rtjkgdflsd
|choice|move 2|move 3
|
|move|p2a: Dragonite|Blizzard|p1a: Winterdemon
|-resisted|p1a: Winterdemon
|-damage|p1a: Winterdemon|0 fnt
|faint|p1a: Winterdemon
|c|★Nails|the game
|c|★Nails|doesnt want me
|c|★Nails|to heal my slowbro
|c|★Nails|ugh
|choice|switch 5|
|
|switch|p1a: CandleGoat|Tauros|143\/353
|turn|62
|choice|move 2|move 2
|
|move|p2a: Dragonite|Thunder Wave|p1a: CandleGoat
|-status|p1a: CandleGoat|par
|cant|p1a: CandleGoat|par
|
|turn|63
|choice|move 2|move 4
|
|move|p2a: Dragonite|Wrap|p1a: CandleGoat
|-damage|p1a: CandleGoat|129\/353 par
|-activate|p1a: CandleGoat|move: Wrap|[of] p2a: Dragonite
|cant|p1a: CandleGoat|partiallytrapped
|
|turn|64
|c|★Nails|:\/
|-message|BKC forfeited.
|
|win|Nails