|J|Selise
|J|Tesung
|player|p1|Selise|128
|player|p2|Tesung|2
|gametype|singles
|gen|1
|tier|[Gen 1] OU
|seed|
|rule|Sleep Clause Mod: Limit one foe put to sleep
|rule|Freeze Clause Mod: Limit one foe frozen
|rule|Species Clause: Limit one of each Pokémon
|rule|OHKO Clause: OHKO moves are banned
|rule|Evasion Moves Clause: Evasion moves are banned
|rule|HP Percentage Mod: HP is shown in percentages
|
|start
|switch|p1a: Starmie|Starmie|100\/100
|switch|p2a: Alakazam|Alakazam|100\/100
|turn|1
|J|mccauley
|choice||
|
|switch|p1a: Chansey|Chansey|100\/100
|move|p2a: Alakazam|Psychic|p1a: Chansey
|-damage|p1a: Chansey|83\/100
|-unboost|p1a: Chansey|spd|1
|-unboost|p1a: Chansey|spa|1
|
|turn|2
|J|Nails
|J|zoroarkforever
|choice||
|
|switch|p2a: Exeggutor|Exeggutor|100\/100
|move|p1a: Chansey|Ice Beam|p2a: Exeggutor
|-supereffective|p2a: Exeggutor
|-damage|p2a: Exeggutor|80\/100
|
|turn|3
|choice||
|
|switch|p1a: Starmie|Starmie|100\/100
|move|p2a: Exeggutor|Sleep Powder|p1a: Starmie
|-status|p1a: Starmie|slp
|
|turn|4
|J|bab1
|choice||
|
|switch|p1a: Chansey|Chansey|83\/100
|switch|p2a: Alakazam|Alakazam|100\/100
|
|turn|5
|choice||
|
|move|p2a: Alakazam|Thunder Wave|p1a: Chansey
|-status|p1a: Chansey|par
|move|p1a: Chansey|Ice Beam|p2a: Alakazam
|-damage|p2a: Alakazam|82\/100
|-status|p2a: Alakazam|frz
|
|turn|6
|c|★Tesung|my zams suck
|c|★Selise|Wow
|c|★Tesung|ur benched
|J|BKC
|choice||
|
|switch|p2a: Slowbro|Slowbro|100\/100
|move|p1a: Chansey|Reflect|p1a: Chansey
|-start|p1a: Chansey|Reflect
|
|turn|7
|choice||
|
|switch|p1a: Exeggutor|Exeggutor|100\/100
|move|p2a: Slowbro|Amnesia|p2a: Slowbro
|-boost|p2a: Slowbro|spd|2
|-boost|p2a: Slowbro|spa|2
|
|turn|8
|choice||
|
|switch|p2a: Exeggutor|Exeggutor|80\/100
|move|p1a: Exeggutor|Double-Edge|p2a: Exeggutor
|-crit|p2a: Exeggutor
|-damage|p2a: Exeggutor|36\/100
|-damage|p1a: Exeggutor|90\/100|[from] recoil|[of] p2a: Exeggutor
|
|turn|9
|choice||
|
|switch|p1a: Snorlax|Snorlax|100\/100
|move|p2a: Exeggutor|Explosion|p1a: Snorlax
|-damage|p1a: Snorlax|39\/100
|faint|p2a: Exeggutor
|J|Isa
|L|Isa
|choice||
|
|switch|p2a: Tauros|Tauros|100\/100
|turn|10
|choice||
|
|switch|p1a: Exeggutor|Exeggutor|90\/100
|move|p2a: Tauros|Body Slam|p1a: Exeggutor
|-damage|p1a: Exeggutor|59\/100
|
|turn|11
|choice||
|
|move|p2a: Tauros|Blizzard|p1a: Exeggutor
|-supereffective|p1a: Exeggutor
|-damage|p1a: Exeggutor|28\/100
|move|p1a: Exeggutor|Sleep Powder|p2a: Tauros
|-status|p2a: Tauros|slp
|
|turn|12
|c|★Tesung|ah
|c|★Tesung|gg
|choice||
|
|switch|p2a: Chansey|Chansey|100\/100
|move|p1a: Exeggutor|Psychic|p2a: Chansey
|-damage|p2a: Chansey|85\/100
|
|turn|13
|choice||
|
|switch|p1a: Chansey|Chansey|83\/100 par
|move|p2a: Chansey|Ice Beam|p1a: Chansey
|-damage|p1a: Chansey|73\/100 par
|
|turn|14
|choice||
|
|switch|p2a: Tauros|Tauros|100\/100 slp
|cant|p1a: Chansey|par
|
|turn|15
|choice||
|
|switch|p1a: Tauros|Tauros|100\/100
|cant|p2a: Tauros|slp
|
|turn|16
|choice||
|
|switch|p2a: Alakazam|Alakazam|82\/100 frz
|move|p1a: Tauros|Body Slam|p2a: Alakazam
|-damage|p2a: Alakazam|32\/100 frz
|
|turn|17
|choice||
|
|cant|p2a: Alakazam|frz
|move|p1a: Tauros|Substitute|p1a: Tauros
|-start|p1a: Tauros|Substitute
|-damage|p1a: Tauros|76\/100
|
|turn|18
|c|★Tesung|LOL
|c|★Tesung|nice
|choice||
|
|cant|p2a: Alakazam|frz
|move|p1a: Tauros|Body Slam|p2a: Alakazam
|-crit|p2a: Alakazam
|-damage|p2a: Alakazam|0 fnt
|faint|p2a: Alakazam
|choice||
|
|switch|p2a: Rhydon|Rhydon|100\/100
|turn|19
|choice||
|
|move|p1a: Tauros|Blizzard|p2a: Rhydon
|-supereffective|p2a: Rhydon
|-damage|p2a: Rhydon|43\/100
|move|p2a: Rhydon|Earthquake|p1a: Tauros
|-crit|p1a: Tauros
|-end|p1a: Tauros|Substitute
|
|turn|20
|choice||
|
|switch|p2a: Slowbro|Slowbro|100\/100
|move|p1a: Tauros|Blizzard|p2a: Slowbro
|-resisted|p2a: Slowbro
|-damage|p2a: Slowbro|89\/100
|
|turn|21
|choice||
|
|move|p1a: Tauros|Body Slam|p2a: Slowbro
|-damage|p2a: Slowbro|67\/100
|move|p2a: Slowbro|Thunder Wave|p1a: Tauros
|-status|p1a: Tauros|par
|
|turn|22
|choice||
|
|move|p2a: Slowbro|Amnesia|p2a: Slowbro
|-boost|p2a: Slowbro|spd|2
|-boost|p2a: Slowbro|spa|2
|cant|p1a: Tauros|par
|
|turn|23
|choice||
|
|switch|p1a: Snorlax|Snorlax|39\/100
|move|p2a: Slowbro|Surf|p1a: Snorlax
|-damage|p1a: Snorlax|0 fnt
|faint|p1a: Snorlax
|choice||
|
|switch|p1a: Exeggutor|Exeggutor|28\/100
|turn|24
|choice||
|
|move|p1a: Exeggutor|Psychic|p2a: Slowbro
|-resisted|p2a: Slowbro
|-damage|p2a: Slowbro|57\/100
|move|p2a: Slowbro|Surf|p1a: Exeggutor
|-resisted|p1a: Exeggutor
|-damage|p1a: Exeggutor|6\/100
|
|turn|25
|choice||
|
|switch|p2a: Rhydon|Rhydon|43\/100
|move|p1a: Exeggutor|Explosion|p2a: Rhydon
|-resisted|p2a: Rhydon
|-damage|p2a: Rhydon|18\/100
|faint|p1a: Exeggutor
|choice||
|
|switch|p1a: Alakazam|Alakazam|100\/100
|turn|26
|choice||
|
|switch|p2a: Chansey|Chansey|85\/100
|move|p1a: Alakazam|Psychic|p2a: Chansey
|-damage|p2a: Chansey|68\/100
|
|turn|27
|choice||
|
|switch|p1a: Chansey|Chansey|73\/100 par
|move|p2a: Chansey|Ice Beam|p1a: Chansey
|-damage|p1a: Chansey|62\/100 par
|
|turn|28
|choice||
|
|switch|p2a: Tauros|Tauros|100\/100 slp
|cant|p1a: Chansey|par
|
|turn|29
|choice||
|
|switch|p1a: Tauros|Tauros|76\/100 par
|cant|p2a: Tauros|slp
|
|turn|30
|choice||
|
|switch|p2a: Rhydon|Rhydon|18\/100
|move|p1a: Tauros|Blizzard|p2a: Rhydon
|-supereffective|p2a: Rhydon
|-damage|p2a: Rhydon|0 fnt
|faint|p2a: Rhydon
|choice||
|
|switch|p2a: Slowbro|Slowbro|57\/100
|turn|31
|choice||
|
|move|p2a: Slowbro|Amnesia|p2a: Slowbro
|-boost|p2a: Slowbro|spd|2
|-boost|p2a: Slowbro|spa|2
|move|p1a: Tauros|Body Slam|p2a: Slowbro
|-damage|p2a: Slowbro|33\/100
|
|turn|32
|choice||
|
|move|p2a: Slowbro|Rest|p2a: Slowbro
|-status|p2a: Slowbro|slp
|-heal|p2a: Slowbro|100\/100 slp|[silent]
|-status|p2a: Slowbro|slp|[from] move: Rest
|move|p1a: Tauros|Body Slam|p2a: Slowbro
|-damage|p2a: Slowbro|77\/100 slp
|
|turn|33
|choice||
|
|cant|p2a: Slowbro|slp
|move|p1a: Tauros|Body Slam|p2a: Slowbro
|-damage|p2a: Slowbro|53\/100 slp
|
|turn|34
|choice||
|
|-curestatus|p2a: Slowbro|slp
|cant|p1a: Tauros|par
|
|turn|35
|choice||
|
|move|p2a: Slowbro|Surf|p1a: Tauros
|-damage|p1a: Tauros|5\/100 par
|cant|p1a: Tauros|par
|
|turn|36
|choice||
|
|move|p2a: Slowbro|Surf|p1a: Tauros
|-damage|p1a: Tauros|0 fnt
|faint|p1a: Tauros
|choice||
|
|switch|p1a: Chansey|Chansey|62\/100 par
|turn|37
|choice||
|
|move|p2a: Slowbro|Amnesia|p2a: Slowbro
|-boost|p2a: Slowbro|spd|2
|-boost|p2a: Slowbro|spa|2
|cant|p1a: Chansey|par
|
|turn|38
|choice||
|
|move|p2a: Slowbro|Amnesia|p2a: Slowbro
|-boost|p2a: Slowbro|spd|2
|-boost|p2a: Slowbro|spa|2
|move|p1a: Chansey|Ice Beam|p2a: Slowbro
|-resisted|p2a: Slowbro
|-damage|p2a: Slowbro|51\/100
|
|turn|39
|choice||
|
|move|p2a: Slowbro|Surf|p1a: Chansey
|-damage|p1a: Chansey|6\/100 par
|cant|p1a: Chansey|par
|
|turn|40
|choice||
|
|move|p2a: Slowbro|Surf|p1a: Chansey
|-damage|p1a: Chansey|0 fnt
|faint|p1a: Chansey
|choice||
|
|switch|p1a: Starmie|Starmie|100\/100 slp
|turn|41
|choice||
|
|cant|p1a: Starmie|slp
|move|p2a: Slowbro|Surf|p1a: Starmie
|-resisted|p1a: Starmie
|-damage|p1a: Starmie|43\/100 slp
|
|turn|42
|choice||
|
|cant|p1a: Starmie|slp
|move|p2a: Slowbro|Surf|p1a: Starmie
|-resisted|p1a: Starmie
|-damage|p1a: Starmie|0 fnt
|faint|p1a: Starmie
|choice||
|
|switch|p1a: Alakazam|Alakazam|100\/100
|turn|43
|choice||
|
|move|p1a: Alakazam|Thunder Wave|p2a: Slowbro
|-status|p2a: Slowbro|par
|move|p2a: Slowbro|Surf|p1a: Alakazam
|-damage|p1a: Alakazam|8\/100
|
|turn|44
|choice||
|
|move|p1a: Alakazam|Psychic|p2a: Slowbro
|-crit|p2a: Slowbro
|-resisted|p2a: Slowbro
|-damage|p2a: Slowbro|14\/100 par
|-unboost|p2a: Slowbro|spd|1
|-unboost|p2a: Slowbro|spa|1
|move|p2a: Slowbro|Surf|p1a: Alakazam
|-crit|p1a: Alakazam
|-damage|p1a: Alakazam|0 fnt
|faint|p1a: Alakazam
|
|win|Tesung
|player|p1
|player|p2
|c|★Selise|gg
|c|★Tesung|gg
|L|Selise