|inactive|Battle timer is ON: inactive players will automatically lose when time's up.
|J|Alexander
|J|Lusch
|player|p1|Alexander|2
|player|p2|Lusch|153
|gametype|singles
|gen|1
|tier|[Gen 1] OU
|seed|52353,12941,32473,58662
|rule|Sleep Clause Mod: Limit one foe put to sleep
|rule|Freeze Clause Mod: Limit one foe frozen
|rule|Species Clause: Limit one of each Pokémon
|rule|OHKO Clause: OHKO moves are banned
|rule|Evasion Moves Clause: Evasion moves are banned
|rule|HP Percentage Mod: HP is shown in percentages
|
|start
|switch|p1a: Hypno|Hypno|373\/373
|switch|p2a: Gengar|Gengar|323\/323
|turn|1
|choice|move 2|move 4
|
|move|p2a: Gengar|Hypnosis|p1a: Hypno|[miss]
|-miss|p2a: Gengar
|move|p1a: Hypno|Hypnosis|p2a: Gengar|[miss]
|-miss|p1a: Hypno
|
|turn|2
|choice|move 2|move 4
|
|move|p2a: Gengar|Hypnosis|p1a: Hypno
|-status|p1a: Hypno|slp
|cant|p1a: Hypno|slp
|
|turn|3
|choice|move 2|move 2
|
|move|p2a: Gengar|Night Shade|p1a: Hypno|[miss]
|-miss|p2a: Gengar
|cant|p1a: Hypno|slp
|
|turn|4
|choice|move 2|move 2
|
|move|p2a: Gengar|Night Shade|p1a: Hypno
|-damage|p1a: Hypno|273\/373 slp
|cant|p1a: Hypno|slp
|
|turn|5
|choice|switch 2|move 2
|
|switch|p1a: Chansey|Chansey|703\/703
|move|p2a: Gengar|Night Shade|p1a: Chansey
|-damage|p1a: Chansey|603\/703
|
|turn|6
|choice|move 1|move 1
|
|move|p2a: Gengar|Explosion|p1a: Chansey
|-damage|p1a: Chansey|63\/703
|faint|p2a: Gengar
|choice||switch 5
|
|switch|p2a: Tauros|Tauros|353\/353
|turn|7
|choice|switch 6|move 2
|
|switch|p1a: Exeggutor|Exeggutor|393\/393
|move|p2a: Tauros|Body Slam|p1a: Exeggutor
|-damage|p1a: Exeggutor|287\/393
|-status|p1a: Exeggutor|par
|
|turn|8
|choice|move 1|switch 6
|
|switch|p2a: Starmie|Starmie|323\/323
|move|p1a: Exeggutor|Sleep Powder|p2a: Starmie|[miss]
|-miss|p1a: Exeggutor
|
|turn|9
|choice|switch 4|move 1
|
|switch|p1a: Starmie|Starmie|323\/323
|move|p2a: Starmie|Blizzard|p1a: Starmie|[miss]
|-miss|p2a: Starmie
|
|turn|10
|J|Chilled Elephant
|choice|move 4|move 4
|
|move|p1a: Starmie|Thunder Wave|p2a: Starmie
|-status|p2a: Starmie|par
|cant|p2a: Starmie|par
|
|turn|11
|choice|move 2|move 4
|
|move|p1a: Starmie|Thunderbolt|p2a: Starmie
|-supereffective|p2a: Starmie
|-damage|p2a: Starmie|168\/323 par
|move|p2a: Starmie|Thunder Wave|p1a: Starmie
|-status|p1a: Starmie|par
|
|turn|12
|choice|move 2|switch 3
|
|switch|p2a: Snorlax|Snorlax|523\/523
|move|p1a: Starmie|Thunderbolt|p2a: Snorlax
|-damage|p2a: Snorlax|425\/523
|
|turn|13
|choice|switch 5|move 1
|
|switch|p1a: Snorlax|Snorlax|523\/523
|move|p2a: Snorlax|Body Slam|p1a: Snorlax
|-damage|p1a: Snorlax|383\/523
|
|turn|14
|choice|move 1|move 2
|
|move|p1a: Snorlax|Body Slam|p2a: Snorlax
|-damage|p2a: Snorlax|284\/523
|move|p2a: Snorlax|Earthquake|p1a: Snorlax
|-damage|p1a: Snorlax|279\/523
|
|turn|15
|J|Hyssou
|L|Hyssou
|J|Pohjis
|choice|move 3|move 1
|
|move|p2a: Snorlax|Body Slam|p1a: Snorlax
|-damage|p1a: Snorlax|138\/523
|move|p1a: Snorlax|Counter|p2a: Snorlax
|-damage|p2a: Snorlax|2\/523
|
|turn|16
|choice|switch 2|move 3
|
|switch|p1a: Hypno|Hypno|273\/373 slp
|move|p2a: Snorlax|Hyper Beam|p1a: Hypno
|-damage|p1a: Hypno|31\/373 slp
|
|turn|17
|-mustrecharge|p2a: Snorlax
|-mustrecharge|p2a: Snorlax
|choice|switch 3|move 1
|
|switch|p1a: Tauros|Tauros|353\/353
|cant|p2a: Snorlax|recharge
|
|turn|18
|choice|move 1|move 1
|
|move|p1a: Tauros|Body Slam|p2a: Snorlax
|-damage|p2a: Snorlax|0 fnt
|faint|p2a: Snorlax
|choice||switch 2
|
|switch|p2a: Exeggutor|Exeggutor|393\/393
|turn|19
|choice|switch 5|move 2
|
|switch|p1a: Starmie|Starmie|323\/323 par
|move|p2a: Exeggutor|Psychic|p1a: Starmie
|-resisted|p1a: Starmie
|-damage|p1a: Starmie|256\/323 par
|
|turn|20
|choice|move 1|move 2
|
|move|p2a: Exeggutor|Psychic|p1a: Starmie
|-resisted|p1a: Starmie
|-damage|p1a: Starmie|193\/323 par
|cant|p1a: Starmie|par
|
|turn|21
|choice|move 3|move 2
|
|move|p2a: Exeggutor|Psychic|p1a: Starmie
|-resisted|p1a: Starmie
|-damage|p1a: Starmie|128\/323 par
|move|p1a: Starmie|Recover|p1a: Starmie
|-heal|p1a: Starmie|289\/323 par
|
|turn|22
|choice|move 4|move 2
|
|move|p2a: Exeggutor|Psychic|p1a: Starmie
|-resisted|p1a: Starmie
|-damage|p1a: Starmie|232\/323 par
|cant|p1a: Starmie|par
|
|turn|23
|choice|move 4|move 2
|
|move|p2a: Exeggutor|Psychic|p1a: Starmie
|-resisted|p1a: Starmie
|-damage|p1a: Starmie|174\/323 par
|move|p1a: Starmie|Thunder Wave|p2a: Exeggutor
|-status|p2a: Exeggutor|par
|
|turn|24
|choice|move 3|move 2
|
|move|p1a: Starmie|Recover|p1a: Starmie
|-heal|p1a: Starmie|323\/323 par
|move|p2a: Exeggutor|Psychic|p1a: Starmie
|-resisted|p1a: Starmie
|-damage|p1a: Starmie|258\/323 par
|-unboost|p1a: Starmie|spd|1
|-unboost|p1a: Starmie|spa|1
|
|turn|25
|L|Chilled Elephant
|choice|move 1|move 2
|
|move|p2a: Exeggutor|Psychic|p1a: Starmie
|-resisted|p1a: Starmie
|-damage|p1a: Starmie|158\/323 par
|-unboost|p1a: Starmie|spd|1
|-unboost|p1a: Starmie|spa|1
|move|p1a: Starmie|Psychic|p2a: Exeggutor
|-resisted|p2a: Exeggutor
|-damage|p2a: Exeggutor|369\/393 par
|
|turn|26
|choice|switch 3|move 2
|
|switch|p1a: Hypno|Hypno|31\/373 slp
|move|p2a: Exeggutor|Psychic|p1a: Hypno
|-resisted|p1a: Hypno
|-damage|p1a: Hypno|0 fnt
|faint|p1a: Hypno
|choice|switch 3|
|
|switch|p1a: Starmie|Starmie|158\/323 par
|turn|27
|choice|move 3|move 2
|
|move|p1a: Starmie|Recover|p1a: Starmie
|-heal|p1a: Starmie|319\/323 par
|cant|p2a: Exeggutor|par
|
|turn|28
|choice|move 1|move 2
|
|move|p1a: Starmie|Psychic|p2a: Exeggutor
|-crit|p2a: Exeggutor
|-resisted|p2a: Exeggutor
|-damage|p2a: Exeggutor|284\/393 par
|move|p2a: Exeggutor|Psychic|p1a: Starmie
|-resisted|p1a: Starmie
|-damage|p1a: Starmie|254\/323 par
|-unboost|p1a: Starmie|spd|1
|-unboost|p1a: Starmie|spa|1
|
|turn|29
|choice|move 3|move 2
|
|move|p2a: Exeggutor|Psychic|p1a: Starmie
|-resisted|p1a: Starmie
|-damage|p1a: Starmie|158\/323 par
|cant|p1a: Starmie|par
|
|turn|30
|choice|move 3|move 2
|
|move|p2a: Exeggutor|Psychic|p1a: Starmie
|-crit|p1a: Starmie
|-resisted|p1a: Starmie
|-damage|p1a: Starmie|30\/323 par
|move|p1a: Starmie|Recover|p1a: Starmie
|-heal|p1a: Starmie|191\/323 par
|
|turn|31
|choice|move 3|move 2
|
|move|p2a: Exeggutor|Psychic|p1a: Starmie
|-resisted|p1a: Starmie
|-damage|p1a: Starmie|103\/323 par
|-unboost|p1a: Starmie|spd|1
|-unboost|p1a: Starmie|spa|1
|move|p1a: Starmie|Recover|p1a: Starmie
|-heal|p1a: Starmie|264\/323 par
|
|turn|32
|choice|switch 6|move 1
|
|switch|p1a: Chansey|Chansey|63\/703
|move|p2a: Exeggutor|Explosion|p1a: Chansey
|-damage|p1a: Chansey|0 fnt
|faint|p1a: Chansey
|faint|p2a: Exeggutor
|choice|switch 5|switch 3
|
|switch|p1a: Tauros|Tauros|353\/353
|switch|p2a: Starmie|Starmie|168\/323 par
|turn|33
|choice|move 2|move 4
|
|move|p1a: Tauros|Hyper Beam|p2a: Starmie
|-damage|p2a: Starmie|0 fnt
|faint|p2a: Starmie
|choice||switch 4
|
|switch|p2a: Alakazam|Alakazam|313\/313
|turn|34
|choice|switch 6|move 4
|
|switch|p1a: Starmie|Starmie|264\/323 par
|move|p2a: Alakazam|Reflect|p2a: Alakazam
|-start|p2a: Alakazam|Reflect
|
|turn|35
|choice|move 4|move 1
|
|move|p2a: Alakazam|Psychic|p1a: Starmie
|-resisted|p1a: Starmie
|-damage|p1a: Starmie|201\/323 par
|cant|p1a: Starmie|par
|
|turn|36
|choice|move 3|move 1
|
|move|p2a: Alakazam|Psychic|p1a: Starmie
|-resisted|p1a: Starmie
|-damage|p1a: Starmie|133\/323 par
|-unboost|p1a: Starmie|spd|1
|-unboost|p1a: Starmie|spa|1
|move|p1a: Starmie|Recover|p1a: Starmie
|-heal|p1a: Starmie|294\/323 par
|
|turn|37
|choice|move 4|move 1
|
|move|p2a: Alakazam|Psychic|p1a: Starmie
|-resisted|p1a: Starmie
|-damage|p1a: Starmie|195\/323 par
|cant|p1a: Starmie|par
|
|turn|38
|choice|move 3|move 1
|
|move|p2a: Alakazam|Psychic|p1a: Starmie
|-crit|p1a: Starmie
|-resisted|p1a: Starmie
|-damage|p1a: Starmie|63\/323 par
|-unboost|p1a: Starmie|spd|1
|-unboost|p1a: Starmie|spa|1
|move|p1a: Starmie|Recover|p1a: Starmie
|-heal|p1a: Starmie|224\/323 par
|
|turn|39
|choice|move 3|move 1
|
|move|p2a: Alakazam|Psychic|p1a: Starmie
|-crit|p1a: Starmie
|-resisted|p1a: Starmie
|-damage|p1a: Starmie|86\/323 par
|-unboost|p1a: Starmie|spd|1
|-unboost|p1a: Starmie|spa|1
|move|p1a: Starmie|Recover|p1a: Starmie
|-heal|p1a: Starmie|247\/323 par
|
|turn|40
|choice|switch 4|move 1
|
|switch|p1a: Exeggutor|Exeggutor|287\/393 par
|move|p2a: Alakazam|Psychic|p1a: Exeggutor
|-resisted|p1a: Exeggutor
|-damage|p1a: Exeggutor|236\/393 par
|
|turn|41
|choice|move 1|move 1
|
|move|p2a: Alakazam|Psychic|p1a: Exeggutor
|-resisted|p1a: Exeggutor
|-damage|p1a: Exeggutor|181\/393 par
|move|p1a: Exeggutor|Sleep Powder|p2a: Alakazam
|-status|p2a: Alakazam|slp
|
|turn|42
|choice|move 4|move 1
|
|cant|p2a: Alakazam|slp
|cant|p1a: Exeggutor|par
|
|turn|43
|choice|switch 6|move 1
|
|switch|p1a: Tauros|Tauros|353\/353
|-curestatus|p2a: Alakazam|slp
|
|turn|44
|choice|switch 4|move 1
|
|switch|p1a: Starmie|Starmie|247\/323 par
|move|p2a: Alakazam|Psychic|p1a: Starmie
|-resisted|p1a: Starmie
|-damage|p1a: Starmie|177\/323 par
|
|turn|45
|choice|move 3|move 1
|
|move|p2a: Alakazam|Psychic|p1a: Starmie
|-resisted|p1a: Starmie
|-damage|p1a: Starmie|107\/323 par
|move|p1a: Starmie|Recover|p1a: Starmie
|-heal|p1a: Starmie|268\/323 par
|
|turn|46
|choice|move 4|move 1
|
|move|p2a: Alakazam|Psychic|p1a: Starmie
|-resisted|p1a: Starmie
|-damage|p1a: Starmie|206\/323 par
|move|p1a: Starmie|Thunder Wave|p2a: Alakazam
|-status|p2a: Alakazam|par
|
|turn|47
|J|BahaWin
|choice|move 3|move 1
|
|cant|p2a: Alakazam|par
|move|p1a: Starmie|Recover|p1a: Starmie
|-heal|p1a: Starmie|323\/323 par
|
|turn|48
|choice|move 1|move 1
|
|move|p2a: Alakazam|Psychic|p1a: Starmie
|-crit|p1a: Starmie
|-resisted|p1a: Starmie
|-damage|p1a: Starmie|188\/323 par
|move|p1a: Starmie|Psychic|p2a: Alakazam
|-resisted|p2a: Alakazam
|-damage|p2a: Alakazam|273\/313 par
|
|turn|49
|choice|move 3|move 1
|
|move|p2a: Alakazam|Psychic|p1a: Starmie
|-crit|p1a: Starmie
|-resisted|p1a: Starmie
|-damage|p1a: Starmie|58\/323 par
|-unboost|p1a: Starmie|spd|1
|-unboost|p1a: Starmie|spa|1
|move|p1a: Starmie|Recover|p1a: Starmie
|-heal|p1a: Starmie|219\/323 par
|
|turn|50
|choice|move 3|move 1
|
|move|p2a: Alakazam|Psychic|p1a: Starmie
|-resisted|p1a: Starmie
|-damage|p1a: Starmie|123\/323 par
|-unboost|p1a: Starmie|spd|1
|-unboost|p1a: Starmie|spa|1
|move|p1a: Starmie|Recover|p1a: Starmie
|-heal|p1a: Starmie|284\/323 par
|
|turn|51
|choice|switch 6|move 1
|
|switch|p1a: Exeggutor|Exeggutor|181\/393 par
|move|p2a: Alakazam|Psychic|p1a: Exeggutor
|-crit|p1a: Exeggutor
|-resisted|p1a: Exeggutor
|-damage|p1a: Exeggutor|67\/393 par
|
|turn|52
|choice|move 3|move 1
|
|move|p2a: Alakazam|Psychic|p1a: Exeggutor
|-crit|p1a: Exeggutor
|-resisted|p1a: Exeggutor
|-damage|p1a: Exeggutor|0 fnt
|faint|p1a: Exeggutor
|J|Bomber
|choice|switch 6|
|
|switch|p1a: Starmie|Starmie|284\/323 par
|turn|53
|choice|move 1|move 1
|
|move|p2a: Alakazam|Psychic|p1a: Starmie
|-crit|p1a: Starmie
|-resisted|p1a: Starmie
|-damage|p1a: Starmie|156\/323 par
|-unboost|p1a: Starmie|spd|1
|-unboost|p1a: Starmie|spa|1
|move|p1a: Starmie|Psychic|p2a: Alakazam
|-resisted|p2a: Alakazam
|-damage|p2a: Alakazam|243\/313 par
|
|turn|54
|choice|move 3|switch 6
|
|switch|p2a: Tauros|Tauros|353\/353
|move|p1a: Starmie|Recover|p1a: Starmie
|-heal|p1a: Starmie|317\/323 par
|
|turn|55
|choice|move 4|move 2
|
|move|p2a: Tauros|Body Slam|p1a: Starmie
|-damage|p1a: Starmie|208\/323 par
|move|p1a: Starmie|Thunder Wave|p2a: Tauros
|-status|p2a: Tauros|par
|
|turn|56
|choice|move 3|move 2
|
|cant|p2a: Tauros|par
|cant|p1a: Starmie|par
|
|turn|57
|choice|move 3|move 2
|
|move|p2a: Tauros|Body Slam|p1a: Starmie
|-crit|p1a: Starmie
|-damage|p1a: Starmie|0 fnt
|faint|p1a: Starmie
|choice|switch 2|
|
|switch|p1a: Snorlax|Snorlax|138\/523
|turn|58
|choice|move 2|switch 6
|
|switch|p2a: Alakazam|Alakazam|243\/313 par
|move|p1a: Snorlax|Hyper Beam|p2a: Alakazam
|-crit|p2a: Alakazam
|-damage|p2a: Alakazam|0 fnt
|faint|p2a: Alakazam
|choice||switch 6
|
|switch|p2a: Tauros|Tauros|353\/353 par
|turn|59
|choice|move 4|move 4
|
|move|p1a: Snorlax|Self-Destruct|p2a: Tauros
|-damage|p2a: Tauros|5\/353 par
|faint|p1a: Snorlax
|choice|switch 4|
|
|switch|p1a: Tauros|Tauros|353\/353
|turn|60
|c|★Lusch|gg
|L|Bomber
|c|★Alexander|gg
|choice|move 1|move 4
|
|move|p1a: Tauros|Body Slam|p2a: Tauros
|-crit|p2a: Tauros
|-damage|p2a: Tauros|0 fnt
|faint|p2a: Tauros
|
|win|Alexander