|J|The_Chaser
|J|Beds
|player|p1|The_Chaser|1
|player|p2|Beds|252
|gametype|singles
|gen|1
|tier|[Gen 1] OU
|seed|
|rule|Sleep Clause Mod: Limit one foe put to sleep
|rule|Freeze Clause Mod: Limit one foe frozen
|rule|Species Clause: Limit one of each Pokémon
|rule|OHKO Clause: OHKO moves are banned
|rule|Evasion Moves Clause: Evasion moves are banned
|rule|HP Percentage Mod: HP is shown in percentages
|
|start
|switch|p1a: Jynx|Jynx|100\/100
|switch|p2a: Alakazam|Alakazam, M|100\/100
|turn|1
|J|Mael
|J|BKC
|J|craing _
|J|Frizy
|J|Shadestep
|J|Purrl
|J|giara
|J|Lusch
|J|Can
|J|Updated Kanto
|J|the pdc show
|c|+Purrl|\/me sleep
|J|EG Posho
|c|★Beds|gl hf and all that goodstuff
|J|Ciele
|L|EG Posho
|c|★The_Chaser|el hf
|J|DennisEG
|J|Dice
|J|Omfuga
|J|rozes
|choice||
|
|move|p2a: Alakazam|Thunder Wave|p1a: Jynx
|-status|p1a: Jynx|par
|cant|p1a: Jynx|par
|
|turn|2
|raw|<div class="broadcast-red"><b>Moderated chat was set to %!<\/b><br \/>Only users of rank % and higher can talk.<\/div>
|J|Luck O' the Irish
|J|bouff
|J|Shishiwakamaru
|J|I'm Rick Astley
|J|tamahome
|choice||
|
|move|p2a: Alakazam|Seismic Toss|p1a: Jynx
|-damage|p1a: Jynx|70\/100 par
|move|p1a: Jynx|Lovely Kiss|p2a: Alakazam
|-status|p2a: Alakazam|slp
|
|turn|3
|J|atomicllamas
|J|Icey Tea
|J|Eternaal Spirit
|choice||
|
|switch|p1a: Snorlax|Snorlax|100\/100
|-curestatus|p2a: Alakazam|slp
|
|turn|4
|J|blarajan
|J|Tobes
|raw|<div class="broadcast-red"><b>Moderated chat was set to @!<\/b><br \/>Only users of rank @ and higher can talk.<\/div>
|L|BKC
|J|llemuria
|J|YABO
|J|bro fist
|choice||
|
|switch|p1a: Jynx|Jynx|70\/100 par
|move|p2a: Alakazam|Psychic|p1a: Jynx
|-resisted|p1a: Jynx
|-damage|p1a: Jynx|51\/100 par
|-unboost|p1a: Jynx|spd|1
|-unboost|p1a: Jynx|spa|1
|
|turn|5
|L|YABO
|J|Earthworm
|J|Tricking
|J|Nunno
|J|lolbro
|J|ABR
|L|ABR
|choice||
|
|switch|p1a: Exeggutor|Exeggutor|100\/100
|move|p2a: Alakazam|Psychic|p1a: Exeggutor
|-resisted|p1a: Exeggutor
|-damage|p1a: Exeggutor|85\/100
|
|turn|6
|choice||
|
|move|p2a: Alakazam|Thunder Wave|p1a: Exeggutor
|-status|p1a: Exeggutor|par
|cant|p1a: Exeggutor|par
|
|turn|7
|L|lolbro
|choice||
|
|move|p2a: Alakazam|Seismic Toss|p1a: Exeggutor
|-damage|p1a: Exeggutor|60\/100 par
|move|p1a: Exeggutor|Sleep Powder|p2a: Alakazam|[miss]
|-miss|p1a: Exeggutor
|
|turn|8
|choice||
|
|move|p2a: Alakazam|Seismic Toss|p1a: Exeggutor
|-damage|p1a: Exeggutor|35\/100 par
|move|p1a: Exeggutor|Sleep Powder|p2a: Alakazam|[miss]
|-miss|p1a: Exeggutor
|
|turn|9
|choice||
|
|move|p2a: Alakazam|Seismic Toss|p1a: Exeggutor
|-damage|p1a: Exeggutor|9\/100 par
|move|p1a: Exeggutor|Explosion|p2a: Alakazam
|-damage|p2a: Alakazam|0 fnt
|faint|p2a: Alakazam
|faint|p1a: Exeggutor
|choice||
|
|switch|p1a: Jynx|Jynx|51\/100 par
|switch|p2a: Snorlax|Snorlax, M|100\/100
|turn|10
|J|KratosMana
|J|Ratdoto Bestdoto
|choice||
|
|switch|p1a: Snorlax|Snorlax|100\/100
|move|p2a: Snorlax|Body Slam|p1a: Snorlax
|-damage|p1a: Snorlax|76\/100
|
|turn|11
|choice||
|
|move|p1a: Snorlax|Body Slam|p2a: Snorlax
|-damage|p2a: Snorlax|75\/100
|move|p2a: Snorlax|Body Slam|p1a: Snorlax
|-damage|p1a: Snorlax|49\/100
|
|turn|12
|J|autolocked phrases
|J|Ernes
|J|Evuelf
|choice||
|
|move|p1a: Snorlax|Self-Destruct|p2a: Snorlax
|-damage|p2a: Snorlax|0 fnt
|faint|p2a: Snorlax
|faint|p1a: Snorlax
|L|Evuelf
|L|Ernes
|J|Le Austin
|J|Luigi
|J|McMeghan
|J|Kiyo
|J|galbia
|J|Tesung
|J|CrashinBoomBang
|choice||
|
|switch|p2a: Tauros|Tauros|100\/100
|switch|p1a: Tauros|Tauros|100\/100
|turn|13
|choice||
|
|move|p2a: Tauros|Body Slam|p1a: Tauros
|-damage|p1a: Tauros|70\/100
|move|p1a: Tauros|Body Slam|p2a: Tauros
|-damage|p2a: Tauros|73\/100
|
|turn|14
|J|Pohjis
|choice||
|
|move|p2a: Tauros|Body Slam|p1a: Tauros
|-damage|p1a: Tauros|39\/100
|move|p1a: Tauros|Body Slam|p2a: Tauros
|-damage|p2a: Tauros|45\/100
|
|turn|15
|J|fitzy
|J|Masterclass
|choice||
|
|move|p2a: Tauros|Hyper Beam|p1a: Tauros
|-damage|p1a: Tauros|0 fnt
|faint|p1a: Tauros
|J|Rumor
|choice||
|
|switch|p1a: Zapdos|Zapdos|100\/100
|turn|16
|J|Villa
|choice||
|
|switch|p2a: Chansey|Chansey|100\/100
|move|p1a: Zapdos|Thunderbolt|p2a: Chansey
|-crit|p2a: Chansey
|-damage|p2a: Chansey|67\/100
|
|turn|17
|choice||
|
|switch|p1a: Chansey|Chansey|100\/100
|move|p2a: Chansey|Ice Beam|p1a: Chansey
|-damage|p1a: Chansey|90\/100
|-status|p1a: Chansey|frz
|
|turn|18
|c|★The_Chaser|k
|c|★Beds|huh
|choice||
|
|switch|p1a: Jynx|Jynx|51\/100 par
|move|p2a: Chansey|Sing|p1a: Jynx
|-fail|p1a: Jynx
|
|turn|19
|J|Henry
|J|Becks
|J|Century Express
|c|★Beds|just wanted to show it
|choice||
|
|switch|p2a: Exeggutor|Exeggutor, M|100\/100
|move|p1a: Jynx|Lovely Kiss|p2a: Exeggutor|[miss]
|-miss|p1a: Jynx
|
|turn|20
|J|Ary
|choice||
|
|move|p2a: Exeggutor|Explosion|p1a: Jynx
|-damage|p1a: Jynx|0 fnt
|faint|p1a: Jynx
|faint|p2a: Exeggutor
|choice||
|
|switch|p1a: Zapdos|Zapdos|100\/100
|switch|p2a: Chansey|Chansey|67\/100
|turn|21
|J|SOULWIND
|choice||
|
|move|p1a: Zapdos|Thunder Wave|p2a: Chansey
|-status|p2a: Chansey|par
|cant|p2a: Chansey|par
|
|turn|22
|choice||
|
|move|p1a: Zapdos|Drill Peck|p2a: Chansey
|-crit|p2a: Chansey
|-damage|p2a: Chansey|4\/100 par
|move|p2a: Chansey|Thunder Wave|p1a: Zapdos
|-status|p1a: Zapdos|par
|
|turn|23
|J|ReshiRampage
|choice||
|
|move|p1a: Zapdos|Drill Peck|p2a: Chansey
|-crit|p2a: Chansey
|-damage|p2a: Chansey|0 fnt
|faint|p2a: Chansey
|choice||
|
|switch|p2a: Tauros|Tauros|45\/100
|turn|24
|J|theurbandear
|L|bro fist
|choice||
|
|move|p2a: Tauros|Blizzard|p1a: Zapdos
|-supereffective|p1a: Zapdos
|-damage|p1a: Zapdos|65\/100 par
|cant|p1a: Zapdos|par
|
|turn|25
|choice||
|
|move|p2a: Tauros|Hyper Beam|p1a: Zapdos
|-damage|p1a: Zapdos|15\/100 par
|move|p1a: Zapdos|Agility|p1a: Zapdos
|-boost|p1a: Zapdos|spe|2
|
|turn|26
|-mustrecharge|p2a: Tauros
|-mustrecharge|p2a: Tauros
|choice||
|
|move|p1a: Zapdos|Thunderbolt|p2a: Tauros
|-crit|p2a: Tauros
|-damage|p2a: Tauros|0 fnt
|faint|p2a: Tauros
|choice||
|
|switch|p2a: DAVIDHAHNREI|Zapdos|100\/100
|turn|27
|choice||
|
|move|p1a: Zapdos|Thunderbolt|p2a: DAVIDHAHNREI
|-damage|p2a: DAVIDHAHNREI|71\/100
|move|p2a: DAVIDHAHNREI|Thunderbolt|p1a: Zapdos
|-damage|p1a: Zapdos|0 fnt
|faint|p1a: Zapdos
|L|Tesung
|J|falc0npuncher
|choice||
|
|switch|p1a: Chansey|Chansey|90\/100 frz
|turn|28
|c|★Beds|well, sorry for that one
|choice||
|
|move|p2a: DAVIDHAHNREI|Drill Peck|p1a: Chansey
|-damage|p1a: Chansey|55\/100 frz
|cant|p1a: Chansey|frz
|
|turn|29
|c|★The_Chaser|pkmn
|choice||
|
|move|p2a: DAVIDHAHNREI|Drill Peck|p1a: Chansey
|-damage|p1a: Chansey|18\/100 frz
|cant|p1a: Chansey|frz
|
|turn|30
|L|autolocked phrases
|L|Frizy
|choice||
|
|move|p2a: DAVIDHAHNREI|Drill Peck|p1a: Chansey
|-damage|p1a: Chansey|0 fnt
|faint|p1a: Chansey
|
|win|Beds