|inactive|Battle timer is ON: inactive players will automatically lose when time's up.
|J|BlackWeed
|J|Dice
|player|p1|BlackWeed|1
|player|p2|Dice|168
|gametype|singles
|gen|1
|tier|[Gen 1] OU
|seed|4648,51649,31724,65257
|rule|Sleep Clause Mod: Limit one foe put to sleep
|rule|Freeze Clause Mod: Limit one foe frozen
|rule|Species Clause: Limit one of each Pokémon
|rule|OHKO Clause: OHKO moves are banned
|rule|Evasion Moves Clause: Evasion moves are banned
|rule|HP Percentage Mod: HP is shown in percentages
|
|start
|switch|p1a: Starmie|Starmie|323\/323
|switch|p2a: Alakazam|Alakazam|313\/313
|turn|1
|choice|move 3|switch 2
|
|switch|p2a: Chansey|Chansey|703\/703
|move|p1a: Starmie|Thunder Wave|p2a: Chansey
|-status|p2a: Chansey|par
|
|turn|2
|choice|switch 5|move 1
|
|switch|p1a: Golem|Golem|363\/363
|move|p2a: Chansey|Ice Beam|p1a: Golem
|-supereffective|p1a: Golem
|-damage|p1a: Golem|151\/363
|
|turn|3
|choice|move 3|switch 4
|
|switch|p2a: Exeggutor|Exeggutor|393\/393
|move|p1a: Golem|Body Slam|p2a: Exeggutor
|-damage|p2a: Exeggutor|309\/393
|-status|p2a: Exeggutor|par
|
|turn|4
|c|★Dice|-
|choice|switch 2|move 3
|
|switch|p1a: Chansey|Chansey|703\/703
|move|p2a: Exeggutor|Psychic|p1a: Chansey
|-crit|p1a: Chansey
|-damage|p1a: Chansey|470\/703
|-unboost|p1a: Chansey|spd|1
|-unboost|p1a: Chansey|spa|1
|
|turn|5
|choice|move 1|move 1
|
|move|p1a: Chansey|Ice Beam|p2a: Exeggutor
|-supereffective|p2a: Exeggutor
|-damage|p2a: Exeggutor|217\/393 par
|move|p2a: Exeggutor|Sleep Powder|p1a: Chansey|[miss]
|-miss|p2a: Exeggutor
|
|turn|6
|c|★Dice|-
|choice|move 4|move 1
|
|move|p1a: Chansey|Soft-Boiled|p1a: Chansey
|-heal|p1a: Chansey|703\/703
|cant|p2a: Exeggutor|par
|
|turn|7
|c|★Dice|-
|choice|move 1|move 1
|
|move|p1a: Chansey|Ice Beam|p2a: Exeggutor
|-supereffective|p2a: Exeggutor
|-damage|p2a: Exeggutor|128\/393 par
|move|p2a: Exeggutor|Sleep Powder|p1a: Chansey
|-status|p1a: Chansey|slp
|
|turn|8
|choice|switch 3|move 3
|
|switch|p1a: Exeggutor|Exeggutor|393\/393
|move|p2a: Exeggutor|Psychic|p1a: Exeggutor
|-resisted|p1a: Exeggutor
|-damage|p1a: Exeggutor|343\/393
|-unboost|p1a: Exeggutor|spd|1
|-unboost|p1a: Exeggutor|spa|1
|
|turn|9
|choice|move 3|move 2
|
|move|p1a: Exeggutor|Mega Drain|p2a: Exeggutor
|-resisted|p2a: Exeggutor
|-damage|p2a: Exeggutor|111\/393 par
|-heal|p1a: Exeggutor|351\/393|[from] drain|[of] p2a: Exeggutor
|cant|p2a: Exeggutor|par
|
|turn|10
|choice|switch 4|move 2
|
|switch|p1a: Snorlax|Snorlax|523\/523
|move|p2a: Exeggutor|Stun Spore|p1a: Snorlax
|-status|p1a: Snorlax|par
|
|turn|11
|choice|switch 5|move 4
|
|switch|p1a: Starmie|Starmie|323\/323
|move|p2a: Exeggutor|Explosion|p1a: Starmie
|-damage|p1a: Starmie|19\/323
|faint|p2a: Exeggutor
|c|★BlackWeed|roll
|choice||switch 2
|
|switch|p2a: Alakazam|Alakazam|313\/313
|turn|12
|c|★BlackWeed|yn
|choice|switch 4|move 1
|
|switch|p1a: Exeggutor|Exeggutor|351\/393
|move|p2a: Alakazam|Seismic Toss|p1a: Exeggutor
|-damage|p1a: Exeggutor|251\/393
|
|turn|13
|choice|move 2|switch 4
|
|switch|p2a: Chansey|Chansey|703\/703 par
|move|p1a: Exeggutor|Stun Spore|p2a: Chansey
|-fail|p2a: Chansey|par
|
|turn|14
|choice|move 2|move 1
|
|move|p1a: Exeggutor|Stun Spore|p2a: Chansey
|-fail|p2a: Chansey|par
|move|p2a: Chansey|Ice Beam|p1a: Exeggutor
|-supereffective|p1a: Exeggutor
|-damage|p1a: Exeggutor|118\/393
|
|turn|15
|choice|move 4|move 1
|
|move|p1a: Exeggutor|Explosion|p2a: Chansey
|-crit|p2a: Chansey
|-damage|p2a: Chansey|0 fnt
|faint|p2a: Chansey
|faint|p1a: Exeggutor
|c|★BlackWeed|thanks
|c|★BlackWeed|hugo
|choice|switch 5|switch 4
|
|switch|p2a: Alakazam|Alakazam|313\/313
|switch|p1a: Snorlax|Snorlax|523\/523 par
|turn|16
|choice|move 1|move 4
|
|move|p2a: Alakazam|Psychic|p1a: Snorlax
|-damage|p1a: Snorlax|342\/523 par
|-unboost|p1a: Snorlax|spd|1
|-unboost|p1a: Snorlax|spa|1
|move|p1a: Snorlax|Body Slam|p2a: Alakazam
|-damage|p2a: Alakazam|148\/313
|-status|p2a: Alakazam|par
|
|turn|17
|c|★Dice|hugo
|c|★Dice|yn
|c|★BlackWeed|y
|choice|switch 3|move 4
|
|switch|p1a: Chansey|Chansey|703\/703 slp
|move|p2a: Alakazam|Psychic|p1a: Chansey
|-damage|p1a: Chansey|581\/703 slp
|
|turn|18
|choice|move 1|switch 6
|
|switch|p2a: Lapras|Lapras|463\/463
|cant|p1a: Chansey|slp
|
|turn|19
|choice|move 3|move 3
|
|move|p2a: Lapras|Blizzard|p1a: Chansey
|-damage|p1a: Chansey|452\/703 slp
|cant|p1a: Chansey|slp
|
|turn|20
|choice|move 4|move 3
|
|move|p2a: Lapras|Blizzard|p1a: Chansey
|-damage|p1a: Chansey|325\/703 slp
|cant|p1a: Chansey|slp
|
|turn|21
|choice|move 4|move 3
|
|move|p2a: Lapras|Blizzard|p1a: Chansey
|-damage|p1a: Chansey|197\/703 slp
|cant|p1a: Chansey|slp
|
|turn|22
|c|★BlackWeed|lol
|J|Cerizawa
|c|★BlackWeed|.
|choice|switch 3|move 3
|
|switch|p1a: Snorlax|Snorlax|342\/523 par
|move|p2a: Lapras|Blizzard|p1a: Snorlax
|-damage|p1a: Snorlax|176\/523 par
|
|turn|23
|c|★Dice|1-7
|c|★Dice|yn
|c|★BlackWeed|.
|c|★BlackWeed|i didnt explode
|c|★BlackWeed|I might
|c|★BlackWeed|do
|c|★BlackWeed|something else
|c|★BlackWeed|yn
|choice|move 4|move 3
|
|move|p2a: Lapras|Blizzard|p1a: Snorlax
|-damage|p1a: Snorlax|10\/523 par
|cant|p1a: Snorlax|par
|
|turn|24
|c|★Dice|-
|c|★BlackWeed|.
|c|★BlackWeed|lucky and bad
|choice|move 4|move 2
|
|move|p2a: Lapras|Thunderbolt|p1a: Snorlax
|-damage|p1a: Snorlax|0 fnt
|faint|p1a: Snorlax
|choice|switch 4|
|
|switch|p1a: Starmie|Starmie|19\/323
|turn|25
|choice|move 3|move 2
|
|move|p1a: Starmie|Thunder Wave|p2a: Lapras
|-status|p2a: Lapras|par
|move|p2a: Lapras|Thunderbolt|p1a: Starmie
|-supereffective|p1a: Starmie
|-damage|p1a: Starmie|0 fnt
|faint|p1a: Starmie
|choice|switch 3|
|
|switch|p1a: Chansey|Chansey|197\/703 slp
|turn|26
|choice|move 4|move 1
|
|-curestatus|p1a: Chansey|slp
|cant|p2a: Lapras|par
|
|turn|27
|choice|move 4|move 4
|
|move|p1a: Chansey|Soft-Boiled|p1a: Chansey
|-heal|p1a: Chansey|548\/703
|cant|p2a: Lapras|par
|
|turn|28
|choice|move 2|move 4
|
|move|p1a: Chansey|Thunderbolt|p2a: Lapras
|-supereffective|p2a: Lapras
|-damage|p2a: Lapras|311\/463 par
|move|p2a: Lapras|Sing|p1a: Chansey|[miss]
|-miss|p2a: Lapras
|
|turn|29
|choice|move 2|move 4
|
|move|p1a: Chansey|Thunderbolt|p2a: Lapras
|-supereffective|p2a: Lapras
|-damage|p2a: Lapras|157\/463 par
|move|p2a: Lapras|Sing|p1a: Chansey|[miss]
|-miss|p2a: Lapras
|
|turn|30
|choice|move 2|move 4
|
|move|p1a: Chansey|Thunderbolt|p2a: Lapras
|-supereffective|p2a: Lapras
|-damage|p2a: Lapras|9\/463 par
|cant|p2a: Lapras|par
|
|turn|31
|c|★Dice|.
|choice|move 1|move 3
|
|move|p1a: Chansey|Ice Beam|p2a: Lapras
|-resisted|p2a: Lapras
|-damage|p2a: Lapras|0 fnt
|faint|p2a: Lapras
|choice||switch 3
|
|switch|p2a: Snorlax|Snorlax|523\/523
|turn|32
|choice|move 3|move 1
|
|move|p1a: Chansey|Thunder Wave|p2a: Snorlax
|-status|p2a: Snorlax|par
|move|p2a: Snorlax|Body Slam|p1a: Chansey
|-damage|p1a: Chansey|259\/703
|
|turn|33
|c|★BlackWeed|chansey walling lax
|c|★BlackWeed|is hilarious
|choice|move 4|move 4
|
|move|p1a: Chansey|Soft-Boiled|p1a: Chansey
|-heal|p1a: Chansey|610\/703
|cant|p2a: Snorlax|par
|
|turn|34
|choice|move 2|move 4
|
|move|p1a: Chansey|Thunderbolt|p2a: Snorlax
|-damage|p2a: Snorlax|426\/523 par
|move|p2a: Snorlax|Self-Destruct|p1a: Chansey
|-damage|p1a: Chansey|0 fnt
|faint|p1a: Chansey
|faint|p2a: Snorlax
|c|★Dice|walled
|c|★Dice|yn
|c|★BlackWeed|y
|choice|switch 6|switch 5
|
|switch|p1a: Tauros|Tauros|353\/353
|switch|p2a: Tauros|Tauros|353\/353
|turn|35
|c|★BlackWeed|what is
|c|★BlackWeed|optimal play
|c|★BlackWeed|body slam
|c|★BlackWeed|or
|c|★Dice|body slam
|c|★BlackWeed|blizzard
|c|★BlackWeed|o_o
|c|★Dice|o_o
|c|★BlackWeed|tiba said its
|c|★BlackWeed|blizzard
|c|★BlackWeed|._.
|c|★Dice|n
|c|★Dice|body slam first
|c|★Dice|oo
|choice|move 1|move 1
|
|move|p2a: Tauros|Body Slam|p1a: Tauros
|-damage|p1a: Tauros|241\/353
|move|p1a: Tauros|Body Slam|p2a: Tauros
|-crit|p2a: Tauros
|-damage|p2a: Tauros|159\/353
|
|turn|36
|c|★Dice|then if u dont crit
|c|★Dice|u blizzard
|c|★Dice|if u crit
|c|★Dice|then hyper beam
|c|★Dice|._.
|c|★BlackWeed|._.
|choice|move 4|switch 6
|
|switch|p2a: Alakazam|Alakazam|148\/313 par
|move|p1a: Tauros|Hyper Beam|p2a: Alakazam
|-crit|p2a: Alakazam
|-damage|p2a: Alakazam|0 fnt
|faint|p2a: Alakazam
|choice||switch 6
|
|switch|p2a: Tauros|Tauros|159\/353
|turn|37
|c|★BlackWeed|I will
|c|★BlackWeed|body slam
|c|★BlackWeed|jk
|c|★BlackWeed|blizzard boys
|choice|move 2|move 4
|
|move|p1a: Tauros|Blizzard|p2a: Tauros
|-crit|p2a: Tauros
|-damage|p2a: Tauros|0 fnt
|faint|p2a: Tauros
|
|win|BlackWeed