|J|Beds
|J|teal6
|player|p1|Beds|252
|player|p2|teal6|102
|gametype|singles
|gen|1
|tier|[Gen 1] OU
|seed|60856,41252,22238,13241
|rule|Sleep Clause Mod: Limit one foe put to sleep
|rule|Freeze Clause Mod: Limit one foe frozen
|rule|Species Clause: Limit one of each Pokémon
|rule|OHKO Clause: OHKO moves are banned
|rule|Evasion Moves Clause: Evasion moves are banned
|rule|HP Percentage Mod: HP is shown in percentages
|
|start
|switch|p1a: Jynx|Jynx|333\/333
|switch|p2a: Jynx|Jynx|333\/333
|turn|1
|J|Cranham
|J|giara
|J|bluritdrachee
|J|Alexander
|J|m00ns
|J|aqqq
|L|giara
|J|Crestfall
|c|★Beds|gl hf
|J|icantpickausername
|J|Shadestep
|c|★teal6|you too
|J|mr jambad
|J|luck faddering
|J|Joga
|J|YABO
|J|troll safe doors
|choice|move 1|move 2
|
|move|p1a: Jynx|Lovely Kiss|p2a: Jynx
|-status|p2a: Jynx|slp
|-curestatus|p2a: Jynx|slp
|
|turn|2
|L|Crestfall
|L|icantpickausername
|J|jeffrawr
|c|+Shadestep|teal6 *_*
|choice|move 1|move 2
|
|move|p2a: Jynx|Lovely Kiss|p1a: Jynx|[miss]
|-miss|p2a: Jynx
|move|p1a: Jynx|Lovely Kiss|p2a: Jynx|[miss]
|-miss|p1a: Jynx
|
|turn|3
|J|f apkin gg
|c|★teal6|lmao
|c|★teal6|solid first turns
|J|Funkasaurus
|choice|move 1|move 2
|
|move|p2a: Jynx|Lovely Kiss|p1a: Jynx
|-status|p1a: Jynx|slp
|cant|p1a: Jynx|slp
|
|turn|4
|J|jacob
|L|bluritdrachee
|L|jeffrawr
|choice|move 1|move 1
|
|move|p2a: Jynx|Psychic|p1a: Jynx
|-resisted|p1a: Jynx
|-damage|p1a: Jynx|284\/333 slp
|cant|p1a: Jynx|slp
|
|turn|5
|c|+f apkin gg|GO
|J|WcJay
|choice|move 1|move 1
|
|move|p2a: Jynx|Psychic|p1a: Jynx
|-resisted|p1a: Jynx
|-damage|p1a: Jynx|235\/333 slp
|cant|p1a: Jynx|slp
|
|turn|6
|L|Shadestep
|L|WcJay
|choice|switch 4|switch 3
|
|switch|p2a: Tauros|Tauros|353\/353
|switch|p1a: Chansey|Chansey|703\/703
|
|turn|7
|L|mr jambad
|choice|move 1|switch 6
|
|switch|p2a: Chansey|Chansey|703\/703
|move|p1a: Chansey|Thunder Wave|p2a: Chansey
|-status|p2a: Chansey|par
|
|turn|8
|choice|switch 4|move 4
|
|switch|p1a: Jynx|Jynx|235\/333 slp
|move|p2a: Chansey|Thunderbolt|p1a: Jynx
|-crit|p1a: Jynx
|-damage|p1a: Jynx|69\/333 slp
|
|turn|9
|choice|switch 3|move 4
|
|switch|p1a: Snorlax|Snorlax|523\/523
|move|p2a: Chansey|Thunderbolt|p1a: Snorlax
|-damage|p1a: Snorlax|421\/523
|
|turn|10
|J|Pk-Kaiser
|L|Pk-Kaiser
|J|Lord Goth
|L|m00ns
|choice|move 1|move 3
|
|move|p1a: Snorlax|Body Slam|p2a: Chansey
|-damage|p2a: Chansey|393\/703 par
|move|p2a: Chansey|Thunder Wave|p1a: Snorlax
|-status|p1a: Snorlax|par
|
|turn|11
|L|Lord Goth
|choice|move 1|move 2
|
|move|p2a: Chansey|Soft-Boiled|p2a: Chansey
|-heal|p2a: Chansey|703\/703 par
|move|p1a: Snorlax|Body Slam|p2a: Chansey
|-crit|p2a: Chansey
|-damage|p2a: Chansey|167\/703 par
|
|turn|12
|choice|move 1|move 2
|
|move|p2a: Chansey|Soft-Boiled|p2a: Chansey
|-heal|p2a: Chansey|518\/703 par
|move|p1a: Snorlax|Body Slam|p2a: Chansey
|-damage|p2a: Chansey|208\/703 par
|
|turn|13
|choice|move 1|move 2
|
|move|p2a: Chansey|Soft-Boiled|p2a: Chansey
|-heal|p2a: Chansey|559\/703 par
|move|p1a: Snorlax|Body Slam|p2a: Chansey
|-damage|p2a: Chansey|284\/703 par
|
|turn|14
|choice|move 1|move 2
|
|move|p2a: Chansey|Soft-Boiled|p2a: Chansey
|-heal|p2a: Chansey|635\/703 par
|move|p1a: Snorlax|Body Slam|p2a: Chansey
|-damage|p2a: Chansey|353\/703 par
|
|turn|15
|choice|move 1|move 2
|
|cant|p2a: Chansey|par
|move|p1a: Snorlax|Body Slam|p2a: Chansey
|-damage|p2a: Chansey|64\/703 par
|
|turn|16
|choice|move 1|move 2
|
|move|p2a: Chansey|Soft-Boiled|p2a: Chansey
|-heal|p2a: Chansey|415\/703 par
|move|p1a: Snorlax|Body Slam|p2a: Chansey
|-crit|p2a: Chansey
|-damage|p2a: Chansey|0 fnt
|faint|p2a: Chansey
|choice||switch 4
|
|switch|p2a: Snorlax|Snorlax|523\/523
|turn|17
|choice|move 3|move 1
|
|move|p2a: Snorlax|Body Slam|p1a: Snorlax
|-damage|p1a: Snorlax|281\/523 par
|cant|p1a: Snorlax|par
|
|turn|18
|J|Based Lord Christo
|choice|move 3|move 2
|
|move|p2a: Snorlax|Earthquake|p1a: Snorlax
|-damage|p1a: Snorlax|178\/523 par
|move|p1a: Snorlax|Counter|p2a: Snorlax
|-fail|p1a: Snorlax
|
|turn|19
|c|+Based Lord Christo|``teal6``
|choice|switch 2|move 1
|
|switch|p1a: Exeggutor|Exeggutor|393\/393
|move|p2a: Snorlax|Body Slam|p1a: Exeggutor
|-damage|p1a: Exeggutor|273\/393
|
|turn|20
|J|wish klller
|choice|move 1|switch 3
|
|switch|p2a: Jynx|Jynx|333\/333
|move|p1a: Exeggutor|Sleep Powder|p2a: Jynx
|-status|p2a: Jynx|slp
|
|turn|21
|choice|switch 2|switch 3
|
|switch|p2a: Snorlax|Snorlax|523\/523
|switch|p1a: Snorlax|Snorlax|178\/523 par
|
|turn|22
|choice|move 4|move 1
|
|move|p2a: Snorlax|Body Slam|p1a: Snorlax
|-damage|p1a: Snorlax|33\/523 par
|cant|p1a: Snorlax|par
|
|turn|23
|L|YABO
|choice|switch 4|move 1
|
|switch|p1a: Chansey|Chansey|703\/703
|move|p2a: Snorlax|Body Slam|p1a: Chansey
|-crit|p1a: Chansey
|-damage|p1a: Chansey|122\/703
|
|turn|24
|choice|switch 3|move 3
|
|switch|p1a: Jynx|Jynx|69\/333 slp
|move|p2a: Snorlax|Hyper Beam|p1a: Jynx
|-damage|p1a: Jynx|0 fnt
|faint|p1a: Jynx
|choice|switch 2|
|
|switch|p1a: Exeggutor|Exeggutor|273\/393
|turn|25
|choice|move 2|move 1
|
|move|p1a: Exeggutor|Stun Spore|p2a: Snorlax
|-status|p2a: Snorlax|par
|move|p2a: Snorlax|Body Slam|p1a: Exeggutor
|-damage|p1a: Exeggutor|153\/393
|
|turn|26
|choice|move 3|move 1
|
|move|p1a: Exeggutor|Psychic|p2a: Snorlax
|-damage|p2a: Snorlax|362\/523 par
|move|p2a: Snorlax|Body Slam|p1a: Exeggutor
|-damage|p1a: Exeggutor|37\/393
|
|turn|27
|choice|move 3|move 1
|
|move|p1a: Exeggutor|Psychic|p2a: Snorlax
|-damage|p2a: Snorlax|209\/523 par
|-unboost|p2a: Snorlax|spd|1
|-unboost|p2a: Snorlax|spa|1
|move|p2a: Snorlax|Body Slam|p1a: Exeggutor
|-damage|p1a: Exeggutor|0 fnt
|faint|p1a: Exeggutor
|choice|switch 5|
|
|switch|p1a: Tauros|Tauros|353\/353
|turn|28
|L|jacob
|J|pokemaster226026
|choice|move 1|switch 5
|
|switch|p2a: Exeggutor|Exeggutor|393\/393
|move|p1a: Tauros|Body Slam|p2a: Exeggutor
|-damage|p2a: Exeggutor|284\/393
|-status|p2a: Exeggutor|par
|
|turn|29
|choice|switch 3|move 2
|
|switch|p1a: Chansey|Chansey|122\/703
|move|p2a: Exeggutor|Sleep Powder|p1a: Chansey
|-status|p1a: Chansey|slp
|
|turn|30
|choice|switch 3|move 1
|
|switch|p1a: Tauros|Tauros|353\/353
|move|p2a: Exeggutor|Psychic|p1a: Tauros
|-damage|p1a: Tauros|202\/353
|
|turn|31
|choice|switch 4|move 4
|
|switch|p1a: Snorlax|Snorlax|33\/523 par
|move|p2a: Exeggutor|Stun Spore|p1a: Snorlax
|-fail|p1a: Snorlax|par
|
|turn|32
|choice|move 4|move 1
|
|move|p2a: Exeggutor|Psychic|p1a: Snorlax
|-damage|p1a: Snorlax|0 fnt
|faint|p1a: Snorlax
|choice|switch 4|
|
|switch|p1a: Tauros|Tauros|202\/353
|turn|33
|choice|move 3|move 4
|
|move|p1a: Tauros|Blizzard|p2a: Exeggutor
|-crit|p2a: Exeggutor
|-supereffective|p2a: Exeggutor
|-damage|p2a: Exeggutor|21\/393 par
|move|p2a: Exeggutor|Stun Spore|p1a: Tauros|[miss]
|-miss|p2a: Exeggutor
|
|turn|34
|choice|move 1|move 3
|
|move|p1a: Tauros|Body Slam|p2a: Exeggutor
|-damage|p2a: Exeggutor|0 fnt
|faint|p2a: Exeggutor
|choice||switch 2
|
|switch|p2a: Zapdos|Zapdos|383\/383
|turn|35
|J|friend for hire
|choice|move 1|move 4
|
|move|p1a: Tauros|Body Slam|p2a: Zapdos
|-crit|p2a: Zapdos
|-damage|p2a: Zapdos|170\/383
|move|p2a: Zapdos|Thunder Wave|p1a: Tauros
|-status|p1a: Tauros|par
|
|turn|36
|choice|move 4|move 1
|
|move|p2a: Zapdos|Thunderbolt|p1a: Tauros
|-damage|p1a: Tauros|34\/353 par
|move|p1a: Tauros|Hyper Beam|p2a: Zapdos|[miss]
|-miss|p1a: Tauros
|
|turn|37
|choice|move 4|move 1
|
|move|p2a: Zapdos|Thunderbolt|p1a: Tauros
|-crit|p1a: Tauros
|-damage|p1a: Tauros|0 fnt
|faint|p1a: Tauros
|choice|switch 6|
|
|switch|p1a: Persian|Persian|333\/333
|turn|38
|L|friend for hire
|choice|move 2|move 4
|
|move|p1a: Persian|Hyper Beam|p2a: Zapdos
|-damage|p2a: Zapdos|10\/383
|move|p2a: Zapdos|Thunder Wave|p1a: Persian
|-status|p1a: Persian|par
|
|turn|39
|-mustrecharge|p1a: Persian
|-mustrecharge|p1a: Persian
|choice|move 1|move 1
|
|move|p2a: Zapdos|Thunderbolt|p1a: Persian
|-damage|p1a: Persian|162\/333 par
|cant|p1a: Persian|recharge
|
|turn|40
|choice|move 1|move 1
|
|move|p2a: Zapdos|Thunderbolt|p1a: Persian
|-damage|p1a: Persian|0 fnt
|faint|p1a: Persian
|c|★teal6|gg
|choice|switch 3|
|
|switch|p1a: Chansey|Chansey|122\/703 slp
|turn|41
|c|★Beds|gg
|choice|move 2|move 3
|
|move|p2a: Zapdos|Drill Peck|p1a: Chansey
|-damage|p1a: Chansey|0 fnt
|faint|p1a: Chansey
|
|win|teal6