|J|Tobes
|J|Golden Gyarados
|player|p1|Tobes|#tobes
|player|p2|Golden Gyarados|1
|gametype|singles
|gen|1
|tier|[Gen 1] OU
|seed|57131,52841,42115,47891
|rule|Sleep Clause Mod: Limit one foe put to sleep
|rule|Freeze Clause Mod: Limit one foe frozen
|rule|Species Clause: Limit one of each Pokémon
|rule|OHKO Clause: OHKO moves are banned
|rule|Evasion Moves Clause: Evasion moves are banned
|rule|HP Percentage Mod: HP is shown in percentages
|
|start
|switch|p1a: Guardando nel Buio|Gengar|323\/323
|switch|p2a: Jynx|Jynx|333\/333
|turn|1
|J|0NE + TW0
|J|jira
|J|gladiator movies
|J|McMeghan
|J|FLCL
|J|Yogiras
|J|Tombetoile
|J|Lady bug
|J|Can
|J|fitzy
|J|RanbuNoMelody
|J|GeeMick
|c|★Tobes|gl
|J|Kingler12345
|J|Apt-get
|raw|<div class="broadcast-red"><b>Moderated chat was set to @!<\/b><br \/>Only users of rank @ and higher can talk.<\/div>
|J|TDK
|J|KratosMana
|J|reiku
|J|giara
|J|SU DI NOI
|choice|move 3|move 3
|
|move|p1a: Guardando nel Buio|Hypnosis|p2a: Jynx
|-status|p2a: Jynx|slp
|cant|p2a: Jynx|slp
|
|turn|2
|J|teal6
|J|LUCKSKILL
|L|FLCL
|J|yan poek
|J|ludicrousman
|J|The Idiot Ninja
|J|SoulWind
|choice|move 1|switch 2
|
|switch|p2a: Chansey|Chansey|703\/703
|move|p1a: Guardando nel Buio|Night Shade|p2a: Chansey
|-damage|p2a: Chansey|603\/703
|
|turn|3
|J|amberrlamps
|J|the wub foundation
|J|Hikari
|choice|move 4|switch 3
|
|switch|p2a: Exeggutor|Exeggutor|393\/393
|move|p1a: Guardando nel Buio|Explosion|p2a: Exeggutor
|-damage|p2a: Exeggutor|166\/393
|faint|p1a: Guardando nel Buio
|J|bugzinator RC
|J|sunsetsarsaparilla
|J|OuraganGastrique
|J|KyleCole
|J|Tirander
|J|showdown LBLOL
|J|Crost
|J|IB-irever
|J|Immuno
|L|RanbuNoMelody
|L|IB-irever
|J|Alexander
|L|OuraganGastrique
|L|KyleCole
|choice|switch 3|
|
|switch|p1a: L'Eminenza Oscura|Cloyster|303\/303
|turn|4
|J|nbf per la gente
|J|tagnonfury
|J|Shubaki
|choice|move 1|switch 3
|
|switch|p2a: Chansey|Chansey|603\/703
|move|p1a: L'Eminenza Oscura|Blizzard|p2a: Chansey
|-crit|p2a: Chansey
|-damage|p2a: Chansey|374\/703
|
|turn|5
|J|Nails
|J|Puralux
|choice|move 2|move 4
|
|move|p1a: L'Eminenza Oscura|Clamp|p2a: Chansey
|-damage|p2a: Chansey|335\/703
|-activate|p2a: Chansey|move: Clamp|[of] p1a: L'Eminenza Oscura
|cant|p2a: Chansey|partiallytrapped
|
|turn|6
|J|MashThat5A
|J|Mizuhime
|J|RanbuNoMelody
|J|purrl
|choice|move 2|switch 2
|
|switch|p2a: Jynx|Jynx|333\/333 slp
|move|p1a: L'Eminenza Oscura|Clamp|p2a: Jynx
|-damage|p2a: Jynx|292\/333 slp
|-activate|p2a: Jynx|move: Clamp|[of] p1a: L'Eminenza Oscura
|
|turn|7
|J|MtGarurumon
|choice|switch 6|move 1
|
|switch|p1a: L'Impeto Oscuro|Tauros|353\/353
|cant|p2a: Jynx|slp
|
|-end|p2a: Jynx|Clamp|[partiallytrapped]
|turn|8
|J|Eyan
|choice|move 1|switch 4
|
|switch|p2a: Golem|Golem|363\/363
|move|p1a: L'Impeto Oscuro|Body Slam|p2a: Golem
|-resisted|p2a: Golem
|-damage|p2a: Golem|320\/363
|
|turn|9
|J|Mentagrill
|J|Cristal
|choice|switch 2|switch 5
|
|switch|p1a: Forze del Male|Exeggutor|393\/393
|switch|p2a: Lapras|Lapras|463\/463
|
|turn|10
|J|legendary praw
|J|Cicada
|J|Chirac
|choice|move 3|move 1
|
|move|p2a: Lapras|Blizzard|p1a: Forze del Male
|-supereffective|p1a: Forze del Male
|-damage|p1a: Forze del Male|149\/393
|move|p1a: Forze del Male|Stun Spore|p2a: Lapras
|-status|p2a: Lapras|par
|
|turn|11
|choice|move 4|switch 3
|
|switch|p2a: Exeggutor|Exeggutor|166\/393
|move|p1a: Forze del Male|Explosion|p2a: Exeggutor
|-crit|p2a: Exeggutor
|-damage|p2a: Exeggutor|0 fnt
|faint|p2a: Exeggutor
|faint|p1a: Forze del Male
|J|Sapientia
|choice|switch 5|switch 3
|
|switch|p1a: L'Oscurita Ignoto|Chansey|703\/703
|switch|p2a: Lapras|Lapras|463\/463 par
|turn|12
|choice|move 2|switch 2
|
|switch|p2a: Chansey|Chansey|335\/703
|move|p1a: L'Oscurita Ignoto|Thunderbolt|p2a: Chansey
|-crit|p2a: Chansey
|-damage|p2a: Chansey|190\/703
|
|turn|13
|J|DennisEG
|L|amberrlamps
|choice|switch 6|move 4
|
|switch|p1a: L'Eminenza Oscura|Cloyster|303\/303
|move|p2a: Chansey|Thunder Wave|p1a: L'Eminenza Oscura
|-status|p1a: L'Eminenza Oscura|par
|
|turn|14
|choice|move 4|move 2
|
|move|p2a: Chansey|Thunderbolt|p1a: L'Eminenza Oscura
|-supereffective|p1a: L'Eminenza Oscura
|-damage|p1a: L'Eminenza Oscura|125\/303 par
|move|p1a: L'Eminenza Oscura|Explosion|p2a: Chansey
|-damage|p2a: Chansey|0 fnt
|faint|p2a: Chansey
|faint|p1a: L'Eminenza Oscura
|J|rozes
|J|chras001
|choice|switch 6|switch 4
|
|switch|p2a: Jynx|Jynx|292\/333 slp
|switch|p1a: L'Oscurita Ignoto|Chansey|703\/703
|turn|15
|J|MetalGro$$
|L|Crost
|choice|switch 2|switch 5
|
|switch|p2a: Golem|Golem|320\/363
|switch|p1a: L'Impeto Oscuro|Tauros|353\/353
|
|turn|16
|choice|move 2|move 3
|
|move|p1a: L'Impeto Oscuro|Blizzard|p2a: Golem
|-supereffective|p2a: Golem
|-damage|p2a: Golem|120\/363
|move|p2a: Golem|Explosion|p1a: L'Impeto Oscuro
|-damage|p1a: L'Impeto Oscuro|58\/353
|faint|p2a: Golem
|L|chras001
|choice||switch 6
|
|switch|p2a: Tauros|Tauros|353\/353
|turn|17
|choice|move 4|move 1
|
|move|p1a: L'Impeto Oscuro|Hyper Beam|p2a: Tauros|[miss]
|-miss|p1a: L'Impeto Oscuro
|move|p2a: Tauros|Body Slam|p1a: L'Impeto Oscuro
|-damage|p1a: L'Impeto Oscuro|0 fnt
|faint|p1a: L'Impeto Oscuro
|J|chras001
|J|ReshiRampage
|L|RanbuNoMelody
|choice|switch 4|
|
|switch|p1a: Destati|Snorlax|523\/523
|turn|18
|L|chras001
|J|ggggd
|choice|move 1|move 4
|
|move|p2a: Tauros|Blizzard|p1a: Destati
|-damage|p1a: Destati|422\/523
|move|p1a: Destati|Body Slam|p2a: Tauros
|-damage|p2a: Tauros|245\/353
|
|turn|19
|choice|move 1|switch 5
|
|switch|p2a: Jynx|Jynx|292\/333 slp
|move|p1a: Destati|Body Slam|p2a: Jynx
|-damage|p2a: Jynx|100\/333 slp
|
|turn|20
|choice|move 1|move 2
|
|move|p1a: Destati|Body Slam|p2a: Jynx
|-damage|p2a: Jynx|0 fnt
|faint|p2a: Jynx
|choice||switch 2
|
|switch|p2a: Lapras|Lapras|463\/463 par
|turn|21
|choice|switch 2|move 1
|
|switch|p1a: L'Oscurita Ignoto|Chansey|703\/703
|move|p2a: Lapras|Blizzard|p1a: L'Oscurita Ignoto
|-damage|p1a: L'Oscurita Ignoto|566\/703
|
|turn|22
|J|KyleCole
|choice|move 2|move 3
|
|move|p1a: L'Oscurita Ignoto|Thunderbolt|p2a: Lapras
|-supereffective|p2a: Lapras
|-damage|p2a: Lapras|308\/463 par
|move|p2a: Lapras|Confuse Ray|p1a: L'Oscurita Ignoto
|-start|p1a: L'Oscurita Ignoto|confusion
|
|turn|23
|J|lLLUSIONIST
|J|galbia
|J|Cincinnati Warrior
|J|zdrup
|c|@galbia|tobes it should be "L'oscurità ignota"
|c|★Tobes|I just copied the names from the kingdom hearts ost :x
|L|ReshiRampage
|choice|move 3|move 1
|
|-activate|p1a: L'Oscurita Ignoto|confusion
|move|p1a: L'Oscurita Ignoto|Thunder Wave|p2a: Lapras
|-fail|p2a: Lapras|par
|move|p2a: Lapras|Blizzard|p1a: L'Oscurita Ignoto
|-damage|p1a: L'Oscurita Ignoto|424\/703
|
|turn|24
|L|galbia
|choice|move 4|move 1
|
|-activate|p1a: L'Oscurita Ignoto|confusion
|-damage|p1a: L'Oscurita Ignoto|389\/703|[from] confusion
|move|p2a: Lapras|Blizzard|p1a: L'Oscurita Ignoto|[miss]
|-miss|p2a: Lapras
|
|turn|25
|choice|move 4|move 2
|
|-activate|p1a: L'Oscurita Ignoto|confusion
|move|p1a: L'Oscurita Ignoto|Soft-Boiled|p1a: L'Oscurita Ignoto
|-heal|p1a: L'Oscurita Ignoto|703\/703
|move|p2a: Lapras|Body Slam|p1a: L'Oscurita Ignoto
|-crit|p1a: L'Oscurita Ignoto
|-damage|p1a: L'Oscurita Ignoto|376\/703
|
|turn|26
|choice|move 4|move 2
|
|-end|p1a: L'Oscurita Ignoto|confusion
|move|p1a: L'Oscurita Ignoto|Soft-Boiled|p1a: L'Oscurita Ignoto
|-heal|p1a: L'Oscurita Ignoto|703\/703
|move|p2a: Lapras|Body Slam|p1a: L'Oscurita Ignoto
|-damage|p1a: L'Oscurita Ignoto|546\/703
|
|turn|27
|choice|move 2|move 3
|
|move|p1a: L'Oscurita Ignoto|Thunderbolt|p2a: Lapras
|-supereffective|p2a: Lapras
|-damage|p2a: Lapras|158\/463 par
|move|p2a: Lapras|Confuse Ray|p1a: L'Oscurita Ignoto
|-start|p1a: L'Oscurita Ignoto|confusion
|
|turn|28
|choice|move 2|move 1
|
|-activate|p1a: L'Oscurita Ignoto|confusion
|-damage|p1a: L'Oscurita Ignoto|511\/703|[from] confusion
|move|p2a: Lapras|Blizzard|p1a: L'Oscurita Ignoto
|-damage|p1a: L'Oscurita Ignoto|378\/703
|-status|p1a: L'Oscurita Ignoto|frz
|
|turn|29
|J|Fortune
|c|★Tobes|ugh
|J|Agammemnon
|L|DennisEG
|choice|move 1|move 2
|
|cant|p1a: L'Oscurita Ignoto|frz
|move|p2a: Lapras|Body Slam|p1a: L'Oscurita Ignoto
|-damage|p1a: L'Oscurita Ignoto|223\/703 frz
|
|turn|30
|choice|move 1|move 2
|
|cant|p1a: L'Oscurita Ignoto|frz
|move|p2a: Lapras|Body Slam|p1a: L'Oscurita Ignoto
|-damage|p1a: L'Oscurita Ignoto|48\/703 frz
|
|turn|31
|choice|move 1|move 2
|
|cant|p1a: L'Oscurita Ignoto|frz
|cant|p2a: Lapras|par
|
|turn|32
|choice|move 1|move 2
|
|cant|p1a: L'Oscurita Ignoto|frz
|move|p2a: Lapras|Body Slam|p1a: L'Oscurita Ignoto
|-damage|p1a: L'Oscurita Ignoto|0 fnt
|faint|p1a: L'Oscurita Ignoto
|choice|switch 2|
|
|switch|p1a: Destati|Snorlax|422\/523
|turn|33
|L|gladiator movies
|choice|move 1|move 1
|
|move|p1a: Destati|Body Slam|p2a: Lapras
|-damage|p2a: Lapras|34\/463 par
|move|p2a: Lapras|Blizzard|p1a: Destati
|-damage|p1a: Destati|248\/523
|
|turn|34
|choice|move 1|move 2
|
|move|p1a: Destati|Body Slam|p2a: Lapras
|-damage|p2a: Lapras|0 fnt
|faint|p2a: Lapras
|J|gladiator movies
|L|reiku
|choice||switch 5
|
|switch|p2a: Tauros|Tauros|245\/353
|turn|35
|J|reiku
|L|showdown LBLOL
|J|ReshiRampage
|L|McMeghan
|L|Tirander
|choice|move 4|move 2
|
|move|p2a: Tauros|Earthquake|p1a: Destati
|-damage|p1a: Destati|142\/523
|move|p1a: Destati|Self-Destruct|p2a: Tauros
|-damage|p2a: Tauros|0 fnt
|faint|p2a: Tauros
|faint|p1a: Destati
|
|win|Tobes