|J|Prague Kick
|J|Selise
|player|p1|Prague Kick|1
|player|p2|Selise|148
|gametype|singles
|gen|1
|tier|[Gen 1] OU
|seed|38369,6596,57816,64592
|rule|Sleep Clause Mod: Limit one foe put to sleep
|rule|Freeze Clause Mod: Limit one foe frozen
|rule|Species Clause: Limit one of each Pokémon
|rule|OHKO Clause: OHKO moves are banned
|rule|Evasion Moves Clause: Evasion moves are banned
|rule|HP Percentage Mod: HP is shown in percentages
|
|start
|switch|p1a: spentooo|Starmie|323\/323
|switch|p2a: Alakazam|Alakazam|313\/313
|turn|1
|J|Tesung
|c|★Prague Kick|hf
|c|★Selise|You too =)
|choice|move 2|move 2
|
|move|p2a: Alakazam|Thunder Wave|p1a: spentooo
|-status|p1a: spentooo|par
|move|p1a: spentooo|Thunder Wave|p2a: Alakazam
|-status|p2a: Alakazam|par
|
|turn|2
|c|★Selise|Have have you done in the rest of the round robin?
|c|★Prague Kick|its the first match i've done
|c|★Selise|Oh okay
|c|★Selise|My first one was earlier today
|c|★Prague Kick|so nah i have to play every other yet
|choice|move 1|move 4
|
|cant|p2a: Alakazam|par
|move|p1a: spentooo|Blizzard|p2a: Alakazam
|-damage|p2a: Alakazam|230\/313 par
|
|turn|3
|c|★Selise|2-0'd H---whatever his name is
|c|★Prague Kick|hyogafodex yeah
|choice|move 1|move 4
|
|move|p2a: Alakazam|Reflect|p2a: Alakazam
|-start|p2a: Alakazam|Reflect
|cant|p1a: spentooo|par
|
|turn|4
|choice|move 1|switch 5
|
|switch|p2a: Chansey|Chansey|703\/703
|move|p1a: spentooo|Blizzard|p2a: Chansey
|-damage|p2a: Chansey|615\/703
|
|turn|5
|c|★Selise|I was gonna say if that freezes me, I'm gonna be mad lol
|choice|switch 5|move 4
|
|switch|p1a: a come spento|Chansey|703\/703
|move|p2a: Chansey|Thunderbolt|p1a: a come spento
|-crit|p1a: a come spento
|-damage|p1a: a come spento|548\/703
|
|turn|6
|c|★Prague Kick|lol
|choice|move 3|move 3
|
|move|p2a: Chansey|Ice Beam|p1a: a come spento
|-damage|p1a: a come spento|471\/703
|move|p1a: a come spento|Thunder Wave|p2a: Chansey
|-status|p2a: Chansey|par
|
|turn|7
|choice|switch 5|move 3
|
|switch|p1a: spentooo|Starmie|323\/323 par
|cant|p2a: Chansey|par
|
|turn|8
|choice|switch 2|move 4
|
|switch|p1a: 20pct spento|Snorlax|523\/523
|cant|p2a: Chansey|par
|
|turn|9
|choice|move 3|switch 3
|
|switch|p2a: Exeggutor|Exeggutor|393\/393
|move|p1a: 20pct spento|Body Slam|p2a: Exeggutor
|-damage|p2a: Exeggutor|271\/393
|
|turn|10
|choice|switch 2|move 1
|
|switch|p1a: spentooo|Starmie|323\/323 par
|move|p2a: Exeggutor|Sleep Powder|p1a: spentooo
|-fail|p1a: spentooo
|
|turn|11
|choice|switch 2|switch 3
|
|switch|p2a: Chansey|Chansey|615\/703 par
|switch|p1a: 20pct spento|Snorlax|523\/523
|
|turn|12
|choice|move 3|move 2
|
|move|p1a: 20pct spento|Body Slam|p2a: Chansey
|-damage|p2a: Chansey|324\/703 par
|move|p2a: Chansey|Thunder Wave|p1a: 20pct spento
|-status|p1a: 20pct spento|par
|
|turn|13
|choice|move 3|move 1
|
|move|p2a: Chansey|Soft-Boiled|p2a: Chansey
|-heal|p2a: Chansey|675\/703 par
|move|p1a: 20pct spento|Body Slam|p2a: Chansey|[miss]
|-miss|p1a: 20pct spento
|
|turn|14
|choice|move 3|switch 2
|
|switch|p2a: Starmie|Starmie|323\/323
|move|p1a: 20pct spento|Body Slam|p2a: Starmie
|-damage|p2a: Starmie|206\/323
|
|turn|15
|choice|move 3|move 3
|
|move|p2a: Starmie|Blizzard|p1a: 20pct spento
|-damage|p1a: 20pct spento|395\/523 par
|cant|p1a: 20pct spento|par
|
|turn|16
|choice|move 3|move 1
|
|move|p2a: Starmie|Recover|p2a: Starmie
|-heal|p2a: Starmie|323\/323
|move|p1a: 20pct spento|Body Slam|p2a: Starmie
|-damage|p2a: Starmie|197\/323
|
|turn|17
|choice|move 3|move 3
|
|move|p2a: Starmie|Blizzard|p1a: 20pct spento
|-crit|p1a: 20pct spento
|-damage|p1a: 20pct spento|140\/523 par
|move|p1a: 20pct spento|Body Slam|p2a: Starmie
|-damage|p2a: Starmie|75\/323
|-status|p2a: Starmie|par
|
|turn|18
|choice|move 4|move 1
|
|move|p2a: Starmie|Recover|p2a: Starmie
|-heal|p2a: Starmie|236\/323 par
|cant|p1a: 20pct spento|par
|
|turn|19
|choice|move 4|move 3
|
|cant|p2a: Starmie|par
|cant|p1a: 20pct spento|par
|
|turn|20
|choice|move 4|move 3
|
|move|p2a: Starmie|Blizzard|p1a: 20pct spento
|-damage|p1a: 20pct spento|17\/523 par
|move|p1a: 20pct spento|Rest|p1a: 20pct spento
|-status|p1a: 20pct spento|slp
|-heal|p1a: 20pct spento|523\/523 slp|[silent]
|-status|p1a: 20pct spento|slp|[from] move: Rest
|
|turn|21
|choice|move 3|switch 5
|
|switch|p2a: Alakazam|Alakazam|230\/313 par
|cant|p1a: 20pct spento|slp
|
|turn|22
|choice|move 3|move 3
|
|move|p2a: Alakazam|Psychic|p1a: 20pct spento
|-damage|p1a: 20pct spento|339\/523 slp
|-curestatus|p1a: 20pct spento|slp
|
|turn|23
|J|xTSR
|L|xTSR
|choice|switch 2|move 4
|
|switch|p1a: spentooo|Starmie|323\/323 par
|move|p2a: Alakazam|Reflect|p2a: Alakazam
|-start|p2a: Alakazam|Reflect
|
|turn|24
|choice|move 3|move 3
|
|move|p2a: Alakazam|Psychic|p1a: spentooo
|-resisted|p1a: spentooo
|-damage|p1a: spentooo|263\/323 par
|move|p1a: spentooo|Thunderbolt|p2a: Alakazam
|-damage|p2a: Alakazam|167\/313 par
|
|turn|25
|choice|move 1|move 1
|
|cant|p2a: Alakazam|par
|cant|p1a: spentooo|par
|
|turn|26
|choice|move 1|move 1
|
|move|p2a: Alakazam|Recover|p2a: Alakazam
|-heal|p2a: Alakazam|313\/313 par
|move|p1a: spentooo|Blizzard|p2a: Alakazam
|-damage|p2a: Alakazam|233\/313 par
|
|turn|27
|choice|move 1|switch 2
|
|switch|p2a: Chansey|Chansey|675\/703 par
|cant|p1a: spentooo|par
|
|turn|28
|J|another onee
|choice|switch 2|move 3
|
|switch|p1a: 20pct spento|Snorlax|339\/523
|move|p2a: Chansey|Ice Beam|p1a: 20pct spento
|-damage|p1a: 20pct spento|245\/523
|-status|p1a: 20pct spento|frz
|
|turn|29
|L|another onee
|choice|switch 5|move 2
|
|switch|p1a: a come spento|Chansey|471\/703
|move|p2a: Chansey|Thunder Wave|p1a: a come spento
|-status|p1a: a come spento|par
|
|turn|30
|J|Alexander
|choice|move 1|switch 3
|
|switch|p2a: Exeggutor|Exeggutor|271\/393
|move|p1a: a come spento|Reflect|p1a: a come spento
|-start|p1a: a come spento|Reflect
|
|turn|31
|choice|move 4|switch 2
|
|switch|p2a: Alakazam|Alakazam|233\/313 par
|move|p1a: a come spento|Soft-Boiled|p1a: a come spento
|-heal|p1a: a come spento|703\/703 par
|
|turn|32
|choice|move 2|move 1
|
|move|p2a: Alakazam|Recover|p2a: Alakazam
|-heal|p2a: Alakazam|313\/313 par
|move|p1a: a come spento|Seismic Toss|p2a: Alakazam
|-damage|p2a: Alakazam|213\/313 par
|
|turn|33
|choice|move 2|move 4
|
|move|p2a: Alakazam|Reflect|p2a: Alakazam
|-start|p2a: Alakazam|Reflect
|move|p1a: a come spento|Seismic Toss|p2a: Alakazam
|-damage|p2a: Alakazam|113\/313 par
|
|turn|34
|choice|move 2|move 1
|
|move|p2a: Alakazam|Recover|p2a: Alakazam
|-heal|p2a: Alakazam|269\/313 par
|move|p1a: a come spento|Seismic Toss|p2a: Alakazam
|-damage|p2a: Alakazam|169\/313 par
|
|turn|35
|choice|move 2|move 1
|
|move|p2a: Alakazam|Recover|p2a: Alakazam
|-heal|p2a: Alakazam|313\/313 par
|cant|p1a: a come spento|par
|
|turn|36
|choice|move 2|move 3
|
|cant|p2a: Alakazam|par
|move|p1a: a come spento|Seismic Toss|p2a: Alakazam
|-damage|p2a: Alakazam|213\/313 par
|
|turn|37
|choice|move 2|move 3
|
|move|p2a: Alakazam|Psychic|p1a: a come spento
|-damage|p1a: a come spento|568\/703 par
|move|p1a: a come spento|Seismic Toss|p2a: Alakazam
|-damage|p2a: Alakazam|113\/313 par
|
|turn|38
|choice|move 2|move 1
|
|move|p2a: Alakazam|Recover|p2a: Alakazam
|-heal|p2a: Alakazam|269\/313 par
|move|p1a: a come spento|Seismic Toss|p2a: Alakazam
|-damage|p2a: Alakazam|169\/313 par
|
|turn|39
|choice|move 2|move 1
|
|cant|p2a: Alakazam|par
|move|p1a: a come spento|Seismic Toss|p2a: Alakazam
|-damage|p2a: Alakazam|69\/313 par
|
|turn|40
|choice|move 2|move 1
|
|move|p2a: Alakazam|Recover|p2a: Alakazam
|-heal|p2a: Alakazam|225\/313 par
|cant|p1a: a come spento|par
|
|turn|41
|choice|move 2|move 3
|
|move|p2a: Alakazam|Psychic|p1a: a come spento
|-damage|p1a: a come spento|438\/703 par
|-unboost|p1a: a come spento|spd|1
|-unboost|p1a: a come spento|spa|1
|move|p1a: a come spento|Seismic Toss|p2a: Alakazam
|-damage|p2a: Alakazam|125\/313 par
|
|turn|42
|choice|move 4|move 1
|
|move|p2a: Alakazam|Recover|p2a: Alakazam
|-heal|p2a: Alakazam|281\/313 par
|move|p1a: a come spento|Soft-Boiled|p1a: a come spento
|-heal|p1a: a come spento|703\/703 par
|
|turn|43
|choice|switch 2|move 3
|
|switch|p1a: spentooo|Starmie|263\/323 par
|move|p2a: Alakazam|Psychic|p1a: spentooo
|-crit|p1a: spentooo
|-resisted|p1a: spentooo
|-damage|p1a: spentooo|140\/323 par
|
|turn|44
|choice|move 4|switch 4
|
|switch|p2a: Snorlax|Snorlax|523\/523
|move|p1a: spentooo|Recover|p1a: spentooo
|-heal|p1a: spentooo|301\/323 par
|
|turn|45
|choice|move 2|move 1
|
|move|p2a: Snorlax|Body Slam|p1a: spentooo
|-damage|p1a: spentooo|180\/323 par
|move|p1a: spentooo|Thunder Wave|p2a: Snorlax
|-status|p2a: Snorlax|par
|
|turn|46
|choice|move 4|move 1
|
|move|p1a: spentooo|Recover|p1a: spentooo
|-heal|p1a: spentooo|323\/323 par
|move|p2a: Snorlax|Body Slam|p1a: spentooo
|-damage|p1a: spentooo|207\/323 par
|
|turn|47
|choice|move 3|move 2
|
|move|p1a: spentooo|Thunderbolt|p2a: Snorlax
|-crit|p2a: Snorlax
|-damage|p2a: Snorlax|346\/523 par
|move|p2a: Snorlax|Amnesia|p2a: Snorlax
|-boost|p2a: Snorlax|spd|2
|-boost|p2a: Snorlax|spa|2
|
|turn|48
|choice|move 4|move 4
|
|move|p2a: Snorlax|Rest|p2a: Snorlax
|-status|p2a: Snorlax|slp
|-heal|p2a: Snorlax|523\/523 slp|[silent]
|-status|p2a: Snorlax|slp|[from] move: Rest
|move|p1a: spentooo|Recover|p1a: spentooo
|-heal|p1a: spentooo|323\/323 par
|
|turn|49
|choice|switch 6|move 1
|
|switch|p1a: spentone|Exeggutor|393\/393
|cant|p2a: Snorlax|slp
|
|turn|50
|choice|move 3|switch 2
|
|switch|p2a: Exeggutor|Exeggutor|271\/393
|move|p1a: spentone|Psychic|p2a: Exeggutor
|-crit|p2a: Exeggutor
|-resisted|p2a: Exeggutor
|-damage|p2a: Exeggutor|166\/393
|
|turn|51
|choice|switch 6|move 4
|
|switch|p1a: spentooo|Starmie|323\/323 par
|move|p2a: Exeggutor|Psychic|p1a: spentooo
|-resisted|p1a: spentooo
|-damage|p1a: spentooo|264\/323 par
|-unboost|p1a: spentooo|spd|1
|-unboost|p1a: spentooo|spa|1
|
|turn|52
|choice|switch 5|move 3
|
|switch|p1a: 20pct spento|Snorlax|245\/523 frz
|move|p2a: Exeggutor|Explosion|p1a: 20pct spento
|-damage|p1a: 20pct spento|0 fnt
|faint|p1a: 20pct spento
|faint|p2a: Exeggutor
|c|★Selise|oops
|c|★Selise|Nice prediction
|J|Le Austin
|c|★Prague Kick|ty bro
|choice|switch 6|switch 4
|
|switch|p1a: spentone|Exeggutor|393\/393
|switch|p2a: Alakazam|Alakazam|281\/313 par
|turn|53
|choice|switch 2|move 2
|
|switch|p1a: a come spento|Chansey|703\/703 par
|cant|p2a: Alakazam|par
|
|turn|54
|choice|move 2|move 3
|
|move|p2a: Alakazam|Psychic|p1a: a come spento
|-damage|p1a: a come spento|578\/703 par
|move|p1a: a come spento|Seismic Toss|p2a: Alakazam
|-damage|p2a: Alakazam|181\/313 par
|
|turn|55
|choice|move 2|move 1
|
|move|p2a: Alakazam|Recover|p2a: Alakazam
|-heal|p2a: Alakazam|313\/313 par
|move|p1a: a come spento|Seismic Toss|p2a: Alakazam
|-damage|p2a: Alakazam|213\/313 par
|
|turn|56
|choice|move 2|move 3
|
|move|p2a: Alakazam|Psychic|p1a: a come spento
|-damage|p1a: a come spento|459\/703 par
|-unboost|p1a: a come spento|spd|1
|-unboost|p1a: a come spento|spa|1
|move|p1a: a come spento|Seismic Toss|p2a: Alakazam
|-damage|p2a: Alakazam|113\/313 par
|
|turn|57
|choice|move 4|move 1
|
|move|p2a: Alakazam|Recover|p2a: Alakazam
|-heal|p2a: Alakazam|269\/313 par
|move|p1a: a come spento|Soft-Boiled|p1a: a come spento
|-heal|p1a: a come spento|703\/703 par
|
|turn|58
|choice|switch 5|switch 3
|
|switch|p2a: Chansey|Chansey|675\/703 par
|switch|p1a: spentooo|Starmie|264\/323 par
|
|turn|59
|choice|switch 5|move 3
|
|switch|p1a: a come spento|Chansey|703\/703 par
|cant|p2a: Chansey|par
|
|turn|60
|choice|move 2|move 2
|
|cant|p1a: a come spento|par
|move|p2a: Chansey|Thunder Wave|p1a: a come spento
|-fail|p1a: a come spento|par
|
|turn|61
|choice|move 2|move 2
|
|move|p2a: Chansey|Thunder Wave|p1a: a come spento
|-fail|p1a: a come spento|par
|cant|p1a: a come spento|par
|
|turn|62
|choice|move 2|switch 2
|
|switch|p2a: Snorlax|Snorlax|523\/523 slp
|move|p1a: a come spento|Seismic Toss|p2a: Snorlax
|-damage|p2a: Snorlax|423\/523 slp
|
|turn|63
|choice|switch 2|move 1
|
|switch|p1a: spentone|Exeggutor|393\/393
|-curestatus|p2a: Snorlax|slp
|
|turn|64
|choice|move 3|switch 3
|
|switch|p2a: Alakazam|Alakazam|269\/313 par
|move|p1a: spentone|Psychic|p2a: Alakazam
|-resisted|p2a: Alakazam
|-damage|p2a: Alakazam|218\/313 par
|
|turn|65
|choice|switch 2|move 4
|
|switch|p1a: a come spento|Chansey|703\/703 par
|move|p2a: Alakazam|Reflect|p2a: Alakazam
|-start|p2a: Alakazam|Reflect
|
|turn|66
|choice|move 2|move 1
|
|move|p2a: Alakazam|Recover|p2a: Alakazam
|-heal|p2a: Alakazam|313\/313 par
|cant|p1a: a come spento|par
|
|turn|67
|choice|move 2|move 3
|
|move|p2a: Alakazam|Psychic|p1a: a come spento
|-damage|p1a: a come spento|584\/703 par
|cant|p1a: a come spento|par
|
|turn|68
|choice|move 4|move 3
|
|move|p2a: Alakazam|Psychic|p1a: a come spento
|-damage|p1a: a come spento|458\/703 par
|move|p1a: a come spento|Soft-Boiled|p1a: a come spento
|-heal|p1a: a come spento|703\/703 par
|
|turn|69
|J|aqqq
|choice|move 2|switch 2
|
|switch|p2a: Chansey|Chansey|675\/703 par
|move|p1a: a come spento|Seismic Toss|p2a: Chansey
|-damage|p2a: Chansey|575\/703 par
|
|turn|70
|L|aqqq
|choice|move 1|switch 2
|
|switch|p2a: Alakazam|Alakazam|313\/313 par
|move|p1a: a come spento|Reflect|p1a: a come spento
|-start|p1a: a come spento|Reflect
|
|turn|71
|choice|move 2|switch 2
|
|switch|p2a: Chansey|Chansey|575\/703 par
|move|p1a: a come spento|Seismic Toss|p2a: Chansey
|-damage|p2a: Chansey|475\/703 par
|
|turn|72
|J|Snou
|choice|move 3|move 1
|
|move|p2a: Chansey|Soft-Boiled|p2a: Chansey
|-heal|p2a: Chansey|703\/703 par
|move|p1a: a come spento|Thunder Wave|p2a: Chansey
|-fail|p2a: Chansey|par
|
|turn|73
|choice|move 1|switch 2
|
|switch|p2a: Alakazam|Alakazam|313\/313 par
|move|p1a: a come spento|Reflect|p1a: a come spento
|-fail|p1a: a come spento
|
|turn|74
|choice|move 2|switch 2
|
|switch|p2a: Chansey|Chansey|703\/703 par
|move|p1a: a come spento|Seismic Toss|p2a: Chansey
|-damage|p2a: Chansey|603\/703 par
|
|turn|75
|choice|move 1|move 2
|
|move|p1a: a come spento|Reflect|p1a: a come spento
|-fail|p1a: a come spento
|move|p2a: Chansey|Thunder Wave|p1a: a come spento
|-fail|p1a: a come spento|par
|
|turn|76
|choice|move 3|move 2
|
|move|p1a: a come spento|Thunder Wave|p2a: Chansey
|-fail|p2a: Chansey|par
|move|p2a: Chansey|Thunder Wave|p1a: a come spento
|-fail|p1a: a come spento|par
|
|turn|77
|choice|move 1|move 2
|
|move|p2a: Chansey|Thunder Wave|p1a: a come spento
|-fail|p1a: a come spento|par
|move|p1a: a come spento|Reflect|p1a: a come spento
|-fail|p1a: a come spento
|
|turn|78
|choice|move 1|move 2
|
|move|p2a: Chansey|Thunder Wave|p1a: a come spento
|-fail|p1a: a come spento|par
|cant|p1a: a come spento|par
|
|turn|79
|choice|move 3|move 2
|
|move|p1a: a come spento|Thunder Wave|p2a: Chansey
|-fail|p2a: Chansey|par
|cant|p2a: Chansey|par
|
|turn|80
|choice|move 1|move 2
|
|move|p1a: a come spento|Reflect|p1a: a come spento
|-fail|p1a: a come spento
|move|p2a: Chansey|Thunder Wave|p1a: a come spento
|-fail|p1a: a come spento|par
|
|turn|81
|choice|move 3|move 1
|
|move|p2a: Chansey|Soft-Boiled|p2a: Chansey
|-heal|p2a: Chansey|703\/703 par
|move|p1a: a come spento|Thunder Wave|p2a: Chansey
|-fail|p2a: Chansey|par
|
|turn|82
|choice|move 1|move 2
|
|move|p2a: Chansey|Thunder Wave|p1a: a come spento|[miss]
|-miss|p2a: Chansey
|move|p1a: a come spento|Reflect|p1a: a come spento
|-fail|p1a: a come spento
|
|turn|83
|choice|move 3|move 2
|
|move|p2a: Chansey|Thunder Wave|p1a: a come spento
|-fail|p1a: a come spento|par
|move|p1a: a come spento|Thunder Wave|p2a: Chansey
|-fail|p2a: Chansey|par
|
|turn|84
|choice|move 3|move 4
|
|move|p2a: Chansey|Thunderbolt|p1a: a come spento
|-damage|p1a: a come spento|626\/703 par
|cant|p1a: a come spento|par
|
|turn|85
|choice|move 1|move 4
|
|move|p2a: Chansey|Thunderbolt|p1a: a come spento
|-damage|p1a: a come spento|557\/703 par
|move|p1a: a come spento|Reflect|p1a: a come spento
|-fail|p1a: a come spento
|
|turn|86
|choice|move 3|switch 2
|
|switch|p2a: Alakazam|Alakazam|313\/313 par
|move|p1a: a come spento|Thunder Wave|p2a: Alakazam
|-fail|p2a: Alakazam|par
|
|turn|87
|choice|move 4|move 3
|
|cant|p2a: Alakazam|par
|move|p1a: a come spento|Soft-Boiled|p1a: a come spento
|-heal|p1a: a come spento|703\/703 par
|
|turn|88
|choice|move 1|move 3
|
|move|p2a: Alakazam|Psychic|p1a: a come spento
|-damage|p1a: a come spento|585\/703 par
|move|p1a: a come spento|Reflect|p1a: a come spento
|-fail|p1a: a come spento
|
|turn|89
|choice|move 3|move 4
|
|move|p2a: Alakazam|Reflect|p2a: Alakazam
|-start|p2a: Alakazam|Reflect
|move|p1a: a come spento|Thunder Wave|p2a: Alakazam
|-fail|p2a: Alakazam|par
|
|turn|90
|choice|move 2|move 3
|
|move|p2a: Alakazam|Psychic|p1a: a come spento
|-damage|p1a: a come spento|463\/703 par
|move|p1a: a come spento|Seismic Toss|p2a: Alakazam
|-damage|p2a: Alakazam|213\/313 par
|
|turn|91
|choice|move 4|move 3
|
|move|p2a: Alakazam|Psychic|p1a: a come spento
|-damage|p1a: a come spento|335\/703 par
|cant|p1a: a come spento|par
|
|turn|92
|choice|move 4|move 3
|
|cant|p2a: Alakazam|par
|move|p1a: a come spento|Soft-Boiled|p1a: a come spento
|-heal|p1a: a come spento|686\/703 par
|
|turn|93
|choice|move 2|move 1
|
|move|p2a: Alakazam|Recover|p2a: Alakazam
|-heal|p2a: Alakazam|313\/313 par
|move|p1a: a come spento|Seismic Toss|p2a: Alakazam
|-damage|p2a: Alakazam|213\/313 par
|
|turn|94
|choice|move 2|move 3
|
|move|p2a: Alakazam|Psychic|p1a: a come spento
|-damage|p1a: a come spento|561\/703 par
|cant|p1a: a come spento|par
|
|turn|95
|choice|move 4|move 1
|
|move|p2a: Alakazam|Recover|p2a: Alakazam
|-heal|p2a: Alakazam|313\/313 par
|move|p1a: a come spento|Soft-Boiled|p1a: a come spento
|-heal|p1a: a come spento|703\/703 par
|
|turn|96
|choice|move 2|switch 2
|
|switch|p2a: Chansey|Chansey|703\/703 par
|move|p1a: a come spento|Seismic Toss|p2a: Chansey
|-damage|p2a: Chansey|603\/703 par
|
|turn|97
|choice|move 1|move 2
|
|move|p2a: Chansey|Thunder Wave|p1a: a come spento
|-fail|p1a: a come spento|par
|move|p1a: a come spento|Reflect|p1a: a come spento
|-fail|p1a: a come spento
|
|turn|98
|choice|move 3|move 2
|
|cant|p2a: Chansey|par
|move|p1a: a come spento|Thunder Wave|p2a: Chansey
|-fail|p2a: Chansey|par
|
|turn|99
|choice|move 3|move 2
|
|cant|p1a: a come spento|par
|move|p2a: Chansey|Thunder Wave|p1a: a come spento
|-fail|p1a: a come spento|par
|
|turn|100
|choice|move 1|move 2
|
|cant|p1a: a come spento|par
|move|p2a: Chansey|Thunder Wave|p1a: a come spento
|-fail|p1a: a come spento|par
|
|turn|101
|choice|move 3|move 2
|
|move|p2a: Chansey|Thunder Wave|p1a: a come spento
|-fail|p1a: a come spento|par
|move|p1a: a come spento|Thunder Wave|p2a: Chansey
|-fail|p2a: Chansey|par
|
|turn|102
|choice|move 3|move 2
|
|cant|p2a: Chansey|par
|move|p1a: a come spento|Thunder Wave|p2a: Chansey
|-fail|p2a: Chansey|par
|
|turn|103
|choice|move 1|move 2
|
|move|p1a: a come spento|Reflect|p1a: a come spento
|-fail|p1a: a come spento
|move|p2a: Chansey|Thunder Wave|p1a: a come spento
|-fail|p1a: a come spento|par
|
|turn|104
|choice|move 1|move 2
|
|move|p2a: Chansey|Thunder Wave|p1a: a come spento
|-fail|p1a: a come spento|par
|move|p1a: a come spento|Reflect|p1a: a come spento
|-fail|p1a: a come spento
|
|turn|105
|choice|move 1|move 2
|
|move|p1a: a come spento|Reflect|p1a: a come spento
|-fail|p1a: a come spento
|move|p2a: Chansey|Thunder Wave|p1a: a come spento
|-fail|p1a: a come spento|par
|
|turn|106
|choice|move 1|move 2
|
|cant|p2a: Chansey|par
|cant|p1a: a come spento|par
|
|turn|107
|choice|move 1|move 2
|
|move|p2a: Chansey|Thunder Wave|p1a: a come spento
|-fail|p1a: a come spento|par
|move|p1a: a come spento|Reflect|p1a: a come spento
|-fail|p1a: a come spento
|
|turn|108
|choice|move 3|move 2
|
|cant|p1a: a come spento|par
|move|p2a: Chansey|Thunder Wave|p1a: a come spento
|-fail|p1a: a come spento|par
|
|turn|109
|choice|move 3|move 4
|
|move|p2a: Chansey|Thunderbolt|p1a: a come spento
|-damage|p1a: a come spento|631\/703 par
|move|p1a: a come spento|Thunder Wave|p2a: Chansey|[miss]
|-miss|p1a: a come spento
|
|turn|110
|choice|move 3|move 4
|
|move|p2a: Chansey|Thunderbolt|p1a: a come spento
|-damage|p1a: a come spento|554\/703 par
|move|p1a: a come spento|Thunder Wave|p2a: Chansey
|-fail|p2a: Chansey|par
|
|turn|111
|choice|move 3|move 4
|
|move|p2a: Chansey|Thunderbolt|p1a: a come spento
|-damage|p1a: a come spento|485\/703 par
|move|p1a: a come spento|Thunder Wave|p2a: Chansey
|-fail|p2a: Chansey|par
|
|turn|112
|choice|move 4|move 4
|
|move|p2a: Chansey|Thunderbolt|p1a: a come spento
|-damage|p1a: a come spento|417\/703 par
|move|p1a: a come spento|Soft-Boiled|p1a: a come spento
|-heal|p1a: a come spento|703\/703 par
|
|turn|113
|choice|move 1|move 4
|
|move|p2a: Chansey|Thunderbolt|p1a: a come spento
|-crit|p1a: a come spento
|-damage|p1a: a come spento|559\/703 par
|cant|p1a: a come spento|par
|
|turn|114
|choice|move 3|move 4
|
|move|p2a: Chansey|Thunderbolt|p1a: a come spento
|-damage|p1a: a come spento|479\/703 par
|cant|p1a: a come spento|par
|
|turn|115
|choice|move 1|move 4
|
|move|p1a: a come spento|Reflect|p1a: a come spento
|-fail|p1a: a come spento
|cant|p2a: Chansey|par
|
|turn|116
|choice|move 4|move 4
|
|move|p2a: Chansey|Thunderbolt|p1a: a come spento
|-crit|p1a: a come spento
|-damage|p1a: a come spento|342\/703 par
|cant|p1a: a come spento|par
|
|turn|117
|choice|move 4|move 3
|
|cant|p2a: Chansey|par
|move|p1a: a come spento|Soft-Boiled|p1a: a come spento
|-heal|p1a: a come spento|693\/703 par
|
|turn|118
|choice|move 1|move 4
|
|move|p1a: a come spento|Reflect|p1a: a come spento
|-fail|p1a: a come spento
|move|p2a: Chansey|Thunderbolt|p1a: a come spento
|-damage|p1a: a come spento|612\/703 par
|
|turn|119
|choice|move 3|move 4
|
|move|p2a: Chansey|Thunderbolt|p1a: a come spento
|-damage|p1a: a come spento|541\/703 par
|cant|p1a: a come spento|par
|
|turn|120
|choice|move 3|move 2
|
|move|p1a: a come spento|Thunder Wave|p2a: Chansey
|-fail|p2a: Chansey|par
|move|p2a: Chansey|Thunder Wave|p1a: a come spento
|-fail|p1a: a come spento|par
|
|turn|121
|choice|move 3|move 4
|
|move|p1a: a come spento|Thunder Wave|p2a: Chansey
|-fail|p2a: Chansey|par
|move|p2a: Chansey|Thunderbolt|p1a: a come spento
|-damage|p1a: a come spento|460\/703 par
|
|turn|122
|choice|move 4|move 2
|
|move|p2a: Chansey|Thunder Wave|p1a: a come spento
|-fail|p1a: a come spento|par
|move|p1a: a come spento|Soft-Boiled|p1a: a come spento
|-heal|p1a: a come spento|703\/703 par
|
|turn|123
|choice|move 3|move 4
|
|move|p2a: Chansey|Thunderbolt|p1a: a come spento
|-crit|p1a: a come spento
|-damage|p1a: a come spento|569\/703 par
|move|p1a: a come spento|Thunder Wave|p2a: Chansey
|-fail|p2a: Chansey|par
|
|turn|124
|choice|move 1|move 3
|
|move|p2a: Chansey|Ice Beam|p1a: a come spento
|-damage|p1a: a come spento|496\/703 par
|move|p1a: a come spento|Reflect|p1a: a come spento
|-fail|p1a: a come spento
|
|turn|125
|choice|move 3|move 2
|
|move|p2a: Chansey|Thunder Wave|p1a: a come spento
|-fail|p1a: a come spento|par
|move|p1a: a come spento|Thunder Wave|p2a: Chansey
|-fail|p2a: Chansey|par
|
|turn|126
|J|Prankster
|choice|move 3|move 2
|
|cant|p2a: Chansey|par
|move|p1a: a come spento|Thunder Wave|p2a: Chansey
|-fail|p2a: Chansey|par
|
|turn|127
|L|Prankster
|choice|move 3|move 1
|
|cant|p1a: a come spento|par
|cant|p2a: Chansey|par
|
|turn|128
|choice|move 3|move 1
|
|move|p1a: a come spento|Thunder Wave|p2a: Chansey
|-fail|p2a: Chansey|par
|move|p2a: Chansey|Soft-Boiled|p2a: Chansey
|-heal|p2a: Chansey|703\/703 par
|
|turn|129
|choice|move 1|move 2
|
|move|p1a: a come spento|Reflect|p1a: a come spento
|-fail|p1a: a come spento
|move|p2a: Chansey|Thunder Wave|p1a: a come spento
|-fail|p1a: a come spento|par
|
|turn|130
|choice|move 1|move 2
|
|move|p2a: Chansey|Thunder Wave|p1a: a come spento
|-fail|p1a: a come spento|par
|move|p1a: a come spento|Reflect|p1a: a come spento
|-fail|p1a: a come spento
|
|turn|131
|choice|move 1|move 2
|
|move|p1a: a come spento|Reflect|p1a: a come spento
|-fail|p1a: a come spento
|cant|p2a: Chansey|par
|
|turn|132
|choice|move 3|move 2
|
|cant|p1a: a come spento|par
|move|p2a: Chansey|Thunder Wave|p1a: a come spento
|-fail|p1a: a come spento|par
|
|turn|133
|choice|move 1|move 2
|
|cant|p1a: a come spento|par
|move|p2a: Chansey|Thunder Wave|p1a: a come spento
|-fail|p1a: a come spento|par
|
|turn|134
|choice|move 1|move 4
|
|move|p2a: Chansey|Thunderbolt|p1a: a come spento
|-damage|p1a: a come spento|427\/703 par
|move|p1a: a come spento|Reflect|p1a: a come spento
|-fail|p1a: a come spento
|
|turn|135
|choice|move 4|move 3
|
|move|p1a: a come spento|Soft-Boiled|p1a: a come spento
|-heal|p1a: a come spento|703\/703 par
|move|p2a: Chansey|Ice Beam|p1a: a come spento
|-damage|p1a: a come spento|629\/703 par
|
|turn|136
|choice|move 1|move 3
|
|move|p1a: a come spento|Reflect|p1a: a come spento
|-fail|p1a: a come spento
|move|p2a: Chansey|Ice Beam|p1a: a come spento
|-damage|p1a: a come spento|550\/703 par
|
|turn|137
|choice|move 1|move 3
|
|move|p1a: a come spento|Reflect|p1a: a come spento
|-fail|p1a: a come spento
|move|p2a: Chansey|Ice Beam|p1a: a come spento
|-damage|p1a: a come spento|480\/703 par
|
|turn|138
|choice|move 4|move 2
|
|cant|p2a: Chansey|par
|cant|p1a: a come spento|par
|
|turn|139
|choice|move 3|move 3
|
|cant|p1a: a come spento|par
|move|p2a: Chansey|Ice Beam|p1a: a come spento
|-crit|p1a: a come spento
|-damage|p1a: a come spento|326\/703 par
|
|turn|140
|choice|move 4|move 3
|
|cant|p2a: Chansey|par
|move|p1a: a come spento|Soft-Boiled|p1a: a come spento
|-heal|p1a: a come spento|677\/703 par
|
|turn|141
|choice|move 1|move 4
|
|cant|p1a: a come spento|par
|cant|p2a: Chansey|par
|
|turn|142
|choice|move 1|move 4
|
|cant|p1a: a come spento|par
|move|p2a: Chansey|Thunderbolt|p1a: a come spento
|-damage|p1a: a come spento|604\/703 par
|
|turn|143
|choice|move 1|move 2
|
|cant|p1a: a come spento|par
|move|p2a: Chansey|Thunder Wave|p1a: a come spento
|-fail|p1a: a come spento|par
|
|turn|144
|choice|move 1|move 2
|
|move|p1a: a come spento|Reflect|p1a: a come spento
|-fail|p1a: a come spento
|move|p2a: Chansey|Thunder Wave|p1a: a come spento
|-fail|p1a: a come spento|par
|
|turn|145
|choice|move 1|move 3
|
|move|p2a: Chansey|Ice Beam|p1a: a come spento
|-damage|p1a: a come spento|527\/703 par
|move|p1a: a come spento|Reflect|p1a: a come spento
|-fail|p1a: a come spento
|
|turn|146
|choice|move 3|move 2
|
|move|p2a: Chansey|Thunder Wave|p1a: a come spento
|-fail|p1a: a come spento|par
|move|p1a: a come spento|Thunder Wave|p2a: Chansey
|-fail|p2a: Chansey|par
|
|turn|147
|choice|move 1|switch 2
|
|switch|p2a: Alakazam|Alakazam|313\/313 par
|move|p1a: a come spento|Reflect|p1a: a come spento
|-fail|p1a: a come spento
|
|turn|148
|L|Snou
|choice|move 3|move 4
|
|move|p2a: Alakazam|Reflect|p2a: Alakazam
|-start|p2a: Alakazam|Reflect
|move|p1a: a come spento|Thunder Wave|p2a: Alakazam
|-fail|p2a: Alakazam|par
|
|turn|149
|choice|move 4|move 4
|
|move|p2a: Alakazam|Reflect|p2a: Alakazam
|-fail|p2a: Alakazam
|move|p1a: a come spento|Soft-Boiled|p1a: a come spento
|-heal|p1a: a come spento|703\/703 par
|
|turn|150
|choice|move 2|move 2
|
|move|p2a: Alakazam|Thunder Wave|p1a: a come spento
|-fail|p1a: a come spento|par
|move|p1a: a come spento|Seismic Toss|p2a: Alakazam
|-damage|p2a: Alakazam|213\/313 par
|
|turn|151
|choice|switch 5|move 1
|
|switch|p1a: spentooo|Starmie|264\/323 par
|move|p2a: Alakazam|Recover|p2a: Alakazam
|-heal|p2a: Alakazam|313\/313 par
|
|turn|152
|choice|move 3|switch 2
|
|switch|p2a: Chansey|Chansey|703\/703 par
|move|p1a: spentooo|Thunderbolt|p2a: Chansey
|-crit|p2a: Chansey
|-damage|p2a: Chansey|552\/703 par
|
|turn|153
|choice|switch 5|move 1
|
|switch|p1a: a come spento|Chansey|703\/703 par
|move|p2a: Chansey|Soft-Boiled|p2a: Chansey
|-heal|p2a: Chansey|703\/703 par
|
|turn|154
|choice|move 1|switch 2
|
|switch|p2a: Alakazam|Alakazam|313\/313 par
|cant|p1a: a come spento|par
|
|turn|155
|choice|move 2|move 4
|
|move|p2a: Alakazam|Reflect|p2a: Alakazam
|-start|p2a: Alakazam|Reflect
|move|p1a: a come spento|Seismic Toss|p2a: Alakazam
|-damage|p2a: Alakazam|213\/313 par
|
|turn|156
|choice|move 2|move 1
|
|move|p2a: Alakazam|Recover|p2a: Alakazam
|-heal|p2a: Alakazam|313\/313 par
|move|p1a: a come spento|Seismic Toss|p2a: Alakazam
|-damage|p2a: Alakazam|213\/313 par
|
|turn|157
|choice|move 2|move 1
|
|move|p2a: Alakazam|Recover|p2a: Alakazam
|-heal|p2a: Alakazam|313\/313 par
|move|p1a: a come spento|Seismic Toss|p2a: Alakazam
|-damage|p2a: Alakazam|213\/313 par
|
|turn|158
|choice|move 2|move 1
|
|cant|p2a: Alakazam|par
|move|p1a: a come spento|Seismic Toss|p2a: Alakazam
|-damage|p2a: Alakazam|113\/313 par
|
|turn|159
|choice|move 2|move 1
|
|move|p2a: Alakazam|Recover|p2a: Alakazam
|-heal|p2a: Alakazam|269\/313 par
|cant|p1a: a come spento|par
|
|turn|160
|choice|move 2|move 1
|
|cant|p2a: Alakazam|par
|move|p1a: a come spento|Seismic Toss|p2a: Alakazam
|-damage|p2a: Alakazam|169\/313 par
|
|turn|161
|choice|move 2|move 1
|
|move|p2a: Alakazam|Recover|p2a: Alakazam
|-heal|p2a: Alakazam|313\/313 par
|move|p1a: a come spento|Seismic Toss|p2a: Alakazam
|-damage|p2a: Alakazam|213\/313 par
|
|turn|162
|choice|switch 5|move 1
|
|switch|p1a: spentooo|Starmie|264\/323 par
|move|p2a: Alakazam|Recover|p2a: Alakazam
|-heal|p2a: Alakazam|313\/313 par
|
|turn|163
|choice|move 4|move 4
|
|move|p2a: Alakazam|Reflect|p2a: Alakazam
|-fail|p2a: Alakazam
|move|p1a: spentooo|Recover|p1a: spentooo
|-heal|p1a: spentooo|323\/323 par
|
|turn|164
|choice|move 3|switch 2
|
|switch|p2a: Chansey|Chansey|703\/703 par
|move|p1a: spentooo|Thunderbolt|p2a: Chansey
|-damage|p2a: Chansey|636\/703 par
|
|turn|165
|choice|switch 5|switch 2
|
|switch|p1a: a come spento|Chansey|703\/703 par
|switch|p2a: Alakazam|Alakazam|313\/313 par
|
|turn|166
|choice|switch 5|move 4
|
|switch|p1a: spentooo|Starmie|323\/323 par
|cant|p2a: Alakazam|par
|
|turn|167
|choice|move 3|switch 2
|
|switch|p2a: Chansey|Chansey|636\/703 par
|move|p1a: spentooo|Thunderbolt|p2a: Chansey
|-damage|p2a: Chansey|563\/703 par
|
|turn|168
|choice|switch 5|move 1
|
|switch|p1a: a come spento|Chansey|703\/703 par
|move|p2a: Chansey|Soft-Boiled|p2a: Chansey
|-heal|p2a: Chansey|703\/703 par
|
|turn|169
|L|Le Austin
|choice|move 2|switch 5
|
|switch|p2a: Starmie|Starmie|236\/323 par
|move|p1a: a come spento|Seismic Toss|p2a: Starmie
|-damage|p2a: Starmie|136\/323 par
|
|turn|170
|choice|switch 3|move 1
|
|switch|p1a: 80pct spento|Lapras|463\/463
|move|p2a: Starmie|Recover|p2a: Starmie
|-heal|p2a: Starmie|297\/323 par
|
|turn|171
|choice|move 2|switch 5
|
|switch|p2a: Chansey|Chansey|703\/703 par
|move|p1a: 80pct spento|Thunderbolt|p2a: Chansey
|-crit|p2a: Chansey
|-damage|p2a: Chansey|564\/703 par
|
|turn|172
|choice|switch 3|move 1
|
|switch|p1a: a come spento|Chansey|703\/703 par
|move|p2a: Chansey|Soft-Boiled|p2a: Chansey
|-heal|p2a: Chansey|703\/703 par
|
|turn|173
|choice|move 2|move 3
|
|cant|p1a: a come spento|par
|move|p2a: Chansey|Ice Beam|p1a: a come spento
|-damage|p1a: a come spento|624\/703 par
|
|turn|174
|choice|move 2|switch 3
|
|switch|p2a: Snorlax|Snorlax|423\/523
|cant|p1a: a come spento|par
|
|turn|175
|J|Le Austin
|choice|move 3|move 1
|
|move|p2a: Snorlax|Body Slam|p1a: a come spento
|-damage|p1a: a come spento|350\/703 par
|move|p1a: a come spento|Thunder Wave|p2a: Snorlax
|-status|p2a: Snorlax|par
|
|turn|176
|choice|switch 5|move 1
|
|switch|p1a: spentooo|Starmie|323\/323 par
|move|p2a: Snorlax|Body Slam|p1a: spentooo
|-crit|p1a: spentooo
|-damage|p1a: spentooo|98\/323 par
|
|turn|177
|choice|move 4|move 1
|
|move|p1a: spentooo|Recover|p1a: spentooo
|-heal|p1a: spentooo|259\/323 par
|move|p2a: Snorlax|Body Slam|p1a: spentooo
|-damage|p1a: spentooo|137\/323 par
|
|turn|178
|choice|move 4|switch 3
|
|switch|p2a: Chansey|Chansey|703\/703 par
|move|p1a: spentooo|Recover|p1a: spentooo
|-heal|p1a: spentooo|298\/323 par
|
|turn|179
|choice|switch 5|switch 3
|
|switch|p1a: a come spento|Chansey|350\/703 par
|switch|p2a: Snorlax|Snorlax|423\/523 par
|
|turn|180
|choice|switch 5|move 2
|
|switch|p1a: spentooo|Starmie|298\/323 par
|cant|p2a: Snorlax|par
|
|turn|181
|choice|move 3|switch 2
|
|switch|p2a: Alakazam|Alakazam|313\/313 par
|move|p1a: spentooo|Thunderbolt|p2a: Alakazam
|-damage|p2a: Alakazam|247\/313 par
|
|turn|182
|choice|move 1|move 4
|
|move|p2a: Alakazam|Reflect|p2a: Alakazam
|-start|p2a: Alakazam|Reflect
|move|p1a: spentooo|Blizzard|p2a: Alakazam
|-damage|p2a: Alakazam|164\/313 par
|
|turn|183
|choice|move 3|move 1
|
|move|p2a: Alakazam|Recover|p2a: Alakazam
|-heal|p2a: Alakazam|313\/313 par
|move|p1a: spentooo|Thunderbolt|p2a: Alakazam
|-damage|p2a: Alakazam|250\/313 par
|
|turn|184
|choice|move 3|move 4
|
|move|p2a: Alakazam|Reflect|p2a: Alakazam
|-fail|p2a: Alakazam
|cant|p1a: spentooo|par
|
|turn|185
|choice|move 3|move 4
|
|cant|p2a: Alakazam|par
|move|p1a: spentooo|Thunderbolt|p2a: Alakazam
|-crit|p2a: Alakazam
|-damage|p2a: Alakazam|131\/313 par
|
|turn|186
|choice|switch 5|move 1
|
|switch|p1a: a come spento|Chansey|350\/703 par
|cant|p2a: Alakazam|par
|
|turn|187
|choice|move 4|move 1
|
|move|p2a: Alakazam|Recover|p2a: Alakazam
|-heal|p2a: Alakazam|287\/313 par
|move|p1a: a come spento|Soft-Boiled|p1a: a come spento
|-heal|p1a: a come spento|701\/703 par
|
|turn|188
|choice|switch 5|switch 5
|
|switch|p2a: Starmie|Starmie|297\/323 par
|switch|p1a: spentooo|Starmie|298\/323 par
|
|turn|189
|choice|move 3|switch 3
|
|switch|p2a: Chansey|Chansey|703\/703 par
|move|p1a: spentooo|Thunderbolt|p2a: Chansey
|-damage|p2a: Chansey|635\/703 par
|
|turn|190
|choice|switch 5|move 3
|
|switch|p1a: a come spento|Chansey|701\/703 par
|cant|p2a: Chansey|par
|
|turn|191
|choice|switch 5|switch 5
|
|switch|p1a: spentooo|Starmie|298\/323 par
|switch|p2a: Alakazam|Alakazam|287\/313 par
|
|turn|192
|choice|move 3|move 4
|
|move|p2a: Alakazam|Reflect|p2a: Alakazam
|-start|p2a: Alakazam|Reflect
|move|p1a: spentooo|Thunderbolt|p2a: Alakazam
|-crit|p2a: Alakazam
|-damage|p2a: Alakazam|162\/313 par
|
|turn|193
|choice|move 1|move 1
|
|move|p2a: Alakazam|Recover|p2a: Alakazam
|-heal|p2a: Alakazam|313\/313 par
|move|p1a: spentooo|Blizzard|p2a: Alakazam|[miss]
|-miss|p1a: spentooo
|
|turn|194
|choice|move 3|move 2
|
|move|p2a: Alakazam|Thunder Wave|p1a: spentooo
|-fail|p1a: spentooo|par
|move|p1a: spentooo|Thunderbolt|p2a: Alakazam
|-crit|p2a: Alakazam
|-damage|p2a: Alakazam|205\/313 par
|
|turn|195
|choice|switch 5|move 1
|
|switch|p1a: a come spento|Chansey|701\/703 par
|move|p2a: Alakazam|Recover|p2a: Alakazam
|-heal|p2a: Alakazam|313\/313 par
|
|turn|196
|choice|switch 5|move 2
|
|switch|p1a: spentooo|Starmie|298\/323 par
|move|p2a: Alakazam|Thunder Wave|p1a: spentooo
|-fail|p1a: spentooo|par
|
|turn|197
|choice|move 3|switch 5
|
|switch|p2a: Chansey|Chansey|635\/703 par
|move|p1a: spentooo|Thunderbolt|p2a: Chansey
|-damage|p2a: Chansey|564\/703 par
|
|turn|198
|choice|switch 5|move 3
|
|switch|p1a: a come spento|Chansey|701\/703 par
|move|p2a: Chansey|Ice Beam|p1a: a come spento
|-damage|p1a: a come spento|630\/703 par
|
|turn|199
|choice|move 2|move 1
|
|move|p2a: Chansey|Soft-Boiled|p2a: Chansey
|-heal|p2a: Chansey|703\/703 par
|cant|p1a: a come spento|par
|
|turn|200
|choice|move 2|move 3
|
|move|p1a: a come spento|Seismic Toss|p2a: Chansey
|-damage|p2a: Chansey|603\/703 par
|move|p2a: Chansey|Ice Beam|p1a: a come spento
|-damage|p1a: a come spento|551\/703 par
|
|turn|201
|J|Bro Kappa
|choice|switch 3|move 3
|
|switch|p1a: 80pct spento|Lapras|463\/463
|move|p2a: Chansey|Ice Beam|p1a: 80pct spento
|-resisted|p1a: 80pct spento
|-damage|p1a: 80pct spento|444\/463
|
|turn|202
|choice|switch 3|move 4
|
|switch|p1a: a come spento|Chansey|551\/703 par
|move|p2a: Chansey|Thunderbolt|p1a: a come spento
|-damage|p1a: a come spento|481\/703 par
|
|turn|203
|choice|move 2|switch 2
|
|switch|p2a: Snorlax|Snorlax|423\/523 par
|move|p1a: a come spento|Seismic Toss|p2a: Snorlax
|-damage|p2a: Snorlax|323\/523 par
|
|turn|204
|choice|switch 5|move 1
|
|switch|p1a: spentooo|Starmie|298\/323 par
|move|p2a: Snorlax|Body Slam|p1a: spentooo
|-crit|p1a: spentooo
|-damage|p1a: spentooo|78\/323 par
|
|turn|205
|choice|move 4|move 1
|
|move|p1a: spentooo|Recover|p1a: spentooo
|-heal|p1a: spentooo|239\/323 par
|cant|p2a: Snorlax|par
|
|turn|206
|choice|move 3|switch 2
|
|switch|p2a: Chansey|Chansey|603\/703 par
|move|p1a: spentooo|Thunderbolt|p2a: Chansey
|-damage|p2a: Chansey|527\/703 par
|
|turn|207
|choice|switch 5|switch 2
|
|switch|p1a: a come spento|Chansey|481\/703 par
|switch|p2a: Snorlax|Snorlax|323\/523 par
|
|turn|208
|choice|switch 5|move 1
|
|switch|p1a: spentooo|Starmie|239\/323 par
|move|p2a: Snorlax|Body Slam|p1a: spentooo
|-damage|p1a: spentooo|115\/323 par
|
|turn|209
|choice|move 4|move 1
|
|cant|p1a: spentooo|par
|move|p2a: Snorlax|Body Slam|p1a: spentooo
|-damage|p1a: spentooo|0 fnt
|faint|p1a: spentooo
|choice|switch 3|
|
|switch|p1a: 80pct spento|Lapras|444\/463
|turn|210
|choice|move 1|switch 2
|
|switch|p2a: Chansey|Chansey|527\/703 par
|move|p1a: 80pct spento|Blizzard|p2a: Chansey|[miss]
|-miss|p1a: 80pct spento
|
|turn|211
|choice|move 3|move 3
|
|move|p1a: 80pct spento|Body Slam|p2a: Chansey
|-damage|p2a: Chansey|353\/703 par
|move|p2a: Chansey|Ice Beam|p1a: 80pct spento
|-resisted|p1a: 80pct spento
|-damage|p1a: 80pct spento|425\/463
|
|turn|212
|choice|move 3|move 1
|
|move|p1a: 80pct spento|Body Slam|p2a: Chansey
|-damage|p2a: Chansey|175\/703 par
|move|p2a: Chansey|Soft-Boiled|p2a: Chansey
|-heal|p2a: Chansey|526\/703 par
|
|turn|213
|choice|switch 5|move 2
|
|switch|p1a: a come spento|Chansey|481\/703 par
|cant|p2a: Chansey|par
|
|turn|214
|choice|move 2|move 1
|
|move|p1a: a come spento|Seismic Toss|p2a: Chansey
|-damage|p2a: Chansey|426\/703 par
|move|p2a: Chansey|Soft-Boiled|p2a: Chansey
|-heal|p2a: Chansey|703\/703 par
|
|turn|215
|choice|move 2|switch 5
|
|switch|p2a: Alakazam|Alakazam|313\/313 par
|cant|p1a: a come spento|par
|
|turn|216
|L|Alexander
|choice|switch 2|move 4
|
|switch|p1a: spentone|Exeggutor|393\/393
|move|p2a: Alakazam|Reflect|p2a: Alakazam
|-start|p2a: Alakazam|Reflect
|
|turn|217
|choice|switch 2|move 2
|
|switch|p1a: a come spento|Chansey|481\/703 par
|move|p2a: Alakazam|Thunder Wave|p1a: a come spento
|-fail|p1a: a come spento|par
|
|turn|218
|choice|move 2|move 2
|
|move|p2a: Alakazam|Thunder Wave|p1a: a come spento
|-fail|p1a: a come spento|par
|move|p1a: a come spento|Seismic Toss|p2a: Alakazam
|-damage|p2a: Alakazam|213\/313 par
|
|turn|219
|choice|switch 2|move 1
|
|switch|p1a: spentone|Exeggutor|393\/393
|move|p2a: Alakazam|Recover|p2a: Alakazam
|-heal|p2a: Alakazam|313\/313 par
|
|turn|220
|choice|switch 2|move 2
|
|switch|p1a: a come spento|Chansey|481\/703 par
|move|p2a: Alakazam|Thunder Wave|p1a: a come spento|[miss]
|-miss|p2a: Alakazam
|
|turn|221
|choice|switch 2|move 4
|
|switch|p1a: spentone|Exeggutor|393\/393
|cant|p2a: Alakazam|par
|
|turn|222
|choice|switch 2|move 4
|
|switch|p1a: a come spento|Chansey|481\/703 par
|move|p2a: Alakazam|Reflect|p2a: Alakazam
|-fail|p2a: Alakazam
|
|turn|223
|L|Tesung
|choice|move 3|move 2
|
|cant|p2a: Alakazam|par
|move|p1a: a come spento|Thunder Wave|p2a: Alakazam
|-fail|p2a: Alakazam|par
|
|turn|224
|choice|switch 2|move 2
|
|switch|p1a: spentone|Exeggutor|393\/393
|cant|p2a: Alakazam|par
|
|turn|225
|choice|switch 2|move 2
|
|switch|p1a: a come spento|Chansey|481\/703 par
|move|p2a: Alakazam|Thunder Wave|p1a: a come spento
|-fail|p1a: a come spento|par
|
|turn|226
|choice|move 3|move 2
|
|move|p2a: Alakazam|Thunder Wave|p1a: a come spento
|-fail|p1a: a come spento|par
|move|p1a: a come spento|Thunder Wave|p2a: Alakazam
|-fail|p2a: Alakazam|par
|
|turn|227
|choice|move 1|move 2
|
|move|p2a: Alakazam|Thunder Wave|p1a: a come spento
|-fail|p1a: a come spento|par
|move|p1a: a come spento|Reflect|p1a: a come spento
|-start|p1a: a come spento|Reflect
|
|turn|228
|choice|switch 2|move 4
|
|switch|p1a: spentone|Exeggutor|393\/393
|move|p2a: Alakazam|Reflect|p2a: Alakazam
|-fail|p2a: Alakazam
|
|turn|229
|choice|switch 2|move 4
|
|switch|p1a: a come spento|Chansey|481\/703 par
|move|p2a: Alakazam|Reflect|p2a: Alakazam
|-fail|p2a: Alakazam
|
|turn|230
|choice|switch 2|move 2
|
|switch|p1a: spentone|Exeggutor|393\/393
|cant|p2a: Alakazam|par
|
|turn|231
|choice|move 3|move 4
|
|move|p1a: spentone|Psychic|p2a: Alakazam
|-resisted|p2a: Alakazam
|-damage|p2a: Alakazam|267\/313 par
|move|p2a: Alakazam|Reflect|p2a: Alakazam
|-fail|p2a: Alakazam
|
|turn|232
|choice|switch 2|move 2
|
|switch|p1a: a come spento|Chansey|481\/703 par
|cant|p2a: Alakazam|par
|
|turn|233
|choice|switch 2|move 4
|
|switch|p1a: spentone|Exeggutor|393\/393
|move|p2a: Alakazam|Reflect|p2a: Alakazam
|-fail|p2a: Alakazam
|
|turn|234
|choice|move 3|move 4
|
|move|p1a: spentone|Psychic|p2a: Alakazam
|-resisted|p2a: Alakazam
|-damage|p2a: Alakazam|218\/313 par
|-unboost|p2a: Alakazam|spd|1
|-unboost|p2a: Alakazam|spa|1
|cant|p2a: Alakazam|par
|
|turn|235
|choice|move 3|move 2
|
|move|p1a: spentone|Psychic|p2a: Alakazam
|-resisted|p2a: Alakazam
|-damage|p2a: Alakazam|142\/313 par
|-unboost|p2a: Alakazam|spd|1
|-unboost|p2a: Alakazam|spa|1
|move|p2a: Alakazam|Thunder Wave|p1a: spentone
|-status|p1a: spentone|par
|
|turn|236
|choice|move 3|switch 5
|
|switch|p2a: Chansey|Chansey|703\/703 par
|move|p1a: spentone|Psychic|p2a: Chansey
|-damage|p2a: Chansey|587\/703 par
|
|turn|237
|choice|switch 2|move 3
|
|switch|p1a: a come spento|Chansey|481\/703 par
|move|p2a: Chansey|Ice Beam|p1a: a come spento
|-damage|p1a: a come spento|410\/703 par
|
|turn|238
|choice|move 4|switch 3
|
|switch|p2a: Starmie|Starmie|297\/323 par
|cant|p1a: a come spento|par
|
|turn|239
|choice|move 4|move 4
|
|move|p2a: Starmie|Thunderbolt|p1a: a come spento
|-damage|p1a: a come spento|334\/703 par
|move|p1a: a come spento|Soft-Boiled|p1a: a come spento
|-heal|p1a: a come spento|685\/703 par
|
|turn|240
|choice|move 2|move 4
|
|cant|p2a: Starmie|par
|move|p1a: a come spento|Seismic Toss|p2a: Starmie
|-damage|p2a: Starmie|197\/323 par
|
|turn|241
|choice|switch 5|move 1
|
|switch|p1a: 80pct spento|Lapras|425\/463
|move|p2a: Starmie|Recover|p2a: Starmie
|-heal|p2a: Starmie|323\/323 par
|
|turn|242
|choice|move 2|switch 3
|
|switch|p2a: Chansey|Chansey|587\/703 par
|move|p1a: 80pct spento|Thunderbolt|p2a: Chansey
|-damage|p2a: Chansey|517\/703 par
|
|turn|243
|choice|switch 5|move 4
|
|switch|p1a: a come spento|Chansey|685\/703 par
|move|p2a: Chansey|Thunderbolt|p1a: a come spento
|-damage|p1a: a come spento|609\/703 par
|
|turn|244
|choice|move 1|switch 3
|
|switch|p2a: Starmie|Starmie|323\/323 par
|cant|p1a: a come spento|par
|
|turn|245
|choice|move 2|move 4
|
|cant|p2a: Starmie|par
|move|p1a: a come spento|Seismic Toss|p2a: Starmie
|-damage|p2a: Starmie|223\/323 par
|
|turn|246
|choice|switch 5|move 4
|
|switch|p1a: 80pct spento|Lapras|425\/463
|move|p2a: Starmie|Thunderbolt|p1a: 80pct spento
|-crit|p1a: 80pct spento
|-supereffective|p1a: 80pct spento
|-damage|p1a: 80pct spento|104\/463
|
|turn|247
|choice|move 2|move 4
|
|move|p1a: 80pct spento|Thunderbolt|p2a: Starmie
|-supereffective|p2a: Starmie
|-damage|p2a: Starmie|74\/323 par
|move|p2a: Starmie|Thunderbolt|p1a: 80pct spento
|-supereffective|p1a: 80pct spento
|-damage|p1a: 80pct spento|0 fnt
|faint|p1a: 80pct spento
|choice|switch 4|
|
|switch|p1a: bossdeglispenti|Tauros|353\/353
|turn|248
|choice|move 2|switch 5
|
|switch|p2a: Alakazam|Alakazam|142\/313 par
|move|p1a: bossdeglispenti|Body Slam|p2a: Alakazam
|-damage|p2a: Alakazam|0 fnt
|faint|p2a: Alakazam
|choice||switch 3
|
|switch|p2a: Chansey|Chansey|517\/703 par
|turn|249
|choice|switch 2|move 2
|
|switch|p1a: spentone|Exeggutor|393\/393 par
|move|p2a: Chansey|Thunder Wave|p1a: spentone
|-fail|p1a: spentone|par
|
|turn|250
|choice|move 3|move 3
|
|cant|p1a: spentone|par
|move|p2a: Chansey|Ice Beam|p1a: spentone
|-supereffective|p1a: spentone
|-damage|p1a: spentone|253\/393 par
|
|turn|251
|choice|switch 5|move 3
|
|switch|p1a: a come spento|Chansey|609\/703 par
|move|p2a: Chansey|Ice Beam|p1a: a come spento
|-damage|p1a: a come spento|531\/703 par
|
|turn|252
|choice|switch 5|switch 5
|
|switch|p2a: Starmie|Starmie|74\/323 par
|switch|p1a: spentone|Exeggutor|253\/393 par
|
|turn|253
|choice|move 3|move 1
|
|move|p2a: Starmie|Recover|p2a: Starmie
|-heal|p2a: Starmie|235\/323 par
|move|p1a: spentone|Psychic|p2a: Starmie
|-resisted|p2a: Starmie
|-damage|p2a: Starmie|169\/323 par
|
|turn|254
|choice|move 3|move 1
|
|cant|p2a: Starmie|par
|cant|p1a: spentone|par
|
|turn|255
|choice|move 3|move 1
|
|move|p2a: Starmie|Recover|p2a: Starmie
|-heal|p2a: Starmie|323\/323 par
|move|p1a: spentone|Psychic|p2a: Starmie
|-resisted|p2a: Starmie
|-damage|p2a: Starmie|260\/323 par
|
|turn|256
|choice|switch 5|move 3
|
|switch|p1a: a come spento|Chansey|531\/703 par
|move|p2a: Starmie|Blizzard|p1a: a come spento
|-damage|p1a: a come spento|438\/703 par
|
|turn|257
|choice|move 3|move 4
|
|move|p2a: Starmie|Thunderbolt|p1a: a come spento
|-damage|p1a: a come spento|362\/703 par
|move|p1a: a come spento|Thunder Wave|p2a: Starmie
|-fail|p2a: Starmie|par
|
|turn|258
|choice|move 4|move 1
|
|move|p2a: Starmie|Recover|p2a: Starmie
|-heal|p2a: Starmie|323\/323 par
|move|p1a: a come spento|Soft-Boiled|p1a: a come spento
|-heal|p1a: a come spento|703\/703 par
|
|turn|259
|choice|move 3|switch 2
|
|switch|p2a: Snorlax|Snorlax|323\/523 par
|move|p1a: a come spento|Thunder Wave|p2a: Snorlax
|-fail|p2a: Snorlax|par
|
|turn|260
|choice|switch 5|move 3
|
|switch|p1a: spentone|Exeggutor|253\/393 par
|move|p2a: Snorlax|Reflect|p2a: Snorlax
|-start|p2a: Snorlax|Reflect
|
|turn|261
|choice|move 3|move 1
|
|move|p1a: spentone|Psychic|p2a: Snorlax
|-damage|p2a: Snorlax|154\/523 par
|-unboost|p2a: Snorlax|spd|1
|-unboost|p2a: Snorlax|spa|1
|move|p2a: Snorlax|Body Slam|p1a: spentone
|-damage|p1a: spentone|133\/393 par
|
|turn|262
|choice|move 3|switch 5
|
|switch|p2a: Chansey|Chansey|517\/703 par
|cant|p1a: spentone|par
|
|turn|263
|choice|move 3|move 1
|
|cant|p1a: spentone|par
|move|p2a: Chansey|Soft-Boiled|p2a: Chansey
|-heal|p2a: Chansey|703\/703 par
|
|turn|264
|choice|move 3|move 4
|
|move|p1a: spentone|Psychic|p2a: Chansey
|-damage|p2a: Chansey|588\/703 par
|-unboost|p2a: Chansey|spd|1
|-unboost|p2a: Chansey|spa|1
|move|p2a: Chansey|Thunderbolt|p1a: spentone
|-resisted|p1a: spentone
|-damage|p1a: spentone|113\/393 par
|
|turn|265
|choice|move 3|switch 2
|
|switch|p2a: Starmie|Starmie|323\/323 par
|move|p1a: spentone|Psychic|p2a: Starmie
|-resisted|p2a: Starmie
|-damage|p2a: Starmie|260\/323 par
|
|turn|266
|choice|switch 5|move 4
|
|switch|p1a: a come spento|Chansey|703\/703 par
|cant|p2a: Starmie|par
|
|turn|267
|choice|switch 5|move 1
|
|switch|p1a: spentone|Exeggutor|113\/393 par
|move|p2a: Starmie|Recover|p2a: Starmie
|-heal|p2a: Starmie|323\/323 par
|
|turn|268
|choice|switch 5|move 3
|
|switch|p1a: a come spento|Chansey|703\/703 par
|move|p2a: Starmie|Blizzard|p1a: a come spento|[miss]
|-miss|p2a: Starmie
|
|turn|269
|J|Bomber
|choice|move 3|move 4
|
|move|p2a: Starmie|Thunderbolt|p1a: a come spento
|-damage|p1a: a come spento|628\/703 par
|move|p1a: a come spento|Thunder Wave|p2a: Starmie
|-fail|p2a: Starmie|par
|
|turn|270
|choice|switch 5|move 4
|
|switch|p1a: spentone|Exeggutor|113\/393 par
|cant|p2a: Starmie|par
|
|turn|271
|choice|move 1|move 4
|
|move|p2a: Starmie|Thunderbolt|p1a: spentone
|-resisted|p1a: spentone
|-damage|p1a: spentone|83\/393 par
|move|p1a: spentone|Explosion|p2a: Starmie
|-damage|p2a: Starmie|35\/323 par
|faint|p1a: spentone
|c|★Prague Kick|gotcha
|c|★Selise|Yup =)
|choice|switch 2|
|
|switch|p1a: bossdeglispenti|Tauros|353\/353
|turn|272
|choice|move 2|move 2
|
|move|p1a: bossdeglispenti|Body Slam|p2a: Starmie
|-damage|p2a: Starmie|0 fnt
|faint|p2a: Starmie
|choice||switch 2
|
|switch|p2a: Chansey|Chansey|588\/703 par
|turn|273
|choice|switch 5|move 1
|
|switch|p1a: a come spento|Chansey|628\/703 par
|move|p2a: Chansey|Soft-Boiled|p2a: Chansey
|-heal|p2a: Chansey|703\/703 par
|
|turn|274
|choice|move 1|switch 5
|
|switch|p2a: Snorlax|Snorlax|154\/523 par
|cant|p1a: a come spento|par
|
|turn|275
|choice|switch 5|move 3
|
|switch|p1a: bossdeglispenti|Tauros|353\/353
|move|p2a: Snorlax|Reflect|p2a: Snorlax
|-start|p2a: Snorlax|Reflect
|
|turn|276
|choice|move 4|move 4
|
|move|p1a: bossdeglispenti|Blizzard|p2a: Snorlax
|-damage|p2a: Snorlax|55\/523 par
|move|p2a: Snorlax|Rest|p2a: Snorlax
|-status|p2a: Snorlax|slp
|-heal|p2a: Snorlax|523\/523 slp|[silent]
|-status|p2a: Snorlax|slp|[from] move: Rest
|
|turn|277
|choice|move 2|move 1
|
|move|p1a: bossdeglispenti|Body Slam|p2a: Snorlax
|-damage|p2a: Snorlax|460\/523 slp
|cant|p2a: Snorlax|slp
|
|turn|278
|choice|move 2|move 1
|
|move|p1a: bossdeglispenti|Body Slam|p2a: Snorlax
|-crit|p2a: Snorlax
|-damage|p2a: Snorlax|200\/523 slp
|-curestatus|p2a: Snorlax|slp
|
|turn|279
|choice|move 2|move 4
|
|move|p1a: bossdeglispenti|Body Slam|p2a: Snorlax
|-damage|p2a: Snorlax|137\/523
|move|p2a: Snorlax|Rest|p2a: Snorlax
|-status|p2a: Snorlax|slp
|-heal|p2a: Snorlax|523\/523 slp|[silent]
|-status|p2a: Snorlax|slp|[from] move: Rest
|
|turn|280
|choice|move 2|move 1
|
|move|p1a: bossdeglispenti|Body Slam|p2a: Snorlax
|-damage|p2a: Snorlax|456\/523 slp
|cant|p2a: Snorlax|slp
|
|turn|281
|choice|move 2|move 1
|
|move|p1a: bossdeglispenti|Body Slam|p2a: Snorlax
|-damage|p2a: Snorlax|392\/523 slp
|-curestatus|p2a: Snorlax|slp
|
|turn|282
|choice|move 4|move 1
|
|move|p1a: bossdeglispenti|Blizzard|p2a: Snorlax|[miss]
|-miss|p1a: bossdeglispenti
|move|p2a: Snorlax|Body Slam|p1a: bossdeglispenti
|-damage|p1a: bossdeglispenti|242\/353
|
|turn|283
|choice|move 4|move 1
|
|move|p1a: bossdeglispenti|Blizzard|p2a: Snorlax
|-damage|p2a: Snorlax|299\/523
|move|p2a: Snorlax|Body Slam|p1a: bossdeglispenti
|-damage|p1a: bossdeglispenti|140\/353
|
|turn|284
|choice|move 4|move 1
|
|move|p1a: bossdeglispenti|Blizzard|p2a: Snorlax
|-damage|p2a: Snorlax|203\/523
|move|p2a: Snorlax|Body Slam|p1a: bossdeglispenti
|-damage|p1a: bossdeglispenti|21\/353
|
|turn|285
|c|★Selise|GL on the last freeze
|choice|move 2|move 1
|
|move|p1a: bossdeglispenti|Body Slam|p2a: Snorlax
|-damage|p2a: Snorlax|134\/523
|move|p2a: Snorlax|Body Slam|p1a: bossdeglispenti
|-damage|p1a: bossdeglispenti|0 fnt
|faint|p1a: bossdeglispenti
|c|★Prague Kick|gg
|c|★Selise|gg
|choice|switch 5|
|
|switch|p1a: a come spento|Chansey|628\/703 par
|turn|286
|choice|move 1|move 1
|
|move|p1a: a come spento|Reflect|p1a: a come spento
|-start|p1a: a come spento|Reflect
|move|p2a: Snorlax|Body Slam|p1a: a come spento
|-crit|p1a: a come spento
|-damage|p1a: a come spento|92\/703 par
|
|turn|287
|choice|move 3|move 1
|
|cant|p1a: a come spento|par
|move|p2a: Snorlax|Body Slam|p1a: a come spento
|-damage|p1a: a come spento|0 fnt
|faint|p1a: a come spento
|
|win|Selise