|J|CrapAtRBY
|J|Dear Ophelia
|player|p1|CrapAtRBY|102
|player|p2|Dear Ophelia|70
|gametype|singles
|gen|1
|tier|[Gen 1] OU
|rule|Sleep Clause Mod: Limit one foe put to sleep
|rule|Freeze Clause Mod: Limit one foe frozen
|rule|Species Clause: Limit one of each Pokémon
|rule|OHKO Clause: OHKO moves are banned
|rule|Evasion Moves Clause: Evasion moves are banned
|rule|HP Percentage Mod: HP is shown in percentages
|
|start
|switch|p1a: Jynx|Jynx|333\/333
|switch|p2a: MoP|Gengar|323\/323
|turn|1
|
|move|p2a: MoP|Hypnosis|p1a: Jynx
|-status|p1a: Jynx|slp
|cant|p1a: Jynx|slp
|-curestatus|p1a: Jynx|slp
|
|turn|2
|
|move|p2a: MoP|Hypnosis|p1a: Jynx
|-status|p1a: Jynx|slp
|cant|p1a: Jynx|slp
|
|turn|3
|
|move|p2a: MoP|Seismic Toss|p1a: Jynx
|-damage|p1a: Jynx|233\/333 slp
|cant|p1a: Jynx|slp
|
|turn|4
|
|switch|p1a: Exeggutor|Exeggutor|393\/393
|move|p2a: MoP|Seismic Toss|p1a: Exeggutor
|-damage|p1a: Exeggutor|293\/393
|
|turn|5
|
|move|p2a: MoP|Seismic Toss|p1a: Exeggutor
|-damage|p1a: Exeggutor|193\/393
|move|p1a: Exeggutor|Sleep Powder|p2a: MoP
|-status|p2a: MoP|slp
|
|turn|6
|
|switch|p2a: CHONSEY|Chansey|703\/703
|move|p1a: Exeggutor|Psychic|p2a: CHONSEY
|-damage|p2a: CHONSEY|588\/703
|
|turn|7
|
|switch|p2a: Megidolaon|Exeggutor|393\/393
|move|p1a: Exeggutor|Explosion|p2a: Megidolaon
|-damage|p2a: Megidolaon|89\/393
|faint|p1a: Exeggutor
|
|switch|p1a: Starmie|Starmie|323\/323
|turn|8
|
|switch|p2a: CHONSEY|Chansey|588\/703
|move|p1a: Starmie|Thunder Wave|p2a: CHONSEY
|-status|p2a: CHONSEY|par
|
|turn|9
|
|switch|p1a: Snorlax|Snorlax|523\/523
|move|p2a: CHONSEY|Ice Beam|p1a: Snorlax
|-damage|p1a: Snorlax|424\/523
|
|turn|10
|
|switch|p2a: Royal Flush|Slowbro|393\/393
|move|p1a: Snorlax|Mega Kick|p2a: Royal Flush
|-damage|p2a: Royal Flush|249\/393
|
|turn|11
|
|switch|p1a: Chansey|Chansey|703\/703
|move|p2a: Royal Flush|Thunder Wave|p1a: Chansey
|-status|p1a: Chansey|par
|
|turn|12
|
|switch|p2a: CHONSEY|Chansey|588\/703 par
|move|p1a: Chansey|Thunder Wave|p2a: CHONSEY
|-fail|p2a: CHONSEY|par
|
|turn|13
|
|switch|p1a: Snorlax|Snorlax|424\/523
|switch|p2a: Megidolaon|Exeggutor|89\/393
|
|turn|14
|
|switch|p1a: Jynx|Jynx|233\/333 slp
|move|p2a: Megidolaon|Psychic|p1a: Jynx
|-crit|p1a: Jynx
|-resisted|p1a: Jynx
|-damage|p1a: Jynx|112\/333 slp
|-unboost|p1a: Jynx|spd|1
|-unboost|p1a: Jynx|spa|1
|
|turn|15
|
|switch|p1a: Starmie|Starmie|323\/323
|switch|p2a: MASTERMUNE|Tauros|353\/353
|
|turn|16
|
|switch|p2a: CHONSEY|Chansey|588\/703 par
|move|p1a: Starmie|Psychic|p2a: CHONSEY
|-damage|p2a: CHONSEY|478\/703 par
|
|turn|17
|
|switch|p1a: Chansey|Chansey|703\/703 par
|move|p2a: CHONSEY|Thunder Wave|p1a: Chansey
|-fail|p1a: Chansey|par
|
|turn|18
|
|move|p2a: CHONSEY|Soft-Boiled|p2a: CHONSEY
|-heal|p2a: CHONSEY|703\/703 par
|move|p1a: Chansey|Thunderbolt|p2a: CHONSEY
|-damage|p2a: CHONSEY|630\/703 par
|
|turn|19
|
|switch|p1a: Snorlax|Snorlax|424\/523
|move|p2a: CHONSEY|Thunder Wave|p1a: Snorlax
|-status|p1a: Snorlax|par
|
|turn|20
|
|switch|p2a: MoP|Gengar|323\/323 slp
|move|p1a: Snorlax|Earthquake|p2a: MoP
|-supereffective|p2a: MoP
|-damage|p2a: MoP|107\/323 slp
|
|turn|21
|
|switch|p2a: Royal Flush|Slowbro|249\/393
|move|p1a: Snorlax|Earthquake|p2a: Royal Flush
|-damage|p2a: Royal Flush|168\/393
|
|turn|22
|
|move|p2a: Royal Flush|Rest|p2a: Royal Flush
|-status|p2a: Royal Flush|slp
|-heal|p2a: Royal Flush|393\/393 slp|[silent]
|-status|p2a: Royal Flush|slp|[from] move: Rest
|cant|p1a: Snorlax|par
|
|turn|23
|
|cant|p2a: Royal Flush|slp
|move|p1a: Snorlax|Self-Destruct|p2a: Royal Flush
|-damage|p2a: Royal Flush|105\/393 slp
|faint|p1a: Snorlax
|
|switch|p1a: Tauros|Tauros|353\/353
|turn|24
|
|switch|p2a: MoP|Gengar|107\/323 slp
|move|p1a: Tauros|Earthquake|p2a: MoP
|-supereffective|p2a: MoP
|-damage|p2a: MoP|0 fnt
|faint|p2a: MoP
|
|switch|p2a: BORIS|Snorlax|523\/523
|turn|25
|
|switch|p1a: Jynx|Jynx|112\/333 slp
|move|p2a: BORIS|Body Slam|p1a: Jynx
|-crit|p1a: Jynx
|-damage|p1a: Jynx|0 fnt
|faint|p1a: Jynx
|
|switch|p1a: Starmie|Starmie|323\/323
|turn|26
|
|switch|p2a: CHONSEY|Chansey|630\/703 par
|move|p1a: Starmie|Psychic|p2a: CHONSEY
|-damage|p2a: CHONSEY|521\/703 par
|-unboost|p2a: CHONSEY|spd|1
|-unboost|p2a: CHONSEY|spa|1
|
|turn|27
|
|move|p1a: Starmie|Psychic|p2a: CHONSEY
|-crit|p2a: CHONSEY
|-damage|p2a: CHONSEY|329\/703 par
|-unboost|p2a: CHONSEY|spd|1
|-unboost|p2a: CHONSEY|spa|1
|cant|p2a: CHONSEY|par
|
|turn|28
|
|move|p1a: Starmie|Psychic|p2a: CHONSEY
|-damage|p2a: CHONSEY|117\/703 par
|-unboost|p2a: CHONSEY|spd|1
|-unboost|p2a: CHONSEY|spa|1
|move|p2a: CHONSEY|Soft-Boiled|p2a: CHONSEY
|-heal|p2a: CHONSEY|468\/703 par
|
|turn|29
|
|switch|p2a: Royal Flush|Slowbro|105\/393 slp
|move|p1a: Starmie|Psychic|p2a: Royal Flush
|-crit|p2a: Royal Flush
|-resisted|p2a: Royal Flush
|-damage|p2a: Royal Flush|0 fnt
|faint|p2a: Royal Flush
|
|switch|p2a: CHONSEY|Chansey|468\/703 par
|turn|30
|
|move|p1a: Starmie|Psychic|p2a: CHONSEY
|-damage|p2a: CHONSEY|370\/703 par
|move|p2a: CHONSEY|Thunder Wave|p1a: Starmie
|-status|p1a: Starmie|par
|
|turn|31
|
|move|p1a: Starmie|Psychic|p2a: CHONSEY
|-crit|p2a: CHONSEY
|-damage|p2a: CHONSEY|181\/703 par
|move|p2a: CHONSEY|Soft-Boiled|p2a: CHONSEY
|-heal|p2a: CHONSEY|532\/703 par
|
|turn|32
|
|move|p1a: Starmie|Psychic|p2a: CHONSEY
|-damage|p2a: CHONSEY|431\/703 par
|-unboost|p2a: CHONSEY|spd|1
|-unboost|p2a: CHONSEY|spa|1
|cant|p2a: CHONSEY|par
|
|turn|33
|
|move|p1a: Starmie|Psychic|p2a: CHONSEY
|-damage|p2a: CHONSEY|285\/703 par
|move|p2a: CHONSEY|Soft-Boiled|p2a: CHONSEY
|-heal|p2a: CHONSEY|636\/703 par
|
|turn|34
|
|move|p1a: Starmie|Psychic|p2a: CHONSEY
|-damage|p2a: CHONSEY|491\/703 par
|move|p2a: CHONSEY|Thunderbolt|p1a: Starmie
|-supereffective|p1a: Starmie
|-damage|p1a: Starmie|220\/323 par
|
|turn|35
|
|switch|p2a: Megidolaon|Exeggutor|89\/393
|move|p1a: Starmie|Psychic|p2a: Megidolaon
|-resisted|p2a: Megidolaon
|-damage|p2a: Megidolaon|43\/393
|
|turn|36
|
|move|p2a: Megidolaon|Explosion|p1a: Starmie
|-damage|p1a: Starmie|0 fnt
|faint|p1a: Starmie
|faint|p2a: Megidolaon
|
|switch|p1a: Tauros|Tauros|353\/353
|switch|p2a: BORIS|Snorlax|523\/523
|turn|37
|
|move|p1a: Tauros|Body Slam|p2a: BORIS
|-damage|p2a: BORIS|401\/523
|move|p2a: BORIS|Body Slam|p1a: Tauros
|-damage|p1a: Tauros|234\/353
|
|turn|38
|
|move|p1a: Tauros|Body Slam|p2a: BORIS
|-damage|p2a: BORIS|281\/523
|move|p2a: BORIS|Body Slam|p1a: Tauros
|-crit|p1a: Tauros
|-damage|p1a: Tauros|4\/353
|
|turn|39
|
|move|p1a: Tauros|Hyper Beam|p2a: BORIS
|-damage|p2a: BORIS|44\/523
|move|p2a: BORIS|Body Slam|p1a: Tauros
|-damage|p1a: Tauros|0 fnt
|faint|p1a: Tauros
|
|switch|p1a: Chansey|Chansey|703\/703 par
|turn|40
|
|move|p2a: BORIS|Self-Destruct|p1a: Chansey
|-damage|p1a: Chansey|0 fnt
|faint|p1a: Chansey
|faint|p2a: BORIS
|
|win|Dear Ophelia