|J|Nails
|J|Dice
|player|p1|Nails|282
|player|p2|Dice|266
|gametype|singles
|gen|1
|tier|[Gen 1] OU
|seed|60591,37671,9695,26702
|rule|Sleep Clause Mod: Limit one foe put to sleep
|rule|Freeze Clause Mod: Limit one foe frozen
|rule|Species Clause: Limit one of each Pokémon
|rule|OHKO Clause: OHKO moves are banned
|rule|Evasion Moves Clause: Evasion moves are banned
|rule|HP Percentage Mod: HP is shown in percentages
|
|start
|switch|p1a: Jynx|Jynx|333\/333
|switch|p2a: Alakazam|Alakazam, M|313\/313
|turn|1
|choice|move 1|move 2
|
|move|p2a: Alakazam|Thunder Wave|p1a: Jynx
|-status|p1a: Jynx|par
|move|p1a: Jynx|Lovely Kiss|p2a: Alakazam
|-status|p2a: Alakazam|slp
|
|turn|2
|choice|move 2|move 3
|
|cant|p2a: Alakazam|slp
|move|p1a: Jynx|Blizzard|p2a: Alakazam
|-damage|p2a: Alakazam|203\/313 slp
|
|turn|3
|choice|move 2|move 3
|
|cant|p2a: Alakazam|slp
|move|p1a: Jynx|Blizzard|p2a: Alakazam
|-damage|p2a: Alakazam|96\/313 slp
|
|turn|4
|choice|move 2|switch 4
|
|switch|p2a: Chansey|Chansey|703\/703
|move|p1a: Jynx|Blizzard|p2a: Chansey
|-damage|p2a: Chansey|560\/703
|
|turn|5
|choice|switch 3|move 3
|
|switch|p1a: Chansey|Chansey|703\/703
|move|p2a: Chansey|Seismic Toss|p1a: Chansey
|-damage|p1a: Chansey|603\/703
|
|turn|6
|J|IBIREVER
|choice|move 1|move 1
|
|move|p1a: Chansey|Ice Beam|p2a: Chansey
|-damage|p2a: Chansey|480\/703
|move|p2a: Chansey|Thunder Wave|p1a: Chansey
|-status|p1a: Chansey|par
|
|turn|7
|choice|move 1|move 4
|
|move|p2a: Chansey|Soft-Boiled|p2a: Chansey
|-heal|p2a: Chansey|703\/703
|move|p1a: Chansey|Ice Beam|p2a: Chansey
|-damage|p2a: Chansey|631\/703
|
|turn|8
|choice|move 1|switch 2
|
|switch|p2a: Snorlax|Snorlax|523\/523
|move|p1a: Chansey|Ice Beam|p2a: Snorlax
|-crit|p2a: Snorlax
|-damage|p2a: Snorlax|343\/523
|
|turn|9
|choice|switch 5|move 1
|
|switch|p1a: Snorlax|Snorlax|523\/523
|move|p2a: Snorlax|Body Slam|p1a: Snorlax
|-damage|p1a: Snorlax|395\/523
|
|turn|10
|choice|move 3|switch 6
|
|switch|p2a: Victreebel|Victreebel, M|363\/363
|move|p1a: Snorlax|Reflect|p1a: Snorlax
|-start|p1a: Snorlax|Reflect
|
|turn|11
|choice|switch 3|move 1
|
|switch|p1a: Jynx|Jynx|333\/333 par
|move|p2a: Victreebel|Razor Leaf|p1a: Jynx|[miss]
|-miss|p2a: Victreebel
|
|turn|12
|choice|switch 2|move 4
|
|switch|p1a: Alakazam|Alakazam|313\/313
|move|p2a: Victreebel|Wrap|p1a: Alakazam
|-damage|p1a: Alakazam|293\/313
|-activate|p1a: Alakazam|move: Wrap|[of] p2a: Victreebel
|
|turn|13
|choice|move 1|switch 2
|
|switch|p2a: Chansey|Chansey|631\/703
|cant|p1a: Alakazam|partiallytrapped
|
|-end|p1a: Alakazam|Wrap|[partiallytrapped]
|turn|14
|choice|switch 5|switch 6
|
|switch|p1a: Chansey|Chansey|603\/703 par
|switch|p2a: Snorlax|Snorlax|343\/523
|
|turn|15
|choice|move 3|move 1
|
|move|p2a: Snorlax|Body Slam|p1a: Chansey
|-damage|p1a: Chansey|332\/703 par
|move|p1a: Chansey|Reflect|p1a: Chansey
|-start|p1a: Chansey|Reflect
|
|turn|16
|choice|move 4|move 1
|
|move|p2a: Snorlax|Body Slam|p1a: Chansey
|-damage|p1a: Chansey|174\/703 par
|cant|p1a: Chansey|par
|
|turn|17
|J|Eloy Jimenez
|choice|move 4|move 3
|
|move|p2a: Snorlax|Hyper Beam|p1a: Chansey
|-damage|p1a: Chansey|0 fnt
|faint|p1a: Chansey
|choice|switch 3|
|
|switch|p1a: Snorlax|Snorlax|395\/523
|turn|18
|choice|move 1|move 1
|
|move|p1a: Snorlax|Body Slam|p2a: Snorlax
|-damage|p2a: Snorlax|208\/523
|move|p2a: Snorlax|Body Slam|p1a: Snorlax
|-damage|p1a: Snorlax|265\/523
|
|turn|19
|choice|move 3|move 4
|
|move|p1a: Snorlax|Reflect|p1a: Snorlax
|-start|p1a: Snorlax|Reflect
|move|p2a: Snorlax|Self-Destruct|p1a: Snorlax
|-damage|p1a: Snorlax|68\/523
|faint|p2a: Snorlax
|choice||switch 2
|
|switch|p2a: Victreebel|Victreebel, M|363\/363
|turn|20
|choice|switch 5|move 3
|
|switch|p1a: Alakazam|Alakazam|293\/313
|move|p2a: Victreebel|Sleep Powder|p1a: Alakazam
|-status|p1a: Alakazam|slp
|
|turn|21
|choice|switch 4|move 1
|
|switch|p1a: Tauros|Tauros|353\/353
|move|p2a: Victreebel|Razor Leaf|p1a: Tauros
|-crit|p1a: Tauros
|-damage|p1a: Tauros|203\/353
|
|turn|22
|c|★Nails|damn
|choice|move 1|move 2
|
|move|p1a: Tauros|Body Slam|p2a: Victreebel
|-damage|p2a: Victreebel|238\/363
|-status|p2a: Victreebel|par
|move|p2a: Victreebel|Stun Spore|p1a: Tauros|[miss]
|-miss|p2a: Victreebel
|
|turn|23
|choice|switch 2|move 2
|
|switch|p1a: Jynx|Jynx|333\/333 par
|move|p2a: Victreebel|Stun Spore|p1a: Jynx
|-fail|p1a: Jynx|par
|
|turn|24
|choice|move 2|switch 6
|
|switch|p2a: Chansey|Chansey|631\/703
|move|p1a: Jynx|Blizzard|p2a: Chansey|[miss]
|-miss|p1a: Jynx
|
|turn|25
|choice|switch 5|move 3
|
|switch|p1a: Snorlax|Snorlax|68\/523
|move|p2a: Chansey|Seismic Toss|p1a: Snorlax
|-damage|p1a: Snorlax|0 fnt
|faint|p1a: Snorlax
|choice|switch 6|
|
|switch|p1a: Dragonite|Dragonite|385\/385
|turn|26
|choice|move 2|move 1
|
|move|p1a: Dragonite|Wrap|p2a: Chansey
|-damage|p2a: Chansey|593\/703
|-activate|p2a: Chansey|move: Wrap|[of] p1a: Dragonite
|cant|p2a: Chansey|partiallytrapped
|
|turn|27
|choice|move 2|switch 5
|
|switch|p2a: Cloyster|Cloyster, M|303\/303
|move|p1a: Dragonite|Wrap|p2a: Cloyster
|-damage|p2a: Cloyster|293\/303
|-activate|p2a: Cloyster|move: Wrap|[of] p1a: Dragonite
|
|turn|28
|choice|move 2|switch 6
|
|switch|p2a: Victreebel|Victreebel, M|238\/363 par
|move|p1a: Dragonite|Wrap|p2a: Victreebel
|-damage|p2a: Victreebel|219\/363 par
|-activate|p2a: Victreebel|move: Wrap|[of] p1a: Dragonite
|
|turn|29
|choice|move 2|switch 6
|
|switch|p2a: Cloyster|Cloyster, M|293\/303
|move|p1a: Dragonite|Wrap|p2a: Cloyster
|-damage|p2a: Cloyster|282\/303
|-activate|p2a: Cloyster|move: Wrap|[of] p1a: Dragonite
|
|turn|30
|choice|move 2|switch 6
|
|switch|p2a: Victreebel|Victreebel, M|219\/363 par
|move|p1a: Dragonite|Wrap|p2a: Victreebel
|-damage|p2a: Victreebel|199\/363 par
|-activate|p2a: Victreebel|move: Wrap|[of] p1a: Dragonite
|
|turn|31
|choice|move 2|switch 6
|
|switch|p2a: Cloyster|Cloyster, M|282\/303
|move|p1a: Dragonite|Wrap|p2a: Cloyster
|-damage|p2a: Cloyster|272\/303
|-activate|p2a: Cloyster|move: Wrap|[of] p1a: Dragonite
|
|turn|32
|choice|move 2|switch 6
|
|switch|p2a: Victreebel|Victreebel, M|199\/363 par
|move|p1a: Dragonite|Wrap|p2a: Victreebel
|-damage|p2a: Victreebel|180\/363 par
|-activate|p2a: Victreebel|move: Wrap|[of] p1a: Dragonite
|
|turn|33
|choice|move 2|switch 6
|
|switch|p2a: Cloyster|Cloyster, M|272\/303
|move|p1a: Dragonite|Wrap|p2a: Cloyster|[miss]
|-miss|p1a: Dragonite
|
|turn|34
|choice|move 2|move 2
|
|move|p1a: Dragonite|Wrap|p2a: Cloyster
|-damage|p2a: Cloyster|261\/303
|-activate|p2a: Cloyster|move: Wrap|[of] p1a: Dragonite
|cant|p2a: Cloyster|partiallytrapped
|
|turn|35
|choice|move 2|switch 6
|
|switch|p2a: Victreebel|Victreebel, M|180\/363 par
|move|p1a: Dragonite|Wrap|p2a: Victreebel
|-damage|p2a: Victreebel|159\/363 par
|-activate|p2a: Victreebel|move: Wrap|[of] p1a: Dragonite
|
|turn|36
|choice|move 2|switch 6
|
|switch|p2a: Cloyster|Cloyster, M|261\/303
|move|p1a: Dragonite|Wrap|p2a: Cloyster
|-damage|p2a: Cloyster|251\/303
|-activate|p2a: Cloyster|move: Wrap|[of] p1a: Dragonite
|
|turn|37
|choice|move 2|switch 6
|
|switch|p2a: Victreebel|Victreebel, M|159\/363 par
|move|p1a: Dragonite|Wrap|p2a: Victreebel
|-damage|p2a: Victreebel|139\/363 par
|-activate|p2a: Victreebel|move: Wrap|[of] p1a: Dragonite
|
|turn|38
|choice|move 2|switch 6
|
|switch|p2a: Cloyster|Cloyster, M|251\/303
|move|p1a: Dragonite|Wrap|p2a: Cloyster
|-damage|p2a: Cloyster|241\/303
|-activate|p2a: Cloyster|move: Wrap|[of] p1a: Dragonite
|
|turn|39
|choice|move 2|switch 6
|
|switch|p2a: Victreebel|Victreebel, M|139\/363 par
|move|p1a: Dragonite|Wrap|p2a: Victreebel
|-damage|p2a: Victreebel|121\/363 par
|-activate|p2a: Victreebel|move: Wrap|[of] p1a: Dragonite
|
|turn|40
|choice|move 2|switch 6
|
|switch|p2a: Cloyster|Cloyster, M|241\/303
|move|p1a: Dragonite|Wrap|p2a: Cloyster
|-damage|p2a: Cloyster|230\/303
|-activate|p2a: Cloyster|move: Wrap|[of] p1a: Dragonite
|
|turn|41
|choice|move 2|switch 6
|
|switch|p2a: Victreebel|Victreebel, M|121\/363 par
|move|p1a: Dragonite|Wrap|p2a: Victreebel
|-damage|p2a: Victreebel|100\/363 par
|-activate|p2a: Victreebel|move: Wrap|[of] p1a: Dragonite
|
|turn|42
|choice|move 2|switch 6
|
|switch|p2a: Cloyster|Cloyster, M|230\/303
|move|p1a: Dragonite|Wrap|p2a: Cloyster
|-damage|p2a: Cloyster|219\/303
|-activate|p2a: Cloyster|move: Wrap|[of] p1a: Dragonite
|
|turn|43
|choice|move 2|switch 6
|
|switch|p2a: Victreebel|Victreebel, M|100\/363 par
|move|p1a: Dragonite|Wrap|p2a: Victreebel|[miss]
|-miss|p1a: Dragonite
|
|turn|44
|choice|move 4|switch 6
|
|switch|p2a: Cloyster|Cloyster, M|219\/303
|move|p1a: Dragonite|Blizzard|p2a: Cloyster
|-crit|p2a: Cloyster
|-resisted|p2a: Cloyster
|-damage|p2a: Cloyster|168\/303
|
|turn|45
|choice|move 2|move 2
|
|move|p1a: Dragonite|Wrap|p2a: Cloyster
|-crit|p2a: Cloyster
|-damage|p2a: Cloyster|150\/303
|-activate|p2a: Cloyster|move: Wrap|[of] p1a: Dragonite
|cant|p2a: Cloyster|partiallytrapped
|
|turn|46
|choice|move 2|switch 6
|
|switch|p2a: Victreebel|Victreebel, M|100\/363 par
|move|p1a: Dragonite|Wrap|p2a: Victreebel
|-damage|p2a: Victreebel|79\/363 par
|-activate|p2a: Victreebel|move: Wrap|[of] p1a: Dragonite
|
|turn|47
|choice|move 2|switch 5
|
|switch|p2a: Chansey|Chansey|593\/703
|move|p1a: Dragonite|Wrap|p2a: Chansey
|-damage|p2a: Chansey|552\/703
|-activate|p2a: Chansey|move: Wrap|[of] p1a: Dragonite
|
|turn|48
|choice|move 2|switch 5
|
|switch|p2a: Victreebel|Victreebel, M|79\/363 par
|move|p1a: Dragonite|Wrap|p2a: Victreebel|[miss]
|-miss|p1a: Dragonite
|
|turn|49
|choice|move 4|switch 5
|
|switch|p2a: Chansey|Chansey|552\/703
|move|p1a: Dragonite|Blizzard|p2a: Chansey
|-damage|p2a: Chansey|458\/703
|
|turn|50
|choice|move 2|switch 5
|
|switch|p2a: Victreebel|Victreebel, M|79\/363 par
|move|p1a: Dragonite|Wrap|p2a: Victreebel
|-damage|p2a: Victreebel|60\/363 par
|-activate|p2a: Victreebel|move: Wrap|[of] p1a: Dragonite
|
|turn|51
|choice|move 2|switch 6
|
|switch|p2a: Cloyster|Cloyster, M|150\/303
|move|p1a: Dragonite|Wrap|p2a: Cloyster
|-damage|p2a: Cloyster|140\/303
|-activate|p2a: Cloyster|move: Wrap|[of] p1a: Dragonite
|
|turn|52
|choice|move 2|switch 6
|
|switch|p2a: Victreebel|Victreebel, M|60\/363 par
|move|p1a: Dragonite|Wrap|p2a: Victreebel
|-damage|p2a: Victreebel|40\/363 par
|-activate|p2a: Victreebel|move: Wrap|[of] p1a: Dragonite
|
|turn|53
|choice|move 2|switch 5
|
|switch|p2a: Chansey|Chansey|458\/703
|move|p1a: Dragonite|Wrap|p2a: Chansey
|-damage|p2a: Chansey|418\/703
|-activate|p2a: Chansey|move: Wrap|[of] p1a: Dragonite
|
|turn|54
|choice|move 2|switch 5
|
|switch|p2a: Victreebel|Victreebel, M|40\/363 par
|move|p1a: Dragonite|Wrap|p2a: Victreebel
|-damage|p2a: Victreebel|20\/363 par
|-activate|p2a: Victreebel|move: Wrap|[of] p1a: Dragonite
|
|turn|55
|choice|move 2|switch 4
|
|switch|p2a: Alakazam|Alakazam, M|96\/313 slp
|move|p1a: Dragonite|Wrap|p2a: Alakazam
|-damage|p2a: Alakazam|72\/313 slp
|-activate|p2a: Alakazam|move: Wrap|[of] p1a: Dragonite
|
|turn|56
|choice|move 2|switch 4
|
|switch|p2a: Victreebel|Victreebel, M|20\/363 par
|move|p1a: Dragonite|Wrap|p2a: Victreebel
|-crit|p2a: Victreebel
|-damage|p2a: Victreebel|0 fnt
|faint|p2a: Victreebel
|choice||switch 6
|
|switch|p2a: Cloyster|Cloyster, M|140\/303
|turn|57
|choice|move 2|switch 4
|
|switch|p2a: Alakazam|Alakazam, M|72\/313 slp
|move|p1a: Dragonite|Wrap|p2a: Alakazam
|-crit|p2a: Alakazam
|-damage|p2a: Alakazam|25\/313 slp
|-activate|p2a: Alakazam|move: Wrap|[of] p1a: Dragonite
|
|turn|58
|choice|move 2|switch 4
|
|switch|p2a: Cloyster|Cloyster, M|140\/303
|move|p1a: Dragonite|Wrap|p2a: Cloyster
|-damage|p2a: Cloyster|130\/303
|-activate|p2a: Cloyster|move: Wrap|[of] p1a: Dragonite
|
|turn|59
|choice|move 2|switch 5
|
|switch|p2a: Chansey|Chansey|418\/703
|move|p1a: Dragonite|Wrap|p2a: Chansey
|-damage|p2a: Chansey|377\/703
|-activate|p2a: Chansey|move: Wrap|[of] p1a: Dragonite
|
|html|<div class="broadcast-red">Dragonite is in an endless loop.<\/div>
|turn|60
|c|★Nails|-
|choice|move 2|switch 5
|
|switch|p2a: Cloyster|Cloyster, M|130\/303
|move|p1a: Dragonite|Wrap|p2a: Cloyster|[miss]
|-miss|p1a: Dragonite
|
|turn|61
|choice|move 2|move 2
|
|move|p1a: Dragonite|Wrap|p2a: Cloyster
|-damage|p2a: Cloyster|119\/303
|-activate|p2a: Cloyster|move: Wrap|[of] p1a: Dragonite
|cant|p2a: Cloyster|partiallytrapped
|
|turn|62
|choice|move 2|move 2
|
|move|p1a: Dragonite|Wrap|p2a: Cloyster|[from]Wrap
|-damage|p2a: Cloyster|108\/303
|cant|p2a: Cloyster|partiallytrapped
|
|turn|63
|choice|move 2|move 2
|
|move|p1a: Dragonite|Wrap|p2a: Cloyster|[from]Wrap
|-damage|p2a: Cloyster|97\/303
|cant|p2a: Cloyster|partiallytrapped
|
|turn|64
|choice|move 2|move 2
|
|move|p1a: Dragonite|Wrap|p2a: Cloyster|[from]Wrap
|-damage|p2a: Cloyster|86\/303
|cant|p2a: Cloyster|partiallytrapped
|
|turn|65
|choice|move 2|move 2
|
|move|p1a: Dragonite|Wrap|p2a: Cloyster|[from]Wrap
|-damage|p2a: Cloyster|75\/303
|cant|p2a: Cloyster|partiallytrapped
|
|-end|p2a: Cloyster|Wrap|[partiallytrapped]
|turn|66
|choice|move 2|move 2
|
|move|p1a: Dragonite|Wrap|p2a: Cloyster
|-damage|p2a: Cloyster|64\/303
|-activate|p2a: Cloyster|move: Wrap|[of] p1a: Dragonite
|cant|p2a: Cloyster|partiallytrapped
|
|turn|67
|choice|move 2|move 2
|
|move|p1a: Dragonite|Wrap|p2a: Cloyster|[from]Wrap
|-damage|p2a: Cloyster|53\/303
|cant|p2a: Cloyster|partiallytrapped
|
|-end|p2a: Cloyster|Wrap|[partiallytrapped]
|turn|68
|choice|move 2|move 2
|
|move|p1a: Dragonite|Wrap|p2a: Cloyster
|-damage|p2a: Cloyster|42\/303
|-activate|p2a: Cloyster|move: Wrap|[of] p1a: Dragonite
|cant|p2a: Cloyster|partiallytrapped
|
|turn|69
|choice|move 2|move 2
|
|move|p1a: Dragonite|Wrap|p2a: Cloyster|[from]Wrap
|-damage|p2a: Cloyster|31\/303
|cant|p2a: Cloyster|partiallytrapped
|
|-end|p2a: Cloyster|Wrap|[partiallytrapped]
|turn|70
|choice|move 2|move 2
|
|move|p1a: Dragonite|Wrap|p2a: Cloyster|[miss]
|-miss|p1a: Dragonite
|move|p2a: Cloyster|Blizzard|p1a: Dragonite
|-supereffective|p1a: Dragonite
|-damage|p1a: Dragonite|0 fnt
|faint|p1a: Dragonite
|c|★Nails|ugh hax.
|choice|switch 2|
|
|switch|p1a: Tauros|Tauros|203\/353
|turn|71
|choice|move 1|move 4
|
|move|p1a: Tauros|Body Slam|p2a: Cloyster
|-crit|p2a: Cloyster
|-damage|p2a: Cloyster|0 fnt
|faint|p2a: Cloyster
|choice||switch 5
|
|switch|p2a: Chansey|Chansey|377\/703
|turn|72
|choice|move 4|move 2
|
|move|p1a: Tauros|Hyper Beam|p2a: Chansey
|-damage|p2a: Chansey|0 fnt
|faint|p2a: Chansey
|choice||switch 3
|
|switch|p2a: Dragonite|Dragonite|385\/385
|turn|73
|choice|move 3|move 1
|
|move|p1a: Tauros|Blizzard|p2a: Dragonite|[miss]
|-miss|p1a: Tauros
|move|p2a: Dragonite|Wrap|p1a: Tauros
|-damage|p1a: Tauros|188\/353
|-activate|p1a: Tauros|move: Wrap|[of] p2a: Dragonite
|
|turn|74
|choice|move 3|move 1
|
|cant|p1a: Tauros|partiallytrapped
|move|p2a: Dragonite|Wrap|p1a: Tauros|[from]Wrap
|-damage|p1a: Tauros|173\/353
|
|-end|p1a: Tauros|Wrap|[partiallytrapped]
|turn|75
|choice|move 3|move 2
|
|move|p1a: Tauros|Blizzard|p2a: Dragonite
|-crit|p2a: Dragonite
|-supereffective|p2a: Dragonite
|-damage|p2a: Dragonite|0 fnt
|faint|p2a: Dragonite
|choice||switch 4
|
|switch|p2a: Alakazam|Alakazam, M|25\/313 slp
|turn|76
|choice|move 1|move 4
|
|cant|p2a: Alakazam|slp
|move|p1a: Tauros|Body Slam|p2a: Alakazam
|-damage|p2a: Alakazam|0 fnt
|faint|p2a: Alakazam
|
|win|Nails