|J|W3K
|J|smilzo
|player|p1|W3K|1
|player|p2|smilzo|157
|gametype|singles
|gen|1
|tier|[Gen 1] OU
|seed|
|rule|Sleep Clause Mod: Limit one foe put to sleep
|rule|Freeze Clause Mod: Limit one foe frozen
|rule|Species Clause: Limit one of each Pokémon
|rule|OHKO Clause: OHKO moves are banned
|rule|Evasion Moves Clause: Evasion moves are banned
|rule|HP Percentage Mod: HP is shown in percentages
|
|start
|switch|p1a: Starmie|Starmie|100\/100
|switch|p2a: Alakazam|Alakazam, M|100\/100
|turn|1
|choice||
|
|switch|p1a: Exeggutor|Exeggutor|100\/100
|move|p2a: Alakazam|Thunder Wave|p1a: Exeggutor|[miss]
|-miss|p2a: Alakazam
|
|turn|2
|J|Omfuga
|c|★W3K|lol
|c|★smilzo|.
|choice||
|
|move|p2a: Alakazam|Seismic Toss|p1a: Exeggutor
|-damage|p1a: Exeggutor|75\/100
|move|p1a: Exeggutor|Sleep Powder|p2a: Alakazam
|-status|p2a: Alakazam|slp
|
|turn|3
|choice||
|
|cant|p2a: Alakazam|slp
|move|p1a: Exeggutor|Psychic|p2a: Alakazam
|-resisted|p2a: Alakazam
|-damage|p2a: Alakazam|85\/100 slp
|-unboost|p2a: Alakazam|spd|1
|-unboost|p2a: Alakazam|spa|1
|
|turn|4
|choice||
|
|switch|p2a: Chansey|Chansey|100\/100
|move|p1a: Exeggutor|Psychic|p2a: Chansey
|-damage|p2a: Chansey|85\/100
|-unboost|p2a: Chansey|spd|1
|-unboost|p2a: Chansey|spa|1
|
|turn|5
|choice||
|
|switch|p1a: Chansey|Chansey|100\/100
|move|p2a: Chansey|Thunder Wave|p1a: Chansey
|-status|p1a: Chansey|par
|
|turn|6
|choice||
|
|switch|p2a: Alakazam|Alakazam, M|85\/100 slp
|move|p1a: Chansey|Ice Beam|p2a: Alakazam
|-damage|p2a: Alakazam|66\/100 slp
|
|turn|7
|choice||
|
|cant|p2a: Alakazam|slp
|move|p1a: Chansey|Ice Beam|p2a: Alakazam
|-crit|p2a: Alakazam
|-damage|p2a: Alakazam|27\/100 slp
|
|turn|8
|choice||
|
|switch|p1a: Snorlax|Snorlax|100\/100
|cant|p2a: Alakazam|slp
|
|turn|9
|choice||
|
|switch|p2a: Snorlax|Snorlax, M|100\/100
|move|p1a: Snorlax|Body Slam|p2a: Snorlax
|-damage|p2a: Snorlax|73\/100
|
|turn|10
|choice||
|
|move|p2a: Snorlax|Reflect|p2a: Snorlax
|-start|p2a: Snorlax|Reflect
|move|p1a: Snorlax|Earthquake|p2a: Snorlax
|-damage|p2a: Snorlax|63\/100
|
|turn|11
|choice||
|
|switch|p1a: Exeggutor|Exeggutor|75\/100
|move|p2a: Snorlax|Body Slam|p1a: Exeggutor
|-damage|p1a: Exeggutor|47\/100
|
|turn|12
|choice||
|
|switch|p2a: Chansey|Chansey|85\/100
|move|p1a: Exeggutor|Mega Drain|p2a: Chansey
|-damage|p2a: Chansey|76\/100
|-heal|p1a: Exeggutor|54\/100|[from] drain|[of] p2a: Chansey
|
|turn|13
|choice||
|
|switch|p1a: Chansey|Chansey|100\/100 par
|switch|p2a: Alakazam|Alakazam, M|27\/100 slp
|
|turn|14
|choice||
|
|cant|p2a: Alakazam|slp
|cant|p1a: Chansey|par
|
|turn|15
|choice||
|
|switch|p1a: Snorlax|Snorlax|100\/100
|cant|p2a: Alakazam|slp
|
|turn|16
|c|★W3K|zzz
|choice||
|
|switch|p2a: Exeggutor|Exeggutor, M|100\/100
|move|p1a: Snorlax|Body Slam|p2a: Exeggutor
|-damage|p2a: Exeggutor|73\/100
|
|turn|17
|choice||
|
|switch|p1a: Starmie|Starmie|100\/100
|move|p2a: Exeggutor|Sleep Powder|p1a: Starmie
|-status|p1a: Starmie|slp
|
|turn|18
|choice||
|
|switch|p2a: Snorlax|Snorlax, M|63\/100
|cant|p1a: Starmie|slp
|
|turn|19
|choice||
|
|switch|p1a: Golem|Golem|100\/100
|move|p2a: Snorlax|Body Slam|p1a: Golem
|-resisted|p1a: Golem
|-damage|p1a: Golem|89\/100
|-status|p1a: Golem|par
|
|turn|20
|J|dodmen
|choice||
|
|move|p2a: Snorlax|Reflect|p2a: Snorlax
|-start|p2a: Snorlax|Reflect
|cant|p1a: Golem|par
|
|turn|21
|J|ZoroDark
|choice||
|
|move|p2a: Snorlax|Ice Beam|p1a: Golem
|-crit|p1a: Golem
|-supereffective|p1a: Golem
|-damage|p1a: Golem|2\/100 par
|move|p1a: Golem|Earthquake|p2a: Snorlax
|-damage|p2a: Snorlax|47\/100
|
|turn|22
|choice||
|
|switch|p1a: Snorlax|Snorlax|100\/100
|move|p2a: Snorlax|Body Slam|p1a: Snorlax
|-damage|p1a: Snorlax|74\/100
|
|turn|23
|L|ZoroDark
|choice||
|
|move|p2a: Snorlax|Rest|p2a: Snorlax
|-status|p2a: Snorlax|slp
|-heal|p2a: Snorlax|100\/100 slp|[silent]
|-status|p2a: Snorlax|slp|[from] move: Rest
|move|p1a: Snorlax|Body Slam|p2a: Snorlax
|-damage|p2a: Snorlax|88\/100 slp
|
|turn|24
|choice||
|
|switch|p1a: Golem|Golem|2\/100 par
|cant|p2a: Snorlax|slp
|
|turn|25
|choice||
|
|-curestatus|p2a: Snorlax|slp
|move|p1a: Golem|Explosion|p2a: Snorlax
|-damage|p2a: Snorlax|53\/100
|faint|p1a: Golem
|choice||
|
|switch|p1a: Exeggutor|Exeggutor|54\/100
|turn|26
|choice||
|
|switch|p2a: Chansey|Chansey|76\/100
|move|p1a: Exeggutor|Psychic|p2a: Chansey
|-damage|p2a: Chansey|60\/100
|
|turn|27
|choice||
|
|switch|p1a: Chansey|Chansey|100\/100 par
|move|p2a: Chansey|Soft-Boiled|p2a: Chansey
|-heal|p2a: Chansey|100\/100
|
|turn|28
|choice||
|
|switch|p2a: Snorlax|Snorlax, M|53\/100
|move|p1a: Chansey|Ice Beam|p2a: Snorlax
|-damage|p2a: Snorlax|33\/100
|
|turn|29
|choice||
|
|switch|p1a: Exeggutor|Exeggutor|54\/100
|move|p2a: Snorlax|Body Slam|p1a: Exeggutor
|-damage|p1a: Exeggutor|25\/100
|
|turn|30
|J|Cosine180
|L|Cosine180
|J|seeme
|L|Omfuga
|choice||
|
|switch|p1a: Chansey|Chansey|100\/100 par
|switch|p2a: Alakazam|Alakazam, M|27\/100 slp
|
|turn|31
|choice||
|
|-curestatus|p2a: Alakazam|slp
|move|p1a: Chansey|Thunder Wave|p2a: Alakazam
|-status|p2a: Alakazam|par
|
|turn|32
|choice||
|
|switch|p1a: Snorlax|Snorlax|74\/100
|move|p2a: Alakazam|Recover|p2a: Alakazam
|-heal|p2a: Alakazam|77\/100 par
|
|turn|33
|choice||
|
|switch|p2a: Chansey|Chansey|100\/100
|move|p1a: Snorlax|Body Slam|p2a: Chansey
|-damage|p2a: Chansey|60\/100
|
|turn|34
|choice||
|
|move|p2a: Chansey|Thunder Wave|p1a: Snorlax
|-status|p1a: Snorlax|par
|cant|p1a: Snorlax|par
|
|turn|35
|choice||
|
|move|p2a: Chansey|Soft-Boiled|p2a: Chansey
|-heal|p2a: Chansey|100\/100
|move|p1a: Snorlax|Self-Destruct|p2a: Chansey
|-damage|p2a: Chansey|0 fnt
|faint|p2a: Chansey
|faint|p1a: Snorlax
|choice||
|
|switch|p2a: Alakazam|Alakazam, M|77\/100 par
|switch|p1a: Chansey|Chansey|100\/100 par
|turn|36
|choice||
|
|move|p2a: Alakazam|Seismic Toss|p1a: Chansey
|-damage|p1a: Chansey|86\/100 par
|move|p1a: Chansey|Thunder Wave|p2a: Alakazam
|-fail|p2a: Alakazam|par
|
|turn|37
|choice||
|
|move|p2a: Alakazam|Psychic|p1a: Chansey
|-crit|p1a: Chansey
|-damage|p1a: Chansey|51\/100 par
|-unboost|p1a: Chansey|spd|1
|-unboost|p1a: Chansey|spa|1
|cant|p1a: Chansey|par
|
|turn|38
|choice||
|
|move|p2a: Alakazam|Psychic|p1a: Chansey
|-crit|p1a: Chansey
|-damage|p1a: Chansey|16\/100 par
|-unboost|p1a: Chansey|spd|1
|-unboost|p1a: Chansey|spa|1
|move|p1a: Chansey|Soft-Boiled|p1a: Chansey
|-heal|p1a: Chansey|66\/100 par
|
|turn|39
|choice||
|
|switch|p1a: Starmie|Starmie|100\/100 slp
|move|p2a: Alakazam|Psychic|p1a: Starmie
|-resisted|p1a: Starmie
|-damage|p1a: Starmie|81\/100 slp
|-unboost|p1a: Starmie|spd|1
|-unboost|p1a: Starmie|spa|1
|
|turn|40
|choice||
|
|switch|p1a: Chansey|Chansey|66\/100 par
|switch|p2a: Zapdos|Zapdos|100\/100
|
|turn|41
|choice||
|
|switch|p2a: Snorlax|Snorlax, M|33\/100
|move|p1a: Chansey|Soft-Boiled|p1a: Chansey
|-heal|p1a: Chansey|100\/100 par
|
|turn|42
|choice||
|
|move|p2a: Snorlax|Body Slam|p1a: Chansey
|-damage|p1a: Chansey|62\/100 par
|cant|p1a: Chansey|par
|
|turn|43
|choice||
|
|move|p2a: Snorlax|Body Slam|p1a: Chansey
|-damage|p1a: Chansey|20\/100 par
|move|p1a: Chansey|Thunder Wave|p2a: Snorlax
|-status|p2a: Snorlax|par
|
|turn|44
|choice||
|
|move|p1a: Chansey|Soft-Boiled|p1a: Chansey
|-heal|p1a: Chansey|70\/100 par
|move|p2a: Snorlax|Reflect|p2a: Snorlax
|-start|p2a: Snorlax|Reflect
|
|turn|45
|choice||
|
|cant|p1a: Chansey|par
|move|p2a: Snorlax|Rest|p2a: Snorlax
|-status|p2a: Snorlax|slp
|-heal|p2a: Snorlax|100\/100 slp|[silent]
|-status|p2a: Snorlax|slp|[from] move: Rest
|
|turn|46
|choice||
|
|switch|p1a: Exeggutor|Exeggutor|25\/100
|cant|p2a: Snorlax|slp
|
|turn|47
|choice||
|
|move|p1a: Exeggutor|Mega Drain|p2a: Snorlax
|-damage|p2a: Snorlax|86\/100 slp
|-heal|p1a: Exeggutor|34\/100|[from] drain|[of] p2a: Snorlax
|-curestatus|p2a: Snorlax|slp
|
|turn|48
|choice||
|
|move|p1a: Exeggutor|Mega Drain|p2a: Snorlax
|-damage|p2a: Snorlax|73\/100
|-heal|p1a: Exeggutor|43\/100|[from] drain|[of] p2a: Snorlax
|move|p2a: Snorlax|Ice Beam|p1a: Exeggutor
|-supereffective|p1a: Exeggutor
|-damage|p1a: Exeggutor|19\/100
|
|turn|49
|choice||
|
|move|p1a: Exeggutor|Sleep Powder|p2a: Snorlax
|-status|p2a: Snorlax|slp
|cant|p2a: Snorlax|slp
|
|turn|50
|choice||
|
|move|p1a: Exeggutor|Mega Drain|p2a: Snorlax
|-damage|p2a: Snorlax|59\/100 slp
|-heal|p1a: Exeggutor|28\/100|[from] drain|[of] p2a: Snorlax
|cant|p2a: Snorlax|slp
|
|turn|51
|choice||
|
|switch|p2a: Zapdos|Zapdos|100\/100
|move|p1a: Exeggutor|Psychic|p2a: Zapdos
|-damage|p2a: Zapdos|73\/100
|
|turn|52
|J|hkmn
|choice||
|
|switch|p1a: Tauros|Tauros|100\/100
|move|p2a: Zapdos|Drill Peck|p1a: Tauros
|-damage|p1a: Tauros|74\/100
|
|turn|53
|choice||
|
|move|p1a: Tauros|Body Slam|p2a: Zapdos
|-damage|p2a: Zapdos|45\/100
|-status|p2a: Zapdos|par
|move|p2a: Zapdos|Thunder Wave|p1a: Tauros
|-status|p1a: Tauros|par
|
|turn|54
|choice||
|
|move|p1a: Tauros|Body Slam|p2a: Zapdos
|-damage|p2a: Zapdos|14\/100 par
|move|p2a: Zapdos|Thunderbolt|p1a: Tauros
|-damage|p1a: Tauros|32\/100 par
|
|turn|55
|choice||
|
|move|p1a: Tauros|Body Slam|p2a: Zapdos
|-damage|p2a: Zapdos|0 fnt
|faint|p2a: Zapdos
|choice||
|
|switch|p2a: Exeggutor|Exeggutor, M|73\/100
|turn|56
|choice||
|
|switch|p1a: Starmie|Starmie|81\/100 slp
|move|p2a: Exeggutor|Psychic|p1a: Starmie
|-crit|p1a: Starmie
|-resisted|p1a: Starmie
|-damage|p1a: Starmie|45\/100 slp
|
|turn|57
|choice||
|
|cant|p1a: Starmie|slp
|move|p2a: Exeggutor|Explosion|p1a: Starmie
|-crit|p1a: Starmie
|-damage|p1a: Starmie|0 fnt
|faint|p1a: Starmie
|faint|p2a: Exeggutor
|choice||
|
|switch|p2a: Tauros|Tauros|100\/100
|switch|p1a: Chansey|Chansey|70\/100 par
|turn|58
|choice||
|
|switch|p2a: Alakazam|Alakazam, M|77\/100 par
|cant|p1a: Chansey|par
|
|turn|59
|choice||
|
|move|p2a: Alakazam|Psychic|p1a: Chansey
|-damage|p1a: Chansey|51\/100 par
|-unboost|p1a: Chansey|spd|1
|-unboost|p1a: Chansey|spa|1
|cant|p1a: Chansey|par
|
|turn|60
|choice||
|
|move|p2a: Alakazam|Psychic|p1a: Chansey
|-damage|p1a: Chansey|24\/100 par
|move|p1a: Chansey|Soft-Boiled|p1a: Chansey
|-heal|p1a: Chansey|74\/100 par
|
|turn|61
|choice||
|
|move|p2a: Alakazam|Psychic|p1a: Chansey
|-damage|p1a: Chansey|49\/100 par
|move|p1a: Chansey|Soft-Boiled|p1a: Chansey
|-heal|p1a: Chansey|99\/100 par
|
|turn|62
|choice||
|
|cant|p2a: Alakazam|par
|move|p1a: Chansey|Thunderbolt|p2a: Alakazam
|-crit|p2a: Alakazam
|-damage|p2a: Alakazam|38\/100 par
|
|turn|63
|choice||
|
|move|p2a: Alakazam|Recover|p2a: Alakazam
|-heal|p2a: Alakazam|88\/100 par
|move|p1a: Chansey|Thunderbolt|p2a: Alakazam
|-damage|p2a: Alakazam|75\/100 par
|
|turn|64
|choice||
|
|cant|p2a: Alakazam|par
|move|p1a: Chansey|Thunderbolt|p2a: Alakazam
|-damage|p2a: Alakazam|63\/100 par
|
|turn|65
|choice||
|
|move|p2a: Alakazam|Psychic|p1a: Chansey
|-damage|p1a: Chansey|70\/100 par
|move|p1a: Chansey|Thunderbolt|p2a: Alakazam
|-damage|p2a: Alakazam|49\/100 par
|
|turn|66
|choice||
|
|move|p2a: Alakazam|Recover|p2a: Alakazam
|-heal|p2a: Alakazam|99\/100 par
|move|p1a: Chansey|Soft-Boiled|p1a: Chansey
|-heal|p1a: Chansey|100\/100 par
|
|turn|67
|choice||
|
|move|p2a: Alakazam|Psychic|p1a: Chansey
|-damage|p1a: Chansey|74\/100 par
|-unboost|p1a: Chansey|spd|1
|-unboost|p1a: Chansey|spa|1
|cant|p1a: Chansey|par
|
|turn|68
|choice||
|
|move|p2a: Alakazam|Psychic|p1a: Chansey
|-damage|p1a: Chansey|39\/100 par
|move|p1a: Chansey|Soft-Boiled|p1a: Chansey
|-heal|p1a: Chansey|89\/100 par
|
|turn|69
|choice||
|
|cant|p2a: Alakazam|par
|cant|p1a: Chansey|par
|
|turn|70
|choice||
|
|move|p2a: Alakazam|Psychic|p1a: Chansey
|-damage|p1a: Chansey|52\/100 par
|cant|p1a: Chansey|par
|
|turn|71
|choice||
|
|cant|p2a: Alakazam|par
|move|p1a: Chansey|Soft-Boiled|p1a: Chansey
|-heal|p1a: Chansey|100\/100 par
|
|turn|72
|choice||
|
|switch|p1a: Tauros|Tauros|32\/100 par
|cant|p2a: Alakazam|par
|
|turn|73
|choice||
|
|switch|p1a: Chansey|Chansey|100\/100 par
|cant|p2a: Alakazam|par
|
|turn|74
|choice||
|
|move|p2a: Alakazam|Psychic|p1a: Chansey
|-damage|p1a: Chansey|84\/100 par
|-unboost|p1a: Chansey|spd|1
|-unboost|p1a: Chansey|spa|1
|move|p1a: Chansey|Thunderbolt|p2a: Alakazam
|-damage|p2a: Alakazam|85\/100 par
|
|turn|75
|choice||
|
|move|p2a: Alakazam|Psychic|p1a: Chansey
|-crit|p1a: Chansey
|-damage|p1a: Chansey|47\/100 par
|move|p1a: Chansey|Thunderbolt|p2a: Alakazam
|-damage|p2a: Alakazam|71\/100 par
|
|turn|76
|choice||
|
|switch|p2a: Tauros|Tauros|100\/100
|cant|p1a: Chansey|par
|
|turn|77
|choice||
|
|move|p2a: Tauros|Hyper Beam|p1a: Chansey
|-damage|p1a: Chansey|0 fnt
|faint|p1a: Chansey
|c|★W3K|Ggs
|choice||
|
|switch|p1a: Exeggutor|Exeggutor|28\/100
|turn|78
|choice||
|
|move|p2a: Tauros|Hyper Beam|p1a: Exeggutor
|-damage|p1a: Exeggutor|0 fnt
|faint|p1a: Exeggutor
|choice||
|
|switch|p1a: Tauros|Tauros|32\/100 par
|turn|79
|choice||
|
|move|p2a: Tauros|Hyper Beam|p1a: Tauros
|-damage|p1a: Tauros|0 fnt
|faint|p1a: Tauros
|
|win|smilzo