|J|Agammemnon
|J|Golden Gyarados
|player|p1|Agammemnon|265
|player|p2|Golden Gyarados|170
|gametype|singles
|gen|1
|tier|[Gen 1] OU
|seed|12119,9514,33042,27637
|rule|Sleep Clause Mod: Limit one foe put to sleep
|rule|Freeze Clause Mod: Limit one foe frozen
|rule|Species Clause: Limit one of each Pokémon
|rule|OHKO Clause: OHKO moves are banned
|rule|Evasion Moves Clause: Evasion moves are banned
|rule|HP Percentage Mod: HP is shown in percentages
|
|start
|switch|p1a: Golden Magikarp|Alakazam|313\/313
|switch|p2a: Jynx|Jynx|333\/333
|turn|1
|J|okaka chuka
|J|ReshiRampage
|J|boudouche
|J|theurbandear
|J|Icey Tea
|J|Evuelf
|J|metrocel
|J|Exploding Octopus
|J|bro fist
|J|CasedVictory
|J|petyer
|J|giara
|J|KratosMana
|J|iamgingy
|J|Montsegur
|J|Villa
|J|gimme lessons
|J|Prankster
|J|McMeghan
|J|Maaf
|J|SOULGAZER
|J|BKC
|c|★Agammemnon|good luck !
|J|Biosci
|L|Montsegur
|J|edgar allan POEK
|J|TO SPL AND BEYOND
|c|★Golden Gyarados|you too!
|J|Jetpack
|c|★Agammemnon|no luck, nvm
|c|★Agammemnon|hf
|J|fbc
|J|Dice
|J|Mounts
|c|★Golden Gyarados|ha
|raw|<div class="broadcast-red"><b>Moderated chat was set to @!<\/b><br \/>Only users of rank @ and higher can talk.<\/div>
|c|★Golden Gyarados|sure, that
|J|ZoroDark
|J|facts is jumpman
|J|galbia
|J|tennisace
|J|yohoE
|J|Aurious
|J|LBLOL
|J|TestZed
|choice|move 1|move 2
|
|move|p1a: Golden Magikarp|Thunder Wave|p2a: Jynx
|-status|p2a: Jynx|par
|cant|p2a: Jynx|par
|
|turn|2
|J|Mister Tim
|J|Eliaas
|J|MegaStarUniverse
|L|Eliaas
|J|MoxieInfinite
|L|CasedVictory
|L|MegaStarUniverse
|J|kylecole
|J|King Tsunami
|J|Hikari
|J|SOLDY
|J|SOMALIA
|J|purrl
|choice|move 2|move 2
|
|move|p1a: Golden Magikarp|Seismic Toss|p2a: Jynx
|-damage|p2a: Jynx|233\/333 par
|move|p2a: Jynx|Lovely Kiss|p1a: Golden Magikarp|[miss]
|-miss|p2a: Jynx
|
|turn|3
|J|dodmen
|J|djdxndjdj
|J|Valkyrie10+1
|J|Nunno
|J|ChillShadow
|J|Sam
|J|Mr.378
|choice|move 2|move 2
|
|move|p1a: Golden Magikarp|Seismic Toss|p2a: Jynx
|-damage|p2a: Jynx|133\/333 par
|move|p2a: Jynx|Lovely Kiss|p1a: Golden Magikarp|[miss]
|-miss|p2a: Jynx
|
|turn|4
|J|Jurishit
|choice|move 2|move 2
|
|move|p1a: Golden Magikarp|Seismic Toss|p2a: Jynx
|-damage|p2a: Jynx|33\/333 par
|cant|p2a: Jynx|par
|
|turn|5
|c|★Agammemnon|O
|c|★Agammemnon|K
|J|CasedVictory
|J|ABR
|choice|move 2|move 2
|
|move|p1a: Golden Magikarp|Seismic Toss|p2a: Jynx
|-damage|p2a: Jynx|0 fnt
|faint|p2a: Jynx
|J|shaneghoul
|J|Based Scythe
|J|Teddeh
|J|SketchUp
|choice||switch 3
|
|switch|p2a: Exeggutor|Exeggutor|393\/393
|turn|6
|J|bugzinator RC
|J|asgagaa
|J|Lord Mur
|J|Zenadark
|J|Isa
|J|sunsetsarsaparilla
|choice|move 1|move 2
|
|move|p1a: Golden Magikarp|Thunder Wave|p2a: Exeggutor
|-status|p2a: Exeggutor|par
|move|p2a: Exeggutor|Sleep Powder|p1a: Golden Magikarp|[miss]
|-miss|p2a: Exeggutor
|
|turn|7
|J|CrazyLevy
|c|★Golden Gyarados|GO TO SLEEP
|c|★Agammemnon|Insomnia Alakazam
|J|Yogiras
|J|yellownized
|choice|move 2|move 2
|
|move|p1a: Golden Magikarp|Seismic Toss|p2a: Exeggutor
|-damage|p2a: Exeggutor|293\/393 par
|move|p2a: Exeggutor|Sleep Powder|p1a: Golden Magikarp
|-status|p1a: Golden Magikarp|slp
|
|turn|8
|J|LeGrosXavier
|L|CasedVictory
|J|double01
|J|H-C
|J|hootie
|J|GunnerRohan
|J|BIHI
|J|Hack
|L|GunnerRohan
|J|GunnerRohan
|choice|switch 2|move 1
|
|switch|p1a: Golden Magikarp|Chansey|703\/703
|cant|p2a: Exeggutor|par
|
|turn|9
|J|Raspberry
|choice|move 1|switch 4
|
|switch|p2a: Chansey|Chansey|703\/703
|move|p1a: Golden Magikarp|Seismic Toss|p2a: Chansey
|-damage|p2a: Chansey|603\/703
|
|turn|10
|J|kebabe
|J|BlackBloodz
|J|FleetingRain
|choice|move 2|move 1
|
|move|p2a: Chansey|Ice Beam|p1a: Golden Magikarp
|-damage|p1a: Golden Magikarp|629\/703
|move|p1a: Golden Magikarp|Sing|p2a: Chansey
|-status|p2a: Chansey|slp
|
|turn|11
|J|Matanza
|choice|switch 6|switch 4
|
|switch|p1a: Golden Magikarp|Tauros|353\/353
|switch|p2a: Exeggutor|Exeggutor|293\/393 par
|
|turn|12
|J|clueless
|J|Gualino
|J|Bro Kappa
|choice|switch 4|move 3
|
|switch|p1a: Golden Magikarp|Starmie|323\/323
|move|p2a: Exeggutor|Stun Spore|p1a: Golden Magikarp
|-status|p1a: Golden Magikarp|par
|
|turn|13
|J|GeeMick
|L|petyer
|choice|move 1|switch 4
|
|switch|p2a: Chansey|Chansey|603\/703 slp
|cant|p1a: Golden Magikarp|par
|
|turn|14
|J|Tobes
|J|YABO
|J|Steve Angello
|L|bugzinator RC
|choice|switch 4|switch 4
|
|switch|p2a: Exeggutor|Exeggutor|293\/393 par
|switch|p1a: Golden Magikarp|Tauros|353\/353
|
|turn|15
|J|ceraa
|J|Freeroamer
|J|Holiano
|J|ZNain
|J|Twixtry
|choice|switch 4|move 1
|
|switch|p1a: Golden Magikarp|Starmie|323\/323 par
|cant|p2a: Exeggutor|par
|
|turn|16
|choice|move 1|move 1
|
|move|p1a: Golden Magikarp|Blizzard|p2a: Exeggutor|[miss]
|-miss|p1a: Golden Magikarp
|cant|p2a: Exeggutor|par
|
|turn|17
|J|Texas Cloverleaf
|L|Nunno
|J|ibaneful
|choice|move 1|switch 4
|
|switch|p2a: Chansey|Chansey|603\/703 slp
|move|p1a: Golden Magikarp|Blizzard|p2a: Chansey|[miss]
|-miss|p1a: Golden Magikarp
|
|turn|18
|J|Cristal
|J|avfloatzel
|c|★Agammemnon|Hello Starmie, could you please at least try.
|choice|switch 4|move 2
|
|switch|p1a: Golden Magikarp|Tauros|353\/353
|cant|p2a: Chansey|slp
|
|turn|19
|J|rare poison
|J|zoowi
|L|avfloatzel
|J|puissantopkek
|L|LBLOL
|J|Finchinator
|J|MiltankMilk
|choice|move 3|switch 2
|
|switch|p2a: Starmie|Starmie|323\/323
|move|p1a: Golden Magikarp|Blizzard|p2a: Starmie
|-resisted|p2a: Starmie
|-damage|p2a: Starmie|287\/323
|
|turn|20
|J|redking6.9
|J|KidChameleon
|J|Asuya
|L|redking6.9
|choice|switch 6|move 3
|
|switch|p1a: Golden Magikarp|Chansey|629\/703
|move|p2a: Starmie|Thunder Wave|p1a: Golden Magikarp
|-status|p1a: Golden Magikarp|par
|
|turn|21
|J|Rumor
|J|Eyan
|L|gimme lessons
|choice|move 4|switch 2
|
|switch|p2a: Chansey|Chansey|603\/703 slp
|move|p1a: Golden Magikarp|Thunder Wave|p2a: Chansey
|-fail|p2a: Chansey
|
|turn|22
|J|Suhnnnnnnny
|J|r0ady
|choice|switch 6|switch 4
|
|switch|p2a: Exeggutor|Exeggutor|293\/393 par
|switch|p1a: Golden Magikarp|Tauros|353\/353
|
|turn|23
|L|Freeroamer
|choice|switch 4|move 1
|
|switch|p1a: Golden Magikarp|Starmie|323\/323 par
|move|p2a: Exeggutor|Psychic|p1a: Golden Magikarp
|-resisted|p1a: Golden Magikarp
|-damage|p1a: Golden Magikarp|260\/323 par
|-unboost|p1a: Golden Magikarp|spd|1
|-unboost|p1a: Golden Magikarp|spa|1
|
|turn|24
|J|Disenchanted
|J|EG Posho
|J|Tirander
|J|m00ns
|choice|move 1|move 1
|
|move|p2a: Exeggutor|Psychic|p1a: Golden Magikarp
|-resisted|p1a: Golden Magikarp
|-damage|p1a: Golden Magikarp|165\/323 par
|move|p1a: Golden Magikarp|Blizzard|p2a: Exeggutor
|-supereffective|p2a: Exeggutor
|-damage|p2a: Exeggutor|191\/393 par
|
|turn|25
|J|saliuG
|L|saliuG
|L|Gualino
|J|Montsegur
|choice|switch 6|move 1
|
|switch|p1a: Golden Magikarp|Chansey|629\/703 par
|move|p2a: Exeggutor|Psychic|p1a: Golden Magikarp
|-damage|p1a: Golden Magikarp|516\/703 par
|
|turn|26
|J|Marky B
|J|BlueSkiddoWeCanToo
|J|CrashinBoomBang
|L|Marky B
|J|LazerGoesPew
|J|Nelson
|J|avfloatzel
|J|Colchonero
|L|avfloatzel
|J|Lhions
|J|Vileman
|choice|switch 6|move 1
|
|switch|p1a: Golden Magikarp|Starmie|165\/323 par
|move|p2a: Exeggutor|Psychic|p1a: Golden Magikarp
|-resisted|p1a: Golden Magikarp
|-damage|p1a: Golden Magikarp|103\/323 par
|
|turn|27
|J|Lockheeed
|J|Gene Sp
|L|Twixtry
|choice|move 3|move 1
|
|move|p1a: Golden Magikarp|Recover|p1a: Golden Magikarp
|-heal|p1a: Golden Magikarp|264\/323 par
|move|p2a: Exeggutor|Psychic|p1a: Golden Magikarp
|-resisted|p1a: Golden Magikarp
|-damage|p1a: Golden Magikarp|197\/323 par
|
|turn|28
|J|iTimeTravel
|choice|move 3|switch 4
|
|switch|p2a: Chansey|Chansey|603\/703 slp
|cant|p1a: Golden Magikarp|par
|
|turn|29
|J|teal6
|J|Freeroamer
|L|iTimeTravel
|J|iTimeTravel
|choice|switch 4|switch 4
|
|switch|p2a: Exeggutor|Exeggutor|191\/393 par
|switch|p1a: Golden Magikarp|Tauros|353\/353
|
|turn|30
|choice|switch 4|move 1
|
|switch|p1a: Golden Magikarp|Starmie|197\/323 par
|move|p2a: Exeggutor|Psychic|p1a: Golden Magikarp
|-resisted|p1a: Golden Magikarp
|-damage|p1a: Golden Magikarp|136\/323 par
|-unboost|p1a: Golden Magikarp|spd|1
|-unboost|p1a: Golden Magikarp|spa|1
|
|turn|31
|J|Strucker
|choice|move 3|move 1
|
|move|p2a: Exeggutor|Psychic|p1a: Golden Magikarp
|-resisted|p1a: Golden Magikarp
|-damage|p1a: Golden Magikarp|36\/323 par
|move|p1a: Golden Magikarp|Recover|p1a: Golden Magikarp
|-heal|p1a: Golden Magikarp|197\/323 par
|
|turn|32
|J|Fireburn
|choice|switch 6|move 1
|
|switch|p1a: Golden Magikarp|Chansey|516\/703 par
|move|p2a: Exeggutor|Psychic|p1a: Golden Magikarp
|-damage|p1a: Golden Magikarp|392\/703 par
|-unboost|p1a: Golden Magikarp|spd|1
|-unboost|p1a: Golden Magikarp|spa|1
|
|turn|33
|J|jacob
|choice|move 3|move 1
|
|cant|p2a: Exeggutor|par
|move|p1a: Golden Magikarp|Soft-Boiled|p1a: Golden Magikarp
|-heal|p1a: Golden Magikarp|703\/703 par
|
|turn|34
|J|hahaouou
|choice|switch 6|move 1
|
|switch|p1a: Golden Magikarp|Starmie|197\/323 par
|move|p2a: Exeggutor|Psychic|p1a: Golden Magikarp
|-resisted|p1a: Golden Magikarp
|-damage|p1a: Golden Magikarp|133\/323 par
|
|turn|35
|choice|move 3|move 1
|
|move|p1a: Golden Magikarp|Recover|p1a: Golden Magikarp
|-heal|p1a: Golden Magikarp|294\/323 par
|cant|p2a: Exeggutor|par
|
|turn|36
|choice|move 1|switch 4
|
|switch|p2a: Chansey|Chansey|603\/703 slp
|move|p1a: Golden Magikarp|Blizzard|p2a: Chansey
|-damage|p2a: Chansey|515\/703 slp
|
|turn|37
|L|YABO
|L|rare poison
|choice|switch 4|switch 2
|
|switch|p2a: Starmie|Starmie|287\/323
|switch|p1a: Golden Magikarp|Tauros|353\/353
|
|turn|38
|choice|switch 6|move 4
|
|switch|p1a: Golden Magikarp|Chansey|703\/703 par
|move|p2a: Starmie|Thunderbolt|p1a: Golden Magikarp
|-crit|p1a: Golden Magikarp
|-damage|p1a: Golden Magikarp|571\/703 par
|
|turn|39
|choice|move 1|switch 2
|
|switch|p2a: Chansey|Chansey|515\/703 slp
|move|p1a: Golden Magikarp|Seismic Toss|p2a: Chansey
|-damage|p2a: Chansey|415\/703 slp
|
|turn|40
|L|Exploding Octopus
|J|YOUsucke
|choice|switch 6|switch 4
|
|switch|p2a: Exeggutor|Exeggutor|191\/393 par
|switch|p1a: Golden Magikarp|Tauros|353\/353
|
|turn|41
|J|kamisamano49
|choice|switch 4|move 1
|
|switch|p1a: Golden Magikarp|Starmie|294\/323 par
|cant|p2a: Exeggutor|par
|
|turn|42
|J|avfloatzel
|choice|move 1|move 4
|
|move|p1a: Golden Magikarp|Blizzard|p2a: Exeggutor
|-supereffective|p2a: Exeggutor
|-damage|p2a: Exeggutor|27\/393 par
|move|p2a: Exeggutor|Explosion|p1a: Golden Magikarp
|-damage|p1a: Golden Magikarp|12\/323 par
|faint|p2a: Exeggutor
|choice||switch 6
|
|switch|p2a: Tauros|Tauros|353\/353
|turn|43
|L|SketchUp
|J|fapkingg
|choice|move 4|move 3
|
|move|p2a: Tauros|Earthquake|p1a: Golden Magikarp
|-damage|p1a: Golden Magikarp|0 fnt
|faint|p1a: Golden Magikarp
|L|Tirander
|L|m00ns
|choice|switch 5|
|
|switch|p1a: Golden Magikarp|Snorlax|523\/523
|turn|44
|J|marcoasd
|choice|move 2|move 2
|
|move|p2a: Tauros|Blizzard|p1a: Golden Magikarp
|-damage|p1a: Golden Magikarp|427\/523
|move|p1a: Golden Magikarp|Body Slam|p2a: Tauros
|-damage|p2a: Tauros|241\/353
|
|turn|45
|choice|move 2|move 1
|
|move|p2a: Tauros|Body Slam|p1a: Golden Magikarp
|-damage|p1a: Golden Magikarp|294\/523
|move|p1a: Golden Magikarp|Body Slam|p2a: Tauros
|-damage|p2a: Tauros|133\/353
|
|turn|46
|J|Mizuhime
|J|cdumas
|L|cdumas
|J|SaiyanMaster95
|choice|move 2|move 1
|
|move|p2a: Tauros|Body Slam|p1a: Golden Magikarp
|-crit|p1a: Golden Magikarp
|-damage|p1a: Golden Magikarp|56\/523
|move|p1a: Golden Magikarp|Body Slam|p2a: Tauros
|-damage|p2a: Tauros|21\/353
|
|turn|47
|L|Eyan
|L|Freeroamer
|choice|switch 2|move 1
|
|switch|p1a: Golden Magikarp|Alakazam|313\/313 slp
|move|p2a: Tauros|Body Slam|p1a: Golden Magikarp
|-damage|p1a: Golden Magikarp|157\/313 slp
|
|turn|48
|choice|move 3|move 1
|
|cant|p1a: Golden Magikarp|slp
|move|p2a: Tauros|Body Slam|p1a: Golden Magikarp
|-damage|p1a: Golden Magikarp|0 fnt
|faint|p1a: Golden Magikarp
|choice|switch 4|
|
|switch|p1a: Golden Magikarp|Tauros|353\/353
|turn|49
|J|Triangles RSE
|J|Lord Outrage
|choice|move 1|move 4
|
|move|p1a: Golden Magikarp|Body Slam|p2a: Tauros
|-crit|p2a: Tauros
|-damage|p2a: Tauros|0 fnt
|faint|p2a: Tauros
|choice||switch 5
|
|switch|p2a: Snorlax|Snorlax|523\/523
|turn|50
|J|BlazeLatias
|L|Rumor
|L|Asuya
|J|Rumor
|J|Asuya
|choice|move 1|move 2
|
|move|p1a: Golden Magikarp|Body Slam|p2a: Snorlax
|-crit|p2a: Snorlax
|-damage|p2a: Snorlax|278\/523
|move|p2a: Snorlax|Reflect|p2a: Snorlax
|-start|p2a: Snorlax|Reflect
|
|turn|51
|J|Starmei
|L|ceraa
|choice|move 1|move 4
|
|move|p1a: Golden Magikarp|Body Slam|p2a: Snorlax
|-damage|p2a: Snorlax|216\/523
|move|p2a: Snorlax|Rest|p2a: Snorlax
|-status|p2a: Snorlax|slp
|-heal|p2a: Snorlax|523\/523 slp|[silent]
|-status|p2a: Snorlax|slp|[from] move: Rest
|
|turn|52
|choice|move 1|move 2
|
|move|p1a: Golden Magikarp|Body Slam|p2a: Snorlax
|-damage|p2a: Snorlax|461\/523 slp
|cant|p2a: Snorlax|slp
|
|turn|53
|J|MegaStarUniverse
|choice|move 1|move 1
|
|move|p1a: Golden Magikarp|Body Slam|p2a: Snorlax
|-damage|p2a: Snorlax|399\/523 slp
|-curestatus|p2a: Snorlax|slp
|
|turn|54
|J|It's so unfair
|choice|move 1|move 1
|
|move|p1a: Golden Magikarp|Body Slam|p2a: Snorlax
|-damage|p2a: Snorlax|330\/523
|move|p2a: Snorlax|Body Slam|p1a: Golden Magikarp
|-damage|p1a: Golden Magikarp|238\/353
|
|turn|55
|J|Zephir
|L|edgar allan POEK
|J|Pohjis
|choice|move 3|move 1
|
|move|p1a: Golden Magikarp|Blizzard|p2a: Snorlax|[miss]
|-miss|p1a: Golden Magikarp
|move|p2a: Snorlax|Body Slam|p1a: Golden Magikarp
|-damage|p1a: Golden Magikarp|134\/353
|
|turn|56
|choice|move 3|move 1
|
|move|p1a: Golden Magikarp|Blizzard|p2a: Snorlax
|-damage|p2a: Snorlax|225\/523
|move|p2a: Snorlax|Body Slam|p1a: Golden Magikarp
|-damage|p1a: Golden Magikarp|30\/353
|
|turn|57
|L|Vileman
|J|Alexander
|J|Krahzer
|choice|move 4|move 4
|
|move|p1a: Golden Magikarp|Hyper Beam|p2a: Snorlax
|-damage|p2a: Snorlax|109\/523
|move|p2a: Snorlax|Rest|p2a: Snorlax
|-status|p2a: Snorlax|slp
|-heal|p2a: Snorlax|523\/523 slp|[silent]
|-status|p2a: Snorlax|slp|[from] move: Rest
|
|turn|58
|-mustrecharge|p1a: Golden Magikarp
|-mustrecharge|p1a: Golden Magikarp
|choice|move 1|move 1
|
|cant|p1a: Golden Magikarp|recharge
|cant|p2a: Snorlax|slp
|
|turn|59
|J|FAFUS
|choice|move 1|move 1
|
|move|p1a: Golden Magikarp|Body Slam|p2a: Snorlax
|-damage|p2a: Snorlax|461\/523 slp
|-curestatus|p2a: Snorlax|slp
|
|turn|60
|J|Nunno
|L|galbia
|choice|move 4|move 1
|
|move|p1a: Golden Magikarp|Hyper Beam|p2a: Snorlax
|-damage|p2a: Snorlax|351\/523
|move|p2a: Snorlax|Body Slam|p1a: Golden Magikarp
|-damage|p1a: Golden Magikarp|0 fnt
|faint|p1a: Golden Magikarp
|L|TestZed
|J|TestZed
|L|TestZed
|J|Demerging
|J|Quaggsterrr
|J|zdrup
|choice|switch 2|
|
|switch|p1a: Golden Magikarp|Snorlax|56\/523
|turn|61
|L|BlazeLatias
|J|Teddy Nape
|L|SaiyanMaster95
|J|ottenwein
|J|Freeroamer
|choice|move 4|move 1
|
|move|p2a: Snorlax|Body Slam|p1a: Golden Magikarp
|-damage|p1a: Golden Magikarp|0 fnt
|faint|p1a: Golden Magikarp
|J|Stratos
|L|Finchinator
|J|Stathakis
|J|Finchinator
|J|Shogarth
|choice|switch 3|
|
|switch|p1a: Golden Magikarp|Nidoking|365\/365
|turn|62
|J|Sp00ky Sp0der
|J|talkingtree
|J|maulhalten&zocken
|J|Meloettaaa
|J|blunderr
|L|Meloettaaa
|choice|move 2|move 1
|
|move|p1a: Golden Magikarp|Blizzard|p2a: Snorlax
|-damage|p2a: Snorlax|255\/523
|move|p2a: Snorlax|Body Slam|p1a: Golden Magikarp
|-crit|p1a: Golden Magikarp
|-damage|p1a: Golden Magikarp|106\/365
|
|turn|63
|J|Raekkiiii
|L|blunderr
|J|galbia
|choice|move 2|move 1
|
|move|p1a: Golden Magikarp|Blizzard|p2a: Snorlax
|-damage|p2a: Snorlax|148\/523
|move|p2a: Snorlax|Body Slam|p1a: Golden Magikarp
|-damage|p1a: Golden Magikarp|0 fnt
|faint|p1a: Golden Magikarp
|J|Leftiez
|L|galbia
|L|Jetpack
|L|iTimeTravel
|L|ABR
|L|clueless
|choice|switch 6|
|
|switch|p1a: Golden Magikarp|Chansey|571\/703 par
|turn|64
|L|Stathakis
|L|sunsetsarsaparilla
|L|r0ady
|L|Valkyrie10+1
|L|Zephir
|L|MoxieInfinite
|L|Fireburn
|L|Texas Cloverleaf
|L|YOUsucke
|L|Aurious
|J|Aurious
|L|Bro Kappa
|L|Hack
|L|talkingtree
|L|teal6
|choice|move 4|move 4
|
|move|p2a: Snorlax|Rest|p2a: Snorlax
|-status|p2a: Snorlax|slp
|-heal|p2a: Snorlax|523\/523 slp|[silent]
|-status|p2a: Snorlax|slp|[from] move: Rest
|move|p1a: Golden Magikarp|Thunder Wave|p2a: Snorlax
|-fail|p2a: Snorlax
|
|turn|65
|c|★Agammemnon|gg !
|-message|Agammemnon forfeited.
|
|win|Golden Gyarados