|J|Nails
|J|Aurious
|player|p1|Nails|266
|player|p2|Aurious|1
|gametype|singles
|gen|1
|tier|[Gen 1] OU
|seed|2865,15008,62420,52536
|rule|Sleep Clause Mod: Limit one foe put to sleep
|rule|Freeze Clause Mod: Limit one foe frozen
|rule|Species Clause: Limit one of each Pokémon
|rule|OHKO Clause: OHKO moves are banned
|rule|Evasion Moves Clause: Evasion moves are banned
|rule|HP Percentage Mod: HP is shown in percentages
|
|start
|switch|p1a: Jynx|Jynx|333\/333
|switch|p2a: Jynx|Jynx|333\/333
|turn|1
|c|★Aurious|hf
|choice|move 2|move 3
|
|move|p2a: Jynx|Lovely Kiss|p1a: Jynx|[miss]
|-miss|p2a: Jynx
|move|p1a: Jynx|Lovely Kiss|p2a: Jynx
|-status|p2a: Jynx|slp
|
|turn|2
|J|Isa
|choice|switch 2|switch 3
|
|switch|p2a: Chansey|Chansey|703\/703
|switch|p1a: Snorlax|Snorlax|523\/523
|
|turn|3
|c|&Isa|go go my tutees
|c|★Aurious|D:
|choice|switch 6|switch 4
|
|switch|p2a: Exeggutor|Exeggutor|393\/393
|switch|p1a: Chansey|Chansey|703\/703
|
|turn|4
|c|★Nails|ah
|c|★Nails|a wild fink appeared.
|choice|switch 2|move 1
|
|switch|p1a: Jynx|Jynx|333\/333
|move|p2a: Exeggutor|Sleep Powder|p1a: Jynx
|-status|p1a: Jynx|slp
|
|turn|5
|c|★Aurious|wanna pause now?
|c|★Nails|i mean
|c|★Nails|we can
|c|★Nails|play slowly
|c|★Nails|imo
|c|★Nails|watch the game while making moves
|c|★Aurious|kk
|choice|switch 2|switch 4
|
|switch|p1a: Chansey|Chansey|703\/703
|switch|p2a: Chansey|Chansey|703\/703
|
|turn|6
|choice|move 3|move 4
|
|move|p1a: Chansey|Ice Beam|p2a: Chansey
|-damage|p2a: Chansey|622\/703
|move|p2a: Chansey|Ice Beam|p1a: Chansey
|-damage|p1a: Chansey|628\/703
|
|turn|7
|c|★Nails|.chonsey
|choice|move 3|move 4
|
|move|p2a: Chansey|Ice Beam|p1a: Chansey
|-damage|p1a: Chansey|548\/703
|move|p1a: Chansey|Ice Beam|p2a: Chansey
|-damage|p2a: Chansey|550\/703
|
|turn|8
|choice|move 3|move 4
|
|move|p2a: Chansey|Ice Beam|p1a: Chansey
|-damage|p1a: Chansey|468\/703
|move|p1a: Chansey|Ice Beam|p2a: Chansey
|-damage|p2a: Chansey|478\/703
|
|turn|9
|choice|move 3|move 4
|
|move|p2a: Chansey|Ice Beam|p1a: Chansey
|-damage|p1a: Chansey|388\/703
|move|p1a: Chansey|Ice Beam|p2a: Chansey
|-damage|p2a: Chansey|408\/703
|
|turn|10
|choice|move 3|move 4
|
|move|p1a: Chansey|Ice Beam|p2a: Chansey
|-damage|p2a: Chansey|334\/703
|move|p2a: Chansey|Ice Beam|p1a: Chansey
|-damage|p1a: Chansey|309\/703
|
|turn|11
|choice|move 3|move 4
|
|move|p1a: Chansey|Ice Beam|p2a: Chansey
|-damage|p2a: Chansey|254\/703
|move|p2a: Chansey|Ice Beam|p1a: Chansey
|-damage|p1a: Chansey|236\/703
|
|turn|12
|choice|move 3|move 4
|
|move|p2a: Chansey|Ice Beam|p1a: Chansey
|-damage|p1a: Chansey|156\/703
|move|p1a: Chansey|Ice Beam|p2a: Chansey
|-damage|p2a: Chansey|179\/703
|
|turn|13
|choice|move 2|move 4
|
|move|p1a: Chansey|Soft-Boiled|p1a: Chansey
|-heal|p1a: Chansey|507\/703
|move|p2a: Chansey|Ice Beam|p1a: Chansey
|-damage|p1a: Chansey|435\/703
|
|turn|14
|choice|move 3|move 1
|
|move|p1a: Chansey|Ice Beam|p2a: Chansey
|-damage|p2a: Chansey|109\/703
|move|p2a: Chansey|Soft-Boiled|p2a: Chansey
|-heal|p2a: Chansey|460\/703
|
|turn|15
|choice|move 3|move 4
|
|move|p1a: Chansey|Ice Beam|p2a: Chansey
|-damage|p2a: Chansey|381\/703
|move|p2a: Chansey|Ice Beam|p1a: Chansey
|-damage|p1a: Chansey|355\/703
|
|turn|16
|choice|switch 4|move 4
|
|switch|p1a: Tauros|Tauros|353\/353
|move|p2a: Chansey|Ice Beam|p1a: Tauros
|-damage|p1a: Tauros|255\/353
|
|turn|17
|choice|move 4|switch 2
|
|switch|p2a: Starmie|Starmie|323\/323
|move|p1a: Tauros|Hyper Beam|p2a: Starmie
|-damage|p2a: Starmie|119\/323
|
|turn|18
|-mustrecharge|p1a: Tauros
|-mustrecharge|p1a: Tauros
|choice|move 1|move 3
|
|move|p2a: Starmie|Thunder Wave|p1a: Tauros
|-status|p1a: Tauros|par
|cant|p1a: Tauros|recharge
|
|turn|19
|choice|switch 4|move 2
|
|switch|p1a: Chansey|Chansey|355\/703
|move|p2a: Starmie|Recover|p2a: Starmie
|-heal|p2a: Starmie|280\/323
|
|turn|20
|choice|move 2|move 1
|
|move|p2a: Starmie|Blizzard|p1a: Chansey
|-damage|p1a: Chansey|268\/703
|move|p1a: Chansey|Soft-Boiled|p1a: Chansey
|-heal|p1a: Chansey|619\/703
|
|turn|21
|choice|move 4|move 1
|
|move|p2a: Starmie|Blizzard|p1a: Chansey
|-crit|p1a: Chansey
|-damage|p1a: Chansey|450\/703
|move|p1a: Chansey|Thunderbolt|p2a: Starmie
|-supereffective|p2a: Starmie
|-damage|p2a: Starmie|125\/323
|
|turn|22
|choice|move 2|move 2
|
|move|p2a: Starmie|Recover|p2a: Starmie
|-heal|p2a: Starmie|286\/323
|move|p1a: Chansey|Soft-Boiled|p1a: Chansey
|-heal|p1a: Chansey|703\/703
|
|turn|23
|choice|move 4|move 1
|
|move|p2a: Starmie|Blizzard|p1a: Chansey
|-damage|p1a: Chansey|618\/703
|move|p1a: Chansey|Thunderbolt|p2a: Starmie
|-supereffective|p2a: Starmie
|-damage|p2a: Starmie|118\/323
|
|turn|24
|choice|move 4|move 2
|
|move|p2a: Starmie|Recover|p2a: Starmie
|-heal|p2a: Starmie|279\/323
|move|p1a: Chansey|Thunderbolt|p2a: Starmie
|-supereffective|p2a: Starmie
|-damage|p2a: Starmie|115\/323
|
|turn|25
|choice|move 4|move 2
|
|move|p2a: Starmie|Recover|p2a: Starmie
|-heal|p2a: Starmie|276\/323
|move|p1a: Chansey|Thunderbolt|p2a: Starmie
|-supereffective|p2a: Starmie
|-damage|p2a: Starmie|120\/323
|
|turn|26
|choice|move 4|switch 4
|
|switch|p2a: Exeggutor|Exeggutor|393\/393
|move|p1a: Chansey|Thunderbolt|p2a: Exeggutor
|-resisted|p2a: Exeggutor
|-damage|p2a: Exeggutor|358\/393
|
|turn|27
|choice|switch 5|move 4
|
|switch|p1a: Rhydon|Rhydon|413\/413
|move|p2a: Exeggutor|Explosion|p1a: Rhydon
|-resisted|p1a: Rhydon
|-damage|p1a: Rhydon|293\/413
|faint|p2a: Exeggutor
|choice||switch 6
|
|switch|p2a: Snorlax|Snorlax|523\/523
|turn|28
|choice|switch 6|move 3
|
|switch|p1a: Snorlax|Snorlax|523\/523
|move|p2a: Snorlax|Reflect|p2a: Snorlax
|-start|p2a: Snorlax|Reflect
|
|turn|29
|choice|move 2|move 1
|
|move|p1a: Snorlax|Reflect|p1a: Snorlax
|-start|p1a: Snorlax|Reflect
|move|p2a: Snorlax|Body Slam|p1a: Snorlax
|-damage|p1a: Snorlax|458\/523
|
|turn|30
|choice|move 1|move 1
|
|move|p2a: Snorlax|Body Slam|p1a: Snorlax
|-damage|p1a: Snorlax|390\/523
|move|p1a: Snorlax|Body Slam|p2a: Snorlax
|-damage|p2a: Snorlax|456\/523
|
|turn|31
|choice|move 1|move 1
|
|move|p1a: Snorlax|Body Slam|p2a: Snorlax
|-damage|p2a: Snorlax|386\/523
|move|p2a: Snorlax|Body Slam|p1a: Snorlax
|-damage|p1a: Snorlax|317\/523
|
|turn|32
|choice|move 1|move 1
|
|move|p2a: Snorlax|Body Slam|p1a: Snorlax
|-damage|p1a: Snorlax|250\/523
|move|p1a: Snorlax|Body Slam|p2a: Snorlax
|-damage|p2a: Snorlax|312\/523
|
|turn|33
|choice|move 4|move 1
|
|move|p1a: Snorlax|Rest|p1a: Snorlax
|-status|p1a: Snorlax|slp
|-heal|p1a: Snorlax|523\/523 slp|[silent]
|-status|p1a: Snorlax|slp|[from] move: Rest
|move|p2a: Snorlax|Body Slam|p1a: Snorlax
|-damage|p1a: Snorlax|455\/523 slp
|
|turn|34
|choice|move 1|move 1
|
|move|p2a: Snorlax|Body Slam|p1a: Snorlax
|-damage|p1a: Snorlax|381\/523 slp
|cant|p1a: Snorlax|slp
|
|turn|35
|choice|move 2|move 1
|
|move|p2a: Snorlax|Body Slam|p1a: Snorlax
|-damage|p1a: Snorlax|316\/523 slp
|-curestatus|p1a: Snorlax|slp
|
|turn|36
|choice|move 1|move 1
|
|move|p1a: Snorlax|Body Slam|p2a: Snorlax
|-damage|p2a: Snorlax|246\/523
|move|p2a: Snorlax|Body Slam|p1a: Snorlax
|-damage|p1a: Snorlax|248\/523
|
|turn|37
|choice|move 4|move 4
|
|move|p2a: Snorlax|Rest|p2a: Snorlax
|-status|p2a: Snorlax|slp
|-heal|p2a: Snorlax|523\/523 slp|[silent]
|-status|p2a: Snorlax|slp|[from] move: Rest
|move|p1a: Snorlax|Rest|p1a: Snorlax
|-status|p1a: Snorlax|slp
|-heal|p1a: Snorlax|523\/523 slp|[silent]
|-status|p1a: Snorlax|slp|[from] move: Rest
|
|turn|38
|choice|move 1|move 1
|
|cant|p2a: Snorlax|slp
|cant|p1a: Snorlax|slp
|
|turn|39
|choice|move 2|move 1
|
|-curestatus|p1a: Snorlax|slp
|-curestatus|p2a: Snorlax|slp
|
|turn|40
|choice|move 1|move 1
|
|move|p1a: Snorlax|Body Slam|p2a: Snorlax
|-damage|p2a: Snorlax|448\/523
|move|p2a: Snorlax|Body Slam|p1a: Snorlax
|-damage|p1a: Snorlax|453\/523
|
|turn|41
|choice|move 1|move 1
|
|move|p1a: Snorlax|Body Slam|p2a: Snorlax
|-damage|p2a: Snorlax|378\/523
|move|p2a: Snorlax|Body Slam|p1a: Snorlax
|-damage|p1a: Snorlax|388\/523
|
|turn|42
|choice|move 1|move 1
|
|move|p1a: Snorlax|Body Slam|p2a: Snorlax
|-damage|p2a: Snorlax|310\/523
|move|p2a: Snorlax|Body Slam|p1a: Snorlax
|-damage|p1a: Snorlax|321\/523
|
|turn|43
|choice|move 4|move 1
|
|move|p1a: Snorlax|Rest|p1a: Snorlax
|-status|p1a: Snorlax|slp
|-heal|p1a: Snorlax|523\/523 slp|[silent]
|-status|p1a: Snorlax|slp|[from] move: Rest
|move|p2a: Snorlax|Body Slam|p1a: Snorlax
|-damage|p1a: Snorlax|456\/523 slp
|
|turn|44
|choice|move 1|move 1
|
|cant|p1a: Snorlax|slp
|move|p2a: Snorlax|Body Slam|p1a: Snorlax
|-damage|p1a: Snorlax|387\/523 slp
|
|turn|45
|choice|move 2|move 1
|
|-curestatus|p1a: Snorlax|slp
|move|p2a: Snorlax|Body Slam|p1a: Snorlax
|-damage|p1a: Snorlax|314\/523
|
|turn|46
|choice|move 4|move 4
|
|move|p2a: Snorlax|Rest|p2a: Snorlax
|-status|p2a: Snorlax|slp
|-heal|p2a: Snorlax|523\/523 slp|[silent]
|-status|p2a: Snorlax|slp|[from] move: Rest
|move|p1a: Snorlax|Rest|p1a: Snorlax
|-status|p1a: Snorlax|slp
|-heal|p1a: Snorlax|523\/523 slp|[silent]
|-status|p1a: Snorlax|slp|[from] move: Rest
|
|turn|47
|choice|move 2|move 1
|
|cant|p2a: Snorlax|slp
|cant|p1a: Snorlax|slp
|
|turn|48
|choice|move 2|move 1
|
|-curestatus|p1a: Snorlax|slp
|-curestatus|p2a: Snorlax|slp
|
|turn|49
|choice|move 2|move 2
|
|move|p2a: Snorlax|Earthquake|p1a: Snorlax
|-damage|p1a: Snorlax|464\/523
|move|p1a: Snorlax|Reflect|p1a: Snorlax
|-fail|p1a: Snorlax
|
|turn|50
|choice|move 2|move 2
|
|move|p1a: Snorlax|Reflect|p1a: Snorlax
|-fail|p1a: Snorlax
|move|p2a: Snorlax|Earthquake|p1a: Snorlax
|-damage|p1a: Snorlax|412\/523
|
|turn|51
|choice|move 2|move 3
|
|move|p1a: Snorlax|Reflect|p1a: Snorlax
|-fail|p1a: Snorlax
|move|p2a: Snorlax|Reflect|p2a: Snorlax
|-fail|p2a: Snorlax
|
|turn|52
|choice|move 2|move 2
|
|move|p1a: Snorlax|Reflect|p1a: Snorlax
|-fail|p1a: Snorlax
|move|p2a: Snorlax|Earthquake|p1a: Snorlax
|-damage|p1a: Snorlax|356\/523
|
|turn|53
|choice|move 2|move 2
|
|move|p1a: Snorlax|Reflect|p1a: Snorlax
|-fail|p1a: Snorlax
|move|p2a: Snorlax|Earthquake|p1a: Snorlax
|-damage|p1a: Snorlax|302\/523
|
|turn|54
|choice|move 2|move 3
|
|move|p2a: Snorlax|Reflect|p2a: Snorlax
|-fail|p2a: Snorlax
|move|p1a: Snorlax|Reflect|p1a: Snorlax
|-fail|p1a: Snorlax
|
|turn|55
|choice|move 4|move 3
|
|move|p2a: Snorlax|Reflect|p2a: Snorlax
|-fail|p2a: Snorlax
|move|p1a: Snorlax|Rest|p1a: Snorlax
|-status|p1a: Snorlax|slp
|-heal|p1a: Snorlax|523\/523 slp|[silent]
|-status|p1a: Snorlax|slp|[from] move: Rest
|
|turn|56
|choice|move 2|move 3
|
|cant|p1a: Snorlax|slp
|move|p2a: Snorlax|Reflect|p2a: Snorlax
|-fail|p2a: Snorlax
|
|turn|57
|choice|move 2|move 3
|
|-curestatus|p1a: Snorlax|slp
|move|p2a: Snorlax|Reflect|p2a: Snorlax
|-fail|p2a: Snorlax
|
|turn|58
|choice|move 2|move 3
|
|move|p2a: Snorlax|Reflect|p2a: Snorlax
|-fail|p2a: Snorlax
|move|p1a: Snorlax|Reflect|p1a: Snorlax
|-fail|p1a: Snorlax
|
|turn|59
|choice|switch 5|move 3
|
|switch|p1a: Chansey|Chansey|618\/703
|move|p2a: Snorlax|Reflect|p2a: Snorlax
|-fail|p2a: Snorlax
|
|turn|60
|choice|switch 5|move 1
|
|switch|p1a: Snorlax|Snorlax|523\/523
|move|p2a: Snorlax|Body Slam|p1a: Snorlax
|-damage|p1a: Snorlax|385\/523
|
|turn|61
|choice|move 2|switch 4
|
|switch|p2a: Starmie|Starmie|120\/323
|move|p1a: Snorlax|Reflect|p1a: Snorlax
|-start|p1a: Snorlax|Reflect
|
|turn|62
|choice|move 1|move 2
|
|move|p2a: Starmie|Recover|p2a: Starmie
|-heal|p2a: Starmie|281\/323
|move|p1a: Snorlax|Body Slam|p2a: Starmie
|-damage|p2a: Starmie|156\/323
|
|turn|63
|choice|move 1|move 2
|
|move|p2a: Starmie|Recover|p2a: Starmie
|-heal|p2a: Starmie|317\/323
|move|p1a: Snorlax|Body Slam|p2a: Starmie
|-damage|p2a: Starmie|198\/323
|
|turn|64
|choice|move 1|move 1
|
|move|p2a: Starmie|Blizzard|p1a: Snorlax
|-damage|p1a: Snorlax|272\/523
|move|p1a: Snorlax|Body Slam|p2a: Starmie
|-damage|p2a: Starmie|72\/323
|
|turn|65
|choice|move 3|move 2
|
|move|p2a: Starmie|Recover|p2a: Starmie
|-heal|p2a: Starmie|233\/323
|move|p1a: Snorlax|Hyper Beam|p2a: Starmie
|-damage|p2a: Starmie|31\/323
|
|turn|66
|-mustrecharge|p1a: Snorlax
|-mustrecharge|p1a: Snorlax
|choice|move 1|move 2
|
|move|p2a: Starmie|Recover|p2a: Starmie
|-heal|p2a: Starmie|192\/323
|cant|p1a: Snorlax|recharge
|
|turn|67
|choice|move 1|switch 4
|
|switch|p2a: Snorlax|Snorlax|523\/523
|move|p1a: Snorlax|Body Slam|p2a: Snorlax
|-damage|p2a: Snorlax|392\/523
|
|turn|68
|choice|move 1|move 3
|
|move|p2a: Snorlax|Reflect|p2a: Snorlax
|-start|p2a: Snorlax|Reflect
|move|p1a: Snorlax|Body Slam|p2a: Snorlax
|-damage|p2a: Snorlax|320\/523
|
|turn|69
|choice|move 4|move 1
|
|move|p2a: Snorlax|Body Slam|p1a: Snorlax
|-damage|p1a: Snorlax|202\/523
|move|p1a: Snorlax|Rest|p1a: Snorlax
|-status|p1a: Snorlax|slp
|-heal|p1a: Snorlax|523\/523 slp|[silent]
|-status|p1a: Snorlax|slp|[from] move: Rest
|
|turn|70
|choice|move 2|move 3
|
|move|p2a: Snorlax|Reflect|p2a: Snorlax
|-fail|p2a: Snorlax
|cant|p1a: Snorlax|slp
|
|turn|71
|choice|move 2|move 3
|
|-curestatus|p1a: Snorlax|slp
|move|p2a: Snorlax|Reflect|p2a: Snorlax
|-fail|p2a: Snorlax
|
|turn|72
|choice|switch 5|move 3
|
|switch|p1a: Chansey|Chansey|618\/703
|move|p2a: Snorlax|Reflect|p2a: Snorlax
|-fail|p2a: Snorlax
|
|turn|73
|choice|switch 5|move 1
|
|switch|p1a: Snorlax|Snorlax|523\/523
|move|p2a: Snorlax|Body Slam|p1a: Snorlax
|-damage|p1a: Snorlax|373\/523
|
|turn|74
|choice|move 2|switch 2
|
|switch|p2a: Chansey|Chansey|381\/703
|move|p1a: Snorlax|Reflect|p1a: Snorlax
|-start|p1a: Snorlax|Reflect
|
|turn|75
|choice|move 1|move 1
|
|move|p2a: Chansey|Soft-Boiled|p2a: Chansey
|-heal|p2a: Chansey|703\/703
|move|p1a: Snorlax|Body Slam|p2a: Chansey
|-damage|p2a: Chansey|390\/703
|
|turn|76
|choice|move 1|move 1
|
|move|p2a: Chansey|Soft-Boiled|p2a: Chansey
|-heal|p2a: Chansey|703\/703
|move|p1a: Snorlax|Body Slam|p2a: Chansey
|-damage|p2a: Chansey|388\/703
|
|turn|77
|choice|move 3|move 1
|
|move|p2a: Chansey|Soft-Boiled|p2a: Chansey
|-heal|p2a: Chansey|703\/703
|move|p1a: Snorlax|Hyper Beam|p2a: Chansey|[miss]
|-miss|p1a: Snorlax
|
|turn|78
|choice|move 4|move 4
|
|move|p2a: Chansey|Ice Beam|p1a: Snorlax
|-damage|p1a: Snorlax|275\/523
|-status|p1a: Snorlax|frz
|cant|p1a: Snorlax|frz
|
|turn|79
|choice|switch 5|move 2
|
|switch|p1a: Chansey|Chansey|618\/703
|move|p2a: Chansey|Thunder Wave|p1a: Chansey
|-status|p1a: Chansey|par
|
|turn|80
|choice|move 4|switch 4
|
|switch|p2a: Starmie|Starmie|192\/323
|move|p1a: Chansey|Thunderbolt|p2a: Starmie
|-supereffective|p2a: Starmie
|-damage|p2a: Starmie|36\/323
|
|turn|81
|choice|move 4|move 2
|
|move|p2a: Starmie|Recover|p2a: Starmie
|-heal|p2a: Starmie|197\/323
|move|p1a: Chansey|Thunderbolt|p2a: Starmie
|-supereffective|p2a: Starmie
|-damage|p2a: Starmie|47\/323
|
|turn|82
|choice|move 1|move 2
|
|move|p2a: Starmie|Recover|p2a: Starmie
|-heal|p2a: Starmie|208\/323
|cant|p1a: Chansey|par
|
|turn|83
|choice|move 1|move 4
|
|move|p2a: Starmie|Thunderbolt|p1a: Chansey
|-damage|p1a: Chansey|549\/703 par
|cant|p1a: Chansey|par
|
|turn|84
|choice|move 1|move 4
|
|move|p2a: Starmie|Thunderbolt|p1a: Chansey
|-damage|p1a: Chansey|479\/703 par
|move|p1a: Chansey|Thunder Wave|p2a: Starmie
|-status|p2a: Starmie|par
|
|turn|85
|choice|move 2|move 2
|
|move|p2a: Starmie|Recover|p2a: Starmie
|-heal|p2a: Starmie|323\/323 par
|move|p1a: Chansey|Soft-Boiled|p1a: Chansey
|-heal|p1a: Chansey|703\/703 par
|
|turn|86
|choice|move 4|move 4
|
|move|p2a: Starmie|Thunderbolt|p1a: Chansey
|-damage|p1a: Chansey|633\/703 par
|move|p1a: Chansey|Thunderbolt|p2a: Starmie
|-supereffective|p2a: Starmie
|-damage|p2a: Starmie|179\/323 par
|
|turn|87
|choice|move 4|move 2
|
|move|p2a: Starmie|Recover|p2a: Starmie
|-heal|p2a: Starmie|323\/323 par
|move|p1a: Chansey|Thunderbolt|p2a: Starmie
|-supereffective|p2a: Starmie
|-damage|p2a: Starmie|157\/323 par
|
|turn|88
|choice|move 4|move 2
|
|move|p2a: Starmie|Recover|p2a: Starmie
|-heal|p2a: Starmie|318\/323 par
|cant|p1a: Chansey|par
|
|turn|89
|choice|move 4|move 4
|
|move|p2a: Starmie|Thunderbolt|p1a: Chansey
|-crit|p1a: Chansey
|-damage|p1a: Chansey|485\/703 par
|move|p1a: Chansey|Thunderbolt|p2a: Starmie
|-supereffective|p2a: Starmie
|-damage|p2a: Starmie|160\/323 par
|
|turn|90
|choice|move 4|move 2
|
|move|p2a: Starmie|Recover|p2a: Starmie
|-heal|p2a: Starmie|321\/323 par
|move|p1a: Chansey|Thunderbolt|p2a: Starmie
|-supereffective|p2a: Starmie
|-damage|p2a: Starmie|157\/323 par
|
|turn|91
|choice|move 4|move 2
|
|move|p2a: Starmie|Recover|p2a: Starmie
|-heal|p2a: Starmie|318\/323 par
|move|p1a: Chansey|Thunderbolt|p2a: Starmie
|-supereffective|p2a: Starmie
|-damage|p2a: Starmie|162\/323 par
|
|turn|92
|choice|move 4|move 2
|
|move|p2a: Starmie|Recover|p2a: Starmie
|-heal|p2a: Starmie|323\/323 par
|cant|p1a: Chansey|par
|
|turn|93
|choice|move 2|move 4
|
|move|p2a: Starmie|Thunderbolt|p1a: Chansey
|-damage|p1a: Chansey|409\/703 par
|move|p1a: Chansey|Soft-Boiled|p1a: Chansey
|-heal|p1a: Chansey|703\/703 par
|
|turn|94
|choice|switch 6|switch 4
|
|switch|p2a: Chansey|Chansey|703\/703
|switch|p1a: Rhydon|Rhydon|293\/413
|
|turn|95
|choice|switch 6|move 4
|
|switch|p1a: Chansey|Chansey|703\/703 par
|move|p2a: Chansey|Ice Beam|p1a: Chansey
|-damage|p1a: Chansey|624\/703 par
|
|turn|96
|choice|move 3|switch 4
|
|switch|p2a: Starmie|Starmie|323\/323 par
|move|p1a: Chansey|Ice Beam|p2a: Starmie
|-crit|p2a: Starmie
|-resisted|p2a: Starmie
|-damage|p2a: Starmie|251\/323 par
|
|turn|97
|choice|move 4|switch 4
|
|switch|p2a: Chansey|Chansey|703\/703
|move|p1a: Chansey|Thunderbolt|p2a: Chansey
|-damage|p2a: Chansey|627\/703
|
|turn|98
|choice|move 4|switch 4
|
|switch|p2a: Starmie|Starmie|251\/323 par
|cant|p1a: Chansey|par
|
|turn|99
|choice|move 4|switch 4
|
|switch|p2a: Chansey|Chansey|627\/703
|cant|p1a: Chansey|par
|
|turn|100
|choice|move 4|move 3
|
|move|p2a: Chansey|Thunderbolt|p1a: Chansey
|-damage|p1a: Chansey|552\/703 par
|move|p1a: Chansey|Thunderbolt|p2a: Chansey
|-damage|p2a: Chansey|550\/703
|
|turn|101
|choice|move 4|switch 4
|
|switch|p2a: Starmie|Starmie|251\/323 par
|move|p1a: Chansey|Thunderbolt|p2a: Starmie
|-supereffective|p2a: Starmie
|-damage|p2a: Starmie|104\/323 par
|
|turn|102
|choice|move 4|move 2
|
|cant|p2a: Starmie|par
|move|p1a: Chansey|Thunderbolt|p2a: Starmie
|-supereffective|p2a: Starmie
|-damage|p2a: Starmie|0 fnt
|faint|p2a: Starmie
|choice||switch 2
|
|switch|p2a: Snorlax|Snorlax|320\/523
|turn|103
|choice|move 2|move 1
|
|move|p2a: Snorlax|Body Slam|p1a: Chansey
|-damage|p1a: Chansey|244\/703 par
|move|p1a: Chansey|Soft-Boiled|p1a: Chansey
|-heal|p1a: Chansey|595\/703 par
|
|turn|104
|choice|move 2|move 1
|
|move|p2a: Snorlax|Body Slam|p1a: Chansey
|-damage|p1a: Chansey|321\/703 par
|move|p1a: Chansey|Soft-Boiled|p1a: Chansey
|-heal|p1a: Chansey|672\/703 par
|
|turn|105
|choice|move 3|move 1
|
|move|p2a: Snorlax|Body Slam|p1a: Chansey
|-damage|p1a: Chansey|390\/703 par
|move|p1a: Chansey|Ice Beam|p2a: Snorlax
|-damage|p2a: Snorlax|225\/523
|
|turn|106
|choice|move 2|move 2
|
|move|p2a: Snorlax|Earthquake|p1a: Chansey
|-damage|p1a: Chansey|179\/703 par
|move|p1a: Chansey|Soft-Boiled|p1a: Chansey
|-heal|p1a: Chansey|530\/703 par
|
|turn|107
|choice|move 2|move 3
|
|move|p2a: Snorlax|Reflect|p2a: Snorlax
|-start|p2a: Snorlax|Reflect
|move|p1a: Chansey|Soft-Boiled|p1a: Chansey
|-heal|p1a: Chansey|703\/703 par
|
|turn|108
|choice|move 4|move 3
|
|move|p2a: Snorlax|Reflect|p2a: Snorlax
|-fail|p2a: Snorlax
|cant|p1a: Chansey|par
|
|turn|109
|c|★Aurious|o
|c|★Aurious|missclick
|choice|move 4|move 4
|
|move|p2a: Snorlax|Rest|p2a: Snorlax
|-status|p2a: Snorlax|slp
|-heal|p2a: Snorlax|523\/523 slp|[silent]
|-status|p2a: Snorlax|slp|[from] move: Rest
|move|p1a: Chansey|Thunderbolt|p2a: Snorlax
|-damage|p2a: Snorlax|424\/523 slp
|
|turn|110
|choice|switch 2|move 2
|
|switch|p1a: Jynx|Jynx|333\/333 slp
|cant|p2a: Snorlax|slp
|
|turn|111
|choice|move 1|move 1
|
|cant|p1a: Jynx|slp
|-curestatus|p2a: Snorlax|slp
|
|turn|112
|choice|switch 2|move 1
|
|switch|p1a: Chansey|Chansey|703\/703 par
|move|p2a: Snorlax|Body Slam|p1a: Chansey
|-damage|p1a: Chansey|417\/703 par
|
|turn|113
|choice|move 2|move 2
|
|move|p2a: Snorlax|Earthquake|p1a: Chansey
|-damage|p1a: Chansey|178\/703 par
|cant|p1a: Chansey|par
|
|turn|114
|choice|switch 3|move 2
|
|switch|p1a: Alakazam|Alakazam|313\/313
|move|p2a: Snorlax|Earthquake|p1a: Alakazam
|-damage|p1a: Alakazam|183\/313
|
|turn|115
|choice|switch 5|move 1
|
|switch|p1a: Snorlax|Snorlax|275\/523 frz
|move|p2a: Snorlax|Body Slam|p1a: Snorlax
|-damage|p1a: Snorlax|141\/523 frz
|
|turn|116
|choice|move 1|move 2
|
|move|p2a: Snorlax|Earthquake|p1a: Snorlax
|-damage|p1a: Snorlax|40\/523 frz
|cant|p1a: Snorlax|frz
|
|turn|117
|choice|switch 5|move 2
|
|switch|p1a: Alakazam|Alakazam|183\/313
|move|p2a: Snorlax|Earthquake|p1a: Alakazam
|-damage|p1a: Alakazam|57\/313
|
|turn|118
|choice|move 1|move 1
|
|move|p1a: Alakazam|Recover|p1a: Alakazam
|-heal|p1a: Alakazam|213\/313
|move|p2a: Snorlax|Body Slam|p1a: Alakazam
|-damage|p1a: Alakazam|35\/313
|
|turn|119
|choice|move 1|move 2
|
|move|p1a: Alakazam|Recover|p1a: Alakazam
|-heal|p1a: Alakazam|191\/313
|move|p2a: Snorlax|Earthquake|p1a: Alakazam
|-damage|p1a: Alakazam|55\/313
|
|turn|120
|choice|move 1|move 2
|
|move|p1a: Alakazam|Recover|p1a: Alakazam
|-heal|p1a: Alakazam|211\/313
|move|p2a: Snorlax|Earthquake|p1a: Alakazam
|-damage|p1a: Alakazam|83\/313
|
|turn|121
|choice|move 1|move 1
|
|move|p1a: Alakazam|Recover|p1a: Alakazam
|-heal|p1a: Alakazam|239\/313
|move|p2a: Snorlax|Body Slam|p1a: Alakazam
|-damage|p1a: Alakazam|70\/313
|
|turn|122
|choice|move 1|move 2
|
|move|p1a: Alakazam|Recover|p1a: Alakazam
|-heal|p1a: Alakazam|226\/313
|move|p2a: Snorlax|Earthquake|p1a: Alakazam
|-damage|p1a: Alakazam|104\/313
|
|turn|123
|choice|move 1|switch 4
|
|switch|p2a: Chansey|Chansey|550\/703
|move|p1a: Alakazam|Recover|p1a: Alakazam
|-heal|p1a: Alakazam|260\/313
|
|turn|124
|choice|switch 6|move 4
|
|switch|p1a: Rhydon|Rhydon|293\/413
|move|p2a: Chansey|Ice Beam|p1a: Rhydon
|-supereffective|p1a: Rhydon
|-damage|p1a: Rhydon|55\/413
|
|turn|125
|c|★Nails|nice
|choice|switch 5|switch 4
|
|switch|p2a: Snorlax|Snorlax|424\/523
|switch|p1a: Snorlax|Snorlax|40\/523 frz
|
|turn|126
|choice|switch 6|switch 4
|
|switch|p2a: Chansey|Chansey|550\/703
|switch|p1a: Alakazam|Alakazam|260\/313
|
|turn|127
|choice|switch 2|move 2
|
|switch|p1a: Jynx|Jynx|333\/333 slp
|move|p2a: Chansey|Thunder Wave|p1a: Jynx
|-fail|p1a: Jynx
|
|turn|128
|choice|switch 5|move 3
|
|switch|p1a: Rhydon|Rhydon|55\/413
|move|p2a: Chansey|Thunderbolt|p1a: Rhydon
|-immune|p1a: Rhydon|[msg]
|
|turn|129
|choice|switch 5|move 4
|
|switch|p1a: Jynx|Jynx|333\/333 slp
|move|p2a: Chansey|Ice Beam|p1a: Jynx
|-resisted|p1a: Jynx
|-damage|p1a: Jynx|295\/333 slp
|
|turn|130
|choice|move 1|move 3
|
|-curestatus|p1a: Jynx|slp
|move|p2a: Chansey|Thunderbolt|p1a: Jynx
|-damage|p1a: Jynx|208\/333
|
|turn|131
|choice|move 1|move 2
|
|move|p1a: Jynx|Blizzard|p2a: Chansey
|-damage|p2a: Chansey|423\/703
|move|p2a: Chansey|Thunder Wave|p1a: Jynx
|-status|p1a: Jynx|par
|
|turn|132
|choice|switch 5|move 3
|
|switch|p1a: Rhydon|Rhydon|55\/413
|move|p2a: Chansey|Thunderbolt|p1a: Rhydon
|-immune|p1a: Rhydon|[msg]
|
|turn|133
|choice|switch 6|switch 4
|
|switch|p2a: Snorlax|Snorlax|424\/523
|switch|p1a: Snorlax|Snorlax|40\/523 frz
|
|turn|134
|choice|switch 2|switch 4
|
|switch|p2a: Chansey|Chansey|423\/703
|switch|p1a: Alakazam|Alakazam|260\/313
|
|turn|135
|choice|switch 6|move 1
|
|switch|p1a: Rhydon|Rhydon|55\/413
|move|p2a: Chansey|Soft-Boiled|p2a: Chansey
|-heal|p2a: Chansey|703\/703
|
|turn|136
|choice|switch 2|move 4
|
|switch|p1a: Snorlax|Snorlax|40\/523 frz
|move|p2a: Chansey|Ice Beam|p1a: Snorlax
|-damage|p1a: Snorlax|0 fnt
|faint|p1a: Snorlax
|choice|switch 3|
|
|switch|p1a: Chansey|Chansey|178\/703 par
|turn|137
|choice|move 2|switch 5
|
|switch|p2a: Tauros|Tauros|353\/353
|move|p1a: Chansey|Soft-Boiled|p1a: Chansey
|-heal|p1a: Chansey|529\/703 par
|
|turn|138
|choice|move 2|move 1
|
|move|p2a: Tauros|Body Slam|p1a: Chansey
|-damage|p1a: Chansey|252\/703 par
|cant|p1a: Chansey|par
|
|turn|139
|c|★Aurious|well
|c|★Aurious|sorry
|choice|switch 5|move 1
|
|switch|p1a: Jynx|Jynx|208\/333 par
|move|p2a: Tauros|Body Slam|p1a: Jynx
|-damage|p1a: Jynx|39\/333 par
|
|turn|140
|choice|move 4|move 1
|
|move|p2a: Tauros|Body Slam|p1a: Jynx
|-damage|p1a: Jynx|0 fnt
|faint|p1a: Jynx
|choice|switch 6|
|
|switch|p1a: Alakazam|Alakazam|260\/313
|turn|141
|choice|move 4|switch 5
|
|switch|p2a: Chansey|Chansey|703\/703
|move|p1a: Alakazam|Thunder Wave|p2a: Chansey
|-status|p2a: Chansey|par
|
|turn|142
|choice|move 4|move 3
|
|move|p1a: Alakazam|Thunder Wave|p2a: Chansey
|-fail|p2a: Chansey|par
|move|p2a: Chansey|Thunderbolt|p1a: Alakazam
|-damage|p1a: Alakazam|202\/313
|
|turn|143
|choice|move 4|move 2
|
|move|p1a: Alakazam|Thunder Wave|p2a: Chansey
|-fail|p2a: Chansey|par
|move|p2a: Chansey|Thunder Wave|p1a: Alakazam
|-status|p1a: Alakazam|par
|
|turn|144
|choice|move 1|switch 3
|
|switch|p2a: Jynx|Jynx|333\/333 slp
|cant|p1a: Alakazam|par
|
|turn|145
|choice|switch 2|move 2
|
|switch|p1a: Rhydon|Rhydon|55\/413
|cant|p2a: Jynx|slp
|
|turn|146
|choice|move 3|switch 4
|
|switch|p2a: Snorlax|Snorlax|424\/523
|move|p1a: Rhydon|Rock Slide|p2a: Snorlax
|-damage|p2a: Snorlax|290\/523
|
|turn|147
|choice|switch 5|move 4
|
|switch|p1a: Chansey|Chansey|252\/703 par
|move|p2a: Snorlax|Rest|p2a: Snorlax
|-status|p2a: Snorlax|slp
|-heal|p2a: Snorlax|523\/523 slp|[silent]
|-status|p2a: Snorlax|slp|[from] move: Rest
|
|turn|148
|c|★Nails|?
|c|★Nails|why didnt you eq
|c|★Aurious|my pp are low
|c|★Nails|you had a free kill
|c|★Nails|but
|c|★Nails|ok
|c|★Aurious|what about zam
|c|★Nails|it's paraed
|c|★Aurious|it doesnt 2hko
|c|★Nails|zam is at 65
|c|★Aurious|o
|c|★Nails|it does 40
|c|★Nails|:\/
|c|★Aurious|i didnt notice that
|c|★Aurious|fuck
|choice|move 2|switch 5
|
|switch|p2a: Tauros|Tauros|353\/353
|move|p1a: Chansey|Soft-Boiled|p1a: Chansey
|-heal|p1a: Chansey|603\/703 par
|
|turn|149
|choice|move 1|move 1
|
|move|p2a: Tauros|Body Slam|p1a: Chansey
|-damage|p1a: Chansey|341\/703 par
|move|p1a: Chansey|Thunder Wave|p2a: Tauros
|-status|p2a: Tauros|par
|
|turn|150
|J|the uranus queen
|choice|switch 4|move 4
|
|switch|p1a: Tauros|Tauros|255\/353 par
|move|p2a: Tauros|Hyper Beam|p1a: Tauros
|-crit|p1a: Tauros
|-damage|p1a: Tauros|0 fnt
|faint|p1a: Tauros
|c|★Nails|ow
|choice|switch 2|
|
|switch|p1a: Alakazam|Alakazam|202\/313 par
|turn|151
|c|★Aurious|D:
|choice|move 2|switch 4
|
|switch|p2a: Jynx|Jynx|333\/333 slp
|move|p1a: Alakazam|Psychic|p2a: Jynx
|-resisted|p2a: Jynx
|-damage|p2a: Jynx|271\/333 slp
|-unboost|p2a: Jynx|spd|1
|-unboost|p2a: Jynx|spa|1
|
|turn|152
|choice|move 2|move 1
|
|-curestatus|p2a: Jynx|slp
|move|p1a: Alakazam|Psychic|p2a: Jynx
|-crit|p2a: Jynx
|-resisted|p2a: Jynx
|-damage|p2a: Jynx|150\/333
|
|turn|153
|choice|move 1|move 4
|
|move|p2a: Jynx|Rest|p2a: Jynx
|-status|p2a: Jynx|slp
|-heal|p2a: Jynx|333\/333 slp|[silent]
|-status|p2a: Jynx|slp|[from] move: Rest
|move|p1a: Alakazam|Recover|p1a: Alakazam
|-heal|p1a: Alakazam|313\/313 par
|
|turn|154
|choice|move 2|move 1
|
|cant|p2a: Jynx|slp
|move|p1a: Alakazam|Psychic|p2a: Jynx
|-resisted|p2a: Jynx
|-damage|p2a: Jynx|226\/333 slp
|-unboost|p2a: Jynx|spd|1
|-unboost|p2a: Jynx|spa|1
|
|turn|155
|choice|move 2|switch 3
|
|switch|p2a: Chansey|Chansey|703\/703 par
|move|p1a: Alakazam|Psychic|p2a: Chansey
|-damage|p2a: Chansey|568\/703 par
|
|turn|156
|choice|move 4|move 3
|
|move|p1a: Alakazam|Thunder Wave|p2a: Chansey
|-fail|p2a: Chansey|par
|move|p2a: Chansey|Thunderbolt|p1a: Alakazam
|-damage|p1a: Alakazam|255\/313 par
|
|turn|157
|choice|move 3|switch 3
|
|switch|p2a: Jynx|Jynx|226\/333 slp
|move|p1a: Alakazam|Seismic Toss|p2a: Jynx
|-damage|p2a: Jynx|126\/333 slp
|
|turn|158
|choice|move 3|switch 3
|
|switch|p2a: Chansey|Chansey|568\/703 par
|move|p1a: Alakazam|Seismic Toss|p2a: Chansey
|-damage|p2a: Chansey|468\/703 par
|
|turn|159
|choice|move 1|move 1
|
|cant|p1a: Alakazam|par
|move|p2a: Chansey|Soft-Boiled|p2a: Chansey
|-heal|p2a: Chansey|703\/703 par
|
|turn|160
|choice|move 1|move 3
|
|cant|p1a: Alakazam|par
|move|p2a: Chansey|Thunderbolt|p1a: Alakazam
|-damage|p1a: Alakazam|188\/313 par
|
|turn|161
|choice|move 1|switch 5
|
|switch|p2a: Snorlax|Snorlax|523\/523 slp
|move|p1a: Alakazam|Recover|p1a: Alakazam
|-heal|p1a: Alakazam|313\/313 par
|
|turn|162
|choice|switch 4|move 2
|
|switch|p1a: Chansey|Chansey|341\/703 par
|cant|p2a: Snorlax|slp
|
|turn|163
|choice|move 2|move 2
|
|-curestatus|p2a: Snorlax|slp
|cant|p1a: Chansey|par
|
|turn|164
|choice|move 2|move 2
|
|move|p2a: Snorlax|Earthquake|p1a: Chansey
|-damage|p1a: Chansey|106\/703 par
|move|p1a: Chansey|Soft-Boiled|p1a: Chansey
|-heal|p1a: Chansey|457\/703 par
|
|turn|165
|choice|move 2|move 2
|
|move|p2a: Snorlax|Earthquake|p1a: Chansey
|-damage|p1a: Chansey|213\/703 par
|move|p1a: Chansey|Soft-Boiled|p1a: Chansey
|-heal|p1a: Chansey|564\/703 par
|
|turn|166
|choice|move 1|switch 4
|
|switch|p2a: Tauros|Tauros|353\/353 par
|move|p1a: Chansey|Thunder Wave|p2a: Tauros
|-fail|p2a: Tauros|par
|
|turn|167
|choice|move 2|move 1
|
|move|p2a: Tauros|Body Slam|p1a: Chansey
|-damage|p1a: Chansey|293\/703 par
|move|p1a: Chansey|Soft-Boiled|p1a: Chansey
|-heal|p1a: Chansey|644\/703 par
|
|turn|168
|choice|move 3|move 1
|
|move|p2a: Tauros|Body Slam|p1a: Chansey
|-damage|p1a: Chansey|373\/703 par
|move|p1a: Chansey|Ice Beam|p2a: Tauros
|-damage|p2a: Tauros|259\/353 par
|
|turn|169
|choice|switch 4|move 4
|
|switch|p1a: Alakazam|Alakazam|313\/313 par
|move|p2a: Tauros|Hyper Beam|p1a: Alakazam
|-damage|p1a: Alakazam|49\/313 par
|
|turn|170
|-mustrecharge|p2a: Tauros
|-mustrecharge|p2a: Tauros
|choice|move 2|move 1
|
|move|p1a: Alakazam|Psychic|p2a: Tauros
|-damage|p2a: Tauros|87\/353 par
|cant|p2a: Tauros|recharge
|
|turn|171
|choice|move 2|move 1
|
|move|p1a: Alakazam|Psychic|p2a: Tauros
|-damage|p2a: Tauros|0 fnt
|faint|p2a: Tauros
|choice||switch 3
|
|switch|p2a: Jynx|Jynx|126\/333 slp
|turn|172
|choice|move 1|move 2
|
|-curestatus|p2a: Jynx|slp
|move|p1a: Alakazam|Recover|p1a: Alakazam
|-heal|p1a: Alakazam|205\/313 par
|
|turn|173
|choice|move 1|move 2
|
|move|p2a: Jynx|Psychic|p1a: Alakazam
|-resisted|p1a: Alakazam
|-damage|p1a: Alakazam|167\/313 par
|-unboost|p1a: Alakazam|spd|1
|-unboost|p1a: Alakazam|spa|1
|cant|p1a: Alakazam|par
|
|turn|174
|choice|move 1|move 1
|
|move|p2a: Jynx|Blizzard|p1a: Alakazam
|-damage|p1a: Alakazam|1\/313 par
|move|p1a: Alakazam|Recover|p1a: Alakazam
|-heal|p1a: Alakazam|157\/313 par
|
|turn|175
|choice|switch 4|move 1
|
|switch|p1a: Chansey|Chansey|373\/703 par
|move|p2a: Jynx|Blizzard|p1a: Chansey
|-damage|p1a: Chansey|250\/703 par
|
|turn|176
|choice|move 2|move 2
|
|move|p2a: Jynx|Psychic|p1a: Chansey
|-damage|p1a: Chansey|151\/703 par
|move|p1a: Chansey|Soft-Boiled|p1a: Chansey
|-heal|p1a: Chansey|502\/703 par
|
|turn|177
|choice|move 1|move 2
|
|move|p2a: Jynx|Psychic|p1a: Chansey
|-crit|p1a: Chansey
|-damage|p1a: Chansey|309\/703 par
|cant|p1a: Chansey|par
|
|turn|178
|choice|move 1|move 2
|
|move|p2a: Jynx|Psychic|p1a: Chansey
|-damage|p1a: Chansey|206\/703 par
|-unboost|p1a: Chansey|spd|1
|-unboost|p1a: Chansey|spa|1
|move|p1a: Chansey|Thunder Wave|p2a: Jynx
|-status|p2a: Jynx|par
|
|turn|179
|choice|switch 4|move 4
|
|switch|p1a: Alakazam|Alakazam|157\/313 par
|cant|p2a: Jynx|par
|
|turn|180
|choice|move 3|move 4
|
|cant|p1a: Alakazam|par
|move|p2a: Jynx|Rest|p2a: Jynx
|-status|p2a: Jynx|slp
|-heal|p2a: Jynx|333\/333 slp|[silent]
|-status|p2a: Jynx|slp|[from] move: Rest
|
|turn|181
|choice|move 1|move 2
|
|cant|p1a: Alakazam|par
|cant|p2a: Jynx|slp
|
|turn|182
|choice|move 1|move 2
|
|move|p1a: Alakazam|Recover|p1a: Alakazam
|-heal|p1a: Alakazam|313\/313 par
|-curestatus|p2a: Jynx|slp
|
|turn|183
|choice|move 4|move 2
|
|move|p1a: Alakazam|Thunder Wave|p2a: Jynx
|-status|p2a: Jynx|par
|cant|p2a: Jynx|par
|
|turn|184
|choice|move 3|move 2
|
|move|p1a: Alakazam|Seismic Toss|p2a: Jynx
|-damage|p2a: Jynx|233\/333 par
|move|p2a: Jynx|Psychic|p1a: Alakazam
|-crit|p1a: Alakazam
|-resisted|p1a: Alakazam
|-damage|p1a: Alakazam|227\/313 par
|
|turn|185
|choice|move 3|move 4
|
|cant|p1a: Alakazam|par
|move|p2a: Jynx|Rest|p2a: Jynx
|-status|p2a: Jynx|slp
|-heal|p2a: Jynx|333\/333 slp|[silent]
|-status|p2a: Jynx|slp|[from] move: Rest
|
|turn|186
|choice|switch 4|move 2
|
|switch|p1a: Chansey|Chansey|206\/703 par
|cant|p2a: Jynx|slp
|
|turn|187
|choice|move 2|move 2
|
|move|p1a: Chansey|Soft-Boiled|p1a: Chansey
|-heal|p1a: Chansey|557\/703 par
|-curestatus|p2a: Jynx|slp
|
|turn|188
|choice|switch 4|move 2
|
|switch|p1a: Alakazam|Alakazam|227\/313 par
|move|p2a: Jynx|Psychic|p1a: Alakazam
|-resisted|p1a: Alakazam
|-damage|p1a: Alakazam|186\/313 par
|
|turn|189
|choice|move 1|move 2
|
|move|p1a: Alakazam|Recover|p1a: Alakazam
|-heal|p1a: Alakazam|313\/313 par
|move|p2a: Jynx|Psychic|p1a: Alakazam
|-resisted|p1a: Alakazam
|-damage|p1a: Alakazam|273\/313 par
|-unboost|p1a: Alakazam|spd|1
|-unboost|p1a: Alakazam|spa|1
|
|turn|190
|choice|move 4|move 2
|
|move|p1a: Alakazam|Thunder Wave|p2a: Jynx
|-status|p2a: Jynx|par
|move|p2a: Jynx|Psychic|p1a: Alakazam
|-resisted|p1a: Alakazam
|-damage|p1a: Alakazam|212\/313 par
|
|turn|191
|choice|move 3|move 2
|
|move|p1a: Alakazam|Seismic Toss|p2a: Jynx
|-damage|p2a: Jynx|233\/333 par
|move|p2a: Jynx|Psychic|p1a: Alakazam
|-crit|p1a: Alakazam
|-resisted|p1a: Alakazam
|-damage|p1a: Alakazam|127\/313 par
|-unboost|p1a: Alakazam|spd|1
|-unboost|p1a: Alakazam|spa|1
|
|turn|192
|choice|switch 4|move 2
|
|switch|p1a: Chansey|Chansey|557\/703 par
|move|p2a: Jynx|Psychic|p1a: Chansey
|-damage|p1a: Chansey|453\/703 par
|
|turn|193
|choice|move 4|move 4
|
|move|p1a: Chansey|Thunderbolt|p2a: Jynx
|-damage|p2a: Jynx|150\/333 par
|move|p2a: Jynx|Rest|p2a: Jynx
|-status|p2a: Jynx|slp
|-heal|p2a: Jynx|333\/333 slp|[silent]
|-status|p2a: Jynx|slp|[from] move: Rest
|
|turn|194
|choice|switch 4|switch 5
|
|switch|p1a: Alakazam|Alakazam|127\/313 par
|switch|p2a: Chansey|Chansey|703\/703 par
|
|turn|195
|choice|move 1|move 3
|
|move|p1a: Alakazam|Recover|p1a: Alakazam
|-heal|p1a: Alakazam|283\/313 par
|cant|p2a: Chansey|par
|
|turn|196
|choice|switch 5|move 3
|
|switch|p1a: Rhydon|Rhydon|55\/413
|move|p2a: Chansey|Thunderbolt|p1a: Rhydon
|-immune|p1a: Rhydon|[msg]
|
|turn|197
|choice|switch 5|switch 4
|
|switch|p1a: Alakazam|Alakazam|283\/313 par
|switch|p2a: Snorlax|Snorlax|523\/523
|
|turn|198
|choice|move 4|move 2
|
|move|p2a: Snorlax|Earthquake|p1a: Alakazam
|-damage|p1a: Alakazam|151\/313 par
|cant|p1a: Alakazam|par
|
|turn|199
|choice|move 1|move 2
|
|move|p2a: Snorlax|Earthquake|p1a: Alakazam
|-damage|p1a: Alakazam|12\/313 par
|cant|p1a: Alakazam|par
|
|turn|200
|choice|move 1|switch 4
|
|switch|p2a: Chansey|Chansey|703\/703 par
|move|p1a: Alakazam|Recover|p1a: Alakazam
|-heal|p1a: Alakazam|168\/313 par
|
|turn|201
|c|★Nails|zam :D
|choice|move 1|move 3
|
|move|p1a: Alakazam|Recover|p1a: Alakazam
|-heal|p1a: Alakazam|313\/313 par
|move|p2a: Chansey|Thunderbolt|p1a: Alakazam
|-damage|p1a: Alakazam|248\/313 par
|
|turn|202
|choice|move 3|move 3
|
|move|p1a: Alakazam|Seismic Toss|p2a: Chansey
|-damage|p2a: Chansey|603\/703 par
|move|p2a: Chansey|Thunderbolt|p1a: Alakazam
|-damage|p1a: Alakazam|182\/313 par
|
|turn|203
|choice|move 1|move 3
|
|cant|p1a: Alakazam|par
|move|p2a: Chansey|Thunderbolt|p1a: Alakazam
|-damage|p1a: Alakazam|124\/313 par
|
|turn|204
|choice|move 1|move 3
|
|cant|p1a: Alakazam|par
|move|p2a: Chansey|Thunderbolt|p1a: Alakazam
|-damage|p1a: Alakazam|61\/313 par
|
|turn|205
|choice|switch 5|move 3
|
|switch|p1a: Rhydon|Rhydon|55\/413
|move|p2a: Chansey|Thunderbolt|p1a: Rhydon
|-immune|p1a: Rhydon|[msg]
|
|turn|206
|choice|switch 4|move 4
|
|switch|p1a: Chansey|Chansey|453\/703 par
|cant|p2a: Chansey|par
|
|turn|207
|choice|switch 4|move 3
|
|switch|p1a: Rhydon|Rhydon|55\/413
|cant|p2a: Chansey|par
|
|turn|208
|c|&Isa|wait when did you start this game
|c|★Nails|a while ago
|c|★Aurious|like an hour ago
|c|★Nails|around the start of finch game 2
|choice|move 2|move 1
|
|move|p1a: Rhydon|Earthquake|p2a: Chansey
|-damage|p2a: Chansey|214\/703 par
|move|p2a: Chansey|Soft-Boiled|p2a: Chansey
|-heal|p2a: Chansey|565\/703 par
|
|turn|209
|choice|move 2|move 4
|
|move|p1a: Rhydon|Earthquake|p2a: Chansey
|-damage|p2a: Chansey|209\/703 par
|move|p2a: Chansey|Ice Beam|p1a: Rhydon
|-supereffective|p1a: Rhydon
|-damage|p1a: Rhydon|0 fnt
|faint|p1a: Rhydon
|choice|switch 5|
|
|switch|p1a: Alakazam|Alakazam|61\/313 par
|turn|210
|c|&Isa|40 minutes ago
|c|&Isa|not bad guys
|c|★Nails|yea
|c|★Nails|it's pretty much done
|c|&Isa|doesnt lax
|c|&Isa|just win
|c|★Nails|it's out of body slam and eq pp
|c|&Isa|oh
|c|★Nails|and has reflects and rests
|c|&Isa|lol
|choice|move 1|move 3
|
|move|p1a: Alakazam|Recover|p1a: Alakazam
|-heal|p1a: Alakazam|217\/313 par
|move|p2a: Chansey|Thunderbolt|p1a: Alakazam
|-damage|p1a: Alakazam|157\/313 par
|
|turn|211
|c|★Nails|we also each chansey ice beamed each other 10x
|c|★Nails|with no freeze
|c|&Isa|gg
|c|★Nails|earlier this game
|choice|move 3|move 1
|
|move|p1a: Alakazam|Seismic Toss|p2a: Chansey
|-damage|p2a: Chansey|109\/703 par
|cant|p2a: Chansey|par
|
|turn|212
|c|&Isa|solid 88% to get a freeze
|c|&Isa|in that time frame
|c|★Nails|y
|c|★Nails|he froze my lax
|c|★Nails|:(
|c|&Isa|D:
|choice|move 2|move 1
|
|move|p1a: Alakazam|Psychic|p2a: Chansey
|-damage|p2a: Chansey|0 fnt
|faint|p2a: Chansey
|choice||switch 5
|
|switch|p2a: Jynx|Jynx|333\/333 slp
|turn|213
|c|★Nails|progress.
|choice|move 1|move 2
|
|cant|p2a: Jynx|slp
|move|p1a: Alakazam|Recover|p1a: Alakazam
|-heal|p1a: Alakazam|313\/313 par
|
|turn|214
|choice|move 3|move 2
|
|-curestatus|p2a: Jynx|slp
|move|p1a: Alakazam|Seismic Toss|p2a: Jynx
|-damage|p2a: Jynx|233\/333
|
|turn|215
|choice|move 4|move 1
|
|move|p2a: Jynx|Blizzard|p1a: Alakazam|[miss]
|-miss|p2a: Jynx
|move|p1a: Alakazam|Thunder Wave|p2a: Jynx
|-status|p2a: Jynx|par
|
|turn|216
|choice|move 3|move 4
|
|cant|p1a: Alakazam|par
|cant|p2a: Jynx|par
|
|turn|217
|choice|move 3|move 4
|
|move|p1a: Alakazam|Seismic Toss|p2a: Jynx
|-damage|p2a: Jynx|133\/333 par
|move|p2a: Jynx|Rest|p2a: Jynx
|-status|p2a: Jynx|slp
|-heal|p2a: Jynx|333\/333 slp|[silent]
|-status|p2a: Jynx|slp|[from] move: Rest
|
|turn|218
|choice|switch 4|move 2
|
|switch|p1a: Chansey|Chansey|453\/703 par
|cant|p2a: Jynx|slp
|
|turn|219
|L|Isa
|choice|switch 4|switch 4
|
|switch|p2a: Snorlax|Snorlax|523\/523
|switch|p1a: Alakazam|Alakazam|313\/313 par
|
|turn|220
|choice|switch 4|move 3
|
|switch|p1a: Chansey|Chansey|453\/703 par
|move|p2a: Snorlax|Reflect|p2a: Snorlax
|-start|p2a: Snorlax|Reflect
|
|turn|221
|choice|switch 4|move 3
|
|switch|p1a: Alakazam|Alakazam|313\/313 par
|move|p2a: Snorlax|Reflect|p2a: Snorlax
|-fail|p2a: Snorlax
|
|turn|222
|c|★Nails|i have to leave in 15 mins
|c|★Nails|:(
|choice|switch 4|move 4
|
|switch|p1a: Chansey|Chansey|453\/703 par
|move|p2a: Snorlax|Rest|p2a: Snorlax
|-fail|p2a: Snorlax
|
|turn|223
|c|★Aurious|nice
|c|★Aurious|ez win for me here
|c|★Nails|y
|choice|switch 4|move 3
|
|switch|p1a: Alakazam|Alakazam|313\/313 par
|move|p2a: Snorlax|Reflect|p2a: Snorlax
|-fail|p2a: Snorlax
|
|turn|224
|choice|switch 4|move 3
|
|switch|p1a: Chansey|Chansey|453\/703 par
|move|p2a: Snorlax|Reflect|p2a: Snorlax
|-fail|p2a: Snorlax
|
|turn|225
|choice|move 1|switch 4
|
|switch|p2a: Jynx|Jynx|333\/333 slp
|move|p1a: Chansey|Thunder Wave|p2a: Jynx
|-fail|p2a: Jynx
|
|turn|226
|choice|move 4|move 1
|
|-curestatus|p2a: Jynx|slp
|move|p1a: Chansey|Thunderbolt|p2a: Jynx
|-crit|p2a: Jynx
|-damage|p2a: Jynx|186\/333
|
|turn|227
|choice|switch 4|move 2
|
|switch|p1a: Alakazam|Alakazam|313\/313 par
|move|p2a: Jynx|Psychic|p1a: Alakazam
|-crit|p1a: Alakazam
|-resisted|p1a: Alakazam
|-damage|p1a: Alakazam|237\/313 par
|-unboost|p1a: Alakazam|spd|1
|-unboost|p1a: Alakazam|spa|1
|
|turn|228
|choice|switch 4|move 2
|
|switch|p1a: Chansey|Chansey|453\/703 par
|move|p2a: Jynx|Psychic|p1a: Chansey
|-damage|p1a: Chansey|346\/703 par
|-unboost|p1a: Chansey|spd|1
|-unboost|p1a: Chansey|spa|1
|
|turn|229
|c|★Aurious|goooo
|choice|move 1|move 2
|
|move|p2a: Jynx|Psychic|p1a: Chansey
|-damage|p1a: Chansey|187\/703 par
|move|p1a: Chansey|Thunder Wave|p2a: Jynx
|-status|p2a: Jynx|par
|
|turn|230
|choice|switch 4|move 2
|
|switch|p1a: Alakazam|Alakazam|237\/313 par
|move|p2a: Jynx|Psychic|p1a: Alakazam
|-resisted|p1a: Alakazam
|-damage|p1a: Alakazam|194\/313 par
|
|turn|231
|choice|move 3|move 4
|
|move|p1a: Alakazam|Seismic Toss|p2a: Jynx
|-damage|p2a: Jynx|86\/333 par
|move|p2a: Jynx|Rest|p2a: Jynx
|-status|p2a: Jynx|slp
|-heal|p2a: Jynx|333\/333 slp|[silent]
|-status|p2a: Jynx|slp|[from] move: Rest
|
|turn|232
|choice|move 1|move 2
|
|cant|p1a: Alakazam|par
|cant|p2a: Jynx|slp
|
|turn|233
|choice|move 1|move 1
|
|move|p1a: Alakazam|Recover|p1a: Alakazam
|-heal|p1a: Alakazam|313\/313 par
|-curestatus|p2a: Jynx|slp
|
|turn|234
|choice|move 4|move 3
|
|move|p1a: Alakazam|Thunder Wave|p2a: Jynx
|-status|p2a: Jynx|par
|move|p2a: Jynx|Lovely Kiss|p1a: Alakazam|[miss]
|-miss|p2a: Jynx
|
|turn|235
|choice|move 3|move 3
|
|move|p1a: Alakazam|Seismic Toss|p2a: Jynx
|-damage|p2a: Jynx|233\/333 par
|move|p2a: Jynx|Lovely Kiss|p1a: Alakazam|[miss]
|-miss|p2a: Jynx
|
|turn|236
|choice|move 3|move 4
|
|cant|p1a: Alakazam|par
|cant|p2a: Jynx|par
|
|turn|237
|choice|switch 4|move 4
|
|switch|p1a: Chansey|Chansey|187\/703 par
|move|p2a: Jynx|Rest|p2a: Jynx
|-status|p2a: Jynx|slp
|-heal|p2a: Jynx|333\/333 slp|[silent]
|-status|p2a: Jynx|slp|[from] move: Rest
|
|turn|238
|choice|move 4|move 3
|
|cant|p1a: Chansey|par
|cant|p2a: Jynx|slp
|
|turn|239
|choice|move 4|move 3
|
|move|p1a: Chansey|Thunderbolt|p2a: Jynx
|-damage|p2a: Jynx|252\/333 slp
|-curestatus|p2a: Jynx|slp
|
|turn|240
|choice|switch 4|move 2
|
|switch|p1a: Alakazam|Alakazam|313\/313 par
|move|p2a: Jynx|Psychic|p1a: Alakazam
|-resisted|p1a: Alakazam
|-damage|p1a: Alakazam|272\/313 par
|-unboost|p1a: Alakazam|spd|1
|-unboost|p1a: Alakazam|spa|1
|
|turn|241
|choice|move 4|move 1
|
|move|p1a: Alakazam|Thunder Wave|p2a: Jynx
|-status|p2a: Jynx|par
|cant|p2a: Jynx|par
|
|turn|242
|choice|move 3|move 4
|
|move|p1a: Alakazam|Seismic Toss|p2a: Jynx
|-damage|p2a: Jynx|152\/333 par
|move|p2a: Jynx|Rest|p2a: Jynx
|-status|p2a: Jynx|slp
|-heal|p2a: Jynx|333\/333 slp|[silent]
|-status|p2a: Jynx|slp|[from] move: Rest
|
|turn|243
|choice|switch 4|move 1
|
|switch|p1a: Chansey|Chansey|187\/703 par
|cant|p2a: Jynx|slp
|
|turn|244
|choice|switch 4|move 2
|
|switch|p1a: Alakazam|Alakazam|272\/313 par
|-curestatus|p2a: Jynx|slp
|
|turn|245
|choice|move 4|switch 4
|
|switch|p2a: Snorlax|Snorlax|523\/523
|move|p1a: Alakazam|Thunder Wave|p2a: Snorlax
|-status|p2a: Snorlax|par
|
|turn|246
|choice|switch 4|switch 4
|
|switch|p1a: Chansey|Chansey|187\/703 par
|switch|p2a: Jynx|Jynx|333\/333
|
|turn|247
|c|★Nails|nice
|choice|switch 4|move 1
|
|switch|p1a: Alakazam|Alakazam|272\/313 par
|move|p2a: Jynx|Blizzard|p1a: Alakazam
|-damage|p1a: Alakazam|156\/313 par
|
|turn|248
|choice|move 1|move 1
|
|move|p2a: Jynx|Blizzard|p1a: Alakazam
|-damage|p1a: Alakazam|42\/313 par
|move|p1a: Alakazam|Recover|p1a: Alakazam
|-heal|p1a: Alakazam|198\/313 par
|
|turn|249
|choice|move 1|move 1
|
|move|p2a: Jynx|Blizzard|p1a: Alakazam|[miss]
|-miss|p2a: Jynx
|move|p1a: Alakazam|Recover|p1a: Alakazam
|-heal|p1a: Alakazam|313\/313 par
|
|turn|250
|choice|move 4|switch 4
|
|switch|p2a: Snorlax|Snorlax|523\/523 par
|move|p1a: Alakazam|Thunder Wave|p2a: Snorlax
|-fail|p2a: Snorlax|par
|
|turn|251
|choice|move 4|move 3
|
|move|p1a: Alakazam|Thunder Wave|p2a: Snorlax
|-fail|p2a: Snorlax|par
|move|p2a: Snorlax|Reflect|p2a: Snorlax
|-start|p2a: Snorlax|Reflect
|
|turn|252
|choice|move 4|move 3
|
|cant|p1a: Alakazam|par
|move|p2a: Snorlax|Reflect|p2a: Snorlax
|-fail|p2a: Snorlax
|
|turn|253
|choice|switch 4|move 3
|
|switch|p1a: Chansey|Chansey|187\/703 par
|move|p2a: Snorlax|Reflect|p2a: Snorlax
|-fail|p2a: Snorlax
|
|turn|254
|choice|move 1|switch 4
|
|switch|p2a: Jynx|Jynx|333\/333
|cant|p1a: Chansey|par
|
|turn|255
|choice|move 1|move 1
|
|move|p2a: Jynx|Blizzard|p1a: Chansey
|-damage|p1a: Chansey|55\/703 par
|move|p1a: Chansey|Thunder Wave|p2a: Jynx
|-status|p2a: Jynx|par
|
|turn|256
|choice|switch 4|move 2
|
|switch|p1a: Alakazam|Alakazam|313\/313 par
|move|p2a: Jynx|Psychic|p1a: Alakazam
|-resisted|p1a: Alakazam
|-damage|p1a: Alakazam|270\/313 par
|-unboost|p1a: Alakazam|spd|1
|-unboost|p1a: Alakazam|spa|1
|
|turn|257
|choice|move 3|switch 4
|
|switch|p2a: Snorlax|Snorlax|523\/523 par
|cant|p1a: Alakazam|par
|
|turn|258
|choice|switch 4|move 3
|
|switch|p1a: Chansey|Chansey|55\/703 par
|move|p2a: Snorlax|Reflect|p2a: Snorlax
|-start|p2a: Snorlax|Reflect
|
|turn|259
|choice|move 4|switch 4
|
|switch|p2a: Jynx|Jynx|333\/333 par
|move|p1a: Chansey|Thunderbolt|p2a: Jynx
|-damage|p2a: Jynx|255\/333 par
|
|turn|260
|choice|switch 4|switch 4
|
|switch|p2a: Snorlax|Snorlax|523\/523 par
|switch|p1a: Alakazam|Alakazam|270\/313 par
|
|turn|261
|choice|switch 4|switch 4
|
|switch|p1a: Chansey|Chansey|55\/703 par
|switch|p2a: Jynx|Jynx|255\/333 par
|
|turn|262
|choice|switch 4|move 4
|
|switch|p1a: Alakazam|Alakazam|270\/313 par
|move|p2a: Jynx|Rest|p2a: Jynx
|-status|p2a: Jynx|slp
|-heal|p2a: Jynx|333\/333 slp|[silent]
|-status|p2a: Jynx|slp|[from] move: Rest
|
|turn|263
|choice|switch 4|switch 4
|
|switch|p1a: Chansey|Chansey|55\/703 par
|switch|p2a: Snorlax|Snorlax|523\/523 par
|
|turn|264
|choice|move 4|switch 4
|
|switch|p2a: Jynx|Jynx|333\/333 slp
|move|p1a: Chansey|Thunderbolt|p2a: Jynx
|-damage|p2a: Jynx|259\/333 slp
|
|turn|265
|choice|move 1|move 1
|
|cant|p2a: Jynx|slp
|move|p1a: Chansey|Thunder Wave|p2a: Jynx
|-fail|p2a: Jynx
|
|turn|266
|choice|move 1|move 1
|
|-curestatus|p2a: Jynx|slp
|move|p1a: Chansey|Thunder Wave|p2a: Jynx
|-status|p2a: Jynx|par
|
|turn|267
|choice|switch 4|move 4
|
|switch|p1a: Alakazam|Alakazam|270\/313 par
|move|p2a: Jynx|Rest|p2a: Jynx
|-status|p2a: Jynx|slp
|-heal|p2a: Jynx|333\/333 slp|[silent]
|-status|p2a: Jynx|slp|[from] move: Rest
|
|turn|268
|choice|move 3|switch 4
|
|switch|p2a: Snorlax|Snorlax|523\/523 par
|move|p1a: Alakazam|Seismic Toss|p2a: Snorlax
|-damage|p2a: Snorlax|423\/523 par
|
|turn|269
|choice|move 3|switch 4
|
|switch|p2a: Jynx|Jynx|333\/333 slp
|move|p1a: Alakazam|Seismic Toss|p2a: Jynx
|-damage|p2a: Jynx|233\/333 slp
|
|turn|270
|choice|move 3|switch 4
|
|switch|p2a: Snorlax|Snorlax|423\/523 par
|move|p1a: Alakazam|Seismic Toss|p2a: Snorlax
|-damage|p2a: Snorlax|323\/523 par
|
|turn|271
|choice|move 3|move 4
|
|move|p1a: Alakazam|Seismic Toss|p2a: Snorlax
|-damage|p2a: Snorlax|223\/523 par
|move|p2a: Snorlax|Rest|p2a: Snorlax
|-status|p2a: Snorlax|slp
|-heal|p2a: Snorlax|523\/523 slp|[silent]
|-status|p2a: Snorlax|slp|[from] move: Rest
|
|turn|272
|choice|move 2|move 3
|
|move|p1a: Alakazam|Psychic|p2a: Snorlax
|-crit|p2a: Snorlax
|-damage|p2a: Snorlax|178\/523 slp
|-unboost|p2a: Snorlax|spd|1
|-unboost|p2a: Snorlax|spa|1
|cant|p2a: Snorlax|slp
|
|turn|273
|choice|move 3|switch 4
|
|switch|p2a: Jynx|Jynx|233\/333 slp
|move|p1a: Alakazam|Seismic Toss|p2a: Jynx
|-damage|p2a: Jynx|133\/333 slp
|
|turn|274
|choice|move 3|move 4
|
|cant|p2a: Jynx|slp
|move|p1a: Alakazam|Seismic Toss|p2a: Jynx
|-damage|p2a: Jynx|33\/333 slp
|
|turn|275
|choice|move 3|move 4
|
|-curestatus|p2a: Jynx|slp
|move|p1a: Alakazam|Seismic Toss|p2a: Jynx
|-damage|p2a: Jynx|0 fnt
|faint|p2a: Jynx
|choice||switch 4
|
|switch|p2a: Snorlax|Snorlax|178\/523 slp
|turn|276
|choice|move 2|move 4
|
|-curestatus|p2a: Snorlax|slp
|move|p1a: Alakazam|Psychic|p2a: Snorlax
|-damage|p2a: Snorlax|7\/523
|-unboost|p2a: Snorlax|spd|1
|-unboost|p2a: Snorlax|spa|1
|
|turn|277
|c|★Nails|g_g
|c|★Aurious|gg
|choice|move 2|move 4
|
|move|p2a: Snorlax|Rest|p2a: Snorlax
|-status|p2a: Snorlax|slp
|-heal|p2a: Snorlax|523\/523 slp|[silent]
|-status|p2a: Snorlax|slp|[from] move: Rest
|move|p1a: Alakazam|Psychic|p2a: Snorlax
|-damage|p2a: Snorlax|270\/523 slp
|
|turn|278
|choice|move 2|move 4
|
|cant|p2a: Snorlax|slp
|move|p1a: Alakazam|Psychic|p2a: Snorlax
|-damage|p2a: Snorlax|0 fnt
|faint|p2a: Snorlax
|
|win|Nails