|inactive|Battle timer is ON: inactive players will automatically lose when time's up.
|J|Beds
|J|FAFUS
|player|p1|Beds|252
|player|p2|FAFUS|266
|gametype|singles
|gen|1
|tier|[Gen 1] OU
|rule|Sleep Clause Mod: Limit one foe put to sleep
|rule|Freeze Clause Mod: Limit one foe frozen
|rule|Species Clause: Limit one of each Pokémon
|rule|OHKO Clause: OHKO moves are banned
|rule|Evasion Moves Clause: Evasion moves are banned
|rule|HP Percentage Mod: HP is shown in percentages
|
|start
|switch|p1a: Jynx|Jynx|333\/333
|switch|p2a: Starmie|Starmie|323\/323
|turn|1
|J|SOULWIND
|J|reiku
|J|michaeloche
|J|choollio
|J|zdrup
|J|Derk
|J|SweetPosho
|J|xxrayxx
|J|Jellicent
|J|Der Schweinsteiger
|J|Steve Angello
|J|Sken
|J|Jirachee
|J|Regnite
|c|★Beds|gl hf
|J|Yogiras
|raw|<div class="broadcast-red"><b>Moderated chat was set to %!<\/b><br \/>Only users of rank % and higher can talk.<\/div>
|J|DerSweeper
|J|Mawile Fan
|J|ZNain
|J|Hot N Cold
|J|Frexa
|J|Mael oo
|J|Sapientia
|J|lOcKhEeEd
|J|Aurious
|J|Quaggsterrr
|J|Big Sir
|
|move|p2a: Starmie|Thunderbolt|p1a: Jynx
|-damage|p1a: Jynx|256\/333
|move|p1a: Jynx|Lovely Kiss|p2a: Starmie
|-status|p2a: Starmie|slp
|
|turn|2
|J|cosine180
|J|fleggumfl
|J|Lord Qwilfish
|J|Freeroamer
|J|RainPB
|J|Juanen
|J|Lanculus
|J|Fluffeon
|
|cant|p2a: Starmie|slp
|move|p1a: Jynx|Blizzard|p2a: Starmie
|-resisted|p2a: Starmie
|-damage|p2a: Starmie|254\/323 slp
|
|turn|3
|J|Bughouse
|J|Isa RC
|
|cant|p2a: Starmie|slp
|move|p1a: Jynx|Psychic|p2a: Starmie
|-crit|p2a: Starmie
|-resisted|p2a: Starmie
|-damage|p2a: Starmie|150\/323 slp
|
|turn|4
|J|Nelson
|J|edgar
|
|cant|p2a: Starmie|slp
|move|p1a: Jynx|Psychic|p2a: Starmie
|-resisted|p2a: Starmie
|-damage|p2a: Starmie|97\/323 slp
|
|turn|5
|
|switch|p2a: Alakazam|Alakazam|313\/313
|move|p1a: Jynx|Psychic|p2a: Alakazam
|-resisted|p2a: Alakazam
|-damage|p2a: Alakazam|271\/313
|-unboost|p2a: Alakazam|spd|1
|-unboost|p2a: Alakazam|spa|1
|
|turn|6
|J|Stall Hater
|J|dlskjf
|J|Freestylerking
|J|Joga
|J|Disaster Area
|J|Icey Tea
|J|lost frequencies
|J|Pyrogon
|
|move|p2a: Alakazam|Thunder Wave|p1a: Jynx
|-status|p1a: Jynx|par
|move|p1a: Jynx|Blizzard|p2a: Alakazam
|-damage|p2a: Alakazam|113\/313
|-status|p2a: Alakazam|frz
|
|turn|7
|J|wandering star
|J|Mazary
|J|L0NE
|
|switch|p2a: Chansey|Chansey|703\/703
|move|p1a: Jynx|Psychic|p2a: Chansey
|-crit|p2a: Chansey
|-damage|p2a: Chansey|516\/703
|
|turn|8
|
|switch|p1a: Chansey|Chansey|703\/703
|move|p2a: Chansey|Ice Beam|p1a: Chansey
|-damage|p1a: Chansey|629\/703
|
|turn|9
|J|ceraa
|
|switch|p1a: Jynx|Jynx|256\/333 par
|move|p2a: Chansey|Ice Beam|p1a: Jynx
|-resisted|p1a: Jynx
|-damage|p1a: Jynx|215\/333 par
|
|turn|10
|J|Kefky
|J|ZxuT
|J|Seniel
|J|DoubleOD
|J|robert
|J|Colchonero
|
|switch|p1a: Chansey|Chansey|629\/703
|move|p2a: Chansey|Ice Beam|p1a: Chansey
|-damage|p1a: Chansey|557\/703
|
|turn|11
|J|thesecondbest
|
|move|p1a: Chansey|Thunder Wave|p2a: Chansey
|-status|p2a: Chansey|par
|move|p2a: Chansey|Ice Beam|p1a: Chansey
|-damage|p1a: Chansey|482\/703
|
|turn|12
|J|stefan biniak
|J|Greencore
|L|ZNain
|
|move|p1a: Chansey|Soft-Boiled|p1a: Chansey
|-heal|p1a: Chansey|703\/703
|move|p2a: Chansey|Ice Beam|p1a: Chansey
|-damage|p1a: Chansey|629\/703
|
|turn|13
|
|switch|p1a: Jynx|Jynx|215\/333 par
|move|p2a: Chansey|Soft-Boiled|p2a: Chansey
|-heal|p2a: Chansey|703\/703 par
|
|turn|14
|L|Pyrogon
|
|move|p1a: Jynx|Psychic|p2a: Chansey
|-damage|p2a: Chansey|609\/703 par
|-unboost|p2a: Chansey|spd|1
|-unboost|p2a: Chansey|spa|1
|move|p2a: Chansey|Thunderbolt|p1a: Jynx
|-damage|p1a: Jynx|160\/333 par
|
|turn|15
|J|thecrystalonix
|J|Luispeikou
|L|Der Schweinsteiger
|L|Regnite
|
|move|p1a: Jynx|Psychic|p2a: Chansey
|-damage|p2a: Chansey|452\/703 par
|move|p2a: Chansey|Ice Beam|p1a: Jynx
|-resisted|p1a: Jynx
|-damage|p1a: Jynx|137\/333 par
|
|turn|16
|J|Regnite
|
|move|p1a: Jynx|Psychic|p2a: Chansey
|-damage|p2a: Chansey|288\/703 par
|move|p2a: Chansey|Soft-Boiled|p2a: Chansey
|-heal|p2a: Chansey|639\/703 par
|
|turn|17
|
|cant|p1a: Jynx|par
|move|p2a: Chansey|Thunderbolt|p1a: Jynx|[miss]
|-miss|p2a: Chansey
|
|turn|18
|J|Soulgazer
|J|Betapf
|
|switch|p2a: Snorlax|Snorlax|523\/523
|cant|p1a: Jynx|par
|
|turn|19
|J|Pokebasket
|J|New Born Wembley
|
|switch|p1a: Exeggutor|Exeggutor|393\/393
|move|p2a: Snorlax|Body Slam|p1a: Exeggutor
|-damage|p1a: Exeggutor|279\/393
|
|turn|20
|
|move|p1a: Exeggutor|Psychic|p2a: Snorlax
|-damage|p2a: Snorlax|364\/523
|move|p2a: Snorlax|Body Slam|p1a: Exeggutor
|-damage|p1a: Exeggutor|161\/393
|
|turn|21
|J|Serpi386
|
|switch|p2a: Exeggutor|Exeggutor|393\/393
|move|p1a: Exeggutor|Explosion|p2a: Exeggutor
|-damage|p2a: Exeggutor|116\/393
|faint|p1a: Exeggutor
|
|switch|p1a: Tauros|Tauros|353\/353
|turn|22
|J|Meru
|J|theurbandear
|
|switch|p2a: Alakazam|Alakazam|113\/313 frz
|move|p1a: Tauros|Blizzard|p2a: Alakazam
|-damage|p2a: Alakazam|57\/313 frz
|
|turn|23
|J|Cynthia's Chomp
|J|BT Cant Get Burns
|
|cant|p2a: Alakazam|frz
|move|p1a: Tauros|Body Slam|p2a: Alakazam
|-damage|p2a: Alakazam|0 fnt
|faint|p2a: Alakazam
|J|lolerotttem
|
|switch|p2a: Tauros|Tauros|353\/353
|turn|24
|J|Becks
|L|Nelson
|L|thecrystalonix
|J|thecrystalonix
|
|move|p2a: Tauros|Body Slam|p1a: Tauros
|-damage|p1a: Tauros|246\/353
|move|p1a: Tauros|Body Slam|p2a: Tauros
|-damage|p2a: Tauros|249\/353
|
|turn|25
|J|radianthero156
|J|Rei
|J|wettbwrb
|
|move|p1a: Tauros|Body Slam|p2a: Tauros
|-damage|p2a: Tauros|141\/353
|move|p2a: Tauros|Body Slam|p1a: Tauros
|-damage|p1a: Tauros|151\/353
|
|turn|26
|J|DrReuniclus3
|
|move|p2a: Tauros|Hyper Beam|p1a: Tauros
|-damage|p1a: Tauros|0 fnt
|faint|p1a: Tauros
|J|Nelson
|
|switch|p1a: Starmie|Starmie|323\/323
|turn|27
|
|switch|p1a: Snorlax|Snorlax|523\/523
|switch|p2a: Chansey|Chansey|639\/703 par
|
|turn|28
|L|michaeloche
|L|Stall Hater
|J|hermanos pollos
|
|move|p1a: Snorlax|Body Slam|p2a: Chansey
|-damage|p2a: Chansey|326\/703 par
|move|p2a: Chansey|Counter|p1a: Snorlax
|-damage|p1a: Snorlax|0 fnt
|faint|p1a: Snorlax
|L|hermanos pollos
|J|Real FV13
|
|switch|p1a: Jynx|Jynx|137\/333 par
|turn|29
|J|Xopi
|
|move|p1a: Jynx|Psychic|p2a: Chansey
|-damage|p2a: Chansey|224\/703 par
|-unboost|p2a: Chansey|spd|1
|-unboost|p2a: Chansey|spa|1
|move|p2a: Chansey|Soft-Boiled|p2a: Chansey
|-heal|p2a: Chansey|575\/703 par
|
|turn|30
|
|switch|p2a: Starmie|Starmie|97\/323 slp
|move|p1a: Jynx|Psychic|p2a: Starmie
|-resisted|p2a: Starmie
|-damage|p2a: Starmie|41\/323 slp
|
|turn|31
|L|Hot N Cold
|
|cant|p2a: Starmie|slp
|move|p1a: Jynx|Psychic|p2a: Starmie
|-resisted|p2a: Starmie
|-damage|p2a: Starmie|0 fnt
|faint|p2a: Starmie
|
|switch|p2a: Snorlax|Snorlax|364\/523
|turn|32
|J|Hot N Cold
|L|Hot N Cold
|
|switch|p1a: Chansey|Chansey|629\/703
|move|p2a: Snorlax|Body Slam|p1a: Chansey
|-damage|p1a: Chansey|343\/703
|
|turn|33
|J|TR34SUR3
|L|Cynthia's Chomp
|
|move|p1a: Chansey|Reflect|p1a: Chansey
|-start|p1a: Chansey|Reflect
|move|p2a: Snorlax|Self-Destruct|p1a: Chansey
|-damage|p1a: Chansey|0 fnt
|faint|p1a: Chansey
|faint|p2a: Snorlax
|J|Hot N Cold
|
|switch|p1a: Starmie|Starmie|323\/323
|switch|p2a: Chansey|Chansey|575\/703 par
|turn|34
|J|Luckstard.
|J|ImSNT
|
|switch|p1a: Jynx|Jynx|137\/333 par
|move|p2a: Chansey|Thunderbolt|p1a: Jynx
|-crit|p1a: Jynx
|-damage|p1a: Jynx|0 fnt
|faint|p1a: Jynx
|L|Hot N Cold
|
|switch|p1a: Starmie|Starmie|323\/323
|turn|35
|
|move|p1a: Starmie|Psychic|p2a: Chansey
|-damage|p2a: Chansey|464\/703 par
|move|p2a: Chansey|Ice Beam|p1a: Starmie
|-crit|p1a: Starmie
|-resisted|p1a: Starmie
|-damage|p1a: Starmie|253\/323
|
|turn|36
|L|Soulgazer
|
|move|p1a: Starmie|Psychic|p2a: Chansey
|-crit|p2a: Chansey
|-damage|p2a: Chansey|271\/703 par
|move|p2a: Chansey|Soft-Boiled|p2a: Chansey
|-heal|p2a: Chansey|622\/703 par
|
|turn|37
|L|wandering star
|
|move|p1a: Starmie|Psychic|p2a: Chansey
|-damage|p2a: Chansey|514\/703 par
|-unboost|p2a: Chansey|spd|1
|-unboost|p2a: Chansey|spa|1
|move|p2a: Chansey|Thunderbolt|p1a: Starmie
|-supereffective|p1a: Starmie
|-damage|p1a: Starmie|159\/323
|
|turn|38
|L|Greencore
|
|switch|p2a: Exeggutor|Exeggutor|116\/393
|move|p1a: Starmie|Psychic|p2a: Exeggutor
|-resisted|p2a: Exeggutor
|-damage|p2a: Exeggutor|71\/393
|-unboost|p2a: Exeggutor|spd|1
|-unboost|p2a: Exeggutor|spa|1
|
|turn|39
|
|switch|p2a: Chansey|Chansey|514\/703 par
|move|p1a: Starmie|Psychic|p2a: Chansey
|-damage|p2a: Chansey|420\/703 par
|
|turn|40
|
|move|p1a: Starmie|Recover|p1a: Starmie
|-heal|p1a: Starmie|320\/323
|move|p2a: Chansey|Soft-Boiled|p2a: Chansey
|-heal|p2a: Chansey|703\/703 par
|
|turn|41
|
|move|p1a: Starmie|Psychic|p2a: Chansey
|-damage|p2a: Chansey|593\/703 par
|move|p2a: Chansey|Thunderbolt|p1a: Starmie
|-supereffective|p1a: Starmie
|-damage|p1a: Starmie|166\/323
|
|turn|42
|J|DestinyUnknown
|
|move|p1a: Starmie|Recover|p1a: Starmie
|-heal|p1a: Starmie|323\/323
|move|p2a: Chansey|Thunderbolt|p1a: Starmie
|-supereffective|p1a: Starmie
|-damage|p1a: Starmie|153\/323
|
|turn|43
|
|move|p1a: Starmie|Recover|p1a: Starmie
|-heal|p1a: Starmie|314\/323
|move|p2a: Chansey|Thunderbolt|p1a: Starmie
|-supereffective|p1a: Starmie
|-damage|p1a: Starmie|168\/323
|
|turn|44
|L|Seniel
|
|move|p1a: Starmie|Recover|p1a: Starmie
|-heal|p1a: Starmie|323\/323
|cant|p2a: Chansey|par
|
|turn|45
|
|move|p1a: Starmie|Psychic|p2a: Chansey
|-damage|p2a: Chansey|492\/703 par
|-unboost|p2a: Chansey|spd|1
|-unboost|p2a: Chansey|spa|1
|move|p2a: Chansey|Thunderbolt|p1a: Starmie
|-supereffective|p1a: Starmie
|-damage|p1a: Starmie|217\/323
|
|turn|46
|L|thecrystalonix
|
|move|p1a: Starmie|Psychic|p2a: Chansey
|-damage|p2a: Chansey|323\/703 par
|move|p2a: Chansey|Soft-Boiled|p2a: Chansey
|-heal|p2a: Chansey|674\/703 par
|
|turn|47
|
|move|p1a: Starmie|Psychic|p2a: Chansey
|-damage|p2a: Chansey|529\/703 par
|move|p2a: Chansey|Soft-Boiled|p2a: Chansey
|-heal|p2a: Chansey|703\/703 par
|
|turn|48
|
|move|p1a: Starmie|Thunderbolt|p2a: Chansey
|-crit|p2a: Chansey
|-damage|p2a: Chansey|562\/703 par
|move|p2a: Chansey|Soft-Boiled|p2a: Chansey
|-heal|p2a: Chansey|703\/703 par
|
|turn|49
|L|Big Sir
|J|Big Sir
|
|move|p1a: Starmie|Psychic|p2a: Chansey
|-crit|p2a: Chansey
|-damage|p2a: Chansey|499\/703 par
|cant|p2a: Chansey|par
|
|turn|50
|
|move|p1a: Starmie|Thunderbolt|p2a: Chansey
|-damage|p2a: Chansey|395\/703 par
|cant|p2a: Chansey|par
|
|turn|51
|J|double01
|J|Evuelf
|J|Pragorius
|
|switch|p2a: Tauros|Tauros|141\/353
|move|p1a: Starmie|Thunderbolt|p2a: Tauros
|-damage|p2a: Tauros|41\/353
|
|turn|52
|J|Fairy Peak
|
|move|p1a: Starmie|Thunderbolt|p2a: Tauros
|-damage|p2a: Tauros|0 fnt
|faint|p2a: Tauros
|
|switch|p2a: Chansey|Chansey|395\/703 par
|turn|53
|
|move|p1a: Starmie|Psychic|p2a: Chansey
|-damage|p2a: Chansey|298\/703 par
|move|p2a: Chansey|Soft-Boiled|p2a: Chansey
|-heal|p2a: Chansey|649\/703 par
|
|turn|54
|J|Updated Kanto
|
|move|p1a: Starmie|Psychic|p2a: Chansey
|-damage|p2a: Chansey|547\/703 par
|cant|p2a: Chansey|par
|
|turn|55
|
|move|p1a: Starmie|Psychic|p2a: Chansey
|-damage|p2a: Chansey|447\/703 par
|move|p2a: Chansey|Soft-Boiled|p2a: Chansey
|-heal|p2a: Chansey|703\/703 par
|
|turn|56
|
|move|p1a: Starmie|Psychic|p2a: Chansey
|-crit|p2a: Chansey
|-damage|p2a: Chansey|515\/703 par
|-unboost|p2a: Chansey|spd|1
|-unboost|p2a: Chansey|spa|1
|move|p2a: Chansey|Thunderbolt|p1a: Starmie
|-crit|p1a: Starmie
|-supereffective|p1a: Starmie
|-damage|p1a: Starmie|0 fnt
|faint|p1a: Starmie
|
|win|FAFUS