|inactive|Battle timer is ON: inactive players will automatically lose when time's up.
|J|disaster area
|J|LEREMYJU
|player|p1|disaster area|32
|player|p2|LEREMYJU|37
|gametype|singles
|gen|1
|tier|[Gen 1] OU
|rule|Sleep Clause Mod: Limit one foe put to sleep
|rule|Freeze Clause Mod: Limit one foe frozen
|rule|Species Clause: Limit one of each Pokémon
|rule|OHKO Clause: OHKO moves are banned
|rule|Evasion Moves Clause: Evasion moves are banned
|rule|HP Percentage Mod: HP is shown in percentages
|
|start
|switch|p1a: Alakazam|Alakazam|313\/313
|switch|p2a: Jolteon|Jolteon|333\/333
|turn|1
|J|Kingler12345
|
|switch|p1a: Chansey|Chansey|703\/703
|move|p2a: Jolteon|Thunder Wave|p1a: Chansey
|-status|p1a: Chansey|par
|
|turn|2
|
|switch|p2a: Snorlax|Snorlax|523\/523
|move|p1a: Chansey|Thunder Wave|p2a: Snorlax
|-status|p2a: Snorlax|par
|
|turn|3
|c|★LEREMYJU|o.O
|
|switch|p2a: Jolteon|Jolteon|333\/333
|move|p1a: Chansey|Reflect|p1a: Chansey
|-start|p1a: Chansey|Reflect
|
|turn|4
|
|move|p2a: Jolteon|Double Kick|p1a: Chansey
|-crit|p1a: Chansey
|-supereffective|p1a: Chansey
|-damage|p1a: Chansey|508\/703 par
|-damage|p1a: Chansey|313\/703 par
|-hitcount|p1a: Chansey|2
|cant|p1a: Chansey|par
|
|turn|5
|c|★LEREMYJU|o.O
|
|move|p2a: Jolteon|Double Kick|p1a: Chansey
|-crit|p1a: Chansey
|-supereffective|p1a: Chansey
|-damage|p1a: Chansey|113\/703 par
|-damage|p1a: Chansey|0 fnt
|-hitcount|p1a: Chansey|2
|faint|p1a: Chansey
|c|★LEREMYJU|lol
|c|★LEREMYJU|sorry
|c|★disaster area|well shit lmao
|c|★LEREMYJU|Does chansey
|
|switch|p1a: Jynx|Jynx|333\/333
|turn|6
|c|★LEREMYJU|use reflect
|c|★disaster area|uhh
|c|★disaster area|probably like
|
|switch|p2a: Snorlax|Snorlax|523\/523 par
|move|p1a: Jynx|Blizzard|p2a: Snorlax
|-damage|p2a: Snorlax|345\/523 par
|
|turn|7
|J|Madoka
|c|★disaster area|1 in 10 to 1 in 5 chanseys
|c|★disaster area|it rly depends where you are and how good ur opps are
|
|switch|p1a: Snorlax|Snorlax|523\/523
|move|p2a: Snorlax|Body Slam|p1a: Snorlax
|-damage|p1a: Snorlax|376\/523
|
|turn|8
|c|★disaster area|i mean some people like me or raish
|c|★LEREMYJU|Don't have a counter to this
|c|★LEREMYJU|what beats lax
|c|★disaster area|probably use like 1 in 2-3 rate of reflect chansey
|c|★disaster area|lax
|c|★disaster area|lol
|J|Mazary
|c|★disaster area|uhhh
|c|★disaster area|u play around it
|c|★disaster area|rocks face up vs it nicely
|c|★disaster area|just wear it down
|
|switch|p2a: Tauros|Tauros|353\/353
|move|p1a: Snorlax|Reflect|p1a: Snorlax
|-start|p1a: Snorlax|Reflect
|
|turn|9
|c|★disaster area|it's only got base 60 special too
|
|move|p2a: Tauros|Body Slam|p1a: Snorlax
|-damage|p1a: Snorlax|309\/523
|move|p1a: Snorlax|Body Slam|p2a: Tauros
|-damage|p2a: Tauros|235\/353
|
|turn|10
|
|move|p2a: Tauros|Hyper Beam|p1a: Snorlax
|-crit|p1a: Snorlax
|-damage|p1a: Snorlax|0 fnt
|faint|p1a: Snorlax
|c|+Madoka|nice
|c|★disaster area|body slam doesn't para normal types btw
|c|★LEREMYJU|Rip
|c|★disaster area|also nice luck
|
|switch|p1a: Tauros|Tauros|353\/353
|turn|11
|
|switch|p2a: Jolteon|Jolteon|333\/333
|move|p1a: Tauros|Body Slam|p2a: Jolteon
|-crit|p2a: Jolteon
|-damage|p2a: Jolteon|52\/333
|
|turn|12
|c|★disaster area|para woulda been nicer :[
|
|switch|p1a: Alakazam|Alakazam|313\/313
|move|p2a: Jolteon|Thunder Wave|p1a: Alakazam
|-status|p1a: Alakazam|par
|
|turn|13
|
|move|p2a: Jolteon|Pin Missile|p1a: Alakazam
|-supereffective|p1a: Alakazam
|-damage|p1a: Alakazam|286\/313 par
|-damage|p1a: Alakazam|259\/313 par
|-hitcount|p1a: Alakazam|2
|move|p1a: Alakazam|Psychic|p2a: Jolteon
|-crit|p2a: Jolteon
|-damage|p2a: Jolteon|0 fnt
|faint|p2a: Jolteon
|
|switch|p2a: Tauros|Tauros|235\/353
|turn|14
|c|★disaster area|tbolt does more than pin missile
|c|★disaster area|with jolteon on basically every mon not called exeggutor
|c|★disaster area|:>
|c|★LEREMYJU|:\/
|
|switch|p1a: Exeggutor|Exeggutor|393\/393
|move|p2a: Tauros|Body Slam|p1a: Exeggutor
|-damage|p1a: Exeggutor|287\/393
|-status|p1a: Exeggutor|par
|
|turn|15
|
|move|p2a: Tauros|Blizzard|p1a: Exeggutor
|-supereffective|p1a: Exeggutor
|-damage|p1a: Exeggutor|150\/393 par
|cant|p1a: Exeggutor|par
|
|turn|16
|
|switch|p1a: Tauros|Tauros|353\/353
|move|p2a: Tauros|Blizzard|p1a: Tauros
|-crit|p1a: Tauros
|-damage|p1a: Tauros|171\/353
|
|turn|17
|c|★LEREMYJU|I swear
|c|★LEREMYJU|im actually good
|c|★LEREMYJU|;-;
|c|★disaster area|lol
|
|move|p1a: Tauros|Body Slam|p2a: Tauros
|-damage|p2a: Tauros|138\/353
|move|p2a: Tauros|Hyper Beam|p1a: Tauros
|-damage|p1a: Tauros|0 fnt
|faint|p1a: Tauros
|c|★disaster area|i'd say lucky + got decent matchup
|c|★disaster area|and once u double critted my reflect chansey and I FP'd
|c|★disaster area|without twaving ur jolteon
|c|★disaster area|;-;
|c|★disaster area|i mean that was like
|c|★disaster area|1 in 64 odds
|c|★LEREMYJU|I'm lucky
|
|switch|p1a: Jynx|Jynx|333\/333
|turn|18
|c|★disaster area|lol
|
|switch|p2a: Persian|Persian|333\/333
|move|p1a: Jynx|Blizzard|p2a: Persian
|-damage|p2a: Persian|162\/333
|-status|p2a: Persian|frz
|
|turn|19
|
|switch|p2a: Snorlax|Snorlax|345\/523 par
|move|p1a: Jynx|Psychic|p2a: Snorlax
|-damage|p2a: Snorlax|208\/523 par
|
|turn|20
|
|move|p1a: Jynx|Blizzard|p2a: Snorlax
|-damage|p2a: Snorlax|31\/523 par
|move|p2a: Snorlax|Body Slam|p1a: Jynx
|-damage|p1a: Jynx|156\/333
|
|turn|21
|
|move|p1a: Jynx|Psychic|p2a: Snorlax
|-crit|p2a: Snorlax
|-damage|p2a: Snorlax|0 fnt
|faint|p2a: Snorlax
|
|switch|p2a: Tauros|Tauros|138\/353
|turn|22
|
|switch|p1a: Exeggutor|Exeggutor|150\/393 par
|move|p2a: Tauros|Body Slam|p1a: Exeggutor
|-damage|p1a: Exeggutor|44\/393 par
|
|turn|23
|
|move|p2a: Tauros|Body Slam|p1a: Exeggutor
|-damage|p1a: Exeggutor|0 fnt
|faint|p1a: Exeggutor
|
|switch|p1a: Alakazam|Alakazam|259\/313 par
|turn|24
|
|switch|p2a: Chansey|Chansey|703\/703
|move|p1a: Alakazam|Psychic|p2a: Chansey
|-damage|p2a: Chansey|568\/703
|
|turn|25
|
|switch|p1a: Jynx|Jynx|156\/333
|move|p2a: Chansey|Seismic Toss|p1a: Jynx
|-damage|p1a: Jynx|56\/333
|
|turn|26
|
|move|p1a: Jynx|Lovely Kiss|p2a: Chansey
|-status|p2a: Chansey|slp
|cant|p2a: Chansey|slp
|-curestatus|p2a: Chansey|slp
|
|turn|27
|
|switch|p2a: Persian|Persian|162\/333 frz
|move|p1a: Jynx|Lovely Kiss|p2a: Persian
|-fail|p2a: Persian
|
|turn|28
|
|cant|p2a: Persian|frz
|move|p1a: Jynx|Lovely Kiss|p2a: Persian
|-fail|p2a: Persian
|
|turn|29
|c|★LEREMYJU|Is there
|c|★LEREMYJU|sleep clause
|c|★disaster area|y
|c|★disaster area|and freeze clause
|
|cant|p2a: Persian|frz
|move|p1a: Jynx|Lovely Kiss|p2a: Persian|[miss]
|-miss|p1a: Jynx
|
|turn|30
|L|LEREMYJU
|player|p2
|c|★disaster area|rip dc ;-;
|J|LEREMYJU
|player|p2|LEREMYJU|37
|
|switch|p1a: Alakazam|Alakazam|259\/313 par
|cant|p2a: Persian|frz
|
|turn|31
|
|cant|p2a: Persian|frz
|move|p1a: Alakazam|Thunder Wave|p2a: Persian
|-fail|p2a: Persian
|
|turn|32
|
|cant|p2a: Persian|frz
|move|p1a: Alakazam|Recover|p1a: Alakazam
|-heal|p1a: Alakazam|313\/313 par
|
|turn|33
|
|cant|p2a: Persian|frz
|cant|p1a: Alakazam|par
|
|turn|34
|
|cant|p2a: Persian|frz
|move|p1a: Alakazam|Seismic Toss|p2a: Persian
|-damage|p2a: Persian|62\/333 frz
|
|turn|35
|
|cant|p2a: Persian|frz
|move|p1a: Alakazam|Seismic Toss|p2a: Persian
|-damage|p2a: Persian|0 fnt
|faint|p2a: Persian
|
|switch|p2a: Exeggutor|Exeggutor|393\/393
|turn|36
|
|switch|p1a: Jynx|Jynx|56\/333
|move|p2a: Exeggutor|Psychic|p1a: Jynx
|-resisted|p1a: Jynx
|-damage|p1a: Jynx|0 fnt
|faint|p1a: Jynx
|
|switch|p1a: Alakazam|Alakazam|313\/313 par
|turn|37
|c|★disaster area|damn predicted an explosion
|c|★disaster area|lol
|c|★disaster area|gg
|
|move|p2a: Exeggutor|Explosion|p1a: Alakazam
|-damage|p1a: Alakazam|0 fnt
|faint|p1a: Alakazam
|faint|p2a: Exeggutor
|
|win|LEREMYJU