|inactive|Battle timer is ON: inactive players will automatically lose when time's up.
|J|BKC
|J|Dice
|player|p1|BKC|#bkc
|player|p2|Dice|168
|gametype|singles
|gen|1
|tier|[Gen 1] OU
|seed|12227,63547,55421,30720
|rule|Sleep Clause Mod: Limit one foe put to sleep
|rule|Freeze Clause Mod: Limit one foe frozen
|rule|Species Clause: Limit one of each Pokémon
|rule|OHKO Clause: OHKO moves are banned
|rule|Evasion Moves Clause: Evasion moves are banned
|rule|HP Percentage Mod: HP is shown in percentages
|
|start
|switch|p1a: I Have a Dream|Hypno|373\/373
|switch|p2a: Hypno|Hypno|373\/373
|turn|1
|c|★Dice|...
|J|BlackWeed
|c|★BKC|word.
|J|TrailBlazer77
|c|+BlackWeed|SPL
|choice|move 1|move 1
|
|move|p1a: I Have a Dream|Hypnosis|p2a: Hypno
|-status|p2a: Hypno|slp
|cant|p2a: Hypno|slp
|
|turn|2
|c|+BlackWeed|?
|c|+BlackWeed|-
|J|Rumor
|choice|switch 5|move 1
|
|switch|p1a: Voulez-Vous|Snorlax|523\/523
|cant|p2a: Hypno|slp
|
|turn|3
|J|KratosMana
|choice|move 1|switch 4
|
|switch|p2a: Exeggutor|Exeggutor|393\/393
|move|p1a: Voulez-Vous|Body Slam|p2a: Exeggutor
|-damage|p2a: Exeggutor|270\/393
|-status|p2a: Exeggutor|par
|
|turn|4
|c|+Rumor|good luck in spl
|c|★Dice|wow earthworm
|c|★Dice|stop it
|choice|switch 5|move 4
|
|switch|p1a: I Have a Dream|Hypno|373\/373
|move|p2a: Exeggutor|Sleep Powder|p1a: I Have a Dream
|-status|p1a: I Have a Dream|slp
|
|turn|5
|J|Demerging
|c|★BKC|xD
|J|boudouche
|choice|switch 5|move 1
|
|switch|p1a: Voulez-Vous|Snorlax|523\/523
|cant|p2a: Exeggutor|par
|
|turn|6
|L|KratosMana
|choice|move 1|switch 5
|
|switch|p2a: Snorlax|Snorlax|523\/523
|move|p1a: Voulez-Vous|Body Slam|p2a: Snorlax
|-damage|p2a: Snorlax|382\/523
|
|turn|7
|J|Earthworm
|c|+boudouche|voulez-vous coucher avec moi
|c|+boudouche|ce soir
|c|★BKC|;]
|J|Very Small Wish
|choice|move 2|move 1
|
|move|p1a: Voulez-Vous|Earthquake|p2a: Snorlax
|-damage|p2a: Snorlax|277\/523
|move|p2a: Snorlax|Body Slam|p1a: Voulez-Vous
|-damage|p1a: Voulez-Vous|380\/523
|
|turn|8
|c|+Earthworm|test
|choice|switch 3|move 3
|
|switch|p1a: DoesYourMotherKnow|Exeggutor|393\/393
|move|p2a: Snorlax|Self-Destruct|p1a: DoesYourMotherKnow
|-damage|p1a: DoesYourMotherKnow|23\/393
|faint|p2a: Snorlax
|c|+Earthworm|what did i do
|c|+boudouche|i work at 1 mn
|c|★BKC|0
|choice||switch 6
|
|switch|p2a: Starmie|Starmie|323\/323
|turn|9
|c|+boudouche|from the moulin rouge o:
|choice|switch 4|move 1
|
|switch|p1a: LiveALittleLonger|Chansey|703\/703
|move|p2a: Starmie|Blizzard|p1a: LiveALittleLonger
|-damage|p1a: LiveALittleLonger|612\/703
|
|turn|10
|c|★Dice|u haxed
|c|★Dice|he haxed
|c|+BlackWeed|le budu
|c|+BlackWeed|._.
|c|★Dice|equal
|c|★Dice|yn
|choice|move 4|switch 2
|
|switch|p2a: Chansey|Chansey|703\/703
|move|p1a: LiveALittleLonger|Ice Beam|p2a: Chansey
|-crit|p2a: Chansey
|-damage|p2a: Chansey|565\/703
|
|turn|11
|J|Rei
|choice|move 4|move 3
|
|move|p1a: LiveALittleLonger|Ice Beam|p2a: Chansey
|-damage|p2a: Chansey|488\/703
|move|p2a: Chansey|Thunder Wave|p1a: LiveALittleLonger
|-status|p1a: LiveALittleLonger|par
|
|turn|12
|c|+TrailBlazer77|no crit freeze?
|c|+TrailBlazer77|crazy
|c|+Earthworm|wow
|choice|move 4|move 4
|
|move|p2a: Chansey|Soft-Boiled|p2a: Chansey
|-heal|p2a: Chansey|703\/703
|move|p1a: LiveALittleLonger|Ice Beam|p2a: Chansey
|-damage|p2a: Chansey|630\/703
|
|turn|13
|c|★BKC|lol, word
|c|+Earthworm|edgy move
|c|+BlackWeed|adam
|c|+BlackWeed|can i
|c|+Earthworm|twaving the chansey
|c|+BlackWeed|bite u
|c|+Earthworm|in a mirror
|c|★Dice|i'm edgy
|J|e7e
|J|Evuelf
|c|★Dice|too bad i dont have a lax
|choice|move 4|switch 5
|
|switch|p2a: Exeggutor|Exeggutor|270\/393 par
|move|p1a: LiveALittleLonger|Ice Beam|p2a: Exeggutor
|-supereffective|p2a: Exeggutor
|-damage|p2a: Exeggutor|143\/393 par
|
|turn|14
|c|+BlackWeed|adam
|c|+BlackWeed|plz
|J|ReshiRampage
|choice|switch 5|move 1
|
|switch|p1a: I Have a Dream|Hypno|373\/373 slp
|cant|p2a: Exeggutor|par
|
|turn|15
|choice|move 3|move 1
|
|cant|p1a: I Have a Dream|slp
|move|p2a: Exeggutor|Psychic|p1a: I Have a Dream
|-resisted|p1a: I Have a Dream
|-damage|p1a: I Have a Dream|319\/373 slp
|
|turn|16
|J|karlaschnikov
|choice|move 3|switch 3
|
|switch|p2a: Tauros|Tauros|353\/353
|cant|p1a: I Have a Dream|slp
|
|turn|17
|J|LJDarkrai
|choice|switch 2|move 1
|
|switch|p1a: Lovelight|Starmie|323\/323
|move|p2a: Tauros|Body Slam|p1a: Lovelight
|-damage|p1a: Lovelight|212\/323
|
|turn|18
|c|+Earthworm|LOL
|c|+Earthworm|the lead matchup was hypno mirror
|choice|move 1|move 1
|
|move|p1a: Lovelight|Blizzard|p2a: Tauros
|-damage|p2a: Tauros|242\/353
|move|p2a: Tauros|Body Slam|p1a: Lovelight
|-crit|p1a: Lovelight
|-damage|p1a: Lovelight|0 fnt
|faint|p1a: Lovelight
|c|+e7e|dice eh fraco
|c|+e7e|lol
|choice|switch 6|
|
|switch|p1a: GIMME GIMME GIMME|Tauros|353\/353
|turn|19
|c|★Dice|dam
|c|★Dice|nice team noob lol
|c|★BKC|ikr. lol
|c|★Dice|bet my sets are better
|c|★Dice|hmm
|c|★Dice|less see
|choice|move 2|switch 2
|
|switch|p2a: Starmie|Starmie|323\/323
|move|p1a: GIMME GIMME GIMME|Body Slam|p2a: Starmie
|-damage|p2a: Starmie|204\/323
|
|turn|20
|c|+BlackWeed|ct
|choice|switch 5|move 2
|
|switch|p1a: LiveALittleLonger|Chansey|612\/703 par
|move|p2a: Starmie|Recover|p2a: Starmie
|-heal|p2a: Starmie|323\/323
|
|turn|21
|choice|move 4|switch 4
|
|switch|p2a: Hypno|Hypno|373\/373 slp
|cant|p1a: LiveALittleLonger|par
|
|turn|22
|c|+BlackWeed|._.
|c|+TrailBlazer77|,
|c|+BlackWeed|hax
|c|+BlackWeed|?
|choice|move 4|move 3
|
|-curestatus|p2a: Hypno|slp
|cant|p1a: LiveALittleLonger|par
|
|turn|23
|choice|move 2|move 3
|
|move|p2a: Hypno|Psychic|p1a: LiveALittleLonger
|-damage|p1a: LiveALittleLonger|508\/703 par
|move|p1a: LiveALittleLonger|Thunder Wave|p2a: Hypno
|-status|p2a: Hypno|par
|
|turn|24
|choice|move 1|move 3
|
|cant|p2a: Hypno|par
|cant|p1a: LiveALittleLonger|par
|
|turn|25
|choice|move 1|move 3
|
|move|p2a: Hypno|Psychic|p1a: LiveALittleLonger
|-damage|p1a: LiveALittleLonger|401\/703 par
|move|p1a: LiveALittleLonger|Soft-Boiled|p1a: LiveALittleLonger
|-heal|p1a: LiveALittleLonger|703\/703 par
|
|turn|26
|choice|move 4|move 3
|
|move|p2a: Hypno|Psychic|p1a: LiveALittleLonger
|-damage|p1a: LiveALittleLonger|587\/703 par
|-unboost|p1a: LiveALittleLonger|spd|1
|-unboost|p1a: LiveALittleLonger|spa|1
|cant|p1a: LiveALittleLonger|par
|
|turn|27
|choice|move 1|move 3
|
|move|p2a: Hypno|Psychic|p1a: LiveALittleLonger
|-crit|p1a: LiveALittleLonger
|-damage|p1a: LiveALittleLonger|354\/703 par
|-unboost|p1a: LiveALittleLonger|spd|1
|-unboost|p1a: LiveALittleLonger|spa|1
|cant|p1a: LiveALittleLonger|par
|
|turn|28
|choice|move 1|move 3
|
|cant|p2a: Hypno|par
|cant|p1a: LiveALittleLonger|par
|
|turn|29
|choice|move 1|move 3
|
|cant|p2a: Hypno|par
|move|p1a: LiveALittleLonger|Soft-Boiled|p1a: LiveALittleLonger
|-heal|p1a: LiveALittleLonger|703\/703 par
|
|turn|30
|choice|switch 2|move 2
|
|switch|p1a: I Have a Dream|Hypno|319\/373 slp
|cant|p2a: Hypno|par
|
|turn|31
|c|★BKC|para is so disgusting
|c|★Dice|kinda like u lol
|c|+Earthworm|i think
|c|★BKC|ikr lol
|c|+Earthworm|u shoulda doubled there
|c|+Earthworm|dice
|choice|switch 2|switch 2
|
|switch|p1a: LiveALittleLonger|Chansey|703\/703 par
|switch|p2a: Tauros|Tauros|242\/353
|
|turn|32
|c|★Dice|prob
|choice|move 2|move 1
|
|move|p2a: Tauros|Body Slam|p1a: LiveALittleLonger
|-damage|p1a: LiveALittleLonger|436\/703 par
|cant|p1a: LiveALittleLonger|par
|
|turn|33
|c|+Earthworm|ohoho
|c|★BKC|o cmon
|c|★Dice|easy
|choice|switch 3|move 1
|
|switch|p1a: Voulez-Vous|Snorlax|380\/523
|move|p2a: Tauros|Body Slam|p1a: Voulez-Vous
|-crit|p1a: Voulez-Vous
|-damage|p1a: Voulez-Vous|107\/523
|
|turn|34
|c|+TrailBlazer77|paralyzed mon= dead
|choice|move 1|move 1
|
|move|p2a: Tauros|Body Slam|p1a: Voulez-Vous
|-damage|p1a: Voulez-Vous|0 fnt
|faint|p1a: Voulez-Vous
|c|+Earthworm|ohohohoho
|choice|switch 5|
|
|switch|p1a: GIMME GIMME GIMME|Tauros|353\/353
|turn|35
|c|★Dice|hohoho
|choice|move 2|switch 4
|
|switch|p2a: Starmie|Starmie|323\/323
|move|p1a: GIMME GIMME GIMME|Body Slam|p2a: Starmie
|-damage|p2a: Starmie|214\/323
|-status|p2a: Starmie|par
|
|turn|36
|choice|switch 3|move 2
|
|switch|p1a: LiveALittleLonger|Chansey|436\/703 par
|move|p2a: Starmie|Recover|p2a: Starmie
|-heal|p2a: Starmie|323\/323 par
|
|turn|37
|choice|move 1|switch 2
|
|switch|p2a: Hypno|Hypno|373\/373 par
|move|p1a: LiveALittleLonger|Soft-Boiled|p1a: LiveALittleLonger
|-heal|p1a: LiveALittleLonger|703\/703 par
|
|turn|38
|J|Void
|choice|switch 2|move 2
|
|switch|p1a: I Have a Dream|Hypno|319\/373 slp
|move|p2a: Hypno|Thunder Wave|p1a: I Have a Dream
|-fail|p1a: I Have a Dream
|
|turn|39
|c|+Earthworm|ohohohoho
|choice|switch 2|switch 4
|
|switch|p1a: LiveALittleLonger|Chansey|703\/703 par
|switch|p2a: Tauros|Tauros|242\/353
|
|turn|40
|choice|move 2|move 1
|
|move|p2a: Tauros|Body Slam|p1a: LiveALittleLonger
|-damage|p1a: LiveALittleLonger|424\/703 par
|cant|p1a: LiveALittleLonger|par
|
|turn|41
|c|★Dice|no lex
|c|★Dice|flex
|c|★Dice|zone
|L|ReshiRampage
|choice|move 2|move 1
|
|move|p2a: Tauros|Body Slam|p1a: LiveALittleLonger
|-damage|p1a: LiveALittleLonger|150\/703 par
|move|p1a: LiveALittleLonger|Thunder Wave|p2a: Tauros
|-status|p2a: Tauros|par
|
|turn|42
|c|+Earthworm|ohohohoh
|c|★BKC|fag
|choice|switch 2|move 1
|
|switch|p1a: I Have a Dream|Hypno|319\/373 slp
|cant|p2a: Tauros|par
|
|turn|43
|c|+BlackWeed|MANDA BOI
|c|+BlackWeed|- tiba
|choice|move 3|move 1
|
|-curestatus|p1a: I Have a Dream|slp
|cant|p2a: Tauros|par
|
|turn|44
|c|★BKC|good
|c|★BKC|fuck you
|c|+TrailBlazer77|- flexinator
|choice|move 3|switch 4
|
|switch|p2a: Hypno|Hypno|373\/373 par
|move|p1a: I Have a Dream|Psychic|p2a: Hypno
|-resisted|p2a: Hypno
|-damage|p2a: Hypno|317\/373 par
|
|turn|45
|c|★Dice|got haxed
|c|★Dice|yn
|c|+TrailBlazer77|n
|choice|switch 2|switch 4
|
|switch|p1a: LiveALittleLonger|Chansey|150\/703 par
|switch|p2a: Tauros|Tauros|242\/353 par
|
|turn|46
|choice|switch 2|move 1
|
|switch|p1a: I Have a Dream|Hypno|319\/373
|move|p2a: Tauros|Body Slam|p1a: I Have a Dream
|-damage|p1a: I Have a Dream|202\/373
|-status|p1a: I Have a Dream|par
|
|turn|47
|c|+Earthworm|ohohohoho
|c|+Earthworm|ohohohoho
|c|★Dice|hmm
|c|+TrailBlazer77|lucked y\/n dice
|c|★Dice|hmmm
|L|Very Small Wish
|c|+Earthworm|use hyper beam
|c|+Earthworm|u will ch anyway
|choice|move 3|move 4
|
|move|p2a: Tauros|Hyper Beam|p1a: I Have a Dream
|-damage|p1a: I Have a Dream|0 fnt
|faint|p1a: I Have a Dream
|c|+TrailBlazer77|ull get parad anyway
|c|★Dice|ok
|choice|switch 3|
|
|switch|p1a: GIMME GIMME GIMME|Tauros|353\/353
|turn|48
|c|★Dice|i was calcing
|c|★Dice|min was
|J|smurfer
|c|★Dice|54
|c|★Dice|i'll take it
|L|smurfer
|c|+Earthworm|dice
|c|+Earthworm| u will lose
|c|+Earthworm|to this bull
|c|+Earthworm|yn
|c|★Dice|n
|c|★Dice|hmmmmmmmm
|c|+Earthworm|y
|c|★Dice|this is a tough decision
|c|★Dice|let's see
|c|★BKC|i want to sleep
|c|★BKC|pls
|c|+TrailBlazer77|lol
|choice|move 2|switch 4
|
|switch|p2a: Hypno|Hypno|317\/373 par
|move|p1a: GIMME GIMME GIMME|Body Slam|p2a: Hypno
|-damage|p2a: Hypno|200\/373 par
|
|turn|49
|c|+Earthworm|min is 54 bkc
|c|+Earthworm|i calced
|c|★Dice|ur so funny adam
|c|★BKC|rofl
|c|★BKC|that was a good one
|choice|move 4|switch 2
|
|switch|p2a: Starmie|Starmie|323\/323 par
|move|p1a: GIMME GIMME GIMME|Hyper Beam|p2a: Starmie
|-damage|p2a: Starmie|115\/323 par
|
|turn|50
|-mustrecharge|p1a: GIMME GIMME GIMME
|c|+e7e|dice
|L|karlaschnikov
|c|+e7e|are u silver
|-mustrecharge|p1a: GIMME GIMME GIMME
|c|★BKC|full para faggot
|c|★Dice|im
|c|★Dice|blue
|c|+Earthworm|twave miss
|c|★Dice|jk
|c|+Earthworm|imo
|c|★Dice|starmie is purple
|choice|move 1|move 4
|
|cant|p1a: GIMME GIMME GIMME|recharge
|move|p2a: Starmie|Thunder Wave|p1a: GIMME GIMME GIMME
|-status|p1a: GIMME GIMME GIMME|par
|
|turn|51
|choice|move 4|move 2
|
|cant|p2a: Starmie|par
|cant|p1a: GIMME GIMME GIMME|par
|
|turn|52
|choice|move 4|move 2
|
|move|p2a: Starmie|Recover|p2a: Starmie
|-heal|p2a: Starmie|276\/323 par
|move|p1a: GIMME GIMME GIMME|Hyper Beam|p2a: Starmie
|-crit|p2a: Starmie
|-damage|p2a: Starmie|0 fnt
|faint|p2a: Starmie
|c|★Dice|phew
|c|★BKC|good
|c|★BKC|fuck you
|c|★Dice|oh
|c|★Dice|smd
|c|+TrailBlazer77|lol
|c|+e7e|lol
|c|+Earthworm|dice
|c|+Earthworm|u will lose
|c|+Earthworm|to this bull
|c|+Earthworm|yn
|choice||switch 5
|
|switch|p2a: Chansey|Chansey|630\/703
|turn|53
|c|★Dice|maybe
|c|★BKC|<~Melee_Mewtwo> man mega slowbro
|c|★BKC|<~Melee_Mewtwo> looks so fucking d umb
|c|+TrailBlazer77|thats my man
|c|★Dice|lol
|c|★Dice|mm2 ftw
|choice|move 2|move 1
|
|move|p2a: Chansey|Seismic Toss|p1a: GIMME GIMME GIMME
|-damage|p1a: GIMME GIMME GIMME|253\/353 par
|move|p1a: GIMME GIMME GIMME|Body Slam|p2a: Chansey
|-damage|p2a: Chansey|337\/703
|
|turn|54
|choice|move 2|move 2
|
|move|p2a: Chansey|Reflect|p2a: Chansey
|-start|p2a: Chansey|Reflect
|move|p1a: GIMME GIMME GIMME|Body Slam|p2a: Chansey
|-crit|p2a: Chansey
|-damage|p2a: Chansey|0 fnt
|faint|p2a: Chansey
|c|★Dice|UGH
|c|★Dice|NO
|c|★BKC|get fucked
|c|+Earthworm|nic emove
|c|★Dice|smd
|choice||switch 4
|
|switch|p2a: Tauros|Tauros|242\/353 par
|turn|55
|c|+Earthworm|did u think he was a snorlax
|c|★BKC|well
|c|★BKC|GL but not really
|J|Tguest
|c|★BKC|hmm
|c|★Dice|bad luck
|choice|switch 2|move 1
|
|switch|p1a: LiveALittleLonger|Chansey|150\/703 par
|cant|p2a: Tauros|par
|
|turn|56
|c|★Dice|noob
|c|★Dice|lol
|c|★BKC|jk, lmao
|choice|move 4|move 1
|
|move|p2a: Tauros|Body Slam|p1a: LiveALittleLonger
|-damage|p1a: LiveALittleLonger|0 fnt
|faint|p1a: LiveALittleLonger
|choice|switch 4|
|
|switch|p1a: DoesYourMotherKnow|Exeggutor|23\/393
|turn|57
|c|★Dice|haha
|c|★Dice|got me
|c|★BKC|i so did xD
|choice|move 3|switch 3
|
|switch|p2a: Exeggutor|Exeggutor|143\/393 par
|move|p1a: DoesYourMotherKnow|Psychic|p2a: Exeggutor
|-resisted|p2a: Exeggutor
|-damage|p2a: Exeggutor|93\/393 par
|-unboost|p2a: Exeggutor|spd|1
|-unboost|p2a: Exeggutor|spa|1
|
|turn|58
|c|★Dice|ur doubling
|c|★Dice|im body slamming
|choice|move 2|move 1
|
|move|p1a: DoesYourMotherKnow|Mega Drain|p2a: Exeggutor
|-resisted|p2a: Exeggutor
|-damage|p2a: Exeggutor|59\/393 par
|-heal|p1a: DoesYourMotherKnow|40\/393|[from] drain|[of] p2a: Exeggutor
|move|p2a: Exeggutor|Psychic|p1a: DoesYourMotherKnow
|-resisted|p1a: DoesYourMotherKnow
|-damage|p1a: DoesYourMotherKnow|7\/393
|
|turn|59
|c|+Earthworm|LOL
|c|★Dice|oh
|c|★BKC|out of range, faggot
|c|+Earthworm|out played
|c|+TrailBlazer77|psychic did so much
|choice|move 3|switch 2
|
|switch|p2a: Hypno|Hypno|200\/373 par
|move|p1a: DoesYourMotherKnow|Psychic|p2a: Hypno
|-resisted|p2a: Hypno
|-damage|p2a: Hypno|147\/373 par
|
|turn|60
|choice|move 2|move 3
|
|move|p1a: DoesYourMotherKnow|Mega Drain|p2a: Hypno
|-damage|p2a: Hypno|95\/373 par
|-heal|p1a: DoesYourMotherKnow|33\/393|[from] drain|[of] p2a: Hypno
|move|p2a: Hypno|Psychic|p1a: DoesYourMotherKnow
|-resisted|p1a: DoesYourMotherKnow
|-damage|p1a: DoesYourMotherKnow|0 fnt
|faint|p1a: DoesYourMotherKnow
|c|+Earthworm|what is the correct move
|choice|switch 2|
|
|switch|p1a: GIMME GIMME GIMME|Tauros|253\/353 par
|turn|61
|c|+Earthworm|u coulda reduced the number of times
|c|★BKC|give me.
|L|Demerging
|choice|move 2|move 3
|
|move|p1a: GIMME GIMME GIMME|Body Slam|p2a: Hypno
|-damage|p2a: Hypno|0 fnt
|faint|p2a: Hypno
|c|+Earthworm|u had to hit  thru para
|choice||switch 2
|
|switch|p2a: Exeggutor|Exeggutor|59\/393 par
|turn|62
|c|+Earthworm|ah but now u dont need to risk HBEAM
|choice|move 2|move 3
|
|move|p1a: GIMME GIMME GIMME|Body Slam|p2a: Exeggutor
|-damage|p2a: Exeggutor|0 fnt
|faint|p2a: Exeggutor
|choice||switch 3
|
|switch|p2a: Tauros|Tauros|242\/353 par
|turn|63
|c|★BKC|bad luck
|choice|move 2|move 1
|
|move|p2a: Tauros|Body Slam|p1a: GIMME GIMME GIMME
|-damage|p1a: GIMME GIMME GIMME|155\/353 par
|move|p1a: GIMME GIMME GIMME|Body Slam|p2a: Tauros
|-damage|p2a: Tauros|145\/353 par
|
|turn|64
|c|★Dice|ok
|c|★Dice|win
|c|★Dice|dont fp
|c|★Dice|pl
|c|★Dice|z
|choice|move 4|move 4
|
|move|p2a: Tauros|Hyper Beam|p1a: GIMME GIMME GIMME
|-damage|p1a: GIMME GIMME GIMME|0 fnt
|faint|p1a: GIMME GIMME GIMME
|
|win|Dice