|inactive|Battle timer is ON: inactive players will automatically lose when time's up.
|J|Dice
|J|Tesung
|player|p1|Dice|168
|player|p2|Tesung|170
|gametype|singles
|gen|1
|tier|[Gen 1] OU
|seed|15403,55528,46141,23522
|rule|Sleep Clause Mod: Limit one foe put to sleep
|rule|Freeze Clause Mod: Limit one foe frozen
|rule|Species Clause: Limit one of each Pokémon
|rule|OHKO Clause: OHKO moves are banned
|rule|Evasion Moves Clause: Evasion moves are banned
|rule|HP Percentage Mod: HP is shown in percentages
|
|start
|switch|p1a: Alakazam|Alakazam|313\/313
|switch|p2a: SOULGAZER|Alakazam|313\/313
|turn|1
|choice|move 2|switch 6
|
|switch|p2a: PDC|Exeggutor|393\/393
|move|p1a: Alakazam|Thunder Wave|p2a: PDC
|-status|p2a: PDC|par
|
|turn|2
|c|★Tesung|ik you arent suposed to do it
|c|★Tesung|but i like to do it
|c|★Dice|hm
|choice|move 1|move 1
|
|move|p1a: Alakazam|Psychic|p2a: PDC
|-resisted|p2a: PDC
|-damage|p2a: PDC|338\/393 par
|-unboost|p2a: PDC|spd|1
|-unboost|p2a: PDC|spa|1
|move|p2a: PDC|Sleep Powder|p1a: Alakazam
|-status|p1a: Alakazam|slp
|
|turn|3
|choice|switch 6|switch 6
|
|switch|p1a: Exeggutor|Exeggutor|393\/393
|switch|p2a: SOULGAZER|Alakazam|313\/313
|
|turn|4
|choice|move 1|switch 6
|
|switch|p2a: PDC|Exeggutor|338\/393 par
|move|p1a: Exeggutor|Psychic|p2a: PDC
|-resisted|p2a: PDC
|-damage|p2a: PDC|284\/393 par
|
|turn|5
|choice|move 1|move 3
|
|move|p1a: Exeggutor|Psychic|p2a: PDC
|-resisted|p2a: PDC
|-damage|p2a: PDC|235\/393 par
|move|p2a: PDC|Psychic|p1a: Exeggutor
|-resisted|p1a: Exeggutor
|-damage|p1a: Exeggutor|338\/393
|
|turn|6
|choice|move 1|move 3
|
|move|p1a: Exeggutor|Psychic|p2a: PDC
|-resisted|p2a: PDC
|-damage|p2a: PDC|181\/393 par
|move|p2a: PDC|Psychic|p1a: Exeggutor
|-resisted|p1a: Exeggutor
|-damage|p1a: Exeggutor|289\/393
|-unboost|p1a: Exeggutor|spd|1
|-unboost|p1a: Exeggutor|spa|1
|
|turn|7
|choice|switch 6|move 4
|
|switch|p1a: Alakazam|Alakazam|313\/313 slp
|cant|p2a: PDC|par
|
|turn|8
|choice|move 4|move 4
|
|cant|p1a: Alakazam|slp
|cant|p2a: PDC|par
|
|turn|9
|choice|move 4|move 4
|
|cant|p1a: Alakazam|slp
|move|p2a: PDC|Explosion|p1a: Alakazam
|-damage|p1a: Alakazam|0 fnt
|faint|p1a: Alakazam
|faint|p2a: PDC
|choice|switch 5|switch 5
|
|switch|p2a: PAPAI NOEL|Lapras|463\/463
|switch|p1a: Chansey|Chansey|703\/703
|turn|10
|choice|switch 3|move 2
|
|switch|p1a: Slowbro|Slowbro|393\/393
|move|p2a: PAPAI NOEL|Sing|p1a: Slowbro|[miss]
|-miss|p2a: PAPAI NOEL
|
|turn|11
|choice|move 1|move 2
|
|move|p2a: PAPAI NOEL|Sing|p1a: Slowbro|[miss]
|-miss|p2a: PAPAI NOEL
|move|p1a: Slowbro|Thunder Wave|p2a: PAPAI NOEL
|-status|p2a: PAPAI NOEL|par
|
|turn|12
|choice|move 4|move 2
|
|move|p1a: Slowbro|Amnesia|p1a: Slowbro
|-boost|p1a: Slowbro|spd|2
|-boost|p1a: Slowbro|spa|2
|cant|p2a: PAPAI NOEL|par
|
|turn|13
|choice|move 2|switch 2
|
|switch|p2a: TESUNG|Chansey|703\/703
|move|p1a: Slowbro|Psychic|p2a: TESUNG
|-damage|p2a: TESUNG|529\/703
|
|turn|14
|choice|move 4|move 3
|
|move|p2a: TESUNG|Thunderbolt|p1a: Slowbro
|-supereffective|p1a: Slowbro
|-damage|p1a: Slowbro|300\/393
|move|p1a: Slowbro|Amnesia|p1a: Slowbro
|-boost|p1a: Slowbro|spd|2
|-boost|p1a: Slowbro|spa|2
|
|turn|15
|choice|move 1|move 4
|
|move|p2a: TESUNG|Thunder Wave|p1a: Slowbro
|-status|p1a: Slowbro|par
|move|p1a: Slowbro|Thunder Wave|p2a: TESUNG
|-status|p2a: TESUNG|par
|
|turn|16
|choice|move 4|move 3
|
|cant|p2a: TESUNG|par
|move|p1a: Slowbro|Amnesia|p1a: Slowbro
|-boost|p1a: Slowbro|spd|2
|-boost|p1a: Slowbro|spa|2
|
|turn|17
|J|Omfuga
|choice|move 2|move 3
|
|move|p1a: Slowbro|Psychic|p2a: TESUNG
|-damage|p2a: TESUNG|197\/703 par
|move|p2a: TESUNG|Thunderbolt|p1a: Slowbro
|-supereffective|p1a: Slowbro
|-damage|p1a: Slowbro|256\/393 par
|
|turn|18
|choice|move 2|switch 6
|
|switch|p2a: SOULGAZER|Alakazam|313\/313
|move|p1a: Slowbro|Psychic|p2a: SOULGAZER
|-resisted|p2a: SOULGAZER
|-damage|p2a: SOULGAZER|173\/313
|
|turn|19
|choice|move 1|move 1
|
|move|p2a: SOULGAZER|Seismic Toss|p1a: Slowbro
|-damage|p1a: Slowbro|156\/393 par
|move|p1a: Slowbro|Thunder Wave|p2a: SOULGAZER
|-status|p2a: SOULGAZER|par
|
|turn|20
|choice|move 2|move 1
|
|cant|p2a: SOULGAZER|par
|move|p1a: Slowbro|Psychic|p2a: SOULGAZER
|-resisted|p2a: SOULGAZER
|-damage|p2a: SOULGAZER|24\/313 par
|
|turn|21
|choice|move 3|move 3
|
|move|p2a: SOULGAZER|Recover|p2a: SOULGAZER
|-heal|p2a: SOULGAZER|180\/313 par
|cant|p1a: Slowbro|par
|
|turn|22
|choice|move 3|move 1
|
|move|p2a: SOULGAZER|Seismic Toss|p1a: Slowbro
|-damage|p1a: Slowbro|56\/393 par
|cant|p1a: Slowbro|par
|
|turn|23
|choice|move 3|move 1
|
|move|p2a: SOULGAZER|Seismic Toss|p1a: Slowbro
|-damage|p1a: Slowbro|0 fnt
|faint|p1a: Slowbro
|choice|switch 4|
|
|switch|p1a: Tauros|Tauros|353\/353
|turn|24
|choice|move 1|switch 6
|
|switch|p2a: TESUNG|Chansey|197\/703 par
|move|p1a: Tauros|Body Slam|p2a: TESUNG
|-damage|p2a: TESUNG|0 fnt
|faint|p2a: TESUNG
|choice||switch 4
|
|switch|p2a: SHAKEITUP|Tauros|353\/353
|turn|25
|choice|move 1|move 3
|
|move|p2a: SHAKEITUP|Body Slam|p1a: Tauros
|-damage|p1a: Tauros|241\/353
|move|p1a: Tauros|Body Slam|p2a: SHAKEITUP
|-damage|p2a: SHAKEITUP|253\/353
|
|turn|26
|choice|move 1|move 3
|
|move|p2a: SHAKEITUP|Body Slam|p1a: Tauros
|-damage|p1a: Tauros|129\/353
|move|p1a: Tauros|Body Slam|p2a: SHAKEITUP
|-damage|p2a: SHAKEITUP|150\/353
|
|turn|27
|J|teal6
|choice|move 4|move 2
|
|move|p1a: Tauros|Hyper Beam|p2a: SHAKEITUP
|-damage|p2a: SHAKEITUP|0 fnt
|faint|p2a: SHAKEITUP
|choice||switch 3
|
|switch|p2a: DOPPELSOLDNER|Snorlax|523\/523
|turn|28
|choice|move 1|move 1
|
|move|p1a: Tauros|Body Slam|p2a: DOPPELSOLDNER
|-damage|p2a: DOPPELSOLDNER|386\/523
|move|p2a: DOPPELSOLDNER|Hyper Beam|p1a: Tauros
|-damage|p1a: Tauros|0 fnt
|faint|p1a: Tauros
|choice|switch 6|
|
|switch|p1a: Exeggutor|Exeggutor|289\/393
|turn|29
|choice|move 4|switch 6
|
|switch|p2a: SOULGAZER|Alakazam|180\/313 par
|move|p1a: Exeggutor|Mega Drain|p2a: SOULGAZER
|-damage|p2a: SOULGAZER|138\/313 par
|-heal|p1a: Exeggutor|310\/393|[from] drain|[of] p2a: SOULGAZER
|
|turn|30
|choice|switch 2|move 3
|
|switch|p1a: Snorlax|Snorlax|523\/523
|move|p2a: SOULGAZER|Recover|p2a: SOULGAZER
|-heal|p2a: SOULGAZER|294\/313 par
|
|turn|31
|choice|move 1|move 4
|
|move|p1a: Snorlax|Body Slam|p2a: SOULGAZER
|-damage|p2a: SOULGAZER|124\/313 par
|move|p2a: SOULGAZER|Thunder Wave|p1a: Snorlax
|-status|p1a: Snorlax|par
|
|turn|32
|L|teal6
|choice|move 1|move 3
|
|cant|p2a: SOULGAZER|par
|cant|p1a: Snorlax|par
|
|turn|33
|choice|move 1|move 3
|
|move|p2a: SOULGAZER|Recover|p2a: SOULGAZER
|-heal|p2a: SOULGAZER|280\/313 par
|move|p1a: Snorlax|Body Slam|p2a: SOULGAZER
|-damage|p2a: SOULGAZER|113\/313 par
|
|turn|34
|choice|move 1|switch 6
|
|switch|p2a: DOPPELSOLDNER|Snorlax|386\/523
|move|p1a: Snorlax|Body Slam|p2a: DOPPELSOLDNER
|-damage|p2a: DOPPELSOLDNER|258\/523
|
|turn|35
|J|rasvictory
|choice|switch 3|move 2
|
|switch|p1a: Chansey|Chansey|703\/703
|move|p2a: DOPPELSOLDNER|Body Slam|p1a: Chansey
|-damage|p1a: Chansey|392\/703
|
|turn|36
|J|ToF
|J|BKC
|choice|move 2|move 3
|
|move|p1a: Chansey|Sing|p2a: DOPPELSOLDNER
|-status|p2a: DOPPELSOLDNER|slp
|cant|p2a: DOPPELSOLDNER|slp
|
|turn|37
|J|colour the skies
|c|★Tesung|FK
|choice|move 4|move 3
|
|move|p1a: Chansey|Soft-Boiled|p1a: Chansey
|-heal|p1a: Chansey|703\/703
|cant|p2a: DOPPELSOLDNER|slp
|
|turn|38
|choice|move 1|move 3
|
|move|p1a: Chansey|Seismic Toss|p2a: DOPPELSOLDNER
|-damage|p2a: DOPPELSOLDNER|158\/523 slp
|-curestatus|p2a: DOPPELSOLDNER|slp
|
|turn|39
|choice|move 2|move 3
|
|move|p1a: Chansey|Sing|p2a: DOPPELSOLDNER|[miss]
|-miss|p1a: Chansey
|move|p2a: DOPPELSOLDNER|Self-Destruct|p1a: Chansey
|-damage|p1a: Chansey|0 fnt
|faint|p1a: Chansey
|faint|p2a: DOPPELSOLDNER
|c|★Tesung|phew.
|choice|switch 3|switch 2
|
|switch|p2a: PAPAI NOEL|Lapras|463\/463 par
|switch|p1a: Snorlax|Snorlax|523\/523 par
|turn|40
|choice|move 1|move 1
|
|move|p2a: PAPAI NOEL|Blizzard|p1a: Snorlax
|-damage|p1a: Snorlax|335\/523 par
|move|p1a: Snorlax|Body Slam|p2a: PAPAI NOEL
|-crit|p2a: PAPAI NOEL
|-damage|p2a: PAPAI NOEL|225\/463 par
|
|turn|41
|c|★Tesung|sht
|choice|move 1|move 1
|
|move|p2a: PAPAI NOEL|Blizzard|p1a: Snorlax
|-damage|p1a: Snorlax|149\/523 par
|move|p1a: Snorlax|Body Slam|p2a: PAPAI NOEL
|-damage|p2a: PAPAI NOEL|104\/463 par
|
|turn|42
|choice|move 1|move 1
|
|move|p2a: PAPAI NOEL|Blizzard|p1a: Snorlax
|-damage|p1a: Snorlax|0 fnt
|faint|p1a: Snorlax
|choice|switch 2|
|
|switch|p1a: Exeggutor|Exeggutor|310\/393
|turn|43
|choice|move 4|switch 6
|
|switch|p2a: SOULGAZER|Alakazam|113\/313 par
|move|p1a: Exeggutor|Mega Drain|p2a: SOULGAZER
|-damage|p2a: SOULGAZER|68\/313 par
|-heal|p1a: Exeggutor|332\/393|[from] drain|[of] p2a: SOULGAZER
|
|turn|44
|c|★Tesung|goo
|choice|move 1|move 3
|
|move|p1a: Exeggutor|Psychic|p2a: SOULGAZER
|-resisted|p2a: SOULGAZER
|-damage|p2a: SOULGAZER|20\/313 par
|-unboost|p2a: SOULGAZER|spd|1
|-unboost|p2a: SOULGAZER|spa|1
|move|p2a: SOULGAZER|Recover|p2a: SOULGAZER
|-heal|p2a: SOULGAZER|176\/313 par
|
|turn|45
|choice|move 1|move 4
|
|move|p1a: Exeggutor|Psychic|p2a: SOULGAZER
|-resisted|p2a: SOULGAZER
|-damage|p2a: SOULGAZER|96\/313 par
|move|p2a: SOULGAZER|Thunder Wave|p1a: Exeggutor
|-status|p1a: Exeggutor|par
|
|turn|46
|choice|move 1|move 3
|
|cant|p1a: Exeggutor|par
|cant|p2a: SOULGAZER|par
|
|turn|47
|choice|move 1|move 3
|
|move|p1a: Exeggutor|Psychic|p2a: SOULGAZER
|-resisted|p2a: SOULGAZER
|-damage|p2a: SOULGAZER|16\/313 par
|move|p2a: SOULGAZER|Recover|p2a: SOULGAZER
|-heal|p2a: SOULGAZER|172\/313 par
|
|turn|48
|choice|move 1|move 3
|
|move|p1a: Exeggutor|Psychic|p2a: SOULGAZER
|-resisted|p2a: SOULGAZER
|-damage|p2a: SOULGAZER|97\/313 par
|cant|p2a: SOULGAZER|par
|
|turn|49
|choice|move 1|move 3
|
|cant|p1a: Exeggutor|par
|cant|p2a: SOULGAZER|par
|
|turn|50
|choice|move 1|move 3
|
|move|p1a: Exeggutor|Psychic|p2a: SOULGAZER
|-resisted|p2a: SOULGAZER
|-damage|p2a: SOULGAZER|20\/313 par
|move|p2a: SOULGAZER|Recover|p2a: SOULGAZER
|-heal|p2a: SOULGAZER|176\/313 par
|
|turn|51
|choice|move 1|move 3
|
|move|p1a: Exeggutor|Psychic|p2a: SOULGAZER
|-resisted|p2a: SOULGAZER
|-damage|p2a: SOULGAZER|97\/313 par
|-unboost|p2a: SOULGAZER|spd|1
|-unboost|p2a: SOULGAZER|spa|1
|move|p2a: SOULGAZER|Recover|p2a: SOULGAZER
|-heal|p2a: SOULGAZER|253\/313 par
|
|turn|52
|choice|move 4|move 1
|
|move|p1a: Exeggutor|Mega Drain|p2a: SOULGAZER
|-crit|p2a: SOULGAZER
|-damage|p2a: SOULGAZER|160\/313 par
|-heal|p1a: Exeggutor|378\/393 par|[from] drain|[of] p2a: SOULGAZER
|move|p2a: SOULGAZER|Seismic Toss|p1a: Exeggutor
|-damage|p1a: Exeggutor|278\/393 par
|
|turn|53
|choice|move 4|move 1
|
|move|p1a: Exeggutor|Mega Drain|p2a: SOULGAZER
|-damage|p2a: SOULGAZER|74\/313 par
|-heal|p1a: Exeggutor|321\/393 par|[from] drain|[of] p2a: SOULGAZER
|cant|p2a: SOULGAZER|par
|
|turn|54
|choice|move 4|move 3
|
|move|p1a: Exeggutor|Mega Drain|p2a: SOULGAZER
|-damage|p2a: SOULGAZER|0 fnt
|-heal|p1a: Exeggutor|358\/393 par|[from] drain|[of] p2a: SOULGAZER
|faint|p2a: SOULGAZER
|choice||switch 6
|
|switch|p2a: PAPAI NOEL|Lapras|104\/463 par
|turn|55
|choice|move 1|move 1
|
|cant|p2a: PAPAI NOEL|par
|move|p1a: Exeggutor|Psychic|p2a: PAPAI NOEL
|-damage|p2a: PAPAI NOEL|0 fnt
|faint|p2a: PAPAI NOEL
|
|win|Dice