|inactive|Battle timer is ON: inactive players will automatically lose when time's up.
|J|TheChaser
|J|marcoasd
|player|p1|TheChaser|266
|player|p2|marcoasd|169
|gametype|singles
|gen|1
|tier|[Gen 1] OU
|rule|Sleep Clause Mod: Limit one foe put to sleep
|rule|Freeze Clause Mod: Limit one foe frozen
|rule|Species Clause: Limit one of each Pokémon
|rule|OHKO Clause: OHKO moves are banned
|rule|Evasion Moves Clause: Evasion moves are banned
|rule|HP Percentage Mod: HP is shown in percentages
|
|start
|switch|p1a: Starmie|Starmie|323\/323
|switch|p2a: Starmie|Starmie|323\/323
|turn|1
|
|switch|p2a: Alakazam|Alakazam|313\/313
|move|p1a: Starmie|Thunderbolt|p2a: Alakazam
|-damage|p2a: Alakazam|257\/313
|
|turn|2
|
|switch|p1a: Chansey|Chansey|703\/703
|move|p2a: Alakazam|Thunder Wave|p1a: Chansey
|-status|p1a: Chansey|par
|
|turn|3
|
|move|p2a: Alakazam|Psychic|p1a: Chansey
|-damage|p1a: Chansey|582\/703 par
|-unboost|p1a: Chansey|spd|1
|-unboost|p1a: Chansey|spa|1
|move|p1a: Chansey|Ice Beam|p2a: Alakazam
|-damage|p2a: Alakazam|218\/313
|
|turn|4
|
|switch|p1a: Exeggutor|Exeggutor|393\/393
|move|p2a: Alakazam|Psychic|p1a: Exeggutor
|-resisted|p1a: Exeggutor
|-damage|p1a: Exeggutor|335\/393
|-unboost|p1a: Exeggutor|spd|1
|-unboost|p1a: Exeggutor|spa|1
|
|turn|5
|
|switch|p2a: Starmie|Starmie|323\/323
|move|p1a: Exeggutor|Sleep Powder|p2a: Starmie|[miss]
|-miss|p1a: Exeggutor
|
|turn|6
|
|switch|p1a: Chansey|Chansey|582\/703 par
|move|p2a: Starmie|Psychic|p1a: Chansey
|-damage|p1a: Chansey|487\/703 par
|-unboost|p1a: Chansey|spd|1
|-unboost|p1a: Chansey|spa|1
|
|turn|7
|
|move|p2a: Starmie|Psychic|p1a: Chansey
|-damage|p1a: Chansey|343\/703 par
|move|p1a: Chansey|Soft-Boiled|p1a: Chansey
|-heal|p1a: Chansey|694\/703 par
|
|turn|8
|
|switch|p2a: Snorlax|Snorlax|523\/523
|switch|p1a: Starmie|Starmie|323\/323
|
|turn|9
|
|move|p1a: Starmie|Psychic|p2a: Snorlax
|-damage|p2a: Snorlax|378\/523
|move|p2a: Snorlax|Body Slam|p1a: Starmie
|-damage|p1a: Starmie|211\/323
|
|turn|10
|J|River Martini
|J|Plead The 5th
|
|switch|p1a: Exeggutor|Exeggutor|335\/393
|switch|p2a: Alakazam|Alakazam|218\/313
|
|turn|11
|
|move|p2a: Alakazam|Thunder Wave|p1a: Exeggutor
|-status|p1a: Exeggutor|par
|move|p1a: Exeggutor|Sleep Powder|p2a: Alakazam|[miss]
|-miss|p1a: Exeggutor
|
|turn|12
|
|switch|p2a: Starmie|Starmie|323\/323
|cant|p1a: Exeggutor|par
|
|turn|13
|
|switch|p1a: Chansey|Chansey|694\/703 par
|move|p2a: Starmie|Blizzard|p1a: Chansey
|-damage|p1a: Chansey|610\/703 par
|
|turn|14
|
|move|p2a: Starmie|Blizzard|p1a: Chansey
|-damage|p1a: Chansey|514\/703 par
|cant|p1a: Chansey|par
|
|turn|15
|
|switch|p2a: Snorlax|Snorlax|378\/523
|move|p1a: Chansey|Soft-Boiled|p1a: Chansey
|-heal|p1a: Chansey|703\/703 par
|
|turn|16
|
|switch|p1a: Snorlax|Snorlax|523\/523
|move|p2a: Snorlax|Body Slam|p1a: Snorlax
|-damage|p1a: Snorlax|379\/523
|
|turn|17
|
|move|p1a: Snorlax|Body Slam|p2a: Snorlax
|-damage|p2a: Snorlax|237\/523
|move|p2a: Snorlax|Counter|p1a: Snorlax
|-damage|p1a: Snorlax|97\/523
|
|turn|18
|
|switch|p2a: Golem|Golem|363\/363
|move|p1a: Snorlax|Hyper Beam|p2a: Golem|[miss]
|-miss|p1a: Snorlax
|
|turn|19
|c|★marcoasd|porco dio
|
|switch|p1a: Exeggutor|Exeggutor|335\/393 par
|move|p2a: Golem|Earthquake|p1a: Exeggutor
|-resisted|p1a: Exeggutor
|-damage|p1a: Exeggutor|268\/393 par
|
|turn|20
|
|switch|p2a: Starmie|Starmie|323\/323
|move|p1a: Exeggutor|Sleep Powder|p2a: Starmie|[miss]
|-miss|p1a: Exeggutor
|
|turn|21
|
|switch|p1a: Chansey|Chansey|703\/703 par
|move|p2a: Starmie|Blizzard|p1a: Chansey
|-damage|p1a: Chansey|614\/703 par
|
|turn|22
|
|switch|p2a: Snorlax|Snorlax|237\/523
|switch|p1a: Snorlax|Snorlax|97\/523
|
|turn|23
|
|move|p2a: Snorlax|Body Slam|p1a: Snorlax
|-damage|p1a: Snorlax|0 fnt
|faint|p1a: Snorlax
|
|switch|p1a: Tauros|Tauros|353\/353
|turn|24
|
|switch|p2a: Starmie|Starmie|323\/323
|move|p1a: Tauros|Body Slam|p2a: Starmie
|-damage|p2a: Starmie|217\/323
|
|turn|25
|
|switch|p1a: Chansey|Chansey|614\/703 par
|move|p2a: Starmie|Psychic|p1a: Chansey
|-damage|p1a: Chansey|517\/703 par
|
|turn|26
|
|switch|p2a: Exeggutor|Exeggutor|393\/393
|switch|p1a: Tauros|Tauros|353\/353
|
|turn|27
|
|switch|p1a: Exeggutor|Exeggutor|268\/393 par
|switch|p2a: Starmie|Starmie|217\/323
|
|turn|28
|
|switch|p2a: Snorlax|Snorlax|237\/523
|move|p1a: Exeggutor|Sleep Powder|p2a: Snorlax
|-status|p2a: Snorlax|slp
|
|turn|29
|
|switch|p2a: Starmie|Starmie|217\/323
|switch|p1a: Tauros|Tauros|353\/353
|
|turn|30
|
|switch|p1a: Chansey|Chansey|517\/703 par
|move|p2a: Starmie|Psychic|p1a: Chansey
|-damage|p1a: Chansey|415\/703 par
|
|turn|31
|
|switch|p2a: Alakazam|Alakazam|218\/313
|move|p1a: Chansey|Thunder Wave|p2a: Alakazam
|-status|p2a: Alakazam|par
|
|turn|32
|
|cant|p2a: Alakazam|par
|cant|p1a: Chansey|par
|
|turn|33
|
|move|p2a: Alakazam|Psychic|p1a: Chansey
|-damage|p1a: Chansey|285\/703 par
|-unboost|p1a: Chansey|spd|1
|-unboost|p1a: Chansey|spa|1
|cant|p1a: Chansey|par
|
|turn|34
|
|move|p2a: Alakazam|Psychic|p1a: Chansey
|-damage|p1a: Chansey|78\/703 par
|-unboost|p1a: Chansey|spd|1
|-unboost|p1a: Chansey|spa|1
|move|p1a: Chansey|Soft-Boiled|p1a: Chansey
|-heal|p1a: Chansey|429\/703 par
|
|turn|35
|
|switch|p1a: Exeggutor|Exeggutor|268\/393 par
|move|p2a: Alakazam|Psychic|p1a: Exeggutor
|-resisted|p1a: Exeggutor
|-damage|p1a: Exeggutor|208\/393 par
|-unboost|p1a: Exeggutor|spd|1
|-unboost|p1a: Exeggutor|spa|1
|
|turn|36
|L|Plead The 5th
|
|move|p2a: Alakazam|Reflect|p2a: Alakazam
|-start|p2a: Alakazam|Reflect
|move|p1a: Exeggutor|Explosion|p2a: Alakazam
|-damage|p2a: Alakazam|15\/313 par
|faint|p1a: Exeggutor
|
|switch|p1a: Tauros|Tauros|353\/353
|turn|37
|
|switch|p2a: Snorlax|Snorlax|237\/523 slp
|move|p1a: Tauros|Body Slam|p2a: Snorlax
|-damage|p2a: Snorlax|96\/523 slp
|
|turn|38
|
|move|p1a: Tauros|Body Slam|p2a: Snorlax
|-damage|p2a: Snorlax|0 fnt
|faint|p2a: Snorlax
|
|switch|p2a: Exeggutor|Exeggutor|393\/393
|turn|39
|
|switch|p1a: Chansey|Chansey|429\/703 par
|move|p2a: Exeggutor|Psychic|p1a: Chansey
|-damage|p1a: Chansey|318\/703 par
|
|turn|40
|
|switch|p2a: Alakazam|Alakazam|15\/313 par
|cant|p1a: Chansey|par
|
|turn|41
|
|switch|p1a: Tauros|Tauros|353\/353
|cant|p2a: Alakazam|par
|
|turn|42
|
|move|p1a: Tauros|Body Slam|p2a: Alakazam
|-damage|p2a: Alakazam|0 fnt
|faint|p2a: Alakazam
|L|River Martini
|
|switch|p2a: Exeggutor|Exeggutor|393\/393
|turn|43
|
|switch|p1a: Starmie|Starmie|211\/323
|move|p2a: Exeggutor|Sleep Powder|p1a: Starmie
|-status|p1a: Starmie|slp
|
|turn|44
|
|switch|p1a: Chansey|Chansey|318\/703 par
|switch|p2a: Tauros|Tauros|353\/353
|
|turn|45
|
|switch|p1a: Alakazam|Alakazam|313\/313
|move|p2a: Tauros|Hyper Beam|p1a: Alakazam
|-crit|p1a: Alakazam
|-damage|p1a: Alakazam|0 fnt
|faint|p1a: Alakazam
|c|★marcoasd|!
|c|★TheChaser|lol
|
|switch|p1a: Tauros|Tauros|353\/353
|turn|46
|
|move|p1a: Tauros|Body Slam|p2a: Tauros
|-damage|p2a: Tauros|252\/353
|move|p2a: Tauros|Body Slam|p1a: Tauros
|-damage|p1a: Tauros|248\/353
|
|turn|47
|J|Plead The 5th
|
|move|p1a: Tauros|Hyper Beam|p2a: Tauros
|-damage|p2a: Tauros|69\/353
|move|p2a: Tauros|Body Slam|p1a: Tauros
|-crit|p1a: Tauros
|-damage|p1a: Tauros|41\/353
|
|turn|48
|
|move|p2a: Tauros|Body Slam|p1a: Tauros
|-damage|p1a: Tauros|0 fnt
|faint|p1a: Tauros
|c|★TheChaser|gg i guess
|c|★marcoasd|yeah possible
|c|★TheChaser|wouldve been interesting w\/o crit
|
|switch|p1a: Chansey|Chansey|318\/703 par
|turn|49
|c|★marcoasd|y
|
|move|p2a: Tauros|Hyper Beam|p1a: Chansey
|-damage|p1a: Chansey|0 fnt
|faint|p1a: Chansey
|
|switch|p1a: Starmie|Starmie|211\/323 slp
|turn|50
|
|cant|p1a: Starmie|slp
|move|p2a: Tauros|Body Slam|p1a: Starmie
|-damage|p1a: Starmie|94\/323 slp
|
|turn|51
|
|cant|p1a: Starmie|slp
|move|p2a: Tauros|Body Slam|p1a: Starmie
|-damage|p1a: Starmie|0 fnt
|faint|p1a: Starmie
|
|win|marcoasd