|J|Lutra
|J|The_Chaser
|player|p1|Lutra|281
|player|p2|The_Chaser|1
|gametype|singles
|gen|1
|tier|[Gen 1] OU
|seed|
|rule|Sleep Clause Mod: Limit one foe put to sleep
|rule|Freeze Clause Mod: Limit one foe frozen
|rule|Species Clause: Limit one of each Pokémon
|rule|OHKO Clause: OHKO moves are banned
|rule|Evasion Moves Clause: Evasion moves are banned
|rule|HP Percentage Mod: HP is shown in percentages
|
|start
|switch|p1a: Jynx|Jynx|100\/100
|switch|p2a: Alakazam|Alakazam|100\/100
|turn|1
|J|Dice
|J|Bro Kappa
|J|Earthworm
|J|boudouche
|L|Bro Kappa
|choice||
|
|move|p2a: Alakazam|Seismic Toss|p1a: Jynx
|-damage|p1a: Jynx|70\/100
|move|p1a: Jynx|Lovely Kiss|p2a: Alakazam
|-status|p2a: Alakazam|slp
|
|turn|2
|J|Pleasure
|choice||
|
|switch|p2a: Chansey|Chansey|100\/100
|move|p1a: Jynx|Blizzard|p2a: Chansey
|-damage|p2a: Chansey|80\/100
|
|turn|3
|choice||
|
|switch|p1a: Chansey|Chansey|100\/100
|move|p2a: Chansey|Thunderbolt|p1a: Chansey
|-damage|p1a: Chansey|90\/100
|
|turn|4
|choice||
|
|switch|p2a: Alakazam|Alakazam|100\/100 slp
|move|p1a: Chansey|Ice Beam|p2a: Alakazam
|-damage|p2a: Alakazam|80\/100 slp
|
|turn|5
|J|GOD MARTH
|choice||
|
|switch|p1a: Snorlax|Snorlax|100\/100
|-curestatus|p2a: Alakazam|slp
|
|turn|6
|choice||
|
|switch|p2a: Exeggutor|Exeggutor|100\/100
|move|p1a: Snorlax|Body Slam|p2a: Exeggutor
|-damage|p2a: Exeggutor|71\/100
|
|turn|7
|choice||
|
|switch|p1a: Jynx|Jynx|70\/100
|move|p2a: Exeggutor|Sleep Powder|p1a: Jynx|[miss]
|-miss|p2a: Exeggutor
|
|turn|8
|choice||
|
|switch|p2a: Alakazam|Alakazam|80\/100
|move|p1a: Jynx|Blizzard|p2a: Alakazam
|-crit|p2a: Alakazam
|-damage|p2a: Alakazam|12\/100
|
|turn|9
|choice||
|
|move|p2a: Alakazam|Recover|p2a: Alakazam
|-heal|p2a: Alakazam|62\/100
|move|p1a: Jynx|Blizzard|p2a: Alakazam
|-crit|p2a: Alakazam
|-damage|p2a: Alakazam|0 fnt
|faint|p2a: Alakazam
|c|★The_Chaser|ok
|J|KratosMana
|choice||
|
|switch|p2a: Tauros|Tauros|100\/100
|turn|10
|choice||
|
|switch|p1a: Snorlax|Snorlax|100\/100
|move|p2a: Tauros|Body Slam|p1a: Snorlax
|-damage|p1a: Snorlax|74\/100
|
|turn|11
|choice||
|
|move|p2a: Tauros|Earthquake|p1a: Snorlax
|-damage|p1a: Snorlax|55\/100
|move|p1a: Snorlax|Body Slam|p2a: Tauros
|-damage|p2a: Tauros|69\/100
|
|turn|12
|choice||
|
|switch|p2a: Exeggutor|Exeggutor|71\/100
|move|p1a: Snorlax|Self-Destruct|p2a: Exeggutor
|-damage|p2a: Exeggutor|0 fnt
|faint|p2a: Exeggutor
|faint|p1a: Snorlax
|J|limpy dick
|choice||
|
|switch|p2a: Tauros|Tauros|69\/100
|switch|p1a: Exeggutor|Exeggutor|100\/100
|turn|13
|J|Mr.378
|J|february stars
|choice||
|
|move|p2a: Tauros|Blizzard|p1a: Exeggutor
|-supereffective|p1a: Exeggutor
|-damage|p1a: Exeggutor|65\/100
|move|p1a: Exeggutor|Psychic|p2a: Tauros
|-damage|p2a: Tauros|25\/100
|
|turn|14
|choice||
|
|move|p2a: Tauros|Blizzard|p1a: Exeggutor
|-supereffective|p1a: Exeggutor
|-damage|p1a: Exeggutor|31\/100
|move|p1a: Exeggutor|Psychic|p2a: Tauros
|-crit|p2a: Tauros
|-damage|p2a: Tauros|0 fnt
|faint|p2a: Tauros
|choice||
|
|switch|p2a: Snorlax|Snorlax|100\/100
|turn|15
|choice||
|
|move|p1a: Exeggutor|Explosion|p2a: Snorlax
|-crit|p2a: Snorlax
|-damage|p2a: Snorlax|0 fnt
|faint|p2a: Snorlax
|faint|p1a: Exeggutor
|c|★Lutra|:(
|c|★Lutra|sorry
|c|★The_Chaser|pkmn
|c|★The_Chaser|missing that sleep was massive
|c|★Lutra|yeah
|choice||
|
|switch|p1a: Jynx|Jynx|70\/100
|switch|p2a: Chansey|Chansey|80\/100
|turn|16
|choice||
|
|move|p1a: Jynx|Lovely Kiss|p2a: Chansey
|-status|p2a: Chansey|slp
|cant|p2a: Chansey|slp
|
|turn|17
|choice||
|
|switch|p2a: Slowbro|Slowbro|100\/100
|move|p1a: Jynx|Psychic|p2a: Slowbro
|-crit|p2a: Slowbro
|-resisted|p2a: Slowbro
|-damage|p2a: Slowbro|70\/100
|-unboost|p2a: Slowbro|spd|1
|-unboost|p2a: Slowbro|spa|1
|
|turn|18
|choice||
|
|switch|p1a: Lapras|Lapras|100\/100
|move|p2a: Slowbro|Thunder Wave|p1a: Lapras
|-status|p1a: Lapras|par
|
|turn|19
|choice||
|
|move|p2a: Slowbro|Amnesia|p2a: Slowbro
|-boost|p2a: Slowbro|spd|2
|-boost|p2a: Slowbro|spa|2
|cant|p1a: Lapras|par
|
|turn|20
|choice||
|
|move|p2a: Slowbro|Amnesia|p2a: Slowbro
|-boost|p2a: Slowbro|spd|2
|-boost|p2a: Slowbro|spa|2
|cant|p1a: Lapras|par
|
|turn|21
|choice||
|
|move|p2a: Slowbro|Amnesia|p2a: Slowbro
|-boost|p2a: Slowbro|spd|2
|-boost|p2a: Slowbro|spa|2
|move|p1a: Lapras|Thunderbolt|p2a: Slowbro
|-supereffective|p2a: Slowbro
|-damage|p2a: Slowbro|58\/100
|
|turn|22
|J|darrenmichuk
|choice||
|
|move|p2a: Slowbro|Amnesia|p2a: Slowbro
|-boost|p2a: Slowbro|spd|2
|-boost|p2a: Slowbro|spa|2
|move|p1a: Lapras|Thunderbolt|p2a: Slowbro
|-supereffective|p2a: Slowbro
|-damage|p2a: Slowbro|47\/100
|
|turn|23
|choice||
|
|move|p2a: Slowbro|Surf|p1a: Lapras
|-resisted|p1a: Lapras
|-damage|p1a: Lapras|57\/100 par
|cant|p1a: Lapras|par
|
|turn|24
|choice||
|
|move|p2a: Slowbro|Surf|p1a: Lapras
|-resisted|p1a: Lapras
|-damage|p1a: Lapras|13\/100 par
|cant|p1a: Lapras|par
|
|turn|25
|L|darrenmichuk
|choice||
|
|move|p2a: Slowbro|Rest|p2a: Slowbro
|-status|p2a: Slowbro|slp
|-heal|p2a: Slowbro|100\/100 slp|[silent]
|-status|p2a: Slowbro|slp|[from] move: Rest
|move|p1a: Lapras|Thunderbolt|p2a: Slowbro
|-supereffective|p2a: Slowbro
|-damage|p2a: Slowbro|89\/100 slp
|
|turn|26
|choice||
|
|cant|p2a: Slowbro|slp
|cant|p1a: Lapras|par
|
|turn|27
|choice||
|
|-curestatus|p2a: Slowbro|slp
|move|p1a: Lapras|Thunderbolt|p2a: Slowbro
|-supereffective|p2a: Slowbro
|-damage|p2a: Slowbro|76\/100
|
|turn|28
|choice||
|
|move|p2a: Slowbro|Surf|p1a: Lapras
|-resisted|p1a: Lapras
|-damage|p1a: Lapras|0 fnt
|faint|p1a: Lapras
|choice||
|
|switch|p1a: Chansey|Chansey|90\/100
|turn|29
|choice||
|
|move|p1a: Chansey|Thunder Wave|p2a: Slowbro
|-status|p2a: Slowbro|par
|move|p2a: Slowbro|Thunder Wave|p1a: Chansey
|-status|p1a: Chansey|par
|
|turn|30
|choice||
|
|move|p1a: Chansey|Thunderbolt|p2a: Slowbro
|-supereffective|p2a: Slowbro
|-damage|p2a: Slowbro|64\/100 par
|move|p2a: Slowbro|Surf|p1a: Chansey
|-damage|p1a: Chansey|35\/100 par
|
|turn|31
|choice||
|
|move|p1a: Chansey|Thunderbolt|p2a: Slowbro
|-supereffective|p2a: Slowbro
|-damage|p2a: Slowbro|52\/100 par
|move|p2a: Slowbro|Surf|p1a: Chansey
|-crit|p1a: Chansey
|-damage|p1a: Chansey|9\/100 par
|
|turn|32
|choice||
|
|cant|p1a: Chansey|par
|move|p2a: Slowbro|Rest|p2a: Slowbro
|-status|p2a: Slowbro|slp
|-heal|p2a: Slowbro|100\/100 slp|[silent]
|-status|p2a: Slowbro|slp|[from] move: Rest
|
|turn|33
|choice||
|
|move|p1a: Chansey|Thunderbolt|p2a: Slowbro
|-supereffective|p2a: Slowbro
|-damage|p2a: Slowbro|89\/100 slp
|cant|p2a: Slowbro|slp
|
|turn|34
|choice||
|
|cant|p1a: Chansey|par
|-curestatus|p2a: Slowbro|slp
|
|turn|35
|choice||
|
|move|p1a: Chansey|Thunderbolt|p2a: Slowbro
|-supereffective|p2a: Slowbro
|-damage|p2a: Slowbro|76\/100
|-status|p2a: Slowbro|par
|move|p2a: Slowbro|Surf|p1a: Chansey
|-damage|p1a: Chansey|0 fnt
|faint|p1a: Chansey
|choice||
|
|switch|p1a: Jynx|Jynx|70\/100
|turn|36
|J|Bro Kappa
|choice||
|
|move|p1a: Jynx|Psychic|p2a: Slowbro
|-resisted|p2a: Slowbro
|-damage|p2a: Slowbro|72\/100 par
|move|p2a: Slowbro|Rest|p2a: Slowbro
|-status|p2a: Slowbro|slp
|-heal|p2a: Slowbro|100\/100 slp|[silent]
|-status|p2a: Slowbro|slp|[from] move: Rest
|
|turn|37
|choice||
|
|switch|p1a: Tauros|Tauros|100\/100
|cant|p2a: Slowbro|slp
|
|turn|38
|choice||
|
|move|p1a: Tauros|Body Slam|p2a: Slowbro
|-crit|p2a: Slowbro
|-damage|p2a: Slowbro|54\/100 slp
|-curestatus|p2a: Slowbro|slp
|
|turn|39
|choice||
|
|move|p1a: Tauros|Body Slam|p2a: Slowbro
|-crit|p2a: Slowbro
|-damage|p2a: Slowbro|5\/100
|move|p2a: Slowbro|Surf|p1a: Tauros
|-damage|p1a: Tauros|0 fnt
|faint|p1a: Tauros
|choice||
|
|switch|p1a: Jynx|Jynx|70\/100
|turn|40
|choice||
|
|move|p1a: Jynx|Blizzard|p2a: Slowbro
|-resisted|p2a: Slowbro
|-damage|p2a: Slowbro|0 fnt
|faint|p2a: Slowbro
|c|★The_Chaser|gg i guess
|c|★The_Chaser|lol
|choice||
|
|switch|p2a: Chansey|Chansey|80\/100 slp
|turn|41
|c|★Lutra|gg lol I should have not switched in lapras straight away
|c|★The_Chaser|yeah
|c|★Lutra|but otherwise it's hard with bro
|c|★The_Chaser|yeah
|choice||
|
|move|p1a: Jynx|Psychic|p2a: Chansey
|-damage|p2a: Chansey|65\/100 slp
|-unboost|p2a: Chansey|spd|1
|-unboost|p2a: Chansey|spa|1
|cant|p2a: Chansey|slp
|
|turn|42
|choice||
|
|move|p1a: Jynx|Psychic|p2a: Chansey
|-damage|p2a: Chansey|45\/100 slp
|-curestatus|p2a: Chansey|slp
|
|turn|43
|choice||
|
|move|p1a: Jynx|Lovely Kiss|p2a: Chansey
|-status|p2a: Chansey|slp
|cant|p2a: Chansey|slp
|
|turn|44
|choice||
|
|move|p1a: Jynx|Psychic|p2a: Chansey
|-crit|p2a: Chansey
|-damage|p2a: Chansey|18\/100 slp
|cant|p2a: Chansey|slp
|
|turn|45
|choice||
|
|move|p1a: Jynx|Psychic|p2a: Chansey
|-damage|p2a: Chansey|0 fnt
|faint|p2a: Chansey
|
|win|Lutra