|inactive|Battle timer is ON: inactive players will automatically lose when time's up.
|J|Disaster Area
|J|pokeaim
|player|p1|Disaster Area|32
|player|p2|pokeaim|143
|gametype|singles
|gen|1
|tier|[Gen 1] Random Battle
|rule|Sleep Clause Mod: Limit one foe put to sleep
|rule|Freeze Clause Mod: Limit one foe frozen
|rule|HP Percentage Mod: HP is shown in percentages
|
|start
|switch|p1a: Victreebel|Victreebel, L85|310\/310
|switch|p2a: Arcanine|Arcanine, L85|327\/327
|turn|1
|c|★pokeaim|gl bud
|c|★Disaster Area|I accidentally sent
|J|Fakkesi
|c|★Disaster Area|a chal to aurious
|c|★Disaster Area|riop
|c|★pokeaim|lol
|c|★Disaster Area|*rip
|c|★Disaster Area|gl hf
|c|★Disaster Area|hope u got some good tunes on
|
|switch|p1a: Dragonair|Dragonair, L85|277\/277
|move|p2a: Arcanine|Body Slam|p1a: Dragonair
|-damage|p1a: Dragonair|200\/277
|-status|p1a: Dragonair|par
|
|turn|2
|c|★pokeaim|:D
|c|★Disaster Area|I got some gmcfosho on
|J|ApplepieFTW
|
|switch|p2a: Nidorino|Nidorino, L90|293\/293
|move|p1a: Dragonair|Agility|p1a: Dragonair
|-boost|p1a: Dragonair|spe|2
|
|turn|3
|J|Aurious
|J|pInkmoth
|J|septic soldier
|J|SparksBlade
|c|+ApplepieFTW|omg piex focus
|
|switch|p1a: Electabuzz|Electabuzz, L85|284\/284
|move|p2a: Nidorino|Double-Edge|p1a: Electabuzz
|-damage|p1a: Electabuzz|198\/284
|-damage|p2a: Nidorino|272\/293|[from] recoil|[of] p1a: Electabuzz
|
|turn|4
|c|+ApplepieFTW|on the randbats
|c|+ApplepieFTW|o_o
|c|★Disaster Area|damn bluffed
|c|★Disaster Area|predicted an ice move
|c|★pokeaim|haha well
|
|move|p1a: Electabuzz|Psychic|p2a: Nidorino
|-supereffective|p2a: Nidorino
|-damage|p2a: Nidorino|131\/293
|-unboost|p2a: Nidorino|spd|1
|-unboost|p2a: Nidorino|spa|1
|move|p2a: Nidorino|Body Slam|p1a: Electabuzz
|-damage|p1a: Electabuzz|123\/284
|
|turn|5
|L|septic soldier
|
|switch|p2a: Rhyhorn|Rhyhorn, L96|348\/348
|move|p1a: Electabuzz|Psychic|p2a: Rhyhorn
|-damage|p2a: Rhyhorn|260\/348
|
|turn|6
|J|Dilwar
|c|+Dilwar|GO PIEXC
|c|+Dilwar|piex
|c|+SparksBlade|piex gogogogogo
|J|DracoMaster Dab
|c|★Disaster Area|dang that rock
|c|+Dilwar|amg its aim
|c|+SparksBlade|rby aim!
|c|★Disaster Area|this is gonna be a challenge
|c|★Disaster Area|aite
|c|+Dilwar|aim name me after your pokemon
|c|★Disaster Area|also that pscyhic
|c|★Disaster Area|did zero
|c|+Dilwar|am a sub xD
|c|★pokeaim|:]
|c|★Disaster Area|this is not RBY UU :[
|
|switch|p1a: Victreebel|Victreebel, L85|310\/310
|move|p2a: Rhyhorn|Substitute|p2a: Rhyhorn
|-start|p2a: Rhyhorn|Substitute
|-damage|p2a: Rhyhorn|173\/348
|
|turn|7
|c|★pokeaim|haha
|
|move|p1a: Victreebel|Sleep Powder|p2a: Rhyhorn
|-status|p2a: Rhyhorn|slp
|cant|p2a: Rhyhorn|slp
|-curestatus|p2a: Rhyhorn|slp
|
|turn|8
|c|+SparksBlade|piex
|
|move|p1a: Victreebel|Sleep Powder|p2a: Rhyhorn
|-status|p2a: Rhyhorn|slp
|cant|p2a: Rhyhorn|slp
|
|turn|9
|c|+SparksBlade|we can read
|
|switch|p2a: Arcanine|Arcanine, L85|327\/327
|move|p1a: Victreebel|Body Slam|p2a: Arcanine
|-damage|p2a: Arcanine|255\/327
|
|turn|10
|c|+Dilwar|wtf
|c|+Dilwar|it goes thru sub
|c|★Disaster Area|yah RBY
|c|★pokeaim|y
|c|★pokeaim|lol
|
|move|p2a: Arcanine|Body Slam|p1a: Victreebel
|-damage|p1a: Victreebel|234\/310
|move|p1a: Victreebel|Body Slam|p2a: Arcanine
|-damage|p2a: Arcanine|187\/327
|-status|p2a: Arcanine|par
|
|turn|11
|
|move|p1a: Victreebel|Body Slam|p2a: Arcanine
|-damage|p2a: Arcanine|115\/327 par
|cant|p2a: Arcanine|par
|
|turn|12
|L|DracoMaster Dab
|
|move|p1a: Victreebel|Hyper Beam|p2a: Arcanine
|-damage|p2a: Arcanine|0 fnt
|faint|p2a: Arcanine
|c|★Disaster Area|hehe bwoi
|
|switch|p2a: Gyarados|Gyarados, L85|335\/335
|turn|13
|J|Thetwinmasters
|c|★pokeaim|dd! :D
|
|switch|p1a: Electrode|Electrode, L85|276\/276
|move|p2a: Gyarados|Blizzard|p1a: Electrode
|-damage|p1a: Electrode|184\/276
|
|turn|14
|c|+Dilwar|aim what are your though fucc in da pussiboi
|c|★Disaster Area|;]
|c|+Dilwar|or w\/e his name is
|
|move|p1a: Electrode|Thunderbolt|p2a: Gyarados
|-supereffective|p2a: Gyarados
|-damage|p2a: Gyarados|26\/335
|move|p2a: Gyarados|Surf|p1a: Electrode
|-damage|p1a: Electrode|78\/276
|
|turn|15
|c|+Dilwar|toughts
|c|+SparksBlade|that's 4x mfw
|
|switch|p1a: Dugtrio|Dugtrio, L85|233\/233
|switch|p2a: Raichu|Raichu, L85|276\/276
|
|turn|16
|c|★pokeaim|i say my thoughts all the time in vids lol
|c|+Dilwar|very true
|c|★Disaster Area|damn
|c|★Disaster Area|mang do I OHKO this
|c|★Disaster Area|u know
|c|★pokeaim|probably.
|c|★Disaster Area|this could be a sweep
|c|★Disaster Area|I'm gonna calc
|c|★Disaster Area|:>
|J|kingmidas
|c|+SparksBlade|calc the randbats
|
|switch|p1a: Victreebel|Victreebel, L85|234\/310
|move|p2a: Raichu|Surf|p1a: Victreebel
|-crit|p1a: Victreebel
|-resisted|p1a: Victreebel
|-damage|p1a: Victreebel|173\/310
|
|turn|17
|c|★Disaster Area|doesn't OHKO without a crit ;)
|
|move|p2a: Raichu|Thunder Wave|p1a: Victreebel
|-status|p1a: Victreebel|par
|move|p1a: Victreebel|Razor Leaf|p2a: Raichu
|-crit|p2a: Raichu
|-damage|p2a: Raichu|169\/276
|
|turn|18
|
|switch|p2a: Nidorino|Nidorino, L90|131\/293
|move|p1a: Victreebel|Razor Leaf|p2a: Nidorino
|-crit|p2a: Nidorino
|-resisted|p2a: Nidorino
|-damage|p2a: Nidorino|60\/293
|
|turn|19
|c|★Disaster Area|damn got played
|L|Fakkesi
|
|move|p2a: Nidorino|Double-Edge|p1a: Victreebel
|-damage|p1a: Victreebel|90\/310 par
|-damage|p2a: Nidorino|40\/293|[from] recoil|[of] p1a: Victreebel
|cant|p1a: Victreebel|par
|
|turn|20
|
|move|p2a: Nidorino|Double-Edge|p1a: Victreebel
|-crit|p1a: Victreebel
|-damage|p1a: Victreebel|0 fnt
|-damage|p2a: Nidorino|18\/293|[from] recoil|[of] p1a: Victreebel
|faint|p1a: Victreebel
|J|HyliaDogechu
|
|switch|p1a: Dugtrio|Dugtrio, L85|233\/233
|turn|21
|c|+SparksBlade|rude opp!!
|c|★Disaster Area|question is
|c|+SparksBlade|aim why you do this to fans ;-;
|c|★Disaster Area|grass type or no?
|
|move|p1a: Dugtrio|Slash|p2a: Nidorino
|-crit|p2a: Nidorino
|-damage|p2a: Nidorino|0 fnt
|faint|p2a: Nidorino
|
|switch|p2a: Mew|Mew, L74|300\/300
|turn|22
|c|★Disaster Area|:o
|J|Krauersaut
|c|+Dilwar|aim what do you think of chimpact
|c|+Dilwar|i think he is racist
|c|+Krauersaut|joey i had a nightmare
|
|switch|p1a: Beedrill|Beedrill, L85|284\/284
|move|p2a: Mew|Blizzard|p1a: Beedrill|[miss]
|-miss|p2a: Mew
|
|turn|23
|c|+Dilwar|hates black people and ignores his fans
|c|+Krauersaut|it was about me going to sleep
|c|+Krauersaut|and u waking me up
|c|+Krauersaut|over
|c|+Krauersaut|and over
|c|+Krauersaut|and over
|c|+Krauersaut|x_x
|
|switch|p2a: Rhyhorn|Rhyhorn, L96|173\/348 slp
|move|p1a: Beedrill|Swords Dance|p1a: Beedrill
|-boost|p1a: Beedrill|atk|2
|
|turn|24
|c|+SparksBlade|never got bee in randbats
|J|dat asian guy 23
|c|★Disaster Area|it sucks
|
|move|p1a: Beedrill|Swords Dance|p1a: Beedrill
|-boost|p1a: Beedrill|atk|2
|cant|p2a: Rhyhorn|slp
|
|turn|25
|
|move|p1a: Beedrill|Swords Dance|p1a: Beedrill
|-boost|p1a: Beedrill|atk|2
|cant|p2a: Rhyhorn|slp
|
|turn|26
|
|move|p1a: Beedrill|Agility|p1a: Beedrill
|-boost|p1a: Beedrill|spe|2
|cant|p2a: Rhyhorn|slp
|
|turn|27
|
|move|p1a: Beedrill|Twineedle|p2a: Rhyhorn
|-crit|p2a: Rhyhorn
|-damage|p2a: Rhyhorn|131\/348 slp
|-damage|p2a: Rhyhorn|89\/348 slp
|-hitcount|p2a: Rhyhorn|2
|cant|p2a: Rhyhorn|slp
|-curestatus|p2a: Rhyhorn|slp
|
|turn|28
|
|move|p1a: Beedrill|Hyper Beam|p2a: Rhyhorn
|-resisted|p2a: Rhyhorn
|-damage|p2a: Rhyhorn|0 fnt
|faint|p2a: Rhyhorn
|
|switch|p2a: Mew|Mew, L74|300\/300
|turn|29
|
|move|p1a: Beedrill|Twineedle|p2a: Mew
|-supereffective|p2a: Mew
|-damage|p2a: Mew|102\/300
|-damage|p2a: Mew|0 fnt
|-hitcount|p2a: Mew|2
|faint|p2a: Mew
|c|★pokeaim|gg.
|c|★Disaster Area|gg
|
|switch|p2a: Raichu|Raichu, L85|169\/276
|turn|30
|c|★Disaster Area|man is this
|c|★Disaster Area|a 5-0
|
|move|p1a: Beedrill|Twineedle|p2a: Raichu
|-crit|p2a: Raichu
|-damage|p2a: Raichu|111\/276
|-damage|p2a: Raichu|53\/276
|-hitcount|p2a: Raichu|2
|move|p2a: Raichu|Thunder Wave|p1a: Beedrill
|-status|p1a: Beedrill|par
|
|turn|31
|L|dat asian guy 23
|c|★Disaster Area|oh shit the crit
|
|move|p2a: Raichu|Thunder|p1a: Beedrill
|-damage|p1a: Beedrill|102\/284 par
|cant|p1a: Beedrill|par
|
|turn|32
|
|move|p2a: Raichu|Surf|p1a: Beedrill
|-damage|p1a: Beedrill|4\/284 par
|move|p1a: Beedrill|Twineedle|p2a: Raichu
|-damage|p2a: Raichu|0 fnt
|-hitcount|p2a: Raichu|1
|faint|p2a: Raichu
|c|+SparksBlade|the 5-0
|c|★Disaster Area|dw
|c|+ApplepieFTW|krau n dilwar
|
|switch|p2a: Gyarados|Gyarados, L85|26\/335
|turn|33
|c|★Disaster Area|duggy got me
|c|+ApplepieFTW|you are trolls
|c|★Disaster Area|:o
|c|+ApplepieFTW|.__.
|c|+Dilwar|no u r
|c|+SparksBlade|gj piex n_n
|J|DracoMaster Dab
|
|switch|p1a: Electabuzz|Electabuzz, L85|123\/284
|move|p2a: Gyarados|Body Slam|p1a: Electabuzz
|-damage|p1a: Electabuzz|35\/284
|-status|p1a: Electabuzz|par
|
|turn|34
|c|★Disaster Area|can I preservice 5-0 tho
|c|★Disaster Area|ok no
|
|move|p2a: Gyarados|Surf|p1a: Electabuzz
|-damage|p1a: Electabuzz|0 fnt
|faint|p1a: Electabuzz
|c|★pokeaim|,
|
|switch|p1a: Dugtrio|Dugtrio, L85|233\/233
|turn|35
|
|move|p1a: Dugtrio|Slash|p2a: Gyarados
|-crit|p2a: Gyarados
|-damage|p2a: Gyarados|0 fnt
|faint|p2a: Gyarados
|
|win|Disaster Area
|L|DracoMaster Dab
|c|+SparksBlade|gg aim :]
|c|★Disaster Area|gg friend
|c|+SparksBlade|gj pie
|L|kingmidas
|c|★pokeaim|gg
|c|★Disaster Area|that was some intense plays
|L|pokeaim
|player|p2
|L|SparksBlade
|c|★Disaster Area|ty for the match
|c|★Disaster Area|u have to post btw cos I'm banned on forums atm :x
|L|Disaster Area
|player|p1
|L|HyliaDogechu
|J|purple piplup
|L|Thetwinmasters
|c|+Dilwar|,
|L|ApplepieFTW
|L|Dilwar
|L|Aurious
|L|purple piplup
|J|She D the want
|J|Duncajuwon
|L|Duncajuwon
|L|pInkmoth
|J|Disaster Area
|L|Disaster Area
|J|ba$ed n bad