|J|KratosMana
|J|Dice
|player|p1|KratosMana|1
|player|p2|Dice|168
|gametype|singles
|gen|1
|tier|[Gen 1] OU
|seed|50,61320,7293,44444
|rule|Sleep Clause Mod: Limit one foe put to sleep
|rule|Freeze Clause Mod: Limit one foe frozen
|rule|Species Clause: Limit one of each Pokémon
|rule|OHKO Clause: OHKO moves are banned
|rule|Evasion Moves Clause: Evasion moves are banned
|rule|HP Percentage Mod: HP is shown in percentages
|
|start
|switch|p1a: Alakazam|Alakazam|313\/313
|switch|p2a: Alakazam|Alakazam|313\/313
|turn|1
|choice|switch 4|move 2
|
|switch|p1a: Exeggutor|Exeggutor|393\/393
|move|p2a: Alakazam|Thunder Wave|p1a: Exeggutor
|-status|p1a: Exeggutor|par
|
|turn|2
|choice|move 1|switch 6
|
|switch|p2a: Chansey|Chansey|703\/703
|move|p1a: Exeggutor|Sleep Powder|p2a: Chansey
|-status|p2a: Chansey|slp
|
|turn|3
|choice|switch 6|move 2
|
|switch|p1a: Snorlax|Snorlax|523\/523
|cant|p2a: Chansey|slp
|
|turn|4
|J|fapkingg
|choice|move 1|switch 3
|
|switch|p2a: Slowbro|Slowbro|393\/393
|move|p1a: Snorlax|Body Slam|p2a: Slowbro
|-damage|p2a: Slowbro|293\/393
|-status|p2a: Slowbro|par
|
|turn|5
|choice|switch 3|move 3
|
|switch|p1a: Chansey|Chansey|703\/703
|move|p2a: Slowbro|Surf|p1a: Chansey
|-damage|p1a: Chansey|609\/703
|
|turn|6
|choice|move 2|move 1
|
|move|p1a: Chansey|Thunder Wave|p2a: Slowbro
|-fail|p2a: Slowbro|par
|move|p2a: Slowbro|Thunder Wave|p1a: Chansey
|-status|p1a: Chansey|par
|
|turn|7
|choice|move 3|switch 3
|
|switch|p2a: Chansey|Chansey|703\/703 slp
|move|p1a: Chansey|Thunderbolt|p2a: Chansey
|-damage|p2a: Chansey|624\/703 slp
|
|turn|8
|choice|switch 3|switch 2
|
|switch|p2a: Rhydon|Rhydon|413\/413
|switch|p1a: Snorlax|Snorlax|523\/523
|
|turn|9
|choice|move 3|switch 3
|
|switch|p2a: Slowbro|Slowbro|293\/393 par
|move|p1a: Snorlax|Reflect|p1a: Snorlax
|-start|p1a: Snorlax|Reflect
|
|turn|10
|choice|switch 3|move 1
|
|switch|p1a: Chansey|Chansey|609\/703 par
|cant|p2a: Slowbro|par
|
|turn|11
|choice|switch 5|switch 5
|
|switch|p1a: Tauros|Tauros|353\/353
|switch|p2a: Snorlax|Snorlax|523\/523
|
|turn|12
|choice|switch 3|move 1
|
|switch|p1a: Snorlax|Snorlax|523\/523
|move|p2a: Snorlax|Body Slam|p1a: Snorlax
|-damage|p1a: Snorlax|375\/523
|
|turn|13
|choice|move 2|move 1
|
|move|p1a: Snorlax|Earthquake|p2a: Snorlax
|-damage|p2a: Snorlax|417\/523
|move|p2a: Snorlax|Body Slam|p1a: Snorlax
|-damage|p1a: Snorlax|231\/523
|
|turn|14
|choice|move 4|move 1
|
|move|p1a: Snorlax|Self-Destruct|p2a: Snorlax
|-damage|p2a: Snorlax|0 fnt
|faint|p2a: Snorlax
|faint|p1a: Snorlax
|J|choollio
|choice|switch 3|switch 6
|
|switch|p2a: Alakazam|Alakazam|313\/313
|switch|p1a: Tauros|Tauros|353\/353
|turn|15
|choice|switch 5|move 1
|
|switch|p1a: Chansey|Chansey|609\/703 par
|move|p2a: Alakazam|Psychic|p1a: Chansey
|-damage|p1a: Chansey|482\/703 par
|
|turn|16
|choice|move 2|move 1
|
|move|p2a: Alakazam|Psychic|p1a: Chansey
|-damage|p1a: Chansey|354\/703 par
|move|p1a: Chansey|Thunder Wave|p2a: Alakazam
|-status|p2a: Alakazam|par
|
|turn|17
|choice|move 1|switch 2
|
|switch|p2a: Chansey|Chansey|624\/703 slp
|cant|p1a: Chansey|par
|
|turn|18
|choice|switch 5|move 3
|
|switch|p1a: Tauros|Tauros|353\/353
|cant|p2a: Chansey|slp
|
|turn|19
|choice|move 1|switch 5
|
|switch|p2a: Slowbro|Slowbro|293\/393 par
|move|p1a: Tauros|Body Slam|p2a: Slowbro
|-crit|p2a: Slowbro
|-damage|p2a: Slowbro|117\/393 par
|
|turn|20
|choice|switch 6|switch 3
|
|switch|p1a: Exeggutor|Exeggutor|393\/393 par
|switch|p2a: Rhydon|Rhydon|413\/413
|
|turn|21
|J|Knuckstrike
|choice|move 2|switch 2
|
|switch|p2a: Alakazam|Alakazam|313\/313 par
|move|p1a: Exeggutor|Psychic|p2a: Alakazam
|-resisted|p2a: Alakazam
|-damage|p2a: Alakazam|266\/313 par
|-unboost|p2a: Alakazam|spd|1
|-unboost|p2a: Alakazam|spa|1
|
|turn|22
|choice|move 2|switch 3
|
|switch|p2a: Slowbro|Slowbro|117\/393 par
|move|p1a: Exeggutor|Psychic|p2a: Slowbro
|-resisted|p2a: Slowbro
|-damage|p2a: Slowbro|39\/393 par
|
|turn|23
|choice|move 2|move 4
|
|move|p1a: Exeggutor|Psychic|p2a: Slowbro
|-crit|p2a: Slowbro
|-resisted|p2a: Slowbro
|-damage|p2a: Slowbro|0 fnt
|faint|p2a: Slowbro
|choice||switch 5
|
|switch|p2a: Chansey|Chansey|624\/703 slp
|turn|24
|choice|switch 6|move 1
|
|switch|p1a: Tauros|Tauros|353\/353
|cant|p2a: Chansey|slp
|
|turn|25
|choice|move 3|move 3
|
|move|p1a: Tauros|Earthquake|p2a: Chansey
|-damage|p2a: Chansey|411\/703 slp
|-curestatus|p2a: Chansey|slp
|
|turn|26
|choice|move 2|switch 2
|
|switch|p2a: Rhydon|Rhydon|413\/413
|move|p1a: Tauros|Blizzard|p2a: Rhydon
|-crit|p2a: Rhydon
|-supereffective|p2a: Rhydon
|-damage|p2a: Rhydon|0 fnt
|faint|p2a: Rhydon
|choice||switch 4
|
|switch|p2a: Victreebel|Victreebel|363\/363
|turn|27
|choice|switch 6|move 1
|
|switch|p1a: Exeggutor|Exeggutor|393\/393 par
|move|p2a: Victreebel|Sleep Powder|p1a: Exeggutor
|-fail|p1a: Exeggutor
|
|turn|28
|choice|move 1|switch 2
|
|switch|p2a: Chansey|Chansey|411\/703
|move|p1a: Exeggutor|Sleep Powder|p2a: Chansey
|-status|p2a: Chansey|slp
|
|turn|29
|choice|move 2|move 2
|
|cant|p2a: Chansey|slp
|move|p1a: Exeggutor|Psychic|p2a: Chansey
|-damage|p2a: Chansey|295\/703 slp
|
|turn|30
|c|★Dice|gg
|choice|switch 6|move 2
|
|switch|p1a: Tauros|Tauros|353\/353
|cant|p2a: Chansey|slp
|
|turn|31
|c|★KratosMana|gg
|choice|move 4|move 3
|
|move|p1a: Tauros|Hyper Beam|p2a: Chansey
|-damage|p2a: Chansey|0 fnt
|faint|p2a: Chansey
|choice||switch 2
|
|switch|p2a: Victreebel|Victreebel|363\/363
|turn|32
|choice|move 1|move 1
|
|move|p1a: Tauros|Body Slam|p2a: Victreebel
|-damage|p2a: Victreebel|226\/363
|-status|p2a: Victreebel|par
|move|p2a: Victreebel|Sleep Powder|p1a: Tauros
|-status|p1a: Tauros|slp
|
|turn|33
|choice|switch 4|move 2
|
|switch|p1a: Alakazam|Alakazam|313\/313
|cant|p2a: Victreebel|par
|
|turn|34
|L|Knuckstrike
|choice|move 2|move 4
|
|move|p1a: Alakazam|Psychic|p2a: Victreebel
|-crit|p2a: Victreebel
|-supereffective|p2a: Victreebel
|-damage|p2a: Victreebel|0 fnt
|faint|p2a: Victreebel
|choice||switch 3
|
|switch|p2a: Alakazam|Alakazam|266\/313 par
|turn|35
|choice|switch 2|move 3
|
|switch|p1a: Raichu|Raichu|323\/323
|move|p2a: Alakazam|Seismic Toss|p1a: Raichu
|-damage|p1a: Raichu|223\/323
|
|turn|36
|choice|move 1|move 2
|
|move|p1a: Raichu|Thunderbolt|p2a: Alakazam
|-damage|p2a: Alakazam|177\/313 par
|move|p2a: Alakazam|Thunder Wave|p1a: Raichu
|-status|p1a: Raichu|par
|
|turn|37
|choice|move 3|move 4
|
|move|p2a: Alakazam|Recover|p2a: Alakazam
|-heal|p2a: Alakazam|313\/313 par
|move|p1a: Raichu|Hyper Beam|p2a: Alakazam
|-damage|p2a: Alakazam|137\/313 par
|
|turn|38
|-mustrecharge|p1a: Raichu
|J|GeeMick
|-mustrecharge|p1a: Raichu
|choice|move 1|move 4
|
|move|p2a: Alakazam|Recover|p2a: Alakazam
|-heal|p2a: Alakazam|293\/313 par
|cant|p1a: Raichu|recharge
|
|turn|39
|choice|switch 6|move 1
|
|switch|p1a: Exeggutor|Exeggutor|393\/393 par
|move|p2a: Alakazam|Psychic|p1a: Exeggutor
|-resisted|p1a: Exeggutor
|-damage|p1a: Exeggutor|338\/393 par
|-unboost|p1a: Exeggutor|spd|1
|-unboost|p1a: Exeggutor|spa|1
|
|turn|40
|choice|move 3|move 3
|
|move|p2a: Alakazam|Seismic Toss|p1a: Exeggutor
|-damage|p1a: Exeggutor|238\/393 par
|move|p1a: Exeggutor|Explosion|p2a: Alakazam
|-damage|p2a: Alakazam|0 fnt
|faint|p2a: Alakazam
|faint|p1a: Exeggutor
|
|win|KratosMana