|J|Alexander
|J|Vileman
|player|p1|Alexander|101
|player|p2|Vileman|165
|gametype|singles
|gen|1
|tier|[Gen 1] OU
|seed|6069,45377,63091,34861
|rule|Sleep Clause Mod: Limit one foe put to sleep
|rule|Freeze Clause Mod: Limit one foe frozen
|rule|Species Clause: Limit one of each Pokémon
|rule|OHKO Clause: OHKO moves are banned
|rule|Evasion Moves Clause: Evasion moves are banned
|rule|HP Percentage Mod: HP is shown in percentages
|
|start
|switch|p1a: Gengar|Gengar|323\/323
|switch|p2a: Funk|Alakazam|313\/313
|turn|1
|c|★Vileman|gl
|c|★Alexander|u2
|J|lt1 haxEd
|choice|switch 4|move 1
|
|switch|p1a: Exeggutor|Exeggutor|393\/393
|move|p2a: Funk|Psychic|p1a: Exeggutor
|-resisted|p1a: Exeggutor
|-damage|p1a: Exeggutor|337\/393
|-unboost|p1a: Exeggutor|spd|1
|-unboost|p1a: Exeggutor|spa|1
|
|turn|2
|choice|move 3|move 3
|
|move|p2a: Funk|Thunder Wave|p1a: Exeggutor
|-status|p1a: Exeggutor|par
|move|p1a: Exeggutor|Sleep Powder|p2a: Funk
|-status|p2a: Funk|slp
|
|turn|3
|J|not oak
|choice|move 1|move 1
|
|cant|p2a: Funk|slp
|cant|p1a: Exeggutor|par
|
|turn|4
|choice|switch 2|move 1
|
|switch|p1a: Tauros|Tauros|353\/353
|cant|p2a: Funk|slp
|
|turn|5
|choice|move 2|switch 2
|
|switch|p2a: Finch|Chansey|703\/703
|move|p1a: Tauros|Body Slam|p2a: Finch
|-damage|p2a: Finch|420\/703
|
|turn|6
|choice|move 4|move 4
|
|move|p1a: Tauros|Hyper Beam|p2a: Finch
|-crit|p2a: Finch
|-damage|p2a: Finch|0 fnt
|faint|p2a: Finch
|choice||switch 5
|
|switch|p2a: McM|Snorlax|523\/523
|turn|7
|choice|switch 3|move 1
|
|switch|p1a: Snorlax|Snorlax|523\/523
|move|p2a: McM|Earthquake|p1a: Snorlax
|-damage|p1a: Snorlax|410\/523
|
|turn|8
|choice|move 1|move 2
|
|move|p2a: McM|Body Slam|p1a: Snorlax
|-crit|p1a: Snorlax
|-damage|p1a: Snorlax|140\/523
|move|p1a: Snorlax|Body Slam|p2a: McM
|-damage|p2a: McM|385\/523
|
|turn|9
|choice|move 2|move 2
|
|move|p2a: McM|Body Slam|p1a: Snorlax
|-damage|p1a: Snorlax|0 fnt
|faint|p1a: Snorlax
|choice|switch 5|
|
|switch|p1a: Golem|Golem|363\/363
|turn|10
|choice|move 1|switch 6
|
|switch|p2a: Meta|Exeggutor|393\/393
|move|p1a: Golem|Earthquake|p2a: Meta
|-resisted|p2a: Meta
|-damage|p2a: Meta|325\/393
|
|turn|11
|choice|switch 2|move 1
|
|switch|p1a: Exeggutor|Exeggutor|337\/393 par
|move|p2a: Meta|Psychic|p1a: Exeggutor
|-resisted|p1a: Exeggutor
|-damage|p1a: Exeggutor|289\/393 par
|-unboost|p1a: Exeggutor|spd|1
|-unboost|p1a: Exeggutor|spa|1
|
|turn|12
|choice|move 2|move 1
|
|move|p2a: Meta|Psychic|p1a: Exeggutor
|-resisted|p1a: Exeggutor
|-damage|p1a: Exeggutor|206\/393 par
|move|p1a: Exeggutor|Stun Spore|p2a: Meta
|-status|p2a: Meta|par
|
|turn|13
|choice|move 1|move 1
|
|move|p2a: Meta|Psychic|p1a: Exeggutor
|-resisted|p1a: Exeggutor
|-damage|p1a: Exeggutor|130\/393 par
|cant|p1a: Exeggutor|par
|
|turn|14
|choice|move 4|move 1
|
|cant|p2a: Meta|par
|move|p1a: Exeggutor|Explosion|p2a: Meta
|-damage|p2a: Meta|14\/393 par
|faint|p1a: Exeggutor
|choice|switch 4|
|
|switch|p1a: Gengar|Gengar|323\/323
|turn|15
|choice|move 2|move 1
|
|move|p1a: Gengar|Night Shade|p2a: Meta
|-damage|p2a: Meta|0 fnt
|faint|p2a: Meta
|choice||switch 6
|
|switch|p2a: McM|Snorlax|385\/523
|turn|16
|J|nintenuendo
|choice|move 3|move 1
|
|move|p1a: Gengar|Thunderbolt|p2a: McM
|-damage|p2a: McM|267\/523
|move|p2a: McM|Earthquake|p1a: Gengar
|-supereffective|p1a: Gengar
|-damage|p1a: Gengar|81\/323
|
|turn|17
|choice|move 3|move 1
|
|move|p1a: Gengar|Thunderbolt|p2a: McM
|-crit|p2a: McM
|-damage|p2a: McM|22\/523
|move|p2a: McM|Earthquake|p1a: Gengar
|-supereffective|p1a: Gengar
|-damage|p1a: Gengar|0 fnt
|faint|p1a: Gengar
|choice|switch 3|
|
|switch|p1a: Tauros|Tauros|353\/353
|turn|18
|J|I love pochama
|choice|move 2|move 3
|
|move|p1a: Tauros|Body Slam|p2a: McM
|-damage|p2a: McM|0 fnt
|faint|p2a: McM
|choice||switch 3
|
|switch|p2a: Bugz|Starmie|323\/323
|turn|19
|choice|switch 2|move 1
|
|switch|p1a: Golem|Golem|363\/363
|move|p2a: Bugz|Blizzard|p1a: Golem|[miss]
|-miss|p2a: Bugz
|
|turn|20
|c|★Vileman|ballin
|choice|move 1|move 1
|
|move|p2a: Bugz|Blizzard|p1a: Golem
|-supereffective|p1a: Golem
|-damage|p1a: Golem|76\/363
|move|p1a: Golem|Earthquake|p2a: Bugz
|-damage|p2a: Bugz|180\/323
|
|turn|21
|choice|move 4|move 1
|
|move|p2a: Bugz|Blizzard|p1a: Golem
|-supereffective|p1a: Golem
|-damage|p1a: Golem|0 fnt
|faint|p1a: Golem
|choice|switch 6|
|
|switch|p1a: Starmie|Starmie|323\/323
|turn|22
|L|I love pochama
|choice|move 2|switch 2
|
|switch|p2a: Funk|Alakazam|313\/313 slp
|move|p1a: Starmie|Thunderbolt|p2a: Funk
|-damage|p2a: Funk|256\/313 slp
|
|turn|23
|choice|switch 2|move 3
|
|switch|p1a: Tauros|Tauros|353\/353
|cant|p2a: Funk|slp
|
|turn|24
|choice|move 2|switch 4
|
|switch|p2a: Boud|Tauros|353\/353
|move|p1a: Tauros|Body Slam|p2a: Boud
|-damage|p2a: Boud|257\/353
|
|turn|25
|choice|move 2|move 1
|
|move|p1a: Tauros|Body Slam|p2a: Boud
|-damage|p2a: Boud|157\/353
|move|p2a: Boud|Body Slam|p1a: Tauros
|-crit|p1a: Tauros
|-damage|p1a: Tauros|138\/353
|
|turn|26
|choice|switch 2|move 1
|
|switch|p1a: Starmie|Starmie|323\/323
|move|p2a: Boud|Body Slam|p1a: Starmie
|-damage|p1a: Starmie|207\/323
|
|turn|27
|J|MetalGro$$
|choice|move 2|switch 4
|
|switch|p2a: Funk|Alakazam|256\/313 slp
|move|p1a: Starmie|Thunderbolt|p2a: Funk
|-damage|p2a: Funk|196\/313 slp
|
|turn|28
|choice|move 2|move 1
|
|cant|p2a: Funk|slp
|move|p1a: Starmie|Thunderbolt|p2a: Funk
|-crit|p2a: Funk
|-damage|p2a: Funk|71\/313 slp
|
|turn|29
|choice|move 1|move 3
|
|-curestatus|p2a: Funk|slp
|move|p1a: Starmie|Blizzard|p2a: Funk
|-damage|p2a: Funk|0 fnt
|faint|p2a: Funk
|c|+MetalGro$$|NO FUNK
|c|★Vileman|o well
|choice||switch 2
|
|switch|p2a: Bugz|Starmie|180\/323
|turn|30
|choice|move 3|move 4
|
|move|p1a: Starmie|Thunder Wave|p2a: Bugz
|-status|p2a: Bugz|par
|move|p2a: Bugz|Thunder Wave|p1a: Starmie
|-status|p1a: Starmie|par
|
|turn|31
|choice|move 2|move 2
|
|move|p1a: Starmie|Thunderbolt|p2a: Bugz
|-supereffective|p2a: Bugz
|-damage|p2a: Bugz|25\/323 par
|move|p2a: Bugz|Recover|p2a: Bugz
|-heal|p2a: Bugz|186\/323 par
|
|turn|32
|c|+MetalGro$$|this is pretty much
|choice|move 2|move 3
|
|move|p1a: Starmie|Thunderbolt|p2a: Bugz
|-crit|p2a: Bugz
|-supereffective|p2a: Bugz
|-damage|p2a: Bugz|0 fnt
|faint|p2a: Bugz
|c|+MetalGro$$|a mirror match
|c|★Vileman|ballin
|choice||switch 4
|
|switch|p2a: Boud|Tauros|157\/353
|turn|33
|choice|move 3|move 1
|
|move|p2a: Boud|Body Slam|p1a: Starmie
|-crit|p1a: Starmie
|-damage|p1a: Starmie|7\/323 par
|move|p1a: Starmie|Thunder Wave|p2a: Boud
|-status|p2a: Boud|par
|
|turn|34
|choice|move 2|move 1
|
|move|p1a: Starmie|Thunderbolt|p2a: Boud
|-damage|p2a: Boud|62\/353 par
|move|p2a: Boud|Body Slam|p1a: Starmie
|-damage|p1a: Starmie|0 fnt
|faint|p1a: Starmie
|choice|switch 2|
|
|switch|p1a: Tauros|Tauros|138\/353
|turn|35
|c|★Vileman|255?
|choice|move 2|move 2
|
|move|p1a: Tauros|Body Slam|p2a: Boud
|-damage|p2a: Boud|0 fnt
|faint|p2a: Boud
|
|win|Alexander