|J|Dice
|J|Nails
|player|p1|Dice|168
|player|p2|Nails|170
|gametype|singles
|gen|1
|tier|[Gen 1] OU
|seed|28379,49387,17785,9489
|rule|Sleep Clause Mod: Limit one foe put to sleep
|rule|Freeze Clause Mod: Limit one foe frozen
|rule|Species Clause: Limit one of each Pokémon
|rule|OHKO Clause: OHKO moves are banned
|rule|Evasion Moves Clause: Evasion moves are banned
|rule|HP Percentage Mod: HP is shown in percentages
|
|start
|switch|p1a: Alakazam|Alakazam|313\/313
|switch|p2a: Alakazam|Alakazam|313\/313
|turn|1
|J|double01
|choice|move 4|move 4
|
|move|p1a: Alakazam|Seismic Toss|p2a: Alakazam
|-damage|p2a: Alakazam|213\/313
|move|p2a: Alakazam|Seismic Toss|p1a: Alakazam
|-damage|p1a: Alakazam|213\/313
|
|turn|2
|choice|move 2|move 4
|
|move|p2a: Alakazam|Seismic Toss|p1a: Alakazam
|-damage|p1a: Alakazam|113\/313
|move|p1a: Alakazam|Thunder Wave|p2a: Alakazam
|-status|p2a: Alakazam|par
|
|turn|3
|choice|move 3|switch 4
|
|switch|p2a: Exeggutor|Exeggutor|393\/393
|move|p1a: Alakazam|Recover|p1a: Alakazam
|-heal|p1a: Alakazam|269\/313
|
|turn|4
|choice|move 2|move 1
|
|move|p1a: Alakazam|Thunder Wave|p2a: Exeggutor
|-status|p2a: Exeggutor|par
|move|p2a: Exeggutor|Sleep Powder|p1a: Alakazam
|-status|p1a: Alakazam|slp
|
|turn|5
|choice|switch 5|move 3
|
|switch|p1a: Exeggutor|Exeggutor|393\/393
|move|p2a: Exeggutor|Psychic|p1a: Exeggutor
|-resisted|p1a: Exeggutor
|-damage|p1a: Exeggutor|339\/393
|
|turn|6
|choice|move 1|move 2
|
|move|p1a: Exeggutor|Psychic|p2a: Exeggutor
|-resisted|p2a: Exeggutor
|-damage|p2a: Exeggutor|345\/393 par
|-unboost|p2a: Exeggutor|spd|1
|-unboost|p2a: Exeggutor|spa|1
|move|p2a: Exeggutor|Stun Spore|p1a: Exeggutor|[miss]
|-miss|p2a: Exeggutor
|
|turn|7
|choice|move 1|switch 4
|
|switch|p2a: Alakazam|Alakazam|213\/313 par
|move|p1a: Exeggutor|Psychic|p2a: Alakazam
|-resisted|p2a: Alakazam
|-damage|p2a: Alakazam|167\/313 par
|
|turn|8
|choice|switch 3|move 2
|
|switch|p1a: Snorlax|Snorlax|523\/523
|move|p2a: Alakazam|Recover|p2a: Alakazam
|-heal|p2a: Alakazam|313\/313 par
|
|turn|9
|choice|move 2|switch 6
|
|switch|p2a: Chansey|Chansey|703\/703
|move|p1a: Snorlax|Amnesia|p1a: Snorlax
|-boost|p1a: Snorlax|spd|2
|-boost|p1a: Snorlax|spa|2
|
|turn|10
|choice|move 2|move 4
|
|move|p2a: Chansey|Reflect|p2a: Chansey
|-start|p2a: Chansey|Reflect
|move|p1a: Snorlax|Amnesia|p1a: Snorlax
|-boost|p1a: Snorlax|spd|2
|-boost|p1a: Snorlax|spa|2
|
|turn|11
|choice|move 2|move 2
|
|move|p2a: Chansey|Ice Beam|p1a: Snorlax
|-damage|p1a: Snorlax|491\/523
|move|p1a: Snorlax|Amnesia|p1a: Snorlax
|-boost|p1a: Snorlax|spd|2
|-boost|p1a: Snorlax|spa|2
|
|turn|12
|choice|move 4|move 2
|
|move|p2a: Chansey|Ice Beam|p1a: Snorlax
|-damage|p1a: Snorlax|465\/523
|move|p1a: Snorlax|Ice Beam|p2a: Chansey
|-damage|p2a: Chansey|479\/703
|
|turn|13
|choice|move 4|move 2
|
|move|p2a: Chansey|Ice Beam|p1a: Snorlax
|-damage|p1a: Snorlax|441\/523
|move|p1a: Snorlax|Ice Beam|p2a: Chansey
|-damage|p2a: Chansey|257\/703
|
|turn|14
|choice|move 4|move 2
|
|move|p2a: Chansey|Ice Beam|p1a: Snorlax
|-damage|p1a: Snorlax|414\/523
|move|p1a: Snorlax|Ice Beam|p2a: Chansey
|-damage|p2a: Chansey|52\/703
|
|turn|15
|choice|move 4|move 3
|
|move|p2a: Chansey|Soft-Boiled|p2a: Chansey
|-heal|p2a: Chansey|403\/703
|move|p1a: Snorlax|Ice Beam|p2a: Chansey
|-damage|p2a: Chansey|191\/703
|
|turn|16
|choice|move 4|move 3
|
|move|p2a: Chansey|Soft-Boiled|p2a: Chansey
|-heal|p2a: Chansey|542\/703
|move|p1a: Snorlax|Ice Beam|p2a: Chansey
|-damage|p2a: Chansey|326\/703
|
|turn|17
|choice|move 4|move 2
|
|move|p2a: Chansey|Ice Beam|p1a: Snorlax
|-damage|p1a: Snorlax|389\/523
|move|p1a: Snorlax|Ice Beam|p2a: Chansey
|-crit|p2a: Chansey
|-damage|p2a: Chansey|225\/703
|
|turn|18
|choice|move 4|move 2
|
|move|p2a: Chansey|Ice Beam|p1a: Snorlax
|-damage|p1a: Snorlax|362\/523
|move|p1a: Snorlax|Ice Beam|p2a: Chansey
|-damage|p2a: Chansey|0 fnt
|faint|p2a: Chansey
|c|+double01|o.o
|c|★Nails|oh that's the roll
|choice||switch 2
|
|switch|p2a: Snorlax|Snorlax|523\/523
|turn|19
|choice|move 4|move 1
|
|move|p1a: Snorlax|Ice Beam|p2a: Snorlax
|-damage|p2a: Snorlax|209\/523
|move|p2a: Snorlax|Body Slam|p1a: Snorlax
|-damage|p1a: Snorlax|227\/523
|
|turn|20
|choice|move 4|move 2
|
|move|p2a: Snorlax|Hyper Beam|p1a: Snorlax
|-damage|p1a: Snorlax|0 fnt
|faint|p1a: Snorlax
|choice|switch 4|
|
|switch|p1a: Tauros|Tauros|353\/353
|turn|21
|choice|move 1|switch 4
|
|switch|p2a: Exeggutor|Exeggutor|345\/393 par
|move|p1a: Tauros|Body Slam|p2a: Exeggutor
|-crit|p2a: Exeggutor
|-damage|p2a: Exeggutor|117\/393 par
|
|turn|22
|choice|move 4|move 2
|
|move|p1a: Tauros|Hyper Beam|p2a: Exeggutor
|-damage|p2a: Exeggutor|0 fnt
|faint|p2a: Exeggutor
|choice||switch 3
|
|switch|p2a: Tauros|Tauros|353\/353
|turn|23
|J|Smackah1
|choice|move 1|move 1
|
|move|p2a: Tauros|Body Slam|p1a: Tauros
|-damage|p1a: Tauros|243\/353
|move|p1a: Tauros|Body Slam|p2a: Tauros
|-damage|p2a: Tauros|258\/353
|
|turn|24
|choice|move 1|move 1
|
|move|p1a: Tauros|Body Slam|p2a: Tauros
|-crit|p2a: Tauros
|-damage|p2a: Tauros|58\/353
|move|p2a: Tauros|Body Slam|p1a: Tauros
|-damage|p1a: Tauros|133\/353
|
|turn|25
|choice|switch 2|move 4
|
|switch|p1a: Cloyster|Cloyster|303\/303
|move|p2a: Tauros|Hyper Beam|p1a: Cloyster|[miss]
|-miss|p2a: Tauros
|
|turn|26
|choice|move 1|switch 6
|
|switch|p2a: Alakazam|Alakazam|313\/313 par
|move|p1a: Cloyster|Blizzard|p2a: Alakazam
|-damage|p2a: Alakazam|205\/313 par
|
|turn|27
|choice|move 4|move 2
|
|move|p1a: Cloyster|Clamp|p2a: Alakazam
|-damage|p2a: Alakazam|175\/313 par
|-activate|p2a: Alakazam|move: Clamp|[of] p1a: Cloyster
|cant|p2a: Alakazam|partiallytrapped
|
|turn|28
|choice|move 4|switch 5
|
|switch|p2a: Dragonite|Dragonite|385\/385
|move|p1a: Cloyster|Clamp|p2a: Dragonite|[miss]
|-miss|p1a: Cloyster
|
|turn|29
|choice|move 1|move 3
|
|move|p2a: Dragonite|Wrap|p1a: Cloyster
|-crit|p1a: Cloyster
|-damage|p1a: Cloyster|283\/303
|-activate|p1a: Cloyster|move: Wrap|[of] p2a: Dragonite
|cant|p1a: Cloyster|partiallytrapped
|
|turn|30
|choice|move 1|move 3
|
|move|p2a: Dragonite|Wrap|p1a: Cloyster
|-damage|p1a: Cloyster|263\/303
|cant|p1a: Cloyster|partiallytrapped
|
|-end|p1a: Cloyster|Wrap|[partiallytrapped]
|turn|31
|choice|move 1|move 3
|
|move|p2a: Dragonite|Wrap|p1a: Cloyster
|-crit|p1a: Cloyster
|-damage|p1a: Cloyster|245\/303
|-activate|p1a: Cloyster|move: Wrap|[of] p2a: Dragonite
|cant|p1a: Cloyster|partiallytrapped
|
|turn|32
|choice|move 1|move 3
|
|move|p2a: Dragonite|Wrap|p1a: Cloyster
|-damage|p1a: Cloyster|227\/303
|cant|p1a: Cloyster|partiallytrapped
|
|-end|p1a: Cloyster|Wrap|[partiallytrapped]
|turn|33
|choice|move 1|move 3
|
|move|p2a: Dragonite|Wrap|p1a: Cloyster
|-damage|p1a: Cloyster|217\/303
|-activate|p1a: Cloyster|move: Wrap|[of] p2a: Dragonite
|cant|p1a: Cloyster|partiallytrapped
|
|turn|34
|choice|move 1|move 3
|
|move|p2a: Dragonite|Wrap|p1a: Cloyster
|-damage|p1a: Cloyster|207\/303
|cant|p1a: Cloyster|partiallytrapped
|
|turn|35
|choice|move 1|move 3
|
|move|p2a: Dragonite|Wrap|p1a: Cloyster
|-damage|p1a: Cloyster|197\/303
|cant|p1a: Cloyster|partiallytrapped
|
|-end|p1a: Cloyster|Wrap|[partiallytrapped]
|turn|36
|choice|move 1|move 3
|
|move|p2a: Dragonite|Wrap|p1a: Cloyster|[miss]
|-miss|p2a: Dragonite
|move|p1a: Cloyster|Blizzard|p2a: Dragonite
|-supereffective|p2a: Dragonite
|-damage|p2a: Dragonite|0 fnt
|faint|p2a: Dragonite
|choice||switch 4
|
|switch|p2a: Snorlax|Snorlax|209\/523
|turn|37
|choice|move 4|move 1
|
|move|p1a: Cloyster|Clamp|p2a: Snorlax
|-damage|p2a: Snorlax|159\/523
|-activate|p2a: Snorlax|move: Clamp|[of] p1a: Cloyster
|cant|p2a: Snorlax|partiallytrapped
|
|turn|38
|choice|move 4|move 1
|
|move|p1a: Cloyster|Clamp|p2a: Snorlax
|-damage|p2a: Snorlax|109\/523
|cant|p2a: Snorlax|partiallytrapped
|
|turn|39
|c|★Nails|g_g
|-message|Nails forfeited.
|
|win|Dice