|J|charrol
|J|Lutra
|player|p1|charrol|60
|player|p2|Lutra|281
|gametype|singles
|gen|1
|tier|[Gen 1] OU
|seed|
|rule|Sleep Clause Mod: Limit one foe put to sleep
|rule|Freeze Clause Mod: Limit one foe frozen
|rule|Species Clause: Limit one of each Pokémon
|rule|OHKO Clause: OHKO moves are banned
|rule|Evasion Moves Clause: Evasion moves are banned
|rule|HP Percentage Mod: HP is shown in percentages
|
|start
|switch|p1a: Jynx|Jynx|100\/100
|switch|p2a: Gengar|Gengar, M|100\/100
|turn|1
|c|★charrol|gl
|choice||
|
|move|p2a: Gengar|Hypnosis|p1a: Jynx
|-status|p1a: Jynx|slp
|cant|p1a: Jynx|slp
|
|turn|2
|c|★Lutra|u2
|choice||
|
|switch|p1a: Exeggutor|Exeggutor, M|100\/100
|move|p2a: Gengar|Thunderbolt|p1a: Exeggutor
|-resisted|p1a: Exeggutor
|-damage|p1a: Exeggutor|91\/100
|-status|p1a: Exeggutor|par
|
|turn|3
|choice||
|
|move|p2a: Gengar|Night Shade|p1a: Exeggutor
|-damage|p1a: Exeggutor|65\/100 par
|move|p1a: Exeggutor|Sleep Powder|p2a: Gengar
|-status|p2a: Gengar|slp
|
|turn|4
|choice||
|
|switch|p2a: Exeggutor|Exeggutor, M|100\/100
|move|p1a: Exeggutor|Stun Spore|p2a: Exeggutor
|-status|p2a: Exeggutor|par
|
|turn|5
|choice||
|
|switch|p1a: Jynx|Jynx|100\/100 slp
|cant|p2a: Exeggutor|par
|
|turn|6
|choice||
|
|switch|p1a: Chansey|Chansey|100\/100
|switch|p2a: Snorlax|Snorlax, M|100\/100
|
|turn|7
|J|Triangles RSE
|choice||
|
|switch|p2a: Chansey|Chansey|100\/100
|move|p1a: Chansey|Thunder Wave|p2a: Chansey
|-status|p2a: Chansey|par
|
|turn|8
|choice||
|
|switch|p1a: Jynx|Jynx|100\/100 slp
|move|p2a: Chansey|Ice Beam|p1a: Jynx
|-resisted|p1a: Jynx
|-damage|p1a: Jynx|89\/100 slp
|
|turn|9
|choice||
|
|switch|p2a: Snorlax|Snorlax, M|100\/100
|cant|p1a: Jynx|slp
|
|turn|10
|J|Orchard of Mines
|choice||
|
|switch|p1a: Chansey|Chansey|100\/100
|move|p2a: Snorlax|Body Slam|p1a: Chansey
|-damage|p1a: Chansey|60\/100
|
|turn|11
|choice||
|
|switch|p2a: Chansey|Chansey|100\/100 par
|move|p1a: Chansey|Soft-Boiled|p1a: Chansey
|-heal|p1a: Chansey|100\/100
|
|turn|12
|choice||
|
|move|p1a: Chansey|Seismic Toss|p2a: Chansey
|-damage|p2a: Chansey|86\/100 par
|move|p2a: Chansey|Thunderbolt|p1a: Chansey
|-damage|p1a: Chansey|90\/100
|
|turn|13
|choice||
|
|switch|p1a: Jynx|Jynx|89\/100 slp
|move|p2a: Chansey|Ice Beam|p1a: Jynx
|-resisted|p1a: Jynx
|-damage|p1a: Jynx|77\/100 slp
|
|turn|14
|choice||
|
|switch|p2a: Tauros|Tauros|100\/100
|-curestatus|p1a: Jynx|slp
|
|turn|15
|choice||
|
|switch|p2a: Chansey|Chansey|86\/100 par
|move|p1a: Jynx|Blizzard|p2a: Chansey
|-damage|p2a: Chansey|66\/100 par
|
|turn|16
|choice||
|
|move|p1a: Jynx|Psychic|p2a: Chansey
|-damage|p2a: Chansey|53\/100 par
|move|p2a: Chansey|Soft-Boiled|p2a: Chansey
|-heal|p2a: Chansey|100\/100 par
|
|turn|17
|choice||
|
|switch|p1a: Chansey|Chansey|90\/100
|move|p2a: Chansey|Ice Beam|p1a: Chansey
|-damage|p1a: Chansey|79\/100
|
|turn|18
|choice||
|
|switch|p1a: Jynx|Jynx|77\/100
|move|p2a: Chansey|Ice Beam|p1a: Jynx
|-resisted|p1a: Jynx
|-damage|p1a: Jynx|66\/100
|
|turn|19
|choice||
|
|switch|p1a: Chansey|Chansey|79\/100
|move|p2a: Chansey|Thunderbolt|p1a: Chansey
|-damage|p1a: Chansey|69\/100
|
|turn|20
|choice||
|
|move|p1a: Chansey|Soft-Boiled|p1a: Chansey
|-heal|p1a: Chansey|100\/100
|cant|p2a: Chansey|par
|
|turn|21
|choice||
|
|switch|p1a: Snorlax|Snorlax, M|100\/100
|cant|p2a: Chansey|par
|
|turn|22
|choice||
|
|move|p1a: Snorlax|Body Slam|p2a: Chansey
|-damage|p2a: Chansey|58\/100 par
|move|p2a: Chansey|Thunder Wave|p1a: Snorlax
|-status|p1a: Snorlax|par
|
|turn|23
|choice||
|
|switch|p2a: Gengar|Gengar, M|100\/100 slp
|move|p1a: Snorlax|Body Slam|p2a: Gengar
|-immune|p2a: Gengar|[msg]
|
|turn|24
|choice||
|
|switch|p2a: Exeggutor|Exeggutor, M|100\/100 par
|cant|p1a: Snorlax|par
|
|turn|25
|choice||
|
|switch|p2a: Chansey|Chansey|58\/100 par
|switch|p1a: Jynx|Jynx|66\/100
|
|turn|26
|choice||
|
|move|p1a: Jynx|Psychic|p2a: Chansey
|-crit|p2a: Chansey
|-damage|p2a: Chansey|29\/100 par
|-unboost|p2a: Chansey|spd|1
|-unboost|p2a: Chansey|spa|1
|move|p2a: Chansey|Soft-Boiled|p2a: Chansey
|-heal|p2a: Chansey|79\/100 par
|
|turn|27
|choice||
|
|move|p1a: Jynx|Psychic|p2a: Chansey
|-damage|p2a: Chansey|58\/100 par
|cant|p2a: Chansey|par
|
|turn|28
|choice||
|
|switch|p1a: Snorlax|Snorlax, M|100\/100 par
|move|p2a: Chansey|Soft-Boiled|p2a: Chansey
|-heal|p2a: Chansey|100\/100 par
|
|turn|29
|choice||
|
|switch|p2a: Snorlax|Snorlax, M|100\/100
|cant|p1a: Snorlax|par
|
|turn|30
|choice||
|
|move|p2a: Snorlax|Body Slam|p1a: Snorlax
|-damage|p1a: Snorlax|74\/100 par
|cant|p1a: Snorlax|par
|
|turn|31
|choice||
|
|move|p2a: Snorlax|Body Slam|p1a: Snorlax
|-damage|p1a: Snorlax|50\/100 par
|move|p1a: Snorlax|Body Slam|p2a: Snorlax
|-damage|p2a: Snorlax|74\/100
|
|turn|32
|choice||
|
|move|p2a: Snorlax|Body Slam|p1a: Snorlax
|-damage|p1a: Snorlax|24\/100 par
|move|p1a: Snorlax|Self-Destruct|p2a: Snorlax
|-damage|p2a: Snorlax|0 fnt
|faint|p2a: Snorlax
|faint|p1a: Snorlax
|choice||
|
|switch|p2a: Tauros|Tauros|100\/100
|switch|p1a: Tauros|Tauros|100\/100
|turn|33
|choice||
|
|move|p2a: Tauros|Body Slam|p1a: Tauros
|-damage|p1a: Tauros|70\/100
|move|p1a: Tauros|Body Slam|p2a: Tauros
|-damage|p2a: Tauros|69\/100
|
|turn|34
|choice||
|
|move|p1a: Tauros|Body Slam|p2a: Tauros
|-damage|p2a: Tauros|39\/100
|move|p2a: Tauros|Body Slam|p1a: Tauros
|-crit|p1a: Tauros
|-damage|p1a: Tauros|10\/100
|
|turn|35
|choice||
|
|switch|p2a: Golem|Golem, M|100\/100
|move|p1a: Tauros|Hyper Beam|p2a: Golem
|-resisted|p2a: Golem
|-damage|p2a: Golem|79\/100
|
|turn|36
|-mustrecharge|p1a: Tauros
|-mustrecharge|p1a: Tauros
|choice||
|
|cant|p1a: Tauros|recharge
|move|p2a: Golem|Earthquake|p1a: Tauros
|-damage|p1a: Tauros|0 fnt
|faint|p1a: Tauros
|choice||
|
|switch|p1a: Cloyster|Cloyster, M|100\/100
|turn|37
|choice||
|
|switch|p2a: Gengar|Gengar, M|100\/100 slp
|move|p1a: Cloyster|Blizzard|p2a: Gengar
|-damage|p2a: Gengar|70\/100 slp
|
|turn|38
|choice||
|
|switch|p2a: Chansey|Chansey|100\/100 par
|switch|p1a: Jynx|Jynx|66\/100
|
|turn|39
|choice||
|
|move|p1a: Jynx|Psychic|p2a: Chansey
|-damage|p2a: Chansey|87\/100 par
|move|p2a: Chansey|Thunderbolt|p1a: Jynx
|-damage|p1a: Jynx|41\/100
|
|turn|40
|choice||
|
|move|p1a: Jynx|Psychic|p2a: Chansey
|-damage|p2a: Chansey|74\/100 par
|move|p2a: Chansey|Thunder Wave|p1a: Jynx
|-status|p1a: Jynx|par
|
|turn|41
|choice||
|
|cant|p1a: Jynx|par
|move|p2a: Chansey|Soft-Boiled|p2a: Chansey
|-heal|p2a: Chansey|100\/100 par
|
|turn|42
|choice||
|
|move|p1a: Jynx|Rest|p1a: Jynx
|-status|p1a: Jynx|slp
|-heal|p1a: Jynx|100\/100 slp|[silent]
|-status|p1a: Jynx|slp|[from] move: Rest
|cant|p2a: Chansey|par
|
|turn|43
|choice||
|
|switch|p1a: Exeggutor|Exeggutor, M|65\/100 par
|switch|p2a: Golem|Golem, M|79\/100
|
|turn|44
|choice||
|
|switch|p2a: Exeggutor|Exeggutor, M|100\/100 par
|cant|p1a: Exeggutor|par
|
|turn|45
|choice||
|
|move|p2a: Exeggutor|Psychic|p1a: Exeggutor
|-resisted|p1a: Exeggutor
|-damage|p1a: Exeggutor|53\/100 par
|move|p1a: Exeggutor|Psychic|p2a: Exeggutor
|-resisted|p2a: Exeggutor
|-damage|p2a: Exeggutor|88\/100 par
|
|turn|46
|choice||
|
|cant|p1a: Exeggutor|par
|move|p2a: Exeggutor|Psychic|p1a: Exeggutor
|-resisted|p1a: Exeggutor
|-damage|p1a: Exeggutor|39\/100 par
|-unboost|p1a: Exeggutor|spd|1
|-unboost|p1a: Exeggutor|spa|1
|
|turn|47
|choice||
|
|cant|p2a: Exeggutor|par
|move|p1a: Exeggutor|Psychic|p2a: Exeggutor
|-resisted|p2a: Exeggutor
|-damage|p2a: Exeggutor|80\/100 par
|
|turn|48
|choice||
|
|switch|p1a: Chansey|Chansey|100\/100
|cant|p2a: Exeggutor|par
|
|turn|49
|choice||
|
|switch|p1a: Exeggutor|Exeggutor, M|39\/100 par
|move|p2a: Exeggutor|Sleep Powder|p1a: Exeggutor
|-fail|p1a: Exeggutor
|
|turn|50
|J|Alexander
|choice||
|
|cant|p1a: Exeggutor|par
|move|p2a: Exeggutor|Psychic|p1a: Exeggutor
|-resisted|p1a: Exeggutor
|-damage|p1a: Exeggutor|26\/100 par
|
|turn|51
|choice||
|
|move|p1a: Exeggutor|Psychic|p2a: Exeggutor
|-resisted|p2a: Exeggutor
|-damage|p2a: Exeggutor|67\/100 par
|-unboost|p2a: Exeggutor|spd|1
|-unboost|p2a: Exeggutor|spa|1
|move|p2a: Exeggutor|Hyper Beam|p1a: Exeggutor
|-damage|p1a: Exeggutor|0 fnt
|faint|p1a: Exeggutor
|choice||
|
|switch|p1a: Cloyster|Cloyster, M|100\/100
|turn|52
|choice||
|
|switch|p2a: Chansey|Chansey|100\/100 par
|move|p1a: Cloyster|Blizzard|p2a: Chansey
|-damage|p2a: Chansey|83\/100 par
|
|turn|53
|choice||
|
|move|p1a: Cloyster|Clamp|p2a: Chansey
|-damage|p2a: Chansey|78\/100 par
|cant|p2a: Chansey|partiallytrapped
|
|turn|54
|choice||
|
|switch|p2a: Gengar|Gengar, M|70\/100 slp
|move|p1a: Cloyster|Clamp|p2a: Gengar
|-damage|p2a: Gengar|60\/100 slp
|
|turn|55
|choice||
|
|cant|p2a: Gengar|slp
|move|p1a: Cloyster|Clamp|p2a: Gengar|[from]Clamp
|-damage|p2a: Gengar|49\/100 slp
|
|turn|56
|choice||
|
|cant|p2a: Gengar|slp
|move|p1a: Cloyster|Clamp|p2a: Gengar
|-crit|p2a: Gengar
|-damage|p2a: Gengar|31\/100 slp
|
|turn|57
|choice||
|
|switch|p2a: Chansey|Chansey|78\/100 par
|move|p1a: Cloyster|Clamp|p2a: Chansey|[miss]
|-miss|p1a: Cloyster
|
|turn|58
|choice||
|
|move|p1a: Cloyster|Clamp|p2a: Chansey|[miss]
|-miss|p1a: Cloyster
|move|p2a: Chansey|Thunder Wave|p1a: Cloyster
|-status|p1a: Cloyster|par
|
|turn|59
|choice||
|
|switch|p2a: Gengar|Gengar, M|31\/100 slp
|move|p1a: Cloyster|Explosion|p2a: Gengar
|-immune|p2a: Gengar|[msg]
|faint|p1a: Cloyster
|c|★charrol|gg
|choice||
|
|switch|p1a: Jynx|Jynx|100\/100 slp
|turn|60
|c|★Lutra|gg
|choice||
|
|switch|p2a: Tauros|Tauros|39\/100
|cant|p1a: Jynx|slp
|
|turn|61
|choice||
|
|move|p2a: Tauros|Body Slam|p1a: Jynx
|-damage|p1a: Jynx|45\/100 slp
|-curestatus|p1a: Jynx|slp
|
|turn|62
|choice||
|
|move|p2a: Tauros|Body Slam|p1a: Jynx
|-damage|p1a: Jynx|0 fnt
|faint|p1a: Jynx
|choice||
|
|switch|p1a: Chansey|Chansey|100\/100
|turn|63
|choice||
|
|switch|p2a: Chansey|Chansey|78\/100 par
|move|p1a: Chansey|Reflect|p1a: Chansey
|-start|p1a: Chansey|Reflect
|
|turn|64
|-message|charrol forfeited.
|
|win|Lutra