|J|Beds
|J|fleggumfl
|player|p1|Beds|252
|player|p2|fleggumfl|217
|gametype|singles
|gen|1
|tier|[Gen 1] OU
|seed|12751,4123,23374,37874
|rule|Sleep Clause Mod: Limit one foe put to sleep
|rule|Freeze Clause Mod: Limit one foe frozen
|rule|Species Clause: Limit one of each Pokémon
|rule|OHKO Clause: OHKO moves are banned
|rule|Evasion Moves Clause: Evasion moves are banned
|rule|HP Percentage Mod: HP is shown in percentages
|
|start
|switch|p1a: Starmie|Starmie|323\/323
|switch|p2a: Starmie|Starmie|323\/323
|turn|1
|choice|switch 4|move 3
|
|switch|p1a: Chansey|Chansey|703\/703
|move|p2a: Starmie|Thunder Wave|p1a: Chansey
|-status|p1a: Chansey|par
|
|turn|2
|choice|move 1|switch 5
|
|switch|p2a: Chansey|Chansey|703\/703
|move|p1a: Chansey|Ice Beam|p2a: Chansey
|-damage|p2a: Chansey|625\/703
|
|turn|3
|choice|move 1|switch 6
|
|switch|p2a: Alakazam|Alakazam|313\/313
|cant|p1a: Chansey|par
|
|turn|4
|choice|move 1|move 1
|
|move|p2a: Alakazam|Psychic|p1a: Chansey
|-damage|p1a: Chansey|569\/703 par
|cant|p1a: Chansey|par
|
|turn|5
|choice|switch 2|move 1
|
|switch|p1a: Exeggutor|Exeggutor|393\/393
|move|p2a: Alakazam|Psychic|p1a: Exeggutor
|-resisted|p1a: Exeggutor
|-damage|p1a: Exeggutor|336\/393
|-unboost|p1a: Exeggutor|spd|1
|-unboost|p1a: Exeggutor|spa|1
|
|turn|6
|choice|move 1|move 2
|
|move|p2a: Alakazam|Thunder Wave|p1a: Exeggutor
|-status|p1a: Exeggutor|par
|move|p1a: Exeggutor|Sleep Powder|p2a: Alakazam|[miss]
|-miss|p1a: Exeggutor
|
|turn|7
|choice|move 1|move 1
|
|move|p2a: Alakazam|Psychic|p1a: Exeggutor
|-resisted|p1a: Exeggutor
|-damage|p1a: Exeggutor|252\/393 par
|move|p1a: Exeggutor|Sleep Powder|p2a: Alakazam|[miss]
|-miss|p1a: Exeggutor
|
|turn|8
|choice|move 1|move 1
|
|move|p2a: Alakazam|Psychic|p1a: Exeggutor
|-resisted|p1a: Exeggutor
|-damage|p1a: Exeggutor|169\/393 par
|move|p1a: Exeggutor|Sleep Powder|p2a: Alakazam|[miss]
|-miss|p1a: Exeggutor
|
|turn|9
|J|CasedVictory
|choice|move 1|move 3
|
|move|p2a: Alakazam|Reflect|p2a: Alakazam
|-start|p2a: Alakazam|Reflect
|move|p1a: Exeggutor|Sleep Powder|p2a: Alakazam
|-status|p2a: Alakazam|slp
|
|turn|10
|L|CasedVictory
|choice|switch 4|move 1
|
|switch|p1a: Starmie|Starmie|323\/323
|-curestatus|p2a: Alakazam|slp
|
|turn|11
|c|★Beds|you gotta be shitting me
|choice|switch 4|move 2
|
|switch|p1a: Exeggutor|Exeggutor|169\/393 par
|move|p2a: Alakazam|Thunder Wave|p1a: Exeggutor
|-fail|p1a: Exeggutor|par
|
|turn|12
|choice|move 1|move 1
|
|move|p2a: Alakazam|Psychic|p1a: Exeggutor
|-resisted|p1a: Exeggutor
|-damage|p1a: Exeggutor|113\/393 par
|-unboost|p1a: Exeggutor|spd|1
|-unboost|p1a: Exeggutor|spa|1
|move|p1a: Exeggutor|Sleep Powder|p2a: Alakazam
|-status|p2a: Alakazam|slp
|
|turn|13
|choice|switch 3|move 1
|
|switch|p1a: Tauros|Tauros|353\/353
|cant|p2a: Alakazam|slp
|
|turn|14
|choice|move 1|move 1
|
|cant|p2a: Alakazam|slp
|move|p1a: Tauros|Body Slam|p2a: Alakazam
|-crit|p2a: Alakazam
|-damage|p2a: Alakazam|0 fnt
|faint|p2a: Alakazam
|choice||switch 5
|
|switch|p2a: Starmie|Starmie|323\/323
|turn|15
|choice|switch 2|move 1
|
|switch|p1a: Chansey|Chansey|569\/703 par
|move|p2a: Starmie|Blizzard|p1a: Chansey|[miss]
|-miss|p2a: Starmie
|
|turn|16
|choice|move 1|switch 2
|
|switch|p2a: Snorlax|Snorlax|523\/523
|move|p1a: Chansey|Ice Beam|p2a: Snorlax
|-damage|p2a: Snorlax|422\/523
|
|turn|17
|choice|switch 5|move 3
|
|switch|p1a: Slowbro|Slowbro|393\/393
|move|p2a: Snorlax|Earthquake|p1a: Slowbro
|-damage|p1a: Slowbro|317\/393
|
|turn|18
|choice|move 1|switch 4
|
|switch|p2a: Exeggutor|Exeggutor|393\/393
|move|p1a: Slowbro|Thunder Wave|p2a: Exeggutor
|-status|p2a: Exeggutor|par
|
|turn|19
|choice|switch 3|move 2
|
|switch|p1a: Exeggutor|Exeggutor|113\/393 par
|move|p2a: Exeggutor|Sleep Powder|p1a: Exeggutor
|-fail|p1a: Exeggutor
|
|turn|20
|choice|move 3|move 4
|
|cant|p1a: Exeggutor|par
|cant|p2a: Exeggutor|par
|
|turn|21
|choice|move 3|move 4
|
|cant|p1a: Exeggutor|par
|move|p2a: Exeggutor|Hyper Beam|p1a: Exeggutor|[miss]
|-miss|p2a: Exeggutor
|
|turn|22
|choice|move 3|move 4
|
|cant|p2a: Exeggutor|par
|move|p1a: Exeggutor|Explosion|p2a: Exeggutor
|-damage|p2a: Exeggutor|106\/393 par
|faint|p1a: Exeggutor
|choice|switch 2|
|
|switch|p1a: Tauros|Tauros|353\/353
|turn|23
|choice|move 3|move 3
|
|move|p1a: Tauros|Blizzard|p2a: Exeggutor
|-supereffective|p2a: Exeggutor
|-damage|p2a: Exeggutor|0 fnt
|faint|p2a: Exeggutor
|choice||switch 3
|
|switch|p2a: Tauros|Tauros|353\/353
|turn|24
|choice|move 1|move 2
|
|move|p2a: Tauros|Body Slam|p1a: Tauros
|-damage|p1a: Tauros|252\/353
|move|p1a: Tauros|Body Slam|p2a: Tauros
|-damage|p2a: Tauros|246\/353
|
|turn|25
|choice|move 1|move 2
|
|move|p1a: Tauros|Body Slam|p2a: Tauros
|-damage|p2a: Tauros|149\/353
|move|p2a: Tauros|Body Slam|p1a: Tauros
|-damage|p1a: Tauros|156\/353
|
|turn|26
|choice|switch 6|move 2
|
|switch|p1a: Rhydon|Rhydon|413\/413
|move|p2a: Tauros|Body Slam|p1a: Rhydon
|-resisted|p1a: Rhydon
|-damage|p1a: Rhydon|368\/413
|
|turn|27
|choice|move 1|move 1
|
|move|p2a: Tauros|Blizzard|p1a: Rhydon
|-supereffective|p1a: Rhydon
|-damage|p1a: Rhydon|134\/413
|move|p1a: Rhydon|Earthquake|p2a: Tauros
|-crit|p2a: Tauros
|-damage|p2a: Tauros|0 fnt
|faint|p2a: Tauros
|choice||switch 2
|
|switch|p2a: Starmie|Starmie|323\/323
|turn|28
|choice|switch 5|move 2
|
|switch|p1a: Chansey|Chansey|569\/703 par
|move|p2a: Starmie|Psychic|p1a: Chansey
|-crit|p1a: Chansey
|-damage|p1a: Chansey|378\/703 par
|
|turn|29
|choice|move 4|switch 4
|
|switch|p2a: Snorlax|Snorlax|422\/523
|move|p1a: Chansey|Soft-Boiled|p1a: Chansey
|-heal|p1a: Chansey|703\/703 par
|
|turn|30
|choice|switch 5|move 1
|
|switch|p1a: Rhydon|Rhydon|134\/413
|move|p2a: Snorlax|Body Slam|p1a: Rhydon
|-resisted|p1a: Rhydon
|-damage|p1a: Rhydon|88\/413
|
|turn|31
|choice|move 4|move 3
|
|move|p1a: Rhydon|Body Slam|p2a: Snorlax
|-damage|p2a: Snorlax|324\/523
|move|p2a: Snorlax|Earthquake|p1a: Rhydon
|-supereffective|p1a: Rhydon
|-damage|p1a: Rhydon|0 fnt
|faint|p1a: Rhydon
|choice|switch 3|
|
|switch|p1a: Slowbro|Slowbro|317\/393
|turn|32
|choice|move 1|move 1
|
|move|p2a: Snorlax|Body Slam|p1a: Slowbro
|-damage|p1a: Slowbro|224\/393
|move|p1a: Slowbro|Thunder Wave|p2a: Snorlax
|-status|p2a: Snorlax|par
|
|turn|33
|choice|switch 6|move 1
|
|switch|p1a: Tauros|Tauros|156\/353
|move|p2a: Snorlax|Body Slam|p1a: Tauros
|-damage|p1a: Tauros|48\/353
|
|turn|34
|choice|move 1|move 1
|
|move|p1a: Tauros|Body Slam|p2a: Snorlax
|-damage|p2a: Snorlax|183\/523 par
|cant|p2a: Snorlax|par
|
|turn|35
|choice|move 4|move 1
|
|move|p1a: Tauros|Hyper Beam|p2a: Snorlax
|-damage|p2a: Snorlax|0 fnt
|faint|p2a: Snorlax
|choice||switch 4
|
|switch|p2a: Starmie|Starmie|323\/323
|turn|36
|choice|switch 5|move 2
|
|switch|p1a: Chansey|Chansey|703\/703 par
|move|p2a: Starmie|Psychic|p1a: Chansey
|-crit|p1a: Chansey
|-damage|p1a: Chansey|511\/703 par
|-unboost|p1a: Chansey|spd|1
|-unboost|p1a: Chansey|spa|1
|
|turn|37
|choice|move 4|move 2
|
|move|p2a: Starmie|Psychic|p1a: Chansey
|-crit|p1a: Chansey
|-damage|p1a: Chansey|312\/703 par
|move|p1a: Chansey|Soft-Boiled|p1a: Chansey
|-heal|p1a: Chansey|663\/703 par
|
|turn|38
|choice|move 2|move 2
|
|move|p2a: Starmie|Psychic|p1a: Chansey
|-damage|p1a: Chansey|504\/703 par
|move|p1a: Chansey|Thunder Wave|p2a: Starmie
|-status|p2a: Starmie|par
|
|turn|39
|choice|move 4|move 2
|
|move|p2a: Starmie|Psychic|p1a: Chansey
|-damage|p1a: Chansey|357\/703 par
|cant|p1a: Chansey|par
|
|turn|40
|choice|switch 6|move 2
|
|switch|p1a: Slowbro|Slowbro|224\/393
|move|p2a: Starmie|Psychic|p1a: Slowbro
|-resisted|p1a: Slowbro
|-damage|p1a: Slowbro|165\/393
|-unboost|p1a: Slowbro|spd|1
|-unboost|p1a: Slowbro|spa|1
|
|turn|41
|choice|switch 6|move 1
|
|switch|p1a: Chansey|Chansey|357\/703 par
|move|p2a: Starmie|Blizzard|p1a: Chansey
|-damage|p1a: Chansey|268\/703 par
|
|turn|42
|choice|move 4|move 2
|
|move|p2a: Starmie|Psychic|p1a: Chansey
|-damage|p1a: Chansey|169\/703 par
|-unboost|p1a: Chansey|spd|1
|-unboost|p1a: Chansey|spa|1
|move|p1a: Chansey|Soft-Boiled|p1a: Chansey
|-heal|p1a: Chansey|520\/703 par
|
|turn|43
|choice|move 4|move 2
|
|move|p2a: Starmie|Psychic|p1a: Chansey
|-damage|p1a: Chansey|366\/703 par
|move|p1a: Chansey|Soft-Boiled|p1a: Chansey
|-heal|p1a: Chansey|703\/703 par
|
|turn|44
|choice|switch 6|move 2
|
|switch|p1a: Slowbro|Slowbro|165\/393
|move|p2a: Starmie|Psychic|p1a: Slowbro
|-resisted|p1a: Slowbro
|-damage|p1a: Slowbro|100\/393
|-unboost|p1a: Slowbro|spd|1
|-unboost|p1a: Slowbro|spa|1
|
|turn|45
|choice|move 2|move 3
|
|move|p1a: Slowbro|Amnesia|p1a: Slowbro
|-boost|p1a: Slowbro|spd|2
|-boost|p1a: Slowbro|spa|2
|move|p2a: Starmie|Thunder Wave|p1a: Slowbro
|-status|p1a: Slowbro|par
|
|turn|46
|choice|move 4|switch 6
|
|switch|p2a: Chansey|Chansey|625\/703
|move|p1a: Slowbro|Rest|p1a: Slowbro
|-status|p1a: Slowbro|slp
|-heal|p1a: Slowbro|393\/393 slp|[silent]
|-status|p1a: Slowbro|slp|[from] move: Rest
|
|turn|47
|choice|switch 6|move 4
|
|switch|p1a: Chansey|Chansey|703\/703 par
|move|p2a: Chansey|Thunderbolt|p1a: Chansey
|-damage|p1a: Chansey|631\/703 par
|
|turn|48
|choice|move 1|switch 6
|
|switch|p2a: Starmie|Starmie|323\/323 par
|move|p1a: Chansey|Ice Beam|p2a: Starmie
|-resisted|p2a: Starmie
|-damage|p2a: Starmie|287\/323 par
|
|turn|49
|choice|move 3|move 2
|
|move|p2a: Starmie|Psychic|p1a: Chansey
|-damage|p1a: Chansey|537\/703 par
|move|p1a: Chansey|Thunderbolt|p2a: Starmie
|-supereffective|p2a: Starmie
|-damage|p2a: Starmie|127\/323 par
|
|turn|50
|choice|move 3|move 4
|
|cant|p2a: Starmie|par
|move|p1a: Chansey|Thunderbolt|p2a: Starmie
|-supereffective|p2a: Starmie
|-damage|p2a: Starmie|0 fnt
|faint|p2a: Starmie
|-message|fleggumfl forfeited.
|
|win|Beds