|inactive|Battle timer is ON: inactive players will automatically lose when time's up.
|J|Agammemnon
|J|Lutra
|player|p1|Agammemnon|220
|player|p2|Lutra|281
|gametype|singles
|gen|1
|tier|[Gen 1] OU
|seed|59854,62854,25574,5216
|rule|Sleep Clause Mod: Limit one foe put to sleep
|rule|Freeze Clause Mod: Limit one foe frozen
|rule|Species Clause: Limit one of each Pokémon
|rule|OHKO Clause: OHKO moves are banned
|rule|Evasion Moves Clause: Evasion moves are banned
|rule|HP Percentage Mod: HP is shown in percentages
|
|start
|switch|p1a: Jynx|Jynx|333\/333
|switch|p2a: Alakazam|Alakazam|313\/313
|turn|1
|J|KratosMana
|J|King Tsunami
|J|LJDarkrai
|J|Hootie
|J|TDK
|J|Soulgazer
|J|zoroarkforever
|J|Isa
|J|ReshiRampage
|J|Disenchanted
|J|rozes
|J|Gadhzj
|raw|<div class="broadcast-red"><b>Moderated chat was set to %!<\/b><br \/>Only users of rank % and higher can talk.<\/div>
|J|Demerging
|J|tamahome
|J|Confide
|J|reeeeeeeeeweeeee
|J|Lord Mur
|J|blunderr
|J|Biosci
|choice|move 2|move 4
|
|move|p2a: Alakazam|Thunder Wave|p1a: Jynx
|-status|p1a: Jynx|par
|move|p1a: Jynx|Lovely Kiss|p2a: Alakazam
|-status|p2a: Alakazam|slp
|
|turn|2
|J|Vinc2612
|J|Nintendi
|J|Mundzuk
|J|Esteemed User
|J|24km
|J|giara
|J|Merco Benz
|J|njnp
|J|la coca nostra
|J|Hyssou
|J|H-C
|J|Generous
|J|Cicada
|J|Spl4sh
|J|Shrewdg
|J|MoxieInfinite
|J|Atoni
|choice|move 3|move 3
|
|-curestatus|p2a: Alakazam|slp
|move|p1a: Jynx|Blizzard|p2a: Alakazam
|-damage|p2a: Alakazam|202\/313
|
|turn|3
|J|KyleCole
|J|00S
|J|didi33
|J|Genesis7
|choice|move 2|move 3
|
|move|p2a: Alakazam|Seismic Toss|p1a: Jynx
|-damage|p1a: Jynx|233\/333 par
|cant|p1a: Jynx|par
|
|turn|4
|J|CrashinBoomBang
|J|CrazyLevy
|L|didi33
|J|drake meme
|J|Laxuy
|L|Shrewdg
|L|Laxuy
|J|Double01
|J|Kit10
|J|Truedrew
|J|Aftokrator
|L|Aftokrator
|J|weshbien
|J|GOAO
|J|LavaboStylos
|choice|move 2|move 3
|
|move|p2a: Alakazam|Seismic Toss|p1a: Jynx
|-damage|p1a: Jynx|133\/333 par
|cant|p1a: Jynx|par
|
|turn|5
|J|Player 1A
|J|AriiStella'♥
|J|Shubaki
|J|Ojama
|J|fapkingg
|J|ReeeeLL
|L|Player 1A
|J|Nunno
|choice|switch 3|move 1
|
|switch|p1a: Chansey|Chansey|703\/703
|move|p2a: Alakazam|Psychic|p1a: Chansey
|-damage|p1a: Chansey|577\/703
|-unboost|p1a: Chansey|spd|1
|-unboost|p1a: Chansey|spa|1
|
|turn|6
|J|Kabal BR
|J|FLCL
|J|Starmaster
|J|bassem
|J|Skwee Skwee
|L|Atoni
|J|Siloban
|J|Purrl
|J|Tesung
|choice|move 1|switch 4
|
|switch|p2a: Exeggutor|Exeggutor|393\/393
|move|p1a: Chansey|Thunder Wave|p2a: Exeggutor
|-status|p2a: Exeggutor|par
|
|turn|7
|J|zedpi
|J|majaspic22
|J|jvl101993
|choice|move 2|move 2
|
|move|p1a: Chansey|Ice Beam|p2a: Exeggutor
|-supereffective|p2a: Exeggutor
|-damage|p2a: Exeggutor|306\/393 par
|move|p2a: Exeggutor|Hyper Beam|p1a: Chansey
|-damage|p1a: Chansey|251\/703
|
|turn|8
|-mustrecharge|p2a: Exeggutor
|J|LombreOnDaTrack
|L|LombreOnDaTrack
|-mustrecharge|p2a: Exeggutor
|choice|move 4|move 1
|
|move|p1a: Chansey|Soft-Boiled|p1a: Chansey
|-heal|p1a: Chansey|602\/703
|cant|p2a: Exeggutor|recharge
|
|turn|9
|J|Evil
|choice|switch 3|switch 4
|
|switch|p1a: Jynx|Jynx|133\/333 par
|switch|p2a: Alakazam|Alakazam|202\/313
|
|turn|10
|J|mariveau80
|L|CrazyLevy
|choice|switch 3|move 1
|
|switch|p1a: Chansey|Chansey|602\/703
|move|p2a: Alakazam|Psychic|p1a: Chansey
|-damage|p1a: Chansey|473\/703
|
|turn|11
|L|Starmaster
|choice|move 2|move 2
|
|move|p2a: Alakazam|Recover|p2a: Alakazam
|-heal|p2a: Alakazam|313\/313
|move|p1a: Chansey|Ice Beam|p2a: Alakazam
|-damage|p2a: Alakazam|250\/313
|
|turn|12
|choice|move 4|move 4
|
|move|p2a: Alakazam|Thunder Wave|p1a: Chansey
|-status|p1a: Chansey|par
|cant|p1a: Chansey|par
|
|turn|13
|choice|move 1|move 1
|
|move|p2a: Alakazam|Psychic|p1a: Chansey
|-damage|p1a: Chansey|336\/703 par
|cant|p1a: Chansey|par
|
|turn|14
|choice|move 4|move 1
|
|move|p2a: Alakazam|Psychic|p1a: Chansey
|-damage|p1a: Chansey|205\/703 par
|-unboost|p1a: Chansey|spd|1
|-unboost|p1a: Chansey|spa|1
|move|p1a: Chansey|Soft-Boiled|p1a: Chansey
|-heal|p1a: Chansey|556\/703 par
|
|turn|15
|choice|move 1|move 1
|
|move|p2a: Alakazam|Psychic|p1a: Chansey
|-damage|p1a: Chansey|355\/703 par
|-unboost|p1a: Chansey|spd|1
|-unboost|p1a: Chansey|spa|1
|move|p1a: Chansey|Thunder Wave|p2a: Alakazam
|-status|p2a: Alakazam|par
|
|turn|16
|L|Demerging
|J|Starmaster
|L|Mundzuk
|J|AlvisAstleyIs
|L|AriiStella'♥
|choice|switch 2|move 1
|
|switch|p1a: Snorlax|Snorlax|523\/523
|move|p2a: Alakazam|Psychic|p1a: Snorlax
|-damage|p1a: Snorlax|348\/523
|
|turn|17
|choice|move 1|switch 2
|
|switch|p2a: Chansey|Chansey|703\/703
|move|p1a: Snorlax|Body Slam|p2a: Chansey
|-damage|p2a: Chansey|412\/703
|
|turn|18
|J|iieee
|choice|switch 2|move 2
|
|switch|p1a: Chansey|Chansey|355\/703 par
|move|p2a: Chansey|Soft-Boiled|p2a: Chansey
|-heal|p2a: Chansey|703\/703
|
|turn|19
|J|Cnorth26
|choice|move 4|switch 3
|
|switch|p2a: Snorlax|Snorlax|523\/523
|move|p1a: Chansey|Soft-Boiled|p1a: Chansey
|-heal|p1a: Chansey|703\/703 par
|
|turn|20
|L|bassem
|J|Tobes
|L|zedpi
|choice|switch 6|move 3
|
|switch|p1a: Exeggutor|Exeggutor|393\/393
|move|p2a: Snorlax|Earthquake|p1a: Exeggutor
|-resisted|p1a: Exeggutor
|-damage|p1a: Exeggutor|346\/393
|
|turn|21
|L|AlvisAstleyIs
|choice|move 1|switch 4
|
|switch|p2a: Exeggutor|Exeggutor|306\/393 par
|move|p1a: Exeggutor|Psychic|p2a: Exeggutor
|-resisted|p2a: Exeggutor
|-damage|p2a: Exeggutor|255\/393 par
|
|turn|22
|L|Generous
|J|Eric1999
|L|Eric1999
|J|Jurishit
|choice|switch 6|move 4
|
|switch|p1a: Chansey|Chansey|703\/703 par
|move|p2a: Exeggutor|Sleep Powder|p1a: Chansey
|-fail|p1a: Chansey
|
|turn|23
|choice|move 2|switch 2
|
|switch|p2a: Alakazam|Alakazam|250\/313 par
|move|p1a: Chansey|Ice Beam|p2a: Alakazam
|-damage|p2a: Alakazam|189\/313 par
|
|turn|24
|L|Nintendi
|J|Nintendi
|L|drake meme
|choice|switch 2|move 2
|
|switch|p1a: Snorlax|Snorlax|348\/523
|move|p2a: Alakazam|Recover|p2a: Alakazam
|-heal|p2a: Alakazam|313\/313 par
|
|turn|25
|choice|switch 6|switch 3
|
|switch|p1a: Exeggutor|Exeggutor|346\/393
|switch|p2a: Chansey|Chansey|703\/703
|
|turn|26
|choice|move 1|switch 3
|
|switch|p2a: Alakazam|Alakazam|313\/313 par
|move|p1a: Exeggutor|Psychic|p2a: Alakazam
|-resisted|p2a: Alakazam
|-damage|p2a: Alakazam|265\/313 par
|-unboost|p2a: Alakazam|spd|1
|-unboost|p2a: Alakazam|spa|1
|
|turn|27
|choice|move 1|move 3
|
|move|p1a: Exeggutor|Psychic|p2a: Alakazam
|-resisted|p2a: Alakazam
|-damage|p2a: Alakazam|185\/313 par
|-unboost|p2a: Alakazam|spd|1
|-unboost|p2a: Alakazam|spa|1
|move|p2a: Alakazam|Seismic Toss|p1a: Exeggutor
|-damage|p1a: Exeggutor|246\/393
|
|turn|28
|choice|move 1|switch 2
|
|switch|p2a: Exeggutor|Exeggutor|255\/393 par
|move|p1a: Exeggutor|Psychic|p2a: Exeggutor
|-resisted|p2a: Exeggutor
|-damage|p2a: Exeggutor|201\/393 par
|
|turn|29
|J|CasedVictory
|J|Heysup
|J|Ary
|choice|move 3|move 1
|
|move|p1a: Exeggutor|Explosion|p2a: Exeggutor
|-damage|p2a: Exeggutor|0 fnt
|faint|p2a: Exeggutor
|faint|p1a: Exeggutor
|L|ReeeeLL
|choice|switch 6|switch 4
|
|switch|p1a: Snorlax|Snorlax|348\/523
|switch|p2a: Snorlax|Snorlax|523\/523
|turn|30
|J|kebabe
|J|Lusch
|choice|move 1|move 1
|
|move|p1a: Snorlax|Body Slam|p2a: Snorlax
|-damage|p2a: Snorlax|379\/523
|move|p2a: Snorlax|Body Slam|p1a: Snorlax
|-damage|p1a: Snorlax|217\/523
|
|turn|31
|choice|move 3|switch 6
|
|switch|p2a: Golem|Golem|363\/363
|move|p1a: Snorlax|Hyper Beam|p2a: Golem|[miss]
|-miss|p1a: Snorlax
|
|turn|32
|J|zedpi
|L|iieee
|L|zedpi
|J|Prankster
|J|Sken
|choice|move 2|move 1
|
|move|p2a: Golem|Earthquake|p1a: Snorlax
|-crit|p1a: Snorlax
|-damage|p1a: Snorlax|0 fnt
|faint|p1a: Snorlax
|L|majaspic22
|L|njnp
|choice|switch 5|
|
|switch|p1a: Cloyster|Cloyster|303\/303
|turn|33
|choice|move 2|switch 3
|
|switch|p2a: Chansey|Chansey|703\/703
|move|p1a: Cloyster|Blizzard|p2a: Chansey
|-crit|p2a: Chansey
|-damage|p2a: Chansey|474\/703
|
|turn|34
|L|FLCL
|choice|move 1|move 4
|
|move|p1a: Cloyster|Clamp|p2a: Chansey|[miss]
|-miss|p1a: Cloyster
|move|p2a: Chansey|Thunder Wave|p1a: Cloyster
|-status|p1a: Cloyster|par
|
|turn|35
|J|Nova
|L|Lusch
|J|celebitrainer36
|choice|move 2|switch 2
|
|switch|p2a: Alakazam|Alakazam|185\/313 par
|move|p1a: Cloyster|Blizzard|p2a: Alakazam
|-damage|p2a: Alakazam|77\/313 par
|
|turn|36
|J|petyer
|J|Fireburn
|J|Croven
|J|r0ady
|L|r0ady
|choice|move 2|move 1
|
|move|p2a: Alakazam|Psychic|p1a: Cloyster
|-crit|p1a: Cloyster
|-damage|p1a: Cloyster|17\/303 par
|move|p1a: Cloyster|Blizzard|p2a: Alakazam
|-damage|p2a: Alakazam|0 fnt
|faint|p2a: Alakazam
|J|Lusch
|J|EG Posho
|L|Tesung
|choice||switch 5
|
|switch|p2a: Tauros|Tauros|353\/353
|turn|37
|J|Tesung
|J|majaspic22
|J|LauReL
|J|welliou
|choice|move 3|move 2
|
|move|p2a: Tauros|Body Slam|p1a: Cloyster
|-damage|p1a: Cloyster|0 fnt
|faint|p1a: Cloyster
|choice|switch 4|
|
|switch|p1a: Tauros|Tauros|353\/353
|turn|38
|choice|move 1|move 2
|
|move|p2a: Tauros|Body Slam|p1a: Tauros
|-damage|p1a: Tauros|257\/353
|move|p1a: Tauros|Body Slam|p2a: Tauros
|-damage|p2a: Tauros|251\/353
|
|turn|39
|choice|move 1|move 2
|
|move|p1a: Tauros|Body Slam|p2a: Tauros
|-damage|p2a: Tauros|145\/353
|move|p2a: Tauros|Body Slam|p1a: Tauros
|-damage|p1a: Tauros|153\/353
|
|turn|40
|choice|move 4|move 2
|
|move|p1a: Tauros|Blizzard|p2a: Tauros
|-crit|p2a: Tauros
|-damage|p2a: Tauros|0 fnt
|faint|p2a: Tauros
|choice||switch 6
|
|switch|p2a: Snorlax|Snorlax|379\/523
|turn|41
|J|r0ady
|J|butterbluemchen
|J|FLCL
|J|xTSR
|J|ABR
|L|blunderr
|choice|switch 2|move 2
|
|switch|p1a: Chansey|Chansey|703\/703 par
|move|p2a: Snorlax|Hyper Beam|p1a: Chansey
|-damage|p1a: Chansey|166\/703 par
|
|turn|42
|-mustrecharge|p2a: Snorlax
|-mustrecharge|p2a: Snorlax
|L|Laurel
|choice|move 1|move 1
|
|cant|p2a: Snorlax|recharge
|move|p1a: Chansey|Thunder Wave|p2a: Snorlax
|-status|p2a: Snorlax|par
|
|turn|43
|L|00S
|choice|move 4|switch 3
|
|switch|p2a: Golem|Golem|363\/363
|cant|p1a: Chansey|par
|
|turn|44
|J|Henry
|choice|switch 3|move 4
|
|switch|p1a: Jynx|Jynx|133\/333 par
|move|p2a: Golem|Substitute|p2a: Golem
|-start|p2a: Golem|Substitute
|-damage|p2a: Golem|273\/363
|
|turn|45
|choice|move 3|move 1
|
|move|p2a: Golem|Earthquake|p1a: Jynx
|-damage|p1a: Jynx|0 fnt
|faint|p1a: Jynx
|J|TTFTW
|J|mang team
|choice|switch 2|
|
|switch|p1a: Tauros|Tauros|153\/353
|turn|46
|L|Croven
|choice|switch 3|move 2
|
|switch|p1a: Chansey|Chansey|166\/703 par
|move|p2a: Golem|Explosion|p1a: Chansey
|-damage|p1a: Chansey|0 fnt
|faint|p1a: Chansey
|faint|p2a: Golem
|choice|switch 3|switch 3
|
|switch|p1a: Tauros|Tauros|153\/353
|switch|p2a: Snorlax|Snorlax|379\/523 par
|turn|47
|J|Void
|L|ABR
|choice|move 3|move 4
|
|move|p1a: Tauros|Hyper Beam|p2a: Snorlax
|-crit|p2a: Snorlax
|-damage|p2a: Snorlax|0 fnt
|faint|p2a: Snorlax
|choice||switch 2
|
|switch|p2a: Chansey|Chansey|474\/703
|turn|48
|J|Updated Kanto
|J|Sam
|choice|move 3|move 3
|
|move|p1a: Tauros|Hyper Beam|p2a: Chansey
|-damage|p2a: Chansey|22\/703
|move|p2a: Chansey|Counter|p1a: Tauros
|-damage|p1a: Tauros|0 fnt
|faint|p1a: Tauros
|
|win|Lutra