|inactive|Battle timer is ON: inactive players will automatically lose when time's up.
|J|smilzo
|J|galbia
|player|p1|smilzo|157
|player|p2|galbia|#galbia
|gametype|singles
|gen|1
|tier|[Gen 1] OU
|rule|Sleep Clause Mod: Limit one foe put to sleep
|rule|Freeze Clause Mod: Limit one foe frozen
|rule|Species Clause: Limit one of each Pokémon
|rule|OHKO Clause: OHKO moves are banned
|rule|Evasion Moves Clause: Evasion moves are banned
|rule|HP Percentage Mod: HP is shown in percentages
|
|start
|switch|p1a: Alakazam|Alakazam|313\/313
|switch|p2a: Gengar|Gengar|323\/323
|turn|1
|J|the pdc show
|J|sca1d
|J|Yogiras
|
|switch|p2a: Chansey|Chansey|703\/703
|move|p1a: Alakazam|Thunder Wave|p2a: Chansey
|-status|p2a: Chansey|par
|
|turn|2
|L|the pdc show
|
|move|p1a: Alakazam|Psychic|p2a: Chansey
|-damage|p2a: Chansey|584\/703 par
|-unboost|p2a: Chansey|spd|1
|-unboost|p2a: Chansey|spa|1
|cant|p2a: Chansey|par
|
|turn|3
|J|Krahzer
|
|switch|p2a: Exeggutor|Exeggutor|393\/393
|move|p1a: Alakazam|Psychic|p2a: Exeggutor
|-resisted|p2a: Exeggutor
|-damage|p2a: Exeggutor|338\/393
|
|turn|4
|
|move|p1a: Alakazam|Thunder Wave|p2a: Exeggutor
|-status|p2a: Exeggutor|par
|move|p2a: Exeggutor|Sleep Powder|p1a: Alakazam
|-status|p1a: Alakazam|slp
|
|turn|5
|
|switch|p2a: Tauros|Tauros|353\/353
|cant|p1a: Alakazam|slp
|
|turn|6
|
|switch|p1a: Lapras|Lapras|463\/463
|move|p2a: Tauros|Body Slam|p1a: Lapras
|-damage|p1a: Lapras|356\/463
|
|turn|7
|
|switch|p2a: Gengar|Gengar|323\/323
|move|p1a: Lapras|Blizzard|p2a: Gengar
|-damage|p2a: Gengar|214\/323
|
|turn|8
|
|switch|p1a: Exeggutor|Exeggutor|393\/393
|move|p2a: Gengar|Seismic Toss|p1a: Exeggutor
|-damage|p1a: Exeggutor|293\/393
|
|turn|9
|
|move|p2a: Gengar|Explosion|p1a: Exeggutor
|-damage|p1a: Exeggutor|79\/393
|faint|p2a: Gengar
|L|sca1d
|
|switch|p2a: Tauros|Tauros|353\/353
|turn|10
|
|switch|p1a: Zapdos|Zapdos|383\/383
|move|p2a: Tauros|Body Slam|p1a: Zapdos
|-damage|p1a: Zapdos|275\/383
|
|turn|11
|
|switch|p2a: Golem|Golem|363\/363
|move|p1a: Zapdos|Drill Peck|p2a: Golem
|-resisted|p2a: Golem
|-damage|p2a: Golem|325\/363
|
|turn|12
|
|switch|p1a: Snorlax|Snorlax|523\/523
|move|p2a: Golem|Rock Slide|p1a: Snorlax
|-damage|p1a: Snorlax|390\/523
|
|turn|13
|
|switch|p2a: Snorlax|Snorlax|523\/523
|switch|p1a: Exeggutor|Exeggutor|79\/393
|
|turn|14
|
|switch|p2a: Exeggutor|Exeggutor|338\/393 par
|move|p1a: Exeggutor|Sleep Powder|p2a: Exeggutor|[miss]
|-miss|p1a: Exeggutor
|
|turn|15
|
|switch|p1a: Alakazam|Alakazam|313\/313 slp
|move|p2a: Exeggutor|Psychic|p1a: Alakazam
|-resisted|p1a: Alakazam
|-damage|p1a: Alakazam|262\/313 slp
|
|turn|16
|
|switch|p1a: Snorlax|Snorlax|390\/523
|switch|p2a: Tauros|Tauros|353\/353
|
|turn|17
|
|switch|p2a: Snorlax|Snorlax|523\/523
|move|p1a: Snorlax|Earthquake|p2a: Snorlax
|-damage|p2a: Snorlax|419\/523
|
|turn|18
|
|move|p1a: Snorlax|Earthquake|p2a: Snorlax
|-damage|p2a: Snorlax|301\/523
|move|p2a: Snorlax|Body Slam|p1a: Snorlax
|-damage|p1a: Snorlax|261\/523
|
|turn|19
|
|move|p1a: Snorlax|Body Slam|p2a: Snorlax
|-damage|p2a: Snorlax|160\/523
|move|p2a: Snorlax|Reflect|p2a: Snorlax
|-start|p2a: Snorlax|Reflect
|
|turn|20
|
|switch|p1a: Lapras|Lapras|356\/463
|move|p2a: Snorlax|Rest|p2a: Snorlax
|-status|p2a: Snorlax|slp
|-heal|p2a: Snorlax|523\/523 slp|[silent]
|-status|p2a: Snorlax|slp|[from] move: Rest
|
|turn|21
|
|move|p1a: Lapras|Blizzard|p2a: Snorlax
|-damage|p2a: Snorlax|354\/523 slp
|cant|p2a: Snorlax|slp
|
|turn|22
|
|switch|p2a: Chansey|Chansey|584\/703 par
|move|p1a: Lapras|Blizzard|p2a: Chansey
|-damage|p2a: Chansey|442\/703 par
|
|turn|23
|
|switch|p1a: Snorlax|Snorlax|261\/523
|move|p2a: Chansey|Soft-Boiled|p2a: Chansey
|-heal|p2a: Chansey|703\/703 par
|
|turn|24
|
|move|p1a: Snorlax|Earthquake|p2a: Chansey
|-damage|p2a: Chansey|457\/703 par
|move|p2a: Chansey|Thunder Wave|p1a: Snorlax
|-status|p1a: Snorlax|par
|
|turn|25
|
|switch|p2a: Snorlax|Snorlax|354\/523 slp
|move|p1a: Snorlax|Earthquake|p2a: Snorlax
|-damage|p2a: Snorlax|251\/523 slp
|
|turn|26
|J|apatao
|L|apatao
|
|switch|p1a: Lapras|Lapras|356\/463
|cant|p2a: Snorlax|slp
|-curestatus|p2a: Snorlax|slp
|
|turn|27
|L|Krahzer
|
|move|p1a: Lapras|Blizzard|p2a: Snorlax
|-damage|p2a: Snorlax|65\/523
|move|p2a: Snorlax|Body Slam|p1a: Lapras
|-damage|p1a: Lapras|238\/463
|
|turn|28
|
|switch|p2a: Chansey|Chansey|457\/703 par
|move|p1a: Lapras|Blizzard|p2a: Chansey
|-damage|p2a: Chansey|333\/703 par
|
|turn|29
|
|switch|p1a: Snorlax|Snorlax|261\/523 par
|move|p2a: Chansey|Soft-Boiled|p2a: Chansey
|-heal|p2a: Chansey|684\/703 par
|
|turn|30
|
|switch|p2a: Golem|Golem|325\/363
|move|p1a: Snorlax|Body Slam|p2a: Golem
|-resisted|p2a: Golem
|-damage|p2a: Golem|282\/363
|
|turn|31
|
|switch|p2a: Exeggutor|Exeggutor|338\/393 par
|cant|p1a: Snorlax|par
|
|turn|32
|
|switch|p1a: Alakazam|Alakazam|262\/313 slp
|move|p2a: Exeggutor|Psychic|p1a: Alakazam
|-resisted|p1a: Alakazam
|-damage|p1a: Alakazam|215\/313 slp
|
|turn|33
|
|switch|p2a: Snorlax|Snorlax|65\/523
|cant|p1a: Alakazam|slp
|
|turn|34
|
|switch|p1a: Zapdos|Zapdos|275\/383
|move|p2a: Snorlax|Body Slam|p1a: Zapdos
|-damage|p1a: Zapdos|160\/383
|-status|p1a: Zapdos|par
|
|turn|35
|
|switch|p2a: Golem|Golem|282\/363
|switch|p1a: Snorlax|Snorlax|261\/523 par
|
|turn|36
|
|move|p2a: Golem|Rock Slide|p1a: Snorlax
|-damage|p1a: Snorlax|144\/523 par
|cant|p1a: Snorlax|par
|
|turn|37
|
|switch|p2a: Exeggutor|Exeggutor|338\/393 par
|move|p1a: Snorlax|Earthquake|p2a: Exeggutor
|-resisted|p2a: Exeggutor
|-damage|p2a: Exeggutor|293\/393 par
|
|turn|38
|
|switch|p1a: Exeggutor|Exeggutor|79\/393
|move|p2a: Exeggutor|Psychic|p1a: Exeggutor
|-resisted|p1a: Exeggutor
|-damage|p1a: Exeggutor|25\/393
|-unboost|p1a: Exeggutor|spd|1
|-unboost|p1a: Exeggutor|spa|1
|
|turn|39
|
|switch|p1a: Lapras|Lapras|238\/463
|switch|p2a: Golem|Golem|282\/363
|
|turn|40
|
|switch|p1a: Snorlax|Snorlax|144\/523 par
|switch|p2a: Chansey|Chansey|684\/703 par
|
|turn|41
|
|switch|p2a: Golem|Golem|282\/363
|move|p1a: Snorlax|Self-Destruct|p2a: Golem
|-resisted|p2a: Golem
|-damage|p2a: Golem|140\/363
|faint|p1a: Snorlax
|
|switch|p1a: Exeggutor|Exeggutor|25\/393
|turn|42
|
|switch|p2a: Exeggutor|Exeggutor|293\/393 par
|move|p1a: Exeggutor|Psychic|p2a: Exeggutor
|-resisted|p2a: Exeggutor
|-damage|p2a: Exeggutor|243\/393 par
|-unboost|p2a: Exeggutor|spd|1
|-unboost|p2a: Exeggutor|spa|1
|
|turn|43
|
|switch|p1a: Zapdos|Zapdos|160\/383 par
|switch|p2a: Golem|Golem|140\/363
|
|turn|44
|
|move|p2a: Golem|Rock Slide|p1a: Zapdos
|-supereffective|p1a: Zapdos
|-damage|p1a: Zapdos|0 fnt
|faint|p1a: Zapdos
|
|switch|p1a: Lapras|Lapras|238\/463
|turn|45
|
|switch|p2a: Chansey|Chansey|684\/703 par
|move|p1a: Lapras|Blizzard|p2a: Chansey
|-damage|p2a: Chansey|546\/703 par
|
|turn|46
|
|switch|p1a: Alakazam|Alakazam|215\/313 slp
|move|p2a: Chansey|Ice Beam|p1a: Alakazam
|-damage|p1a: Alakazam|148\/313 slp
|
|turn|47
|
|switch|p2a: Tauros|Tauros|353\/353
|cant|p1a: Alakazam|slp
|
|turn|48
|
|cant|p1a: Alakazam|slp
|-curestatus|p1a: Alakazam|slp
|move|p2a: Tauros|Body Slam|p1a: Alakazam
|-damage|p1a: Alakazam|0 fnt
|faint|p1a: Alakazam
|
|switch|p1a: Lapras|Lapras|238\/463
|turn|49
|
|switch|p2a: Chansey|Chansey|546\/703 par
|move|p1a: Lapras|Sing|p2a: Chansey
|-fail|p2a: Chansey
|
|turn|50
|J|Meru
|
|move|p1a: Lapras|Blizzard|p2a: Chansey
|-damage|p2a: Chansey|404\/703 par
|cant|p2a: Chansey|par
|
|turn|51
|
|move|p1a: Lapras|Blizzard|p2a: Chansey
|-crit|p2a: Chansey
|-damage|p2a: Chansey|136\/703 par
|move|p2a: Chansey|Soft-Boiled|p2a: Chansey
|-heal|p2a: Chansey|487\/703 par
|
|turn|52
|
|switch|p1a: Exeggutor|Exeggutor|25\/393
|move|p2a: Chansey|Soft-Boiled|p2a: Chansey
|-heal|p2a: Chansey|703\/703 par
|
|turn|53
|J|Vileman
|
|switch|p2a: Snorlax|Snorlax|65\/523
|move|p1a: Exeggutor|Psychic|p2a: Snorlax
|-crit|p2a: Snorlax
|-damage|p2a: Snorlax|0 fnt
|faint|p2a: Snorlax
|
|switch|p2a: Tauros|Tauros|353\/353
|turn|54
|
|switch|p1a: Jolteon|Jolteon|333\/333
|move|p2a: Tauros|Body Slam|p1a: Jolteon
|-damage|p1a: Jolteon|201\/333
|
|turn|55
|
|move|p1a: Jolteon|Thunder Wave|p2a: Tauros
|-status|p2a: Tauros|par
|move|p2a: Tauros|Earthquake|p1a: Jolteon
|-supereffective|p1a: Jolteon
|-damage|p1a: Jolteon|0 fnt
|faint|p1a: Jolteon
|
|switch|p1a: Lapras|Lapras|238\/463
|turn|56
|
|switch|p2a: Chansey|Chansey|703\/703 par
|move|p1a: Lapras|Thunderbolt|p2a: Chansey
|-damage|p2a: Chansey|631\/703 par
|
|turn|57
|
|move|p1a: Lapras|Thunderbolt|p2a: Chansey
|-damage|p2a: Chansey|564\/703 par
|cant|p2a: Chansey|par
|
|turn|58
|c|★smilzo|vabbe gg
|-message|smilzo forfeited.
|
|win|galbia