|inactive|Battle timer is ON: inactive players will automatically lose when time's up.
|J|Mister Tim
|J|teal6
|player|p1|Mister Tim|169
|player|p2|teal6|115
|gametype|singles
|gen|1
|tier|[Gen 1] OU
|seed|29631,4107,1682,49958
|rule|Sleep Clause Mod: Limit one foe put to sleep
|rule|Freeze Clause Mod: Limit one foe frozen
|rule|Species Clause: Limit one of each Pokémon
|rule|OHKO Clause: OHKO moves are banned
|rule|Evasion Moves Clause: Evasion moves are banned
|rule|HP Percentage Mod: HP is shown in percentages
|
|start
|switch|p1a: Gengar|Gengar|323\/323
|switch|p2a: Alakazam|Alakazam|313\/313
|turn|1
|choice|switch 4|move 1
|
|switch|p1a: Exeggutor|Exeggutor|393\/393
|move|p2a: Alakazam|Psychic|p1a: Exeggutor
|-resisted|p1a: Exeggutor
|-damage|p1a: Exeggutor|335\/393
|
|turn|2
|choice|move 1|move 3
|
|move|p2a: Alakazam|Thunder Wave|p1a: Exeggutor
|-status|p1a: Exeggutor|par
|move|p1a: Exeggutor|Sleep Powder|p2a: Alakazam
|-status|p2a: Alakazam|slp
|
|turn|3
|choice|switch 3|switch 3
|
|switch|p2a: Chansey|Chansey|703\/703
|switch|p1a: Snorlax|Snorlax|523\/523
|
|turn|4
|choice|switch 2|move 4
|
|switch|p1a: Chansey|Chansey|703\/703
|move|p2a: Chansey|Counter|p1a: Chansey
|-fail|p2a: Chansey
|
|turn|5
|choice|move 3|move 1
|
|move|p1a: Chansey|Thunder Wave|p2a: Chansey
|-status|p2a: Chansey|par
|move|p2a: Chansey|Ice Beam|p1a: Chansey
|-damage|p1a: Chansey|631\/703
|
|turn|6
|choice|switch 2|move 1
|
|switch|p1a: Snorlax|Snorlax|523\/523
|move|p2a: Chansey|Ice Beam|p1a: Snorlax
|-damage|p1a: Snorlax|421\/523
|
|turn|7
|choice|move 1|switch 4
|
|switch|p2a: Exeggutor|Exeggutor|393\/393
|move|p1a: Snorlax|Body Slam|p2a: Exeggutor
|-damage|p2a: Exeggutor|268\/393
|
|turn|8
|choice|switch 3|move 4
|
|switch|p1a: Exeggutor|Exeggutor|335\/393 par
|move|p2a: Exeggutor|Egg Bomb|p1a: Exeggutor
|-damage|p1a: Exeggutor|254\/393 par
|
|turn|9
|choice|move 2|switch 4
|
|switch|p2a: Chansey|Chansey|703\/703 par
|move|p1a: Exeggutor|Stun Spore|p2a: Chansey
|-fail|p2a: Chansey|par
|
|turn|10
|choice|move 4|switch 3
|
|switch|p2a: Alakazam|Alakazam|313\/313 slp
|move|p1a: Exeggutor|Explosion|p2a: Alakazam
|-damage|p2a: Alakazam|0 fnt
|faint|p2a: Alakazam
|faint|p1a: Exeggutor
|choice|switch 4|switch 4
|
|switch|p1a: Gengar|Gengar|323\/323
|switch|p2a: Exeggutor|Exeggutor|268\/393
|turn|11
|choice|move 1|move 1
|
|move|p1a: Gengar|Hypnosis|p2a: Exeggutor|[miss]
|-miss|p1a: Gengar
|move|p2a: Exeggutor|Sleep Powder|p1a: Gengar
|-status|p1a: Gengar|slp
|
|turn|12
|choice|switch 2|move 2
|
|switch|p1a: Chansey|Chansey|631\/703
|move|p2a: Exeggutor|Psychic|p1a: Chansey
|-damage|p1a: Chansey|517\/703
|
|turn|13
|choice|switch 3|switch 3
|
|switch|p2a: Chansey|Chansey|703\/703 par
|switch|p1a: Snorlax|Snorlax|421\/523
|
|turn|14
|choice|move 1|move 4
|
|move|p1a: Snorlax|Body Slam|p2a: Chansey
|-damage|p2a: Chansey|429\/703 par
|move|p2a: Chansey|Counter|p1a: Snorlax
|-damage|p1a: Snorlax|0 fnt
|faint|p1a: Snorlax
|choice|switch 5|
|
|switch|p1a: Tauros|Tauros|353\/353
|turn|15
|choice|move 2|move 4
|
|move|p1a: Tauros|Earthquake|p2a: Chansey
|-damage|p2a: Chansey|199\/703 par
|move|p2a: Chansey|Counter|p1a: Tauros
|-fail|p2a: Chansey
|
|turn|16
|choice|move 1|move 3
|
|move|p1a: Tauros|Body Slam|p2a: Chansey
|-damage|p2a: Chansey|0 fnt
|faint|p2a: Chansey
|choice||switch 6
|
|switch|p2a: Jolteon|Jolteon|333\/333
|turn|17
|choice|switch 3|move 1
|
|switch|p1a: Chansey|Chansey|517\/703
|move|p2a: Jolteon|Thunderbolt|p1a: Chansey
|-damage|p1a: Chansey|401\/703
|
|turn|18
|choice|move 3|switch 3
|
|switch|p2a: Exeggutor|Exeggutor|268\/393
|move|p1a: Chansey|Thunder Wave|p2a: Exeggutor
|-status|p2a: Exeggutor|par
|
|turn|19
|choice|move 4|move 2
|
|move|p1a: Chansey|Soft-Boiled|p1a: Chansey
|-heal|p1a: Chansey|703\/703
|cant|p2a: Exeggutor|par
|
|turn|20
|choice|switch 2|move 2
|
|switch|p1a: Gengar|Gengar|323\/323 slp
|move|p2a: Exeggutor|Psychic|p1a: Gengar
|-supereffective|p1a: Gengar
|-damage|p1a: Gengar|131\/323 slp
|
|turn|21
|choice|switch 2|move 2
|
|switch|p1a: Chansey|Chansey|703\/703
|move|p2a: Exeggutor|Psychic|p1a: Chansey
|-damage|p1a: Chansey|579\/703
|
|turn|22
|choice|switch 2|move 2
|
|switch|p1a: Gengar|Gengar|131\/323 slp
|move|p2a: Exeggutor|Psychic|p1a: Gengar
|-supereffective|p1a: Gengar
|-damage|p1a: Gengar|0 fnt
|faint|p1a: Gengar
|choice|switch 6|
|
|switch|p1a: Lapras|Lapras|463\/463
|turn|23
|choice|move 4|move 3
|
|move|p1a: Lapras|Confuse Ray|p2a: Exeggutor
|-start|p2a: Exeggutor|confusion
|-activate|p2a: Exeggutor|confusion
|move|p2a: Exeggutor|Explosion|p1a: Lapras
|-damage|p1a: Lapras|163\/463
|faint|p2a: Exeggutor
|choice||switch 3
|
|switch|p2a: Jolteon|Jolteon|333\/333
|turn|24
|choice|switch 2|move 4
|
|switch|p1a: Chansey|Chansey|579\/703
|move|p2a: Jolteon|Double Kick|p1a: Chansey
|-supereffective|p1a: Chansey
|-damage|p1a: Chansey|482\/703
|-damage|p1a: Chansey|385\/703
|-hitcount|p1a: Chansey|2
|
|turn|25
|choice|move 3|move 2
|
|move|p2a: Jolteon|Thunder Wave|p1a: Chansey
|-status|p1a: Chansey|par
|move|p1a: Chansey|Thunder Wave|p2a: Jolteon
|-status|p2a: Jolteon|par
|
|turn|26
|choice|move 4|move 4
|
|cant|p2a: Jolteon|par
|move|p1a: Chansey|Soft-Boiled|p1a: Chansey
|-heal|p1a: Chansey|703\/703 par
|
|turn|27
|choice|move 1|switch 5
|
|switch|p2a: Snorlax|Snorlax|523\/523
|move|p1a: Chansey|Ice Beam|p2a: Snorlax
|-damage|p2a: Snorlax|415\/523
|
|turn|28
|choice|move 3|move 2
|
|move|p2a: Snorlax|Amnesia|p2a: Snorlax
|-boost|p2a: Snorlax|spd|2
|-boost|p2a: Snorlax|spa|2
|move|p1a: Chansey|Thunder Wave|p2a: Snorlax
|-status|p2a: Snorlax|par
|
|turn|29
|choice|switch 2|move 1
|
|switch|p1a: Lapras|Lapras|163\/463
|cant|p2a: Snorlax|par
|
|turn|30
|choice|move 4|move 1
|
|move|p1a: Lapras|Confuse Ray|p2a: Snorlax
|-start|p2a: Snorlax|confusion
|cant|p2a: Snorlax|par
|
|turn|31
|choice|move 3|move 1
|
|move|p1a: Lapras|Body Slam|p2a: Snorlax
|-damage|p2a: Snorlax|335\/523 par
|-activate|p2a: Snorlax|confusion
|-damage|p2a: Snorlax|287\/523 par|[from] confusion
|
|turn|32
|choice|move 3|move 1
|
|move|p1a: Lapras|Body Slam|p2a: Snorlax
|-damage|p2a: Snorlax|212\/523 par
|cant|p2a: Snorlax|par
|
|turn|33
|choice|move 3|move 1
|
|move|p1a: Lapras|Body Slam|p2a: Snorlax
|-damage|p2a: Snorlax|133\/523 par
|-activate|p2a: Snorlax|confusion
|-damage|p2a: Snorlax|85\/523 par|[from] confusion
|
|turn|34
|choice|move 3|move 3
|
|move|p1a: Lapras|Body Slam|p2a: Snorlax
|-damage|p2a: Snorlax|1\/523 par
|-end|p2a: Snorlax|confusion
|move|p2a: Snorlax|Rest|p2a: Snorlax
|-status|p2a: Snorlax|slp
|-heal|p2a: Snorlax|523\/523 slp|[silent]
|-status|p2a: Snorlax|slp|[from] move: Rest
|
|turn|35
|c|★teal6|phew
|choice|switch 2|move 1
|
|switch|p1a: Chansey|Chansey|703\/703 par
|cant|p2a: Snorlax|slp
|
|turn|36
|choice|move 1|move 1
|
|move|p1a: Chansey|Ice Beam|p2a: Snorlax
|-damage|p2a: Snorlax|476\/523 slp
|-curestatus|p2a: Snorlax|slp
|
|turn|37
|choice|move 3|move 1
|
|cant|p1a: Chansey|par
|move|p2a: Snorlax|Reflect|p2a: Snorlax
|-start|p2a: Snorlax|Reflect
|
|turn|38
|choice|move 3|move 2
|
|move|p1a: Chansey|Thunder Wave|p2a: Snorlax
|-status|p2a: Snorlax|par
|move|p2a: Snorlax|Amnesia|p2a: Snorlax
|-boost|p2a: Snorlax|spd|2
|-boost|p2a: Snorlax|spa|2
|
|turn|39
|choice|switch 2|move 2
|
|switch|p1a: Lapras|Lapras|163\/463
|move|p2a: Snorlax|Amnesia|p2a: Snorlax
|-boost|p2a: Snorlax|spd|2
|-boost|p2a: Snorlax|spa|2
|
|turn|40
|choice|move 4|move 4
|
|move|p1a: Lapras|Confuse Ray|p2a: Snorlax
|-start|p2a: Snorlax|confusion
|-activate|p2a: Snorlax|confusion
|move|p2a: Snorlax|Ice Beam|p1a: Lapras
|-resisted|p1a: Lapras
|-damage|p1a: Lapras|103\/463
|
|turn|41
|choice|move 1|move 4
|
|move|p1a: Lapras|Blizzard|p2a: Snorlax
|-damage|p2a: Snorlax|428\/523 par
|-activate|p2a: Snorlax|confusion
|move|p2a: Snorlax|Ice Beam|p1a: Lapras
|-resisted|p1a: Lapras
|-damage|p1a: Lapras|46\/463
|
|turn|42
|choice|move 3|move 4
|
|move|p1a: Lapras|Body Slam|p2a: Snorlax
|-damage|p2a: Snorlax|385\/523 par
|-end|p2a: Snorlax|confusion
|move|p2a: Snorlax|Ice Beam|p1a: Lapras
|-resisted|p1a: Lapras
|-damage|p1a: Lapras|0 fnt
|faint|p1a: Lapras
|choice|switch 3|
|
|switch|p1a: Tauros|Tauros|353\/353
|turn|43
|choice|move 1|move 4
|
|move|p1a: Tauros|Body Slam|p2a: Snorlax
|-damage|p2a: Snorlax|323\/523 par
|move|p2a: Snorlax|Ice Beam|p1a: Tauros
|-crit|p1a: Tauros
|-damage|p1a: Tauros|220\/353
|
|turn|44
|c|★teal6|haha
|choice|move 1|move 4
|
|move|p1a: Tauros|Body Slam|p2a: Snorlax
|-damage|p2a: Snorlax|254\/523 par
|move|p2a: Snorlax|Ice Beam|p1a: Tauros
|-damage|p1a: Tauros|0 fnt
|faint|p1a: Tauros
|-message|Mister Tim forfeited.
|
|win|teal6