|J|teal6
|J|KratosMana
|player|p1|teal6|101
|player|p2|KratosMana|1
|gametype|singles
|gen|1
|tier|[Gen 1] OU
|seed|37753,39033,49808,9170
|rule|Sleep Clause Mod: Limit one foe put to sleep
|rule|Freeze Clause Mod: Limit one foe frozen
|rule|Species Clause: Limit one of each Pokémon
|rule|OHKO Clause: OHKO moves are banned
|rule|Evasion Moves Clause: Evasion moves are banned
|rule|HP Percentage Mod: HP is shown in percentages
|
|start
|switch|p1a: Jynx|Jynx|333\/333
|switch|p2a: Alakazam|Alakazam|313\/313
|turn|1
|c|★KratosMana|hf ;)
|c|★teal6|you too pal
|choice|switch 6|switch 4
|
|switch|p2a: Golem|Golem|363\/363
|switch|p1a: Chansey|Chansey|703\/703
|
|turn|2
|J|Christo The Gr8
|choice|move 1|move 1
|
|move|p1a: Chansey|Ice Beam|p2a: Golem
|-supereffective|p2a: Golem
|-damage|p2a: Golem|134\/363
|-status|p2a: Golem|frz
|cant|p2a: Golem|frz
|
|turn|3
|choice|move 1|switch 4
|
|switch|p2a: Alakazam|Alakazam|313\/313
|move|p1a: Chansey|Ice Beam|p2a: Alakazam
|-damage|p2a: Alakazam|249\/313
|-message|Freeze Clause activated.
|
|turn|4
|choice|move 3|switch 3
|
|switch|p2a: Chansey|Chansey|703\/703
|move|p1a: Chansey|Thunder Wave|p2a: Chansey
|-status|p2a: Chansey|par
|
|turn|5
|choice|move 4|switch 6
|
|switch|p2a: Lapras|Lapras|463\/463
|move|p1a: Chansey|Thunderbolt|p2a: Lapras
|-crit|p2a: Lapras
|-supereffective|p2a: Lapras
|-damage|p2a: Lapras|175\/463
|
|turn|6
|choice|move 4|move 2
|
|move|p2a: Lapras|Sing|p1a: Chansey|[miss]
|-miss|p2a: Lapras
|move|p1a: Chansey|Thunderbolt|p2a: Lapras
|-supereffective|p2a: Lapras
|-damage|p2a: Lapras|27\/463
|
|turn|7
|choice|switch 6|move 2
|
|switch|p1a: Jynx|Jynx|333\/333
|move|p2a: Lapras|Sing|p1a: Jynx
|-status|p1a: Jynx|slp
|
|turn|8
|choice|switch 6|move 1
|
|switch|p1a: Chansey|Chansey|703\/703
|move|p2a: Lapras|Blizzard|p1a: Chansey
|-damage|p1a: Chansey|567\/703
|
|turn|9
|choice|move 4|switch 6
|
|switch|p2a: Chansey|Chansey|703\/703 par
|move|p1a: Chansey|Thunderbolt|p2a: Chansey
|-damage|p2a: Chansey|628\/703 par
|
|turn|10
|choice|switch 4|move 4
|
|switch|p1a: Snorlax|Snorlax|523\/523
|move|p2a: Chansey|Ice Beam|p1a: Snorlax
|-damage|p1a: Snorlax|430\/523
|
|turn|11
|choice|move 2|move 2
|
|move|p1a: Snorlax|Earthquake|p2a: Chansey
|-damage|p2a: Chansey|400\/703 par
|move|p2a: Chansey|Thunder Wave|p1a: Snorlax
|-status|p1a: Snorlax|par
|
|turn|12
|choice|move 1|move 1
|
|move|p2a: Chansey|Soft-Boiled|p2a: Chansey
|-heal|p2a: Chansey|703\/703 par
|cant|p1a: Snorlax|par
|
|turn|13
|choice|move 1|switch 4
|
|switch|p2a: Golem|Golem|134\/363 frz
|cant|p1a: Snorlax|par
|
|turn|14
|choice|move 2|move 1
|
|cant|p2a: Golem|frz
|cant|p1a: Snorlax|par
|
|turn|15
|choice|move 2|move 1
|
|cant|p2a: Golem|frz
|cant|p1a: Snorlax|par
|
|turn|16
|choice|move 2|move 1
|
|cant|p2a: Golem|frz
|move|p1a: Snorlax|Earthquake|p2a: Golem
|-supereffective|p2a: Golem
|-damage|p2a: Golem|0 fnt
|faint|p2a: Golem
|choice||switch 6
|
|switch|p2a: Lapras|Lapras|27\/463
|turn|17
|choice|move 1|move 1
|
|move|p2a: Lapras|Blizzard|p1a: Snorlax
|-damage|p1a: Snorlax|258\/523 par
|move|p1a: Snorlax|Body Slam|p2a: Lapras
|-damage|p2a: Lapras|0 fnt
|faint|p2a: Lapras
|choice||switch 5
|
|switch|p2a: Tauros|Tauros|353\/353
|turn|18
|choice|move 4|move 3
|
|move|p2a: Tauros|Earthquake|p1a: Snorlax
|-crit|p1a: Snorlax
|-damage|p1a: Snorlax|76\/523 par
|move|p1a: Snorlax|Self-Destruct|p2a: Tauros
|-damage|p2a: Tauros|46\/353
|faint|p1a: Snorlax
|choice|switch 3|
|
|switch|p1a: Tauros|Tauros|353\/353
|turn|19
|choice|move 1|move 4
|
|move|p2a: Tauros|Hyper Beam|p1a: Tauros
|-damage|p1a: Tauros|168\/353
|move|p1a: Tauros|Body Slam|p2a: Tauros
|-damage|p2a: Tauros|0 fnt
|faint|p2a: Tauros
|choice||switch 3
|
|switch|p2a: Alakazam|Alakazam|249\/313
|turn|20
|choice|switch 4|move 1
|
|switch|p1a: Chansey|Chansey|567\/703
|move|p2a: Alakazam|Psychic|p1a: Chansey
|-damage|p1a: Chansey|439\/703
|
|turn|21
|choice|switch 2|move 2
|
|switch|p1a: Zapdos|Zapdos|383\/383
|move|p2a: Alakazam|Thunder Wave|p1a: Zapdos
|-status|p1a: Zapdos|par
|
|turn|22
|choice|move 4|switch 2
|
|switch|p2a: Jolteon|Jolteon|333\/333
|move|p1a: Zapdos|Thunder Wave|p2a: Jolteon
|-status|p2a: Jolteon|par
|
|turn|23
|choice|switch 5|move 1
|
|switch|p1a: Exeggutor|Exeggutor|393\/393
|move|p2a: Jolteon|Thunderbolt|p1a: Exeggutor
|-resisted|p1a: Exeggutor
|-damage|p1a: Exeggutor|343\/393
|
|turn|24
|choice|move 1|switch 4
|
|switch|p2a: Chansey|Chansey|703\/703 par
|move|p1a: Exeggutor|Psychic|p2a: Chansey
|-damage|p2a: Chansey|585\/703 par
|
|turn|25
|choice|move 1|move 4
|
|move|p1a: Exeggutor|Psychic|p2a: Chansey
|-damage|p2a: Chansey|462\/703 par
|cant|p2a: Chansey|par
|
|turn|26
|choice|move 1|move 1
|
|move|p1a: Exeggutor|Psychic|p2a: Chansey
|-damage|p2a: Chansey|351\/703 par
|move|p2a: Chansey|Soft-Boiled|p2a: Chansey
|-heal|p2a: Chansey|702\/703 par
|
|turn|27
|choice|switch 5|move 2
|
|switch|p1a: Zapdos|Zapdos|383\/383 par
|move|p2a: Chansey|Thunder Wave|p1a: Zapdos
|-fail|p1a: Zapdos|par
|
|turn|28
|choice|move 3|move 4
|
|move|p1a: Zapdos|Drill Peck|p2a: Chansey
|-damage|p2a: Chansey|469\/703 par
|move|p2a: Chansey|Ice Beam|p1a: Zapdos
|-supereffective|p1a: Zapdos
|-damage|p1a: Zapdos|254\/383 par
|
|turn|29
|choice|move 3|move 1
|
|move|p1a: Zapdos|Drill Peck|p2a: Chansey
|-damage|p2a: Chansey|219\/703 par
|move|p2a: Chansey|Soft-Boiled|p2a: Chansey
|-heal|p2a: Chansey|570\/703 par
|
|turn|30
|choice|move 3|move 1
|
|move|p1a: Zapdos|Drill Peck|p2a: Chansey
|-damage|p2a: Chansey|340\/703 par
|move|p2a: Chansey|Soft-Boiled|p2a: Chansey
|-heal|p2a: Chansey|691\/703 par
|
|turn|31
|choice|move 3|move 4
|
|cant|p1a: Zapdos|par
|move|p2a: Chansey|Ice Beam|p1a: Zapdos
|-supereffective|p1a: Zapdos
|-damage|p1a: Zapdos|132\/383 par
|
|turn|32
|choice|move 3|move 4
|
|move|p1a: Zapdos|Drill Peck|p2a: Chansey
|-damage|p2a: Chansey|468\/703 par
|move|p2a: Chansey|Ice Beam|p1a: Zapdos
|-supereffective|p1a: Zapdos
|-damage|p1a: Zapdos|0 fnt
|faint|p1a: Zapdos
|choice|switch 4|
|
|switch|p1a: Tauros|Tauros|168\/353
|turn|33
|choice|move 4|move 4
|
|move|p1a: Tauros|Hyper Beam|p2a: Chansey
|-damage|p2a: Chansey|0 fnt
|faint|p2a: Chansey
|choice||switch 2
|
|switch|p2a: Alakazam|Alakazam|249\/313
|turn|34
|choice|switch 6|move 4
|
|switch|p1a: Jynx|Jynx|333\/333 slp
|move|p2a: Alakazam|Recover|p2a: Alakazam
|-heal|p2a: Alakazam|313\/313
|
|turn|35
|choice|move 4|move 3
|
|move|p2a: Alakazam|Seismic Toss|p1a: Jynx
|-damage|p1a: Jynx|233\/333 slp
|cant|p1a: Jynx|slp
|
|turn|36
|choice|move 4|move 3
|
|move|p2a: Alakazam|Seismic Toss|p1a: Jynx
|-damage|p1a: Jynx|133\/333 slp
|cant|p1a: Jynx|slp
|
|turn|37
|choice|move 4|move 3
|
|move|p2a: Alakazam|Seismic Toss|p1a: Jynx
|-damage|p1a: Jynx|33\/333 slp
|cant|p1a: Jynx|slp
|
|turn|38
|choice|move 4|move 1
|
|move|p2a: Alakazam|Psychic|p1a: Jynx
|-crit|p1a: Jynx
|-resisted|p1a: Jynx
|-damage|p1a: Jynx|0 fnt
|faint|p1a: Jynx
|choice|switch 2|
|
|switch|p1a: Chansey|Chansey|439\/703
|turn|39
|choice|move 2|move 2
|
|move|p2a: Alakazam|Thunder Wave|p1a: Chansey
|-status|p1a: Chansey|par
|move|p1a: Chansey|Soft-Boiled|p1a: Chansey
|-heal|p1a: Chansey|703\/703 par
|
|turn|40
|choice|move 3|switch 4
|
|switch|p2a: Jolteon|Jolteon|333\/333 par
|move|p1a: Chansey|Thunder Wave|p2a: Jolteon
|-fail|p2a: Jolteon|par
|
|turn|41
|choice|switch 5|move 2
|
|switch|p1a: Exeggutor|Exeggutor|343\/393
|move|p2a: Jolteon|Double Kick|p1a: Exeggutor
|-crit|p1a: Exeggutor
|-resisted|p1a: Exeggutor
|-damage|p1a: Exeggutor|325\/393
|-damage|p1a: Exeggutor|307\/393
|-hitcount|p1a: Exeggutor|2
|
|turn|42
|choice|move 1|move 3
|
|move|p1a: Exeggutor|Psychic|p2a: Jolteon
|-damage|p2a: Jolteon|225\/333 par
|-unboost|p2a: Jolteon|spd|1
|-unboost|p2a: Jolteon|spa|1
|cant|p2a: Jolteon|par
|
|turn|43
|choice|move 1|move 3
|
|move|p1a: Exeggutor|Psychic|p2a: Jolteon
|-crit|p2a: Jolteon
|-damage|p2a: Jolteon|0 fnt
|faint|p2a: Jolteon
|choice||switch 4
|
|switch|p2a: Alakazam|Alakazam|313\/313
|turn|44
|c|★KratosMana|gg
|choice|move 3|move 3
|
|move|p2a: Alakazam|Seismic Toss|p1a: Exeggutor
|-damage|p1a: Exeggutor|207\/393
|move|p1a: Exeggutor|Explosion|p2a: Alakazam
|-damage|p2a: Alakazam|0 fnt
|faint|p2a: Alakazam
|faint|p1a: Exeggutor
|
|win|teal6