|J|tamahome
|J|Dice
|player|p1|tamahome|169
|player|p2|Dice|168
|gametype|singles
|gen|1
|tier|[Gen 1] OU
|seed|32861,45836,23160,57554
|rule|Sleep Clause Mod: Limit one foe put to sleep
|rule|Freeze Clause Mod: Limit one foe frozen
|rule|Species Clause: Limit one of each Pokémon
|rule|OHKO Clause: OHKO moves are banned
|rule|Evasion Moves Clause: Evasion moves are banned
|rule|HP Percentage Mod: HP is shown in percentages
|
|start
|switch|p1a: Alakazam|Alakazam|313\/313
|switch|p2a: Gengar|Gengar|323\/323
|turn|1
|choice|move 1|switch 4
|
|switch|p2a: Chansey|Chansey|703\/703
|move|p1a: Alakazam|Psychic|p2a: Chansey
|-damage|p2a: Chansey|580\/703
|-unboost|p2a: Chansey|spd|1
|-unboost|p2a: Chansey|spa|1
|
|turn|2
|c|★tamahome|tbf
|c|★tamahome|id do miley cyrus
|choice|switch 6|move 2
|
|switch|p1a: Chansey|Chansey|703\/703
|move|p2a: Chansey|Ice Beam|p1a: Chansey
|-damage|p1a: Chansey|651\/703
|
|turn|3
|choice|move 1|switch 4
|
|switch|p2a: Gengar|Gengar|323\/323
|move|p1a: Chansey|Ice Beam|p2a: Gengar
|-damage|p2a: Gengar|253\/323
|
|turn|4
|choice|switch 4|move 1
|
|switch|p1a: Starmie|Starmie|323\/323
|move|p2a: Gengar|Hypnosis|p1a: Starmie
|-status|p1a: Starmie|slp
|
|turn|5
|choice|switch 6|move 2
|
|switch|p1a: Alakazam|Alakazam|313\/313
|move|p2a: Gengar|Thunderbolt|p1a: Alakazam
|-damage|p1a: Alakazam|245\/313
|
|turn|6
|choice|move 1|switch 4
|
|switch|p2a: Chansey|Chansey|580\/703
|move|p1a: Alakazam|Psychic|p2a: Chansey
|-damage|p2a: Chansey|455\/703
|
|turn|7
|choice|switch 4|move 2
|
|switch|p1a: Chansey|Chansey|651\/703
|move|p2a: Chansey|Ice Beam|p1a: Chansey
|-damage|p1a: Chansey|580\/703
|
|turn|8
|choice|move 1|move 2
|
|move|p2a: Chansey|Ice Beam|p1a: Chansey
|-damage|p1a: Chansey|511\/703
|move|p1a: Chansey|Ice Beam|p2a: Chansey
|-damage|p2a: Chansey|377\/703
|
|turn|9
|choice|move 4|move 1
|
|move|p1a: Chansey|Sing|p2a: Chansey|[miss]
|-miss|p1a: Chansey
|move|p2a: Chansey|Soft-Boiled|p2a: Chansey
|-heal|p2a: Chansey|703\/703
|
|turn|10
|choice|move 1|switch 4
|
|switch|p2a: Gengar|Gengar|253\/323
|move|p1a: Chansey|Ice Beam|p2a: Gengar
|-damage|p2a: Gengar|191\/323
|
|turn|11
|choice|switch 4|move 2
|
|switch|p1a: Alakazam|Alakazam|245\/313
|move|p2a: Gengar|Thunderbolt|p1a: Alakazam
|-crit|p1a: Alakazam
|-damage|p1a: Alakazam|103\/313
|
|turn|12
|choice|move 1|switch 6
|
|switch|p2a: Snorlax|Snorlax|523\/523
|move|p1a: Alakazam|Psychic|p2a: Snorlax
|-damage|p2a: Snorlax|343\/523
|
|turn|13
|choice|switch 3|move 1
|
|switch|p1a: Snorlax|Snorlax|523\/523
|move|p2a: Snorlax|Body Slam|p1a: Snorlax
|-damage|p1a: Snorlax|378\/523
|
|turn|14
|choice|move 3|move 4
|
|move|p2a: Snorlax|Self-Destruct|p1a: Snorlax
|-damage|p1a: Snorlax|0 fnt
|faint|p1a: Snorlax
|faint|p2a: Snorlax
|choice|switch 3|switch 6
|
|switch|p1a: Alakazam|Alakazam|103\/313
|switch|p2a: Gengar|Gengar|191\/323
|turn|15
|choice|move 1|switch 3
|
|switch|p2a: Starmie|Starmie|323\/323
|move|p1a: Alakazam|Psychic|p2a: Starmie
|-resisted|p2a: Starmie
|-damage|p2a: Starmie|254\/323
|
|turn|16
|choice|move 4|move 1
|
|move|p1a: Alakazam|Recover|p1a: Alakazam
|-heal|p1a: Alakazam|259\/313
|move|p2a: Starmie|Blizzard|p1a: Alakazam
|-crit|p1a: Alakazam
|-damage|p1a: Alakazam|113\/313
|
|turn|17
|choice|switch 4|move 3
|
|switch|p1a: Chansey|Chansey|511\/703
|move|p2a: Starmie|Thunder Wave|p1a: Chansey
|-status|p1a: Chansey|par
|
|turn|18
|choice|move 4|switch 3
|
|switch|p2a: Gengar|Gengar|191\/323
|move|p1a: Chansey|Sing|p2a: Gengar|[miss]
|-miss|p1a: Chansey
|
|turn|19
|choice|switch 4|move 3
|
|switch|p1a: Alakazam|Alakazam|113\/313
|move|p2a: Gengar|Explosion|p1a: Alakazam
|-crit|p1a: Alakazam
|-damage|p1a: Alakazam|0 fnt
|faint|p1a: Alakazam
|faint|p2a: Gengar
|J|katrina blow
|choice|switch 2|switch 5
|
|switch|p2a: Tauros|Tauros|353\/353
|switch|p1a: Exeggutor|Exeggutor|393\/393
|turn|20
|choice|move 1|switch 3
|
|switch|p2a: Starmie|Starmie|254\/323
|move|p1a: Exeggutor|Sleep Powder|p2a: Starmie
|-status|p2a: Starmie|slp
|
|turn|21
|choice|switch 4|switch 2
|
|switch|p2a: Articuno|Articuno|383\/383
|switch|p1a: Chansey|Chansey|511\/703 par
|
|turn|22
|choice|move 3|move 1
|
|move|p2a: Articuno|Blizzard|p1a: Chansey
|-damage|p1a: Chansey|365\/703 par
|cant|p1a: Chansey|par
|
|turn|23
|choice|move 3|move 2
|
|move|p2a: Articuno|Ice Beam|p1a: Chansey
|-damage|p1a: Chansey|236\/703 par
|move|p1a: Chansey|Soft-Boiled|p1a: Chansey
|-heal|p1a: Chansey|587\/703 par
|
|turn|24
|choice|move 2|move 2
|
|move|p2a: Articuno|Ice Beam|p1a: Chansey
|-damage|p1a: Chansey|468\/703 par
|move|p1a: Chansey|Thunderbolt|p2a: Articuno
|-supereffective|p2a: Articuno
|-damage|p2a: Articuno|241\/383
|
|turn|25
|choice|move 3|move 2
|
|move|p2a: Articuno|Ice Beam|p1a: Chansey
|-crit|p1a: Chansey
|-damage|p1a: Chansey|201\/703 par
|cant|p1a: Chansey|par
|
|turn|26
|choice|move 3|move 4
|
|move|p2a: Articuno|Hyper Beam|p1a: Chansey
|-damage|p1a: Chansey|0 fnt
|faint|p1a: Chansey
|choice|switch 5|
|
|switch|p1a: Tauros|Tauros|353\/353
|turn|27
|choice|move 1|move 1
|
|move|p1a: Tauros|Body Slam|p2a: Articuno
|-crit|p2a: Articuno
|-damage|p2a: Articuno|45\/383
|move|p2a: Articuno|Blizzard|p1a: Tauros
|-damage|p1a: Tauros|129\/353
|
|turn|28
|choice|move 1|move 2
|
|move|p1a: Tauros|Body Slam|p2a: Articuno
|-damage|p2a: Articuno|0 fnt
|faint|p2a: Articuno
|choice||switch 3
|
|switch|p2a: Tauros|Tauros|353\/353
|turn|29
|choice|switch 4|move 1
|
|switch|p1a: Exeggutor|Exeggutor|393\/393
|move|p2a: Tauros|Body Slam|p1a: Exeggutor
|-damage|p1a: Exeggutor|279\/393
|
|turn|30
|choice|move 4|move 1
|
|move|p2a: Tauros|Body Slam|p1a: Exeggutor
|-damage|p1a: Exeggutor|170\/393
|move|p1a: Exeggutor|Explosion|p2a: Tauros
|-damage|p2a: Tauros|70\/353
|faint|p1a: Exeggutor
|choice|switch 4|
|
|switch|p1a: Tauros|Tauros|129\/353
|turn|31
|choice|move 1|move 4
|
|move|p2a: Tauros|Hyper Beam|p1a: Tauros
|-damage|p1a: Tauros|0 fnt
|faint|p1a: Tauros
|c|★tamahome|lol
|c|★tamahome|this is unbelivable
|c|★tamahome|gg
|-message|tamahome forfeited.
|
|win|Dice