|J|Beds
|J|Vileman
|player|p1|Beds|252
|player|p2|Vileman|165
|gametype|singles
|gen|1
|tier|[Gen 1] OU
|seed|34474,37345,22147,50796
|rule|Sleep Clause Mod: Limit one foe put to sleep
|rule|Freeze Clause Mod: Limit one foe frozen
|rule|Species Clause: Limit one of each Pokémon
|rule|OHKO Clause: OHKO moves are banned
|rule|Evasion Moves Clause: Evasion moves are banned
|rule|HP Percentage Mod: HP is shown in percentages
|
|start
|switch|p1a: Jynx|Jynx|333\/333
|switch|p2a: Gengar|Gengar|323\/323
|turn|1
|c|★Beds|hack me and i kill myself
|J|timetodddddduel
|c|★Beds|i mean gl hf
|c|★Vileman|same
|choice|move 1|move 1
|
|move|p2a: Gengar|Hypnosis|p1a: Jynx
|-status|p1a: Jynx|slp
|cant|p1a: Jynx|slp
|
|turn|2
|choice|switch 3|move 3
|
|switch|p1a: Exeggutor|Exeggutor|393\/393
|move|p2a: Gengar|Thunderbolt|p1a: Exeggutor
|-resisted|p1a: Exeggutor
|-damage|p1a: Exeggutor|356\/393
|
|turn|3
|choice|move 1|switch 2
|
|switch|p2a: Chansey|Chansey|703\/703
|move|p1a: Exeggutor|Sleep Powder|p2a: Chansey
|-status|p2a: Chansey|slp
|
|turn|4
|J|Despotar274
|choice|move 3|move 2
|
|move|p1a: Exeggutor|Psychic|p2a: Chansey
|-damage|p2a: Chansey|587\/703 slp
|cant|p2a: Chansey|slp
|
|turn|5
|choice|move 3|move 2
|
|move|p1a: Exeggutor|Psychic|p2a: Chansey
|-crit|p2a: Chansey
|-damage|p2a: Chansey|359\/703 slp
|cant|p2a: Chansey|slp
|
|turn|6
|choice|move 3|switch 5
|
|switch|p2a: Snorlax|Snorlax|523\/523
|move|p1a: Exeggutor|Psychic|p2a: Snorlax
|-damage|p2a: Snorlax|357\/523
|
|turn|7
|choice|move 3|move 1
|
|move|p1a: Exeggutor|Psychic|p2a: Snorlax
|-damage|p2a: Snorlax|187\/523
|-unboost|p2a: Snorlax|spd|1
|-unboost|p2a: Snorlax|spa|1
|move|p2a: Snorlax|Body Slam|p1a: Exeggutor
|-damage|p1a: Exeggutor|238\/393
|
|turn|8
|choice|move 3|move 1
|
|move|p1a: Exeggutor|Psychic|p2a: Snorlax
|-crit|p2a: Snorlax
|-damage|p2a: Snorlax|0 fnt
|faint|p2a: Snorlax
|choice||switch 6
|
|switch|p2a: Zapdos|Zapdos|383\/383
|turn|9
|choice|move 2|move 1
|
|move|p2a: Zapdos|Drill Peck|p1a: Exeggutor
|-supereffective|p1a: Exeggutor
|-damage|p1a: Exeggutor|31\/393
|move|p1a: Exeggutor|Stun Spore|p2a: Zapdos
|-status|p2a: Zapdos|par
|
|turn|10
|choice|move 3|switch 2
|
|switch|p2a: Gengar|Gengar|323\/323
|move|p1a: Exeggutor|Psychic|p2a: Gengar
|-supereffective|p2a: Gengar
|-damage|p2a: Gengar|111\/323
|-unboost|p2a: Gengar|spd|1
|-unboost|p2a: Gengar|spa|1
|
|turn|11
|choice|switch 5|move 3
|
|switch|p1a: Snorlax|Snorlax|523\/523
|move|p2a: Gengar|Thunderbolt|p1a: Snorlax
|-damage|p1a: Snorlax|449\/523
|
|turn|12
|choice|switch 5|move 4
|
|switch|p1a: Exeggutor|Exeggutor|31\/393
|move|p2a: Gengar|Explosion|p1a: Exeggutor
|-damage|p1a: Exeggutor|0 fnt
|faint|p1a: Exeggutor
|faint|p2a: Gengar
|choice|switch 2|switch 4
|
|switch|p1a: Chansey|Chansey|703\/703
|switch|p2a: Slowbro|Slowbro|393\/393
|turn|13
|choice|move 3|move 3
|
|move|p1a: Chansey|Thunder Wave|p2a: Slowbro
|-status|p2a: Slowbro|par
|move|p2a: Slowbro|Thunder Wave|p1a: Chansey
|-status|p1a: Chansey|par
|
|turn|14
|choice|move 2|move 1
|
|move|p1a: Chansey|Thunderbolt|p2a: Slowbro
|-supereffective|p2a: Slowbro
|-damage|p2a: Slowbro|206\/393 par
|cant|p2a: Slowbro|par
|
|turn|15
|choice|move 2|switch 5
|
|switch|p2a: Chansey|Chansey|359\/703 slp
|move|p1a: Chansey|Thunderbolt|p2a: Chansey
|-damage|p2a: Chansey|280\/703 slp
|
|turn|16
|choice|switch 5|move 1
|
|switch|p1a: Snorlax|Snorlax|449\/523
|cant|p2a: Chansey|slp
|
|turn|17
|choice|move 2|move 1
|
|cant|p2a: Chansey|slp
|move|p1a: Snorlax|Amnesia|p1a: Snorlax
|-boost|p1a: Snorlax|spd|2
|-boost|p1a: Snorlax|spa|2
|
|turn|18
|choice|move 1|move 1
|
|cant|p2a: Chansey|slp
|move|p1a: Snorlax|Body Slam|p2a: Chansey
|-damage|p2a: Chansey|11\/703 slp
|
|turn|19
|c|★Vileman|f
|choice|move 1|move 1
|
|-curestatus|p2a: Chansey|slp
|move|p1a: Snorlax|Body Slam|p2a: Chansey
|-damage|p2a: Chansey|0 fnt
|faint|p2a: Chansey
|choice||switch 2
|
|switch|p2a: Zapdos|Zapdos|383\/383 par
|turn|20
|choice|move 3|move 4
|
|move|p1a: Snorlax|Blizzard|p2a: Zapdos
|-supereffective|p2a: Zapdos
|-damage|p2a: Zapdos|121\/383 par
|move|p2a: Zapdos|Thunder Wave|p1a: Snorlax
|-status|p1a: Snorlax|par
|
|turn|21
|choice|move 3|move 1
|
|move|p2a: Zapdos|Drill Peck|p1a: Snorlax
|-damage|p1a: Snorlax|329\/523 par
|move|p1a: Snorlax|Blizzard|p2a: Zapdos
|-supereffective|p2a: Zapdos
|-damage|p2a: Zapdos|0 fnt
|faint|p2a: Zapdos
|choice||switch 5
|
|switch|p2a: Slowbro|Slowbro|206\/393 par
|turn|22
|choice|move 1|move 1
|
|move|p1a: Snorlax|Body Slam|p2a: Slowbro
|-damage|p2a: Slowbro|112\/393 par
|move|p2a: Slowbro|Amnesia|p2a: Slowbro
|-boost|p2a: Slowbro|spd|2
|-boost|p2a: Slowbro|spa|2
|
|turn|23
|choice|move 1|move 4
|
|move|p2a: Slowbro|Rest|p2a: Slowbro
|-status|p2a: Slowbro|slp
|-heal|p2a: Slowbro|393\/393 slp|[silent]
|-status|p2a: Slowbro|slp|[from] move: Rest
|cant|p1a: Snorlax|par
|
|turn|24
|choice|switch 5|move 1
|
|switch|p1a: Chansey|Chansey|703\/703 par
|cant|p2a: Slowbro|slp
|
|turn|25
|choice|move 2|move 1
|
|move|p1a: Chansey|Thunderbolt|p2a: Slowbro
|-supereffective|p2a: Slowbro
|-damage|p2a: Slowbro|297\/393 slp
|-curestatus|p2a: Slowbro|slp
|
|turn|26
|choice|move 3|move 1
|
|move|p1a: Chansey|Thunder Wave|p2a: Slowbro
|-status|p2a: Slowbro|par
|move|p2a: Slowbro|Amnesia|p2a: Slowbro
|-boost|p2a: Slowbro|spd|2
|-boost|p2a: Slowbro|spa|2
|
|turn|27
|choice|move 2|move 2
|
|move|p1a: Chansey|Thunderbolt|p2a: Slowbro
|-supereffective|p2a: Slowbro
|-damage|p2a: Slowbro|232\/393 par
|move|p2a: Slowbro|Surf|p1a: Chansey
|-damage|p1a: Chansey|405\/703 par
|
|turn|28
|choice|move 2|move 1
|
|move|p1a: Chansey|Thunderbolt|p2a: Slowbro
|-supereffective|p2a: Slowbro
|-damage|p2a: Slowbro|170\/393 par
|move|p2a: Slowbro|Amnesia|p2a: Slowbro
|-boost|p2a: Slowbro|spd|2
|-boost|p2a: Slowbro|spa|2
|
|turn|29
|choice|move 2|move 2
|
|cant|p2a: Slowbro|par
|move|p1a: Chansey|Thunderbolt|p2a: Slowbro
|-supereffective|p2a: Slowbro
|-damage|p2a: Slowbro|126\/393 par
|
|turn|30
|choice|switch 4|move 2
|
|switch|p1a: Tauros|Tauros|353\/353
|cant|p2a: Slowbro|par
|
|turn|31
|c|★Vileman|cm on now
|choice|move 4|move 3
|
|move|p1a: Tauros|Hyper Beam|p2a: Slowbro
|-damage|p2a: Slowbro|0 fnt
|faint|p2a: Slowbro
|choice||switch 3
|
|switch|p2a: Tauros|Tauros|353\/353
|turn|32
|choice|move 1|move 1
|
|move|p1a: Tauros|Body Slam|p2a: Tauros
|-damage|p2a: Tauros|249\/353
|move|p2a: Tauros|Body Slam|p1a: Tauros
|-crit|p1a: Tauros
|-damage|p1a: Tauros|145\/353
|
|turn|33
|choice|move 4|move 2
|
|move|p2a: Tauros|Hyper Beam|p1a: Tauros
|-damage|p1a: Tauros|0 fnt
|faint|p1a: Tauros
|choice|switch 6|
|
|switch|p1a: Slowbro|Slowbro|393\/393
|turn|34
|choice|move 1|move 1
|
|move|p2a: Tauros|Body Slam|p1a: Slowbro
|-damage|p1a: Slowbro|301\/393
|move|p1a: Slowbro|Thunder Wave|p2a: Tauros
|-status|p2a: Tauros|par
|
|turn|35
|choice|move 3|move 1
|
|move|p1a: Slowbro|Surf|p2a: Tauros
|-damage|p2a: Tauros|119\/353 par
|move|p2a: Tauros|Body Slam|p1a: Slowbro
|-damage|p1a: Slowbro|206\/393
|
|turn|36
|c|★Beds|eg again
|choice|move 3|move 2
|
|move|p1a: Slowbro|Surf|p2a: Tauros
|-damage|p2a: Tauros|0 fnt
|faint|p2a: Tauros
|
|win|Beds