|inactive|Battle timer is ON: inactive players will automatically lose when time's up.
|J|Golden Gyarados
|J|Agammemnon
|player|p1|Golden Gyarados|170
|player|p2|Agammemnon|265
|gametype|singles
|gen|1
|tier|[Gen 1] OU
|seed|15274,14166,23390,1437
|rule|Sleep Clause Mod: Limit one foe put to sleep
|rule|Freeze Clause Mod: Limit one foe frozen
|rule|Species Clause: Limit one of each Pokémon
|rule|OHKO Clause: OHKO moves are banned
|rule|Evasion Moves Clause: Evasion moves are banned
|rule|HP Percentage Mod: HP is shown in percentages
|
|start
|switch|p1a: Jynx|Jynx|333\/333
|switch|p2a: Golden Magikarp|Jynx|333\/333
|turn|1
|J|Daylight Slaving
|J|petyer
|J|SOULGAZER
|J|Isa
|J|Steve Angello
|J|theurbandear
|J|BKC
|J|Yogiras
|J|Finchinator
|J|EdwardElric15
|J|slurmz
|J|King Tsunami
|J|Zenadark
|J|ChillShadow
|c|+EdwardElric15|in
|J|Alexander
|J|Sam
|J|Xopi
|c|%BKC|And begin
|J|qsns
|J|ReshiRampage
|J|DennisEG
|J|Mounts
|J|asgagaa
|J|punky funky love
|J|bro fist
|J|Maaf
|J|H-C
|J|KratosMana
|J|Lord Mur
|c|+slurmz|GOLDEN GYARADOS
|c|+slurmz|:d
|J|hahaouou
|J|Asuya
|J|Triangles RSE
|J|Evuelf
|c|+slurmz|Gl both dudes
|J|Hikari
|J|Sweep
|J|Eyan
|J|tennisace
|J|LikePGM
|J|Mr.378
|J|bouff
|raw|<div class="broadcast-red"><b>Moderated chat was set to @!<\/b><br \/>Only users of rank @ and higher can talk.<\/div>
|J|ZANG IS BAD LOL
|J|giara
|J|Pohjis
|J|Fireburn
|J|mael
|J|Antaevs
|J|Mister Tim
|J|Jimmy Turtwig
|choice|move 2|move 1
|
|move|p1a: Jynx|Lovely Kiss|p2a: Golden Magikarp
|-status|p2a: Golden Magikarp|slp
|cant|p2a: Golden Magikarp|slp
|
|turn|2
|J|Prankster
|J|I love pochama
|J|TarKhilgh
|J|raspberry
|J|boudouche
|J|Aurious
|J|marcoasd
|J|BlackBloodz
|J|metrocel
|J|Nails
|J|LBLOL
|J|Vileman
|J|Nelson
|J|fbc
|J|BlueSkiddoWeCanToo
|choice|move 1|switch 2
|
|switch|p2a: Golden Magikarp|Starmie|323\/323
|move|p1a: Jynx|Blizzard|p2a: Golden Magikarp
|-crit|p2a: Golden Magikarp
|-resisted|p2a: Golden Magikarp
|-damage|p2a: Golden Magikarp|182\/323
|-status|p2a: Golden Magikarp|frz
|
|turn|3
|L|Antaevs
|c|★Agammemnon|wow
|L|ZANG IS BAD LOL
|J|unamed
|J|Freeroamer
|J|ABR
|J|Demerging
|J|danilo
|J|Hack
|J|Nintendi
|choice|move 4|switch 3
|
|switch|p2a: Golden Magikarp|Chansey|703\/703
|move|p1a: Jynx|Psychic|p2a: Golden Magikarp
|-damage|p2a: Golden Magikarp|609\/703
|
|turn|4
|L|Hikari
|J|RickyGao
|L|danilo
|J|tez cadey
|J|GeeMick
|J|purrl
|J|Biosci
|J|noname4505
|J|hyogafodex
|J|Immuno
|J|Cicada
|J|Itsyos
|J|EG Posho
|choice|switch 4|move 2
|
|switch|p1a: Chansey|Chansey|703\/703
|move|p2a: Golden Magikarp|Ice Beam|p1a: Chansey
|-damage|p1a: Chansey|624\/703
|
|turn|5
|J|Omfuga
|J|zdrup
|J|Valkyrie10+1
|J|Hikari
|J|THEIRONKENYAN
|J|Dice
|J|merkin on em
|J|Lacus Clyne
|J|Cory's House
|choice|move 3|move 2
|
|move|p2a: Golden Magikarp|Ice Beam|p1a: Chansey
|-damage|p1a: Chansey|556\/703
|move|p1a: Chansey|Thunder Wave|p2a: Golden Magikarp
|-status|p2a: Golden Magikarp|par
|
|turn|6
|J|babidi1998
|J|Quaggsterrr
|J|Teddeh
|J|CrashinBoomBang
|L|BlueSkiddoWeCanToo
|L|unamed
|J|Lana Del seldo
|choice|switch 4|move 4
|
|switch|p1a: Jynx|Jynx|333\/333
|move|p2a: Golden Magikarp|Seismic Toss|p1a: Jynx
|-damage|p1a: Jynx|233\/333
|
|turn|7
|J|MetalGross
|choice|move 4|move 4
|
|move|p1a: Jynx|Psychic|p2a: Golden Magikarp
|-damage|p2a: Golden Magikarp|503\/703 par
|move|p2a: Golden Magikarp|Seismic Toss|p1a: Jynx
|-damage|p1a: Jynx|133\/333
|
|turn|8
|J|Hootie
|J|MoxieInfinite
|choice|move 4|move 1
|
|move|p1a: Jynx|Psychic|p2a: Golden Magikarp
|-damage|p2a: Golden Magikarp|400\/703 par
|-unboost|p2a: Golden Magikarp|spd|1
|-unboost|p2a: Golden Magikarp|spa|1
|move|p2a: Golden Magikarp|Thunder Wave|p1a: Jynx
|-status|p1a: Jynx|par
|
|turn|9
|choice|move 4|move 3
|
|move|p1a: Jynx|Psychic|p2a: Golden Magikarp
|-damage|p2a: Golden Magikarp|238\/703 par
|move|p2a: Golden Magikarp|Soft-Boiled|p2a: Golden Magikarp
|-heal|p2a: Golden Magikarp|589\/703 par
|
|turn|10
|J|yohoE
|choice|move 4|move 4
|
|move|p1a: Jynx|Psychic|p2a: Golden Magikarp
|-damage|p2a: Golden Magikarp|448\/703 par
|-unboost|p2a: Golden Magikarp|spd|1
|-unboost|p2a: Golden Magikarp|spa|1
|move|p2a: Golden Magikarp|Seismic Toss|p1a: Jynx
|-damage|p1a: Jynx|33\/333 par
|
|turn|11
|J|Matanza
|J|kebabe
|J|Bomber
|J|Starmei
|L|qsns
|L|Sweep
|J|iamgingy
|J|Sweep
|J|Stratos
|J|d2pm
|L|DennisEG
|choice|move 4|move 4
|
|cant|p1a: Jynx|par
|cant|p2a: Golden Magikarp|par
|
|turn|12
|choice|move 4|move 4
|
|move|p1a: Jynx|Psychic|p2a: Golden Magikarp
|-damage|p2a: Golden Magikarp|263\/703 par
|-unboost|p2a: Golden Magikarp|spd|1
|-unboost|p2a: Golden Magikarp|spa|1
|move|p2a: Golden Magikarp|Seismic Toss|p1a: Jynx
|-damage|p1a: Jynx|0 fnt
|faint|p1a: Jynx
|J|LeGrosXavier
|J|rozes
|J|qsns
|choice|switch 3|
|
|switch|p1a: Exeggutor|Exeggutor|393\/393
|turn|13
|J|clucial
|choice|move 1|switch 6
|
|switch|p2a: Golden Magikarp|Exeggutor|393\/393
|move|p1a: Exeggutor|Psychic|p2a: Golden Magikarp
|-resisted|p2a: Golden Magikarp
|-damage|p2a: Golden Magikarp|342\/393
|-unboost|p2a: Golden Magikarp|spd|1
|-unboost|p2a: Golden Magikarp|spa|1
|
|turn|14
|choice|move 3|move 2
|
|move|p2a: Golden Magikarp|Sleep Powder|p1a: Exeggutor
|-status|p1a: Exeggutor|slp
|cant|p1a: Exeggutor|slp
|
|turn|15
|J|clueless
|J|Leftiez
|J|double01
|choice|switch 4|switch 4
|
|switch|p2a: GOLDEN R.I.P.|Tauros|353\/353
|switch|p1a: Chansey|Chansey|556\/703
|
|turn|16
|J|fapkingg
|J|facts is jumpman
|L|Lacus Clyne
|J|SketchUp
|choice|move 3|switch 6
|
|switch|p2a: Golden Magikarp|Chansey|263\/703 par
|move|p1a: Chansey|Thunder Wave|p2a: Golden Magikarp
|-fail|p2a: Golden Magikarp|par
|
|turn|17
|L|SketchUp
|J|Exploding Octopus
|J|teal6
|choice|switch 5|move 3
|
|switch|p1a: Snorlax|Snorlax|523\/523
|move|p2a: Golden Magikarp|Soft-Boiled|p2a: Golden Magikarp
|-heal|p2a: Golden Magikarp|614\/703 par
|
|turn|18
|J|blunderr
|J|dodmen
|J|Cristal
|L|Finchinator
|J|ggggd
|L|slurmz
|L|clueless
|J|Finchinator
|J|Hee Yay
|J|derivations
|L|Hee Yay
|L|LBLOL
|choice|move 2|move 1
|
|move|p1a: Snorlax|Reflect|p1a: Snorlax
|-start|p1a: Snorlax|Reflect
|move|p2a: Golden Magikarp|Thunder Wave|p1a: Snorlax
|-status|p1a: Snorlax|par
|
|turn|19
|L|petyer
|J|xtrashine offense
|L|ABR
|J|BIHI
|L|Pohjis
|choice|move 1|switch 5
|
|switch|p2a: Golden Magikarp|Slowbro|393\/393
|cant|p1a: Snorlax|par
|
|turn|20
|L|Starmei
|L|Mister Tim
|L|Eyan
|J|Mister Tim
|choice|switch 5|move 4
|
|switch|p1a: Chansey|Chansey|556\/703
|move|p2a: Golden Magikarp|Amnesia|p2a: Golden Magikarp
|-boost|p2a: Golden Magikarp|spd|2
|-boost|p2a: Golden Magikarp|spa|2
|
|turn|21
|L|SOULGAZER
|J|SOULGAZER
|choice|move 3|switch 5
|
|switch|p2a: Golden Magikarp|Chansey|614\/703 par
|move|p1a: Chansey|Thunder Wave|p2a: Golden Magikarp
|-fail|p2a: Golden Magikarp|par
|
|turn|22
|L|EdwardElric15
|L|Hootie
|J|Lhions
|choice|move 1|move 2
|
|move|p1a: Chansey|Seismic Toss|p2a: Golden Magikarp
|-damage|p2a: Golden Magikarp|514\/703 par
|move|p2a: Golden Magikarp|Ice Beam|p1a: Chansey
|-damage|p1a: Chansey|485\/703
|
|turn|23
|L|fapkingg
|choice|move 2|move 2
|
|move|p1a: Chansey|Soft-Boiled|p1a: Chansey
|-heal|p1a: Chansey|703\/703
|move|p2a: Golden Magikarp|Ice Beam|p1a: Chansey
|-damage|p1a: Chansey|623\/703
|
|turn|24
|J|celebitrainer36
|choice|switch 5|move 2
|
|switch|p1a: Snorlax|Snorlax|523\/523 par
|move|p2a: Golden Magikarp|Ice Beam|p1a: Snorlax
|-damage|p1a: Snorlax|416\/523 par
|
|turn|25
|L|qsns
|choice|move 1|switch 4
|
|switch|p2a: Golden Magikarp|Exeggutor|342\/393
|move|p1a: Snorlax|Body Slam|p2a: Golden Magikarp
|-damage|p2a: Golden Magikarp|223\/393
|
|turn|26
|choice|switch 4|move 3
|
|switch|p1a: Exeggutor|Exeggutor|393\/393 slp
|move|p2a: Golden Magikarp|Psychic|p1a: Exeggutor
|-resisted|p1a: Exeggutor
|-damage|p1a: Exeggutor|337\/393 slp
|
|turn|27
|J|One Kick Girl
|choice|switch 5|switch 6
|
|switch|p1a: Chansey|Chansey|623\/703
|switch|p2a: GOLDEN R.I.P.|Tauros|353\/353
|
|turn|28
|J|Barian
|J|2morello
|L|Aurious
|choice|move 3|switch 4
|
|switch|p2a: Golden Magikarp|Chansey|514\/703 par
|move|p1a: Chansey|Thunder Wave|p2a: Golden Magikarp
|-fail|p2a: Golden Magikarp|par
|
|turn|29
|J|Aurious
|J|LazerGoesPew
|J|Zamrock
|L|Aurious
|L|Sweep
|J|Sweep
|J|Tomahawk
|choice|move 1|switch 5
|
|switch|p2a: Golden Magikarp|Slowbro|393\/393
|move|p1a: Chansey|Seismic Toss|p2a: Golden Magikarp
|-damage|p2a: Golden Magikarp|293\/393
|
|turn|30
|choice|move 3|move 4
|
|move|p1a: Chansey|Thunder Wave|p2a: Golden Magikarp
|-status|p2a: Golden Magikarp|par
|move|p2a: Golden Magikarp|Amnesia|p2a: Golden Magikarp
|-boost|p2a: Golden Magikarp|spd|2
|-boost|p2a: Golden Magikarp|spa|2
|
|turn|31
|J|McMeghan
|J|The Mighty Loom
|J|BlueSkiddoWeCanToo
|L|Quaggsterrr
|J|Quaggsterrr
|J|BlueShrek
|L|BlueShrek
|choice|move 1|move 2
|
|move|p1a: Chansey|Seismic Toss|p2a: Golden Magikarp
|-damage|p2a: Golden Magikarp|193\/393 par
|cant|p2a: Golden Magikarp|par
|
|turn|32
|choice|move 1|move 2
|
|move|p1a: Chansey|Seismic Toss|p2a: Golden Magikarp
|-damage|p2a: Golden Magikarp|93\/393 par
|move|p2a: Golden Magikarp|Rest|p2a: Golden Magikarp
|-status|p2a: Golden Magikarp|slp
|-heal|p2a: Golden Magikarp|393\/393 slp|[silent]
|-status|p2a: Golden Magikarp|slp|[from] move: Rest
|
|turn|33
|choice|move 1|move 1
|
|move|p1a: Chansey|Seismic Toss|p2a: Golden Magikarp
|-damage|p2a: Golden Magikarp|293\/393 slp
|cant|p2a: Golden Magikarp|slp
|
|turn|34
|J|Lutra
|J|welliou
|choice|move 1|move 2
|
|move|p1a: Chansey|Seismic Toss|p2a: Golden Magikarp
|-damage|p2a: Golden Magikarp|193\/393 slp
|-curestatus|p2a: Golden Magikarp|slp
|
|turn|35
|choice|move 1|switch 5
|
|switch|p2a: Golden Magikarp|Chansey|514\/703 par
|move|p1a: Chansey|Seismic Toss|p2a: Golden Magikarp
|-damage|p2a: Golden Magikarp|414\/703 par
|
|turn|36
|L|Barian
|J|MIX
|choice|switch 4|move 3
|
|switch|p1a: Snorlax|Snorlax|416\/523 par
|move|p2a: Golden Magikarp|Soft-Boiled|p2a: Golden Magikarp
|-heal|p2a: Golden Magikarp|703\/703 par
|
|turn|37
|choice|move 1|switch 5
|
|switch|p2a: Golden Magikarp|Slowbro|193\/393
|move|p1a: Snorlax|Body Slam|p2a: Golden Magikarp
|-damage|p2a: Golden Magikarp|90\/393
|-status|p2a: Golden Magikarp|par
|
|turn|38
|L|Stratos
|L|Nintendi
|choice|move 1|move 2
|
|move|p1a: Snorlax|Body Slam|p2a: Golden Magikarp
|-damage|p2a: Golden Magikarp|0 fnt
|faint|p2a: Golden Magikarp
|L|One Kick Girl
|J|One Kick Girl
|J|Starmei
|J|petyer
|choice||switch 6
|
|switch|p2a: Golden Magikarp|Exeggutor|223\/393
|turn|39
|L|Starmei
|L|petyer
|J|smilzo
|J|Texas Cloverleaf
|J|Krahzer
|choice|switch 5|move 3
|
|switch|p1a: Exeggutor|Exeggutor|337\/393 slp
|move|p2a: Golden Magikarp|Psychic|p1a: Exeggutor
|-resisted|p1a: Exeggutor
|-damage|p1a: Exeggutor|284\/393 slp
|-unboost|p1a: Exeggutor|spd|1
|-unboost|p1a: Exeggutor|spa|1
|
|turn|40
|L|Texas Cloverleaf
|J|RODAN
|choice|switch 4|move 3
|
|switch|p1a: Chansey|Chansey|623\/703
|move|p2a: Golden Magikarp|Psychic|p1a: Chansey
|-crit|p1a: Chansey
|-damage|p1a: Chansey|387\/703
|
|turn|41
|choice|move 2|move 1
|
|move|p2a: Golden Magikarp|Stun Spore|p1a: Chansey
|-status|p1a: Chansey|par
|move|p1a: Chansey|Soft-Boiled|p1a: Chansey
|-heal|p1a: Chansey|703\/703 par
|
|turn|42
|choice|move 1|move 3
|
|move|p2a: Golden Magikarp|Psychic|p1a: Chansey
|-damage|p1a: Chansey|593\/703 par
|cant|p1a: Chansey|par
|
|turn|43
|choice|move 1|switch 2
|
|switch|p2a: Golden Magikarp|Jynx|333\/333 slp
|move|p1a: Chansey|Seismic Toss|p2a: Golden Magikarp
|-damage|p2a: Golden Magikarp|233\/333 slp
|
|turn|44
|J|Becks
|J|Ezrl
|L|giara
|choice|switch 6|move 2
|
|switch|p1a: Tauros|Tauros|353\/353
|cant|p2a: Golden Magikarp|slp
|
|turn|45
|J|giara
|L|clucial
|L|Krahzer
|J|BLINGAS
|choice|move 1|switch 3
|
|switch|p2a: Golden Magikarp|Starmie|182\/323 frz
|move|p1a: Tauros|Body Slam|p2a: Golden Magikarp
|-damage|p2a: Golden Magikarp|66\/323 frz
|
|turn|46
|L|Prankster
|L|RODAN
|J|Jurishit
|L|xtrashine offense
|choice|switch 5|move 3
|
|switch|p1a: Snorlax|Snorlax|416\/523 par
|cant|p2a: Golden Magikarp|frz
|
|turn|47
|J|Betapf
|L|MoxieInfinite
|L|MIX
|L|Betapf
|L|Hikari
|J|Nintendi
|L|BlackBloodz
|choice|move 2|switch 2
|
|switch|p2a: Golden Magikarp|Exeggutor|223\/393
|cant|p1a: Snorlax|par
|
|turn|48
|J|groudon518
|J|Silver97
|J|bastien54
|J|petyer
|choice|switch 4|move 3
|
|switch|p1a: Exeggutor|Exeggutor|284\/393 slp
|move|p2a: Golden Magikarp|Psychic|p1a: Exeggutor
|-resisted|p1a: Exeggutor
|-damage|p1a: Exeggutor|232\/393 slp
|
|turn|49
|L|Cory's House
|L|dodmen
|L|petyer
|choice|switch 6|move 3
|
|switch|p1a: Chansey|Chansey|593\/703 par
|move|p2a: Golden Magikarp|Psychic|p1a: Chansey|[miss]
|-miss|p2a: Golden Magikarp
|
|turn|50
|J|urban soulja
|J|imsosorrylol
|J|dodmen
|J|nazonokusa
|J|ABR
|L|urban soulja
|J|Sablefugg
|L|iamgingy
|L|bastien54
|choice|move 1|switch 3
|
|switch|p2a: Golden Magikarp|Jynx|233\/333 slp
|cant|p1a: Chansey|par
|
|turn|51
|J|SaiyanMaster95
|L|ABR
|J|Prankster
|J|Cory's House
|choice|move 1|move 2
|
|cant|p2a: Golden Magikarp|slp
|move|p1a: Chansey|Seismic Toss|p2a: Golden Magikarp
|-damage|p2a: Golden Magikarp|133\/333 slp
|
|turn|52
|L|Zenadark
|J|MIX
|choice|switch 5|move 3
|
|switch|p1a: Tauros|Tauros|353\/353
|-curestatus|p2a: Golden Magikarp|slp
|
|turn|53
|L|Jimmy Turtwig
|choice|move 1|switch 2
|
|switch|p2a: Golden Magikarp|Starmie|66\/323 frz
|move|p1a: Tauros|Body Slam|p2a: Golden Magikarp
|-damage|p2a: Golden Magikarp|0 fnt
|faint|p2a: Golden Magikarp
|J|ibaneful
|L|ibaneful
|J|pokeaim
|L|Sweep
|J|Toxzn
|J|Sweep
|L|Toxzn
|choice||switch 3
|
|switch|p2a: Golden Magikarp|Exeggutor|223\/393
|turn|54
|choice|switch 5|move 4
|
|switch|p1a: Chansey|Chansey|593\/703 par
|move|p2a: Golden Magikarp|Explosion|p1a: Chansey
|-damage|p1a: Chansey|0 fnt
|faint|p1a: Chansey
|faint|p2a: Golden Magikarp
|L|babidi1998
|L|SaiyanMaster95
|choice|switch 6|switch 4
|
|switch|p2a: GOLDEN R.I.P.|Tauros|353\/353
|switch|p1a: Exeggutor|Exeggutor|232\/393 slp
|turn|55
|J|BlueShrek
|J|Based Scythe
|J|T412T
|L|T412T
|J|ox the fox
|J|kylecole
|L|Exploding Octopus
|J|Sacri'
|J|Honoka Kurai
|J|Tynamo211
|L|Jurishit
|J|Jurishit
|J|EdwardElric15
|L|Lana Del seldo
|J|Zebraiken
|J|Magermilchpuur
|choice|move 4|move 1
|
|move|p2a: GOLDEN R.I.P.|Body Slam|p1a: Exeggutor
|-damage|p1a: Exeggutor|127\/393 slp
|cant|p1a: Exeggutor|slp
|
|turn|56
|J|Aurious
|J|SOMALIA
|J|TestZed
|J|Tesung
|L|pokeaim
|choice|move 4|move 1
|
|move|p2a: GOLDEN R.I.P.|Body Slam|p1a: Exeggutor
|-damage|p1a: Exeggutor|14\/393 slp
|cant|p1a: Exeggutor|slp
|
|turn|57
|L|Tynamo211
|choice|move 4|move 1
|
|move|p2a: GOLDEN R.I.P.|Body Slam|p1a: Exeggutor
|-damage|p1a: Exeggutor|0 fnt
|faint|p1a: Exeggutor
|J|tricking
|J|MiltankMilk
|choice|switch 4|
|
|switch|p1a: Snorlax|Snorlax|416\/523 par
|turn|58
|J|TheEnder
|J|KanyeWestVEVO
|choice|move 2|move 1
|
|move|p2a: GOLDEN R.I.P.|Body Slam|p1a: Snorlax
|-damage|p1a: Snorlax|297\/523 par
|move|p1a: Snorlax|Reflect|p1a: Snorlax
|-start|p1a: Snorlax|Reflect
|
|turn|59
|J|Starmei
|J|sugarhigh
|J|die strong
|choice|move 4|move 1
|
|move|p2a: GOLDEN R.I.P.|Body Slam|p1a: Snorlax
|-damage|p1a: Snorlax|228\/523 par
|move|p1a: Snorlax|Rest|p1a: Snorlax
|-status|p1a: Snorlax|slp
|-heal|p1a: Snorlax|523\/523 slp|[silent]
|-status|p1a: Snorlax|slp|[from] move: Rest
|
|turn|60
|J|gimme lessons
|J|clueless
|choice|move 2|move 1
|
|move|p2a: GOLDEN R.I.P.|Body Slam|p1a: Snorlax
|-damage|p1a: Snorlax|459\/523 slp
|cant|p1a: Snorlax|slp
|
|turn|61
|J|snagaa
|J|verbal assassin
|choice|move 2|move 1
|
|move|p2a: GOLDEN R.I.P.|Body Slam|p1a: Snorlax
|-damage|p1a: Snorlax|393\/523 slp
|-curestatus|p1a: Snorlax|slp
|
|turn|62
|L|verbal assassin
|choice|move 1|move 3
|
|move|p2a: GOLDEN R.I.P.|Blizzard|p1a: Snorlax
|-damage|p1a: Snorlax|302\/523
|move|p1a: Snorlax|Body Slam|p2a: GOLDEN R.I.P.
|-damage|p2a: GOLDEN R.I.P.|242\/353
|
|turn|63
|L|Finchinator
|L|THEIRONKENYAN
|J|RFlush
|J|THEIRONKENYAN
|J|Shubaki
|choice|move 1|move 3
|
|move|p2a: GOLDEN R.I.P.|Blizzard|p1a: Snorlax
|-damage|p1a: Snorlax|211\/523
|move|p1a: Snorlax|Body Slam|p2a: GOLDEN R.I.P.
|-damage|p2a: GOLDEN R.I.P.|132\/353
|
|turn|64
|J|ibaneful
|choice|move 4|move 3
|
|move|p2a: GOLDEN R.I.P.|Blizzard|p1a: Snorlax
|-damage|p1a: Snorlax|119\/523
|move|p1a: Snorlax|Rest|p1a: Snorlax
|-status|p1a: Snorlax|slp
|-heal|p1a: Snorlax|523\/523 slp|[silent]
|-status|p1a: Snorlax|slp|[from] move: Rest
|
|turn|65
|J|MoxieInfinite
|choice|move 1|switch 2
|
|switch|p2a: Golden Magikarp|Jynx|133\/333
|cant|p1a: Snorlax|slp
|
|turn|66
|J|Hootie
|L|Based Scythe
|J|Brave bird miss
|J|ABR
|J|Based Scythe
|J|Paleo
|L|Brave bird miss
|L|Sablefugg
|choice|move 1|move 2
|
|move|p2a: Golden Magikarp|Psychic|p1a: Snorlax
|-crit|p1a: Snorlax
|-damage|p1a: Snorlax|275\/523 slp
|-curestatus|p1a: Snorlax|slp
|
|turn|67
|J|cescken
|choice|move 1|move 1
|
|move|p2a: Golden Magikarp|Lovely Kiss|p1a: Snorlax|[miss]
|-miss|p2a: Golden Magikarp
|move|p1a: Snorlax|Body Slam|p2a: Golden Magikarp
|-crit|p2a: Golden Magikarp
|-damage|p2a: Golden Magikarp|0 fnt
|faint|p2a: Golden Magikarp
|L|RickyGao
|L|Prankster
|J|djdxndjdj
|choice||switch 2
|
|switch|p2a: GOLDEN R.I.P.|Tauros|132\/353
|turn|68
|J|yung stef
|J|MattL
|J|Omastar
|J|babidi1998
|J|Lacus Clyne
|choice|move 1|move 1
|
|move|p2a: GOLDEN R.I.P.|Body Slam|p1a: Snorlax
|-damage|p1a: Snorlax|209\/523
|move|p1a: Snorlax|Body Slam|p2a: GOLDEN R.I.P.
|-damage|p2a: GOLDEN R.I.P.|18\/353
|
|turn|69
|L|Bomber
|c|★Agammemnon|Can I please get one, RNGEsus?
|J|Bowiquet
|c|★Agammemnon|I have been a good boy.
|c|★Agammemnon|I'm 25% sure about this.
|J|clucial
|choice|move 4|move 1
|
|move|p2a: GOLDEN R.I.P.|Body Slam|p1a: Snorlax
|-crit|p1a: Snorlax
|-damage|p1a: Snorlax|0 fnt
|faint|p1a: Snorlax
|J|Cerizawa
|J|Finchinator
|J|GOAO
|J|Quite Quiet
|choice|switch 5|
|
|switch|p1a: Tauros|Tauros|353\/353
|turn|70
|choice|move 1|move 4
|
|move|p1a: Tauros|Body Slam|p2a: GOLDEN R.I.P.
|-crit|p2a: GOLDEN R.I.P.
|-damage|p2a: GOLDEN R.I.P.|0 fnt
|faint|p2a: GOLDEN R.I.P.
|J|Booty for pokemon
|choice||switch 5
|
|switch|p2a: Golden Magikarp|Chansey|703\/703 par
|turn|71
|L|RFlush
|J|hingo
|L|kylecole
|J|mariveau80
|L|Booty for pokemon
|L|One Kick Girl
|L|MIX
|choice|move 1|move 2
|
|move|p1a: Tauros|Body Slam|p2a: Golden Magikarp
|-crit|p2a: Golden Magikarp
|-damage|p2a: Golden Magikarp|168\/703 par
|move|p2a: Golden Magikarp|Ice Beam|p1a: Tauros
|-damage|p1a: Tauros|252\/353
|
|turn|72
|L|Maaf
|c|★Golden Gyarados|gg
|L|MattL
|choice|move 1|move 2
|
|move|p1a: Tauros|Body Slam|p2a: Golden Magikarp
|-damage|p2a: Golden Magikarp|0 fnt
|faint|p2a: Golden Magikarp
|
|win|Golden Gyarados