|inactive|Battle timer is ON: inactive players will automatically lose when time's up.
|J|Earthworm
|J|Dice
|player|p1|Earthworm|169
|player|p2|Dice|168
|gametype|singles
|gen|1
|tier|[Gen 1] OU
|seed|57490,35576,50264,37899
|rule|Sleep Clause Mod: Limit one foe put to sleep
|rule|Freeze Clause Mod: Limit one foe frozen
|rule|Species Clause: Limit one of each Pokémon
|rule|OHKO Clause: OHKO moves are banned
|rule|Evasion Moves Clause: Evasion moves are banned
|rule|HP Percentage Mod: HP is shown in percentages
|
|start
|switch|p1a: Hypno|Hypno|373\/373
|switch|p2a: Gengar|Gengar|323\/323
|turn|1
|choice|move 2|move 1
|
|move|p2a: Gengar|Hypnosis|p1a: Hypno
|-status|p1a: Hypno|slp
|-curestatus|p1a: Hypno|slp
|
|turn|2
|choice|move 2|move 4
|
|move|p2a: Gengar|Night Shade|p1a: Hypno
|-damage|p1a: Hypno|273\/373
|move|p1a: Hypno|Thunder Wave|p2a: Gengar
|-status|p2a: Gengar|par
|
|turn|3
|c|★Earthworm|LOL
|c|★Dice|o
|c|★Dice|i didnt
|c|★Dice|evn notice
|c|★Dice|fuk
|c|★Dice|LOL
|c|★Dice|im bad
|choice|move 1|move 1
|
|move|p1a: Hypno|Psychic|p2a: Gengar
|-supereffective|p2a: Gengar
|-damage|p2a: Gengar|124\/323 par
|-unboost|p2a: Gengar|spd|1
|-unboost|p2a: Gengar|spa|1
|cant|p2a: Gengar|par
|
|turn|4
|c|★Dice|dam im sad
|choice|move 3|switch 2
|
|switch|p2a: Exeggutor|Exeggutor|393\/393
|move|p1a: Hypno|Hypnosis|p2a: Exeggutor
|-status|p2a: Exeggutor|slp
|
|turn|5
|choice|switch 2|switch 3
|
|switch|p1a: Tauros|Tauros|353\/353
|switch|p2a: Starmie|Starmie|323\/323
|
|turn|6
|choice|switch 4|move 1
|
|switch|p1a: Chansey|Chansey|703\/703
|move|p2a: Starmie|Blizzard|p1a: Chansey
|-damage|p1a: Chansey|606\/703
|
|turn|7
|J|boudouche
|choice|move 3|switch 4
|
|switch|p2a: Chansey|Chansey|703\/703
|move|p1a: Chansey|Thunder Wave|p2a: Chansey
|-status|p2a: Chansey|par
|
|turn|8
|L|boudouche
|choice|switch 5|move 4
|
|switch|p1a: Snorlax|Snorlax|523\/523
|cant|p2a: Chansey|par
|
|turn|9
|choice|move 4|move 3
|
|move|p1a: Snorlax|Headbutt|p2a: Chansey
|-damage|p2a: Chansey|481\/703 par
|cant|p2a: Chansey|flinch
|
|turn|10
|choice|move 4|switch 4
|
|switch|p2a: Starmie|Starmie|323\/323
|move|p1a: Snorlax|Headbutt|p2a: Starmie
|-damage|p2a: Starmie|225\/323
|
|turn|11
|c|★Dice|ur a homo
|choice|switch 5|move 3
|
|switch|p1a: Chansey|Chansey|606\/703
|move|p2a: Starmie|Thunder Wave|p1a: Chansey
|-status|p1a: Chansey|par
|
|turn|12
|choice|switch 5|switch 2
|
|switch|p2a: Gengar|Gengar|124\/323 par
|switch|p1a: Snorlax|Snorlax|523\/523
|
|turn|13
|choice|move 3|switch 2
|
|switch|p2a: Starmie|Starmie|225\/323
|move|p1a: Snorlax|Earthquake|p2a: Starmie
|-damage|p2a: Starmie|128\/323
|
|turn|14
|choice|move 1|move 4
|
|move|p2a: Starmie|Recover|p2a: Starmie
|-heal|p2a: Starmie|289\/323
|move|p1a: Snorlax|Body Slam|p2a: Starmie
|-crit|p2a: Starmie
|-damage|p2a: Starmie|75\/323
|-status|p2a: Starmie|par
|
|turn|15
|choice|move 4|switch 6
|
|switch|p2a: Snorlax|Snorlax|523\/523
|move|p1a: Snorlax|Headbutt|p2a: Snorlax
|-damage|p2a: Snorlax|402\/523
|
|turn|16
|choice|move 4|move 1
|
|move|p2a: Snorlax|Body Slam|p1a: Snorlax
|-damage|p1a: Snorlax|391\/523
|move|p1a: Snorlax|Headbutt|p2a: Snorlax
|-damage|p2a: Snorlax|291\/523
|
|turn|17
|choice|move 4|move 4
|
|move|p1a: Snorlax|Headbutt|p2a: Snorlax
|-damage|p2a: Snorlax|173\/523
|move|p2a: Snorlax|Self-Destruct|p1a: Snorlax
|-damage|p1a: Snorlax|0 fnt
|faint|p1a: Snorlax
|faint|p2a: Snorlax
|choice|switch 4|switch 4
|
|switch|p1a: Tauros|Tauros|353\/353
|switch|p2a: Chansey|Chansey|481\/703 par
|turn|18
|J|McMeghan
|J|Finchinator
|c|★Earthworm|how much does hyper beam
|c|★Earthworm|do
|c|★Earthworm|!calc hyper beam
|raw|<div class="infobox">Pok&eacute;mon Showdown! damage calculator. (Courtesy of Honko)<br \/>- <a href="https:\/\/pokemonshowdown.com\/damagecalc\/">Damage Calculator<\/a><\/div>
|c|★Dice|rofl
|c|★Dice|it doesnt matter
|c|★Dice|you'll crit
|c|★Dice|yn
|c|★Earthworm|o
|c|★Earthworm|it can kill
|c|★Dice|:_:
|c|★Dice|virus
|c|★Earthworm|this team
|c|★Earthworm|has flaws
|choice|move 3|move 2
|
|move|p1a: Tauros|Body Slam|p2a: Chansey
|-crit|p2a: Chansey
|-damage|p2a: Chansey|0 fnt
|faint|p2a: Chansey
|c|★Dice|.
|c|★Dice|i hateu 
|choice||switch 5
|
|switch|p2a: Tauros|Tauros|353\/353
|turn|19
|choice|move 1|move 2
|
|move|p2a: Tauros|Fire Blast|p1a: Tauros
|-damage|p1a: Tauros|266\/353
|-status|p1a: Tauros|brn
|move|p1a: Tauros|Fire Blast|p2a: Tauros
|-damage|p2a: Tauros|263\/353
|-damage|p1a: Tauros|244\/353 brn|[from] brn|[of] p2a: Tauros
|
|turn|20
|c|★Dice|ok plz win tauros
|J|Seigi7861
|c|★Dice|thx 
|J|Valentine
|c|★Earthworm|f*ck man
|c|★Earthworm|that sucsk
|choice|move 1|move 1
|
|move|p2a: Tauros|Body Slam|p1a: Tauros
|-crit|p1a: Tauros
|-damage|p1a: Tauros|50\/353 brn
|move|p1a: Tauros|Fire Blast|p2a: Tauros
|-damage|p2a: Tauros|163\/353
|-damage|p1a: Tauros|28\/353 brn|[from] brn|[of] p2a: Tauros
|
|turn|21
|choice|move 1|move 1
|
|move|p2a: Tauros|Body Slam|p1a: Tauros
|-damage|p1a: Tauros|0 fnt
|faint|p1a: Tauros
|c|★Dice|too bad
|c|★Dice|it doesnt mater
|c|★Dice|.cry
|L|Finchinator
|c|★Dice|i fcked up
|c|★Earthworm|it could matter
|choice|switch 6|
|
|switch|p1a: Starmie|Starmie|323\/323
|turn|22
|c|★Dice|coz im blinde
|c|★Earthworm|u wouldam issed
|c|★Earthworm|anyways
|c|★Earthworm|yn
|choice|move 3|move 1
|
|move|p1a: Starmie|Blizzard|p2a: Tauros
|-crit|p2a: Tauros
|-damage|p2a: Tauros|0 fnt
|faint|p2a: Tauros
|c|★Dice|.
|c|★Earthworm|ok
|c|★Earthworm|gg
|-message|Dice forfeited.
|
|win|Earthworm