|inactive|Battle timer is ON: inactive players will automatically lose when time's up.
|J|Vileman
|J|Nails
|player|p1|Vileman|165
|player|p2|Nails|101
|gametype|singles
|gen|1
|tier|[Gen 1] OU
|seed|943,34363,53341,6883
|rule|Sleep Clause Mod: Limit one foe put to sleep
|rule|Freeze Clause Mod: Limit one foe frozen
|rule|Species Clause: Limit one of each Pokémon
|rule|OHKO Clause: OHKO moves are banned
|rule|Evasion Moves Clause: Evasion moves are banned
|rule|HP Percentage Mod: HP is shown in percentages
|
|start
|switch|p1a: DJKHALED|Gengar|323\/323
|switch|p2a: Gengar|Gengar|323\/323
|turn|1
|J|Funkasaurus
|J|Madoka
|c|@Funkasaurus|we the best
|c|★Vileman|wise lead choice
|c|+Madoka|go vile!
|choice|move 1|move 1
|
|move|p2a: Gengar|Hypnosis|p1a: DJKHALED|[miss]
|-miss|p2a: Gengar
|move|p1a: DJKHALED|Hypnosis|p2a: Gengar|[miss]
|-miss|p1a: DJKHALED
|
|turn|2
|choice|move 1|move 1
|
|move|p2a: Gengar|Hypnosis|p1a: DJKHALED|[miss]
|-miss|p2a: Gengar
|move|p1a: DJKHALED|Hypnosis|p2a: Gengar
|-status|p2a: Gengar|slp
|
|turn|3
|c|★Nails|spooky.
|choice|move 4|move 1
|
|move|p1a: DJKHALED|Night Shade|p2a: Gengar
|-damage|p2a: Gengar|223\/323 slp
|-curestatus|p2a: Gengar|slp
|
|turn|4
|c|★Vileman|cheater
|c|★Nails|rekt
|choice|move 1|move 1
|
|move|p2a: Gengar|Hypnosis|p1a: DJKHALED
|-status|p1a: DJKHALED|slp
|cant|p1a: DJKHALED|slp
|
|turn|5
|c|★Vileman|lame
|c|★Nails|af
|choice|move 1|switch 5
|
|switch|p2a: Alakazam|Alakazam|313\/313
|-curestatus|p1a: DJKHALED|slp
|
|turn|6
|c|★Nails|cheater
|c|★Vileman|im booming
|c|★Vileman|yn
|c|★Nails|n
|c|★Vileman|youre right
|choice|move 1|move 1
|
|move|p2a: Alakazam|Psychic|p1a: DJKHALED
|-crit|p1a: DJKHALED
|-supereffective|p1a: DJKHALED
|-damage|p1a: DJKHALED|0 fnt
|faint|p1a: DJKHALED
|c|★Vileman|cause i got crit
|c|★Nails|ik
|c|★Vileman|sad
|choice|switch 5|
|
|switch|p1a: ALL I DO|Snorlax|523\/523
|turn|7
|choice|move 1|move 2
|
|move|p2a: Alakazam|Reflect|p2a: Alakazam
|-start|p2a: Alakazam|Reflect
|move|p1a: ALL I DO|Earthquake|p2a: Alakazam
|-damage|p2a: Alakazam|249\/313
|
|turn|8
|c|★Vileman|wat
|c|★Vileman|.madness
|c|★Vileman|if ONLY i coulda exploded
|choice|move 2|move 1
|
|move|p2a: Alakazam|Psychic|p1a: ALL I DO
|-crit|p1a: ALL I DO
|-damage|p1a: ALL I DO|172\/523
|move|p1a: ALL I DO|Body Slam|p2a: Alakazam
|-damage|p2a: Alakazam|159\/313
|-status|p2a: Alakazam|par
|
|turn|9
|choice|move 2|move 4
|
|move|p1a: ALL I DO|Body Slam|p2a: Alakazam
|-damage|p2a: Alakazam|72\/313 par
|move|p2a: Alakazam|Recover|p2a: Alakazam
|-heal|p2a: Alakazam|228\/313 par
|
|turn|10
|choice|move 2|move 3
|
|move|p1a: ALL I DO|Body Slam|p2a: Alakazam
|-damage|p2a: Alakazam|141\/313 par
|move|p2a: Alakazam|Thunder Wave|p1a: ALL I DO
|-status|p1a: ALL I DO|par
|
|turn|11
|choice|move 2|move 4
|
|move|p2a: Alakazam|Recover|p2a: Alakazam
|-heal|p2a: Alakazam|297\/313 par
|cant|p1a: ALL I DO|par
|
|turn|12
|c|★Vileman|yellow magic
|c|★Nails|zam wins again.
|c|★Vileman|why have you betrayed me
|choice|move 3|move 1
|
|move|p2a: Alakazam|Psychic|p1a: ALL I DO
|-damage|p1a: ALL I DO|0 fnt
|faint|p1a: ALL I DO
|L|Funkasaurus
|choice|switch 6|
|
|switch|p1a: NO MATTER WHAT|Exeggutor|393\/393
|turn|13
|choice|move 1|switch 6
|
|switch|p2a: Jynx|Jynx|333\/333
|move|p1a: NO MATTER WHAT|Psychic|p2a: Jynx
|-resisted|p2a: Jynx
|-damage|p2a: Jynx|271\/333
|-unboost|p2a: Jynx|spd|1
|-unboost|p2a: Jynx|spa|1
|
|turn|14
|choice|move 2|move 1
|
|move|p2a: Jynx|Lovely Kiss|p1a: NO MATTER WHAT
|-status|p1a: NO MATTER WHAT|slp
|-curestatus|p1a: NO MATTER WHAT|slp
|
|turn|15
|c|★Vileman|im immune
|choice|move 2|move 1
|
|move|p2a: Jynx|Lovely Kiss|p1a: NO MATTER WHAT
|-status|p1a: NO MATTER WHAT|slp
|cant|p1a: NO MATTER WHAT|slp
|
|turn|16
|c|★Vileman|jk
|c|★Vileman|@_@
|choice|move 2|move 2
|
|move|p2a: Jynx|Blizzard|p1a: NO MATTER WHAT
|-crit|p1a: NO MATTER WHAT
|-supereffective|p1a: NO MATTER WHAT
|-damage|p1a: NO MATTER WHAT|0 fnt
|faint|p1a: NO MATTER WHAT
|c|★Nails|got it
|c|★Vileman|got haxed
|choice|switch 4|
|
|switch|p1a: GOD IS GREAT|Tauros|353\/353
|turn|17
|choice|move 2|move 1
|
|move|p1a: GOD IS GREAT|Hyper Beam|p2a: Jynx
|-crit|p2a: Jynx
|-damage|p2a: Jynx|0 fnt
|faint|p2a: Jynx
|choice||switch 5
|
|switch|p2a: Gengar|Gengar|223\/323
|turn|18
|choice|move 4|move 1
|
|move|p1a: GOD IS GREAT|Earthquake|p2a: Gengar
|-crit|p2a: Gengar
|-supereffective|p2a: Gengar
|-damage|p2a: Gengar|0 fnt
|faint|p2a: Gengar
|c|★Nails|drats
|J|Benji010010
|c|★Vileman|yes!!!11!1!1!!!11!!1
|choice||switch 4
|
|switch|p2a: Zapdos|Zapdos|383\/383
|turn|19
|choice|switch 2|move 3
|
|switch|p1a: I CHANGED|Chansey|703\/703
|move|p2a: Zapdos|Thunder Wave|p1a: I CHANGED
|-status|p1a: I CHANGED|par
|
|turn|20
|c|★Vileman|counter
|c|★Vileman|yn
|choice|move 3|move 2
|
|move|p2a: Zapdos|Drill Peck|p1a: I CHANGED
|-damage|p1a: I CHANGED|465\/703 par
|cant|p1a: I CHANGED|par
|
|turn|21
|choice|move 1|move 2
|
|move|p2a: Zapdos|Drill Peck|p1a: I CHANGED
|-damage|p1a: I CHANGED|233\/703 par
|move|p1a: I CHANGED|Thunder Wave|p2a: Zapdos
|-status|p2a: Zapdos|par
|
|turn|22
|choice|move 4|move 2
|
|move|p2a: Zapdos|Drill Peck|p1a: I CHANGED
|-damage|p1a: I CHANGED|5\/703 par
|cant|p1a: I CHANGED|par
|
|turn|23
|c|★Nails|o.o
|c|★Vileman|got haxed
|choice|move 4|move 2
|
|cant|p2a: Zapdos|par
|move|p1a: I CHANGED|Soft-Boiled|p1a: I CHANGED
|-heal|p1a: I CHANGED|356\/703 par
|
|turn|24
|c|★Nails|same
|c|★Vileman|ah
|c|★Vileman|yellow magic
|J|Hidrazina
|c|★Vileman|bck at my side
|c|★Vileman|at last.
|choice|move 4|move 2
|
|move|p2a: Zapdos|Drill Peck|p1a: I CHANGED
|-crit|p1a: I CHANGED
|-damage|p1a: I CHANGED|0 fnt
|faint|p1a: I CHANGED
|c|★Vileman|nvm
|c|+Madoka|nope
|c|★Nails|easy
|c|★Vileman|@_@
|choice|switch 3|
|
|switch|p1a: WIN WIN WIN|Starmie|323\/323
|turn|25
|choice|move 1|switch 6
|
|switch|p2a: Alakazam|Alakazam|297\/313 par
|move|p1a: WIN WIN WIN|Blizzard|p2a: Alakazam
|-damage|p2a: Alakazam|226\/313 par
|
|turn|26
|choice|move 1|move 3
|
|move|p1a: WIN WIN WIN|Blizzard|p2a: Alakazam
|-crit|p2a: Alakazam
|-damage|p2a: Alakazam|79\/313 par
|move|p2a: Alakazam|Thunder Wave|p1a: WIN WIN WIN
|-status|p1a: WIN WIN WIN|par
|
|turn|27
|choice|move 1|move 4
|
|move|p2a: Alakazam|Recover|p2a: Alakazam
|-heal|p2a: Alakazam|235\/313 par
|move|p1a: WIN WIN WIN|Blizzard|p2a: Alakazam
|-crit|p2a: Alakazam
|-damage|p2a: Alakazam|85\/313 par
|
|turn|28
|c|★Vileman|no......
|c|★Vileman|para
|c|★Vileman|RITE NOW
|choice|move 1|move 4
|
|move|p2a: Alakazam|Recover|p2a: Alakazam
|-heal|p2a: Alakazam|241\/313 par
|move|p1a: WIN WIN WIN|Blizzard|p2a: Alakazam|[miss]
|-miss|p1a: WIN WIN WIN
|
|turn|29
|c|★Vileman|-_
|c|★Nails|almost a para
|c|★Nails|yn
|c|★Vileman|sad face goes here
|choice|move 1|move 2
|
|move|p2a: Alakazam|Reflect|p2a: Alakazam
|-start|p2a: Alakazam|Reflect
|move|p1a: WIN WIN WIN|Blizzard|p2a: Alakazam
|-damage|p2a: Alakazam|167\/313 par
|
|turn|30
|choice|move 3|move 4
|
|move|p2a: Alakazam|Recover|p2a: Alakazam
|-heal|p2a: Alakazam|313\/313 par
|move|p1a: WIN WIN WIN|Thunderbolt|p2a: Alakazam
|-crit|p2a: Alakazam
|-damage|p2a: Alakazam|205\/313 par
|
|turn|31
|choice|move 3|move 4
|
|cant|p2a: Alakazam|par
|move|p1a: WIN WIN WIN|Thunderbolt|p2a: Alakazam
|-damage|p2a: Alakazam|148\/313 par
|
|turn|32
|choice|move 1|move 4
|
|move|p2a: Alakazam|Recover|p2a: Alakazam
|-heal|p2a: Alakazam|304\/313 par
|move|p1a: WIN WIN WIN|Blizzard|p2a: Alakazam
|-crit|p2a: Alakazam
|-damage|p2a: Alakazam|165\/313 par
|
|turn|33
|choice|move 3|move 4
|
|move|p2a: Alakazam|Recover|p2a: Alakazam
|-heal|p2a: Alakazam|313\/313 par
|move|p1a: WIN WIN WIN|Thunderbolt|p2a: Alakazam
|-damage|p2a: Alakazam|252\/313 par
|
|turn|34
|c|★Vileman|come on come on 
|c|★Vileman|sad day for vileman
|choice|move 3|move 1
|
|move|p2a: Alakazam|Psychic|p1a: WIN WIN WIN
|-resisted|p1a: WIN WIN WIN
|-damage|p1a: WIN WIN WIN|258\/323 par
|-unboost|p1a: WIN WIN WIN|spd|1
|-unboost|p1a: WIN WIN WIN|spa|1
|move|p1a: WIN WIN WIN|Thunderbolt|p2a: Alakazam
|-damage|p2a: Alakazam|209\/313 par
|
|turn|35
|choice|move 3|move 1
|
|move|p2a: Alakazam|Psychic|p1a: WIN WIN WIN
|-crit|p1a: WIN WIN WIN
|-resisted|p1a: WIN WIN WIN
|-damage|p1a: WIN WIN WIN|124\/323 par
|move|p1a: WIN WIN WIN|Thunderbolt|p2a: Alakazam
|-crit|p2a: Alakazam
|-damage|p2a: Alakazam|100\/313 par
|
|turn|36
|choice|switch 2|move 1
|
|switch|p1a: GOD IS GREAT|Tauros|353\/353
|move|p2a: Alakazam|Psychic|p1a: GOD IS GREAT
|-crit|p1a: GOD IS GREAT
|-damage|p1a: GOD IS GREAT|44\/353
|-unboost|p1a: GOD IS GREAT|spd|1
|-unboost|p1a: GOD IS GREAT|spa|1
|
|turn|37
|c|+Madoka|easy
|c|★Nails|bulld.
|c|★Vileman|sad day
|c|★Vileman|the return of
|choice|move 2|move 1
|
|move|p1a: GOD IS GREAT|Hyper Beam|p2a: Alakazam
|-damage|p2a: Alakazam|0 fnt
|faint|p2a: Alakazam
|choice||switch 3
|
|switch|p2a: Snorlax|Snorlax|523\/523
|turn|38
|c|★Vileman|ill just
|c|★Vileman|freeze
|c|★Vileman|yn
|choice|move 3|move 1
|
|move|p1a: GOD IS GREAT|Blizzard|p2a: Snorlax
|-damage|p2a: Snorlax|462\/523
|move|p2a: Snorlax|Body Slam|p1a: GOD IS GREAT
|-damage|p1a: GOD IS GREAT|0 fnt
|faint|p1a: GOD IS GREAT
|c|★Vileman|got haxed
|choice|switch 2|
|
|switch|p1a: WIN WIN WIN|Starmie|124\/323 par
|turn|39
|c|★Nails|miss boom
|c|★Nails|yn
|c|★Vileman|y
|choice|move 1|move 4
|
|move|p2a: Snorlax|Self-Destruct|p1a: WIN WIN WIN
|-damage|p1a: WIN WIN WIN|0 fnt
|faint|p1a: WIN WIN WIN
|faint|p2a: Snorlax
|
|win|Nails