|J|BKC
|J|Selise
|player|p1|BKC|#bkc
|player|p2|Selise|128
|gametype|singles
|gen|1
|tier|[Gen 1] OU
|seed|
|rule|Sleep Clause Mod: Limit one foe put to sleep
|rule|Freeze Clause Mod: Limit one foe frozen
|rule|Species Clause: Limit one of each Pokémon
|rule|OHKO Clause: OHKO moves are banned
|rule|Evasion Moves Clause: Evasion moves are banned
|rule|HP Percentage Mod: HP is shown in percentages
|
|start
|switch|p1a: eyesland|Gengar, M|100\/100
|switch|p2a: Starmie|Starmie|100\/100
|turn|1
|J|BlazeShadowthorn
|J|CrashinBoomBang
|c|★BKC|have fun
|J|KratosMana
|J|scheisse
|J|mccauley
|J|Ciele
|J|Jirachee
|c|★Selise|You too, man. Good luck.
|L|KratosMana
|J|kamisama_no49
|J|Madoka
|J|AGuyWithPants
|J|Ridaz
|J|LOST IN THIS WORLD
|J|craing
|J|TDK
|choice||
|
|switch|p1a: depths of my soul|Chansey|100\/100
|move|p2a: Starmie|Thunder Wave|p1a: depths of my soul
|-status|p1a: depths of my soul|par
|
|turn|2
|L|AGuyWithPants
|L|TDK
|J|Confide
|L|Confide
|c|+kamisama_no49|ok, bkc
|c|+kamisama_no49|a present from me to u
|choice||
|
|switch|p2a: Chansey|Chansey|100\/100
|move|p1a: depths of my soul|Ice Beam|p2a: Chansey
|-damage|p2a: Chansey|90\/100
|
|turn|3
|c|+kamisama_no49|http:\/\/www.metalsucks.net\/2010\/10\/19\/a-tale-of-woe-how-gorguts-obscura-became-overrated\/
|c|★BKC|what a horrific title
|c|★BKC|metalsucks arent too credible
|c|+kamisama_no49|oh, absolutely
|c|★BKC|especially with an opinion like that
|choice||
|
|switch|p2a: Snorlax|Snorlax|100\/100
|move|p1a: depths of my soul|Ice Beam|p2a: Snorlax
|-damage|p2a: Snorlax|82\/100
|
|turn|4
|L|Ridaz
|choice||
|
|switch|p1a: ethereal forest|Exeggutor, M|100\/100
|move|p2a: Snorlax|Body Slam|p1a: ethereal forest
|-damage|p1a: ethereal forest|68\/100
|-status|p1a: ethereal forest|par
|
|turn|5
|c|+kamisama_no49|i just wanted to provide an example of the nay-sayers
|choice||
|
|switch|p2a: Starmie|Starmie|100\/100
|cant|p1a: ethereal forest|par
|
|turn|6
|choice||
|
|switch|p1a: depths of my soul|Chansey|100\/100 par
|move|p2a: Starmie|Blizzard|p1a: depths of my soul
|-damage|p1a: depths of my soul|87\/100 par
|
|turn|7
|choice||
|
|switch|p2a: Snorlax|Snorlax|82\/100
|move|p1a: depths of my soul|Ice Beam|p2a: Snorlax
|-crit|p2a: Snorlax
|-damage|p2a: Snorlax|46\/100
|
|turn|8
|choice||
|
|switch|p1a: eyesland|Gengar, M|100\/100
|move|p2a: Snorlax|Rest|p2a: Snorlax
|-status|p2a: Snorlax|slp
|-heal|p2a: Snorlax|100\/100 slp|[silent]
|-status|p2a: Snorlax|slp|[from] move: Rest
|
|turn|9
|L|craing
|J|Fireburn
|c|+Fireburn|bkc
|c|★BKC|yo
|c|+Fireburn|win this game for sansa
|c|+Fireburn|yn
|c|★BKC|YEAH
|choice||
|
|switch|p1a: as the tears fall|Snorlax, M|100\/100
|cant|p2a: Snorlax|slp
|
|turn|10
|choice||
|
|move|p1a: as the tears fall|Body Slam|p2a: Snorlax
|-damage|p2a: Snorlax|76\/100 slp
|-curestatus|p2a: Snorlax|slp
|
|turn|11
|choice||
|
|move|p1a: as the tears fall|Body Slam|p2a: Snorlax
|-crit|p2a: Snorlax
|-damage|p2a: Snorlax|28\/100
|move|p2a: Snorlax|Reflect|p2a: Snorlax
|-start|p2a: Snorlax|Reflect
|
|turn|12
|choice||
|
|move|p2a: Snorlax|Rest|p2a: Snorlax
|-status|p2a: Snorlax|slp
|-heal|p2a: Snorlax|100\/100 slp|[silent]
|-status|p2a: Snorlax|slp|[from] move: Rest
|move|p1a: as the tears fall|Hyper Beam|p2a: Snorlax|[miss]
|-miss|p1a: as the tears fall
|
|turn|13
|choice||
|
|switch|p1a: eyesland|Gengar, M|100\/100
|cant|p2a: Snorlax|slp
|
|turn|14
|choice||
|
|move|p1a: eyesland|Thunderbolt|p2a: Snorlax
|-damage|p2a: Snorlax|79\/100 slp
|-curestatus|p2a: Snorlax|slp
|
|turn|15
|J|dodmen
|choice||
|
|switch|p2a: Alakazam|Alakazam|100\/100
|move|p1a: eyesland|Hypnosis|p2a: Alakazam
|-status|p2a: Alakazam|slp
|
|turn|16
|J|peli
|choice||
|
|switch|p2a: Exeggutor|Exeggutor|100\/100
|move|p1a: eyesland|Night Shade|p2a: Exeggutor
|-damage|p2a: Exeggutor|75\/100
|
|turn|17
|choice||
|
|switch|p1a: ethereal forest|Exeggutor, M|68\/100 par
|move|p2a: Exeggutor|Psychic|p1a: ethereal forest
|-resisted|p1a: ethereal forest
|-damage|p1a: ethereal forest|55\/100 par
|
|turn|18
|choice||
|
|switch|p2a: Chansey|Chansey|90\/100
|move|p1a: ethereal forest|Mega Drain|p2a: Chansey
|-damage|p2a: Chansey|83\/100
|-heal|p1a: ethereal forest|62\/100 par|[from] drain|[of] p2a: Chansey
|
|turn|19
|choice||
|
|switch|p1a: depths of my soul|Chansey|87\/100 par
|move|p2a: Chansey|Ice Beam|p1a: depths of my soul
|-damage|p1a: depths of my soul|76\/100 par
|
|turn|20
|choice||
|
|switch|p2a: Alakazam|Alakazam|100\/100 slp
|move|p1a: depths of my soul|Ice Beam|p2a: Alakazam
|-damage|p2a: Alakazam|80\/100 slp
|
|turn|21
|choice||
|
|cant|p2a: Alakazam|slp
|move|p1a: depths of my soul|Ice Beam|p2a: Alakazam
|-damage|p2a: Alakazam|61\/100 slp
|
|turn|22
|choice||
|
|switch|p1a: as the tears fall|Snorlax, M|100\/100
|cant|p2a: Alakazam|slp
|
|turn|23
|choice||
|
|switch|p2a: Exeggutor|Exeggutor|75\/100
|move|p1a: as the tears fall|Body Slam|p2a: Exeggutor
|-damage|p2a: Exeggutor|42\/100
|
|turn|24
|L|CrashinBoomBang
|choice||
|
|switch|p1a: ethereal forest|Exeggutor, M|62\/100 par
|move|p2a: Exeggutor|Sleep Powder|p1a: ethereal forest
|-fail|p1a: ethereal forest
|
|turn|25
|choice||
|
|move|p2a: Exeggutor|Double-Edge|p1a: ethereal forest
|-damage|p1a: ethereal forest|40\/100 par
|-damage|p2a: Exeggutor|37\/100|[from] recoil|[of] p1a: ethereal forest
|cant|p1a: ethereal forest|par
|
|turn|26
|choice||
|
|switch|p2a: Chansey|Chansey|83\/100
|move|p1a: ethereal forest|Psychic|p2a: Chansey
|-damage|p2a: Chansey|65\/100
|
|turn|27
|choice||
|
|switch|p1a: depths of my soul|Chansey|76\/100 par
|move|p2a: Chansey|Soft-Boiled|p2a: Chansey
|-heal|p2a: Chansey|100\/100
|
|turn|28
|choice||
|
|switch|p2a: Snorlax|Snorlax|79\/100
|move|p1a: depths of my soul|Ice Beam|p2a: Snorlax
|-damage|p2a: Snorlax|59\/100
|
|turn|29
|choice||
|
|switch|p1a: eyesland|Gengar, M|100\/100
|move|p2a: Snorlax|Body Slam|p1a: eyesland
|-immune|p1a: eyesland|[msg]
|
|turn|30
|choice||
|
|switch|p2a: Chansey|Chansey|100\/100
|move|p1a: eyesland|Thunderbolt|p2a: Chansey
|-crit|p2a: Chansey
|-damage|p2a: Chansey|77\/100
|
|turn|31
|L|BlazeShadowthorn
|choice||
|
|move|p1a: eyesland|Thunderbolt|p2a: Chansey
|-damage|p2a: Chansey|65\/100
|move|p2a: Chansey|Ice Beam|p1a: eyesland
|-damage|p1a: eyesland|80\/100
|
|turn|32
|choice||
|
|switch|p1a: depths of my soul|Chansey|76\/100 par
|move|p2a: Chansey|Soft-Boiled|p2a: Chansey
|-heal|p2a: Chansey|100\/100
|
|turn|33
|choice||
|
|switch|p2a: Starmie|Starmie|100\/100
|move|p1a: depths of my soul|Ice Beam|p2a: Starmie
|-resisted|p2a: Starmie
|-damage|p2a: Starmie|88\/100
|-status|p2a: Starmie|frz
|
|turn|34
|c|+Fireburn|that was cold bkc
|J|Finchinator
|L|Finchinator
|c|★BKC|icy like the north from where sansa comes
|choice||
|
|switch|p2a: Chansey|Chansey|100\/100
|move|p1a: depths of my soul|Soft-Boiled|p1a: depths of my soul
|-heal|p1a: depths of my soul|100\/100 par
|
|turn|35
|choice||
|
|move|p2a: Chansey|Reflect|p2a: Chansey
|-start|p2a: Chansey|Reflect
|cant|p1a: depths of my soul|par
|
|turn|36
|choice||
|
|move|p2a: Chansey|Reflect|p2a: Chansey
|-fail|p2a: Chansey
|move|p1a: depths of my soul|Thunder Wave|p2a: Chansey
|-status|p2a: Chansey|par
|
|turn|37
|J|Purrl
|choice||
|
|move|p2a: Chansey|Thunder Wave|p1a: depths of my soul
|-fail|p1a: depths of my soul|par
|cant|p1a: depths of my soul|par
|
|turn|38
|choice||
|
|move|p2a: Chansey|Reflect|p2a: Chansey
|-fail|p2a: Chansey
|move|p1a: depths of my soul|Thunderbolt|p2a: Chansey
|-damage|p2a: Chansey|90\/100 par
|
|turn|39
|J|SoulWind
|choice||
|
|move|p1a: depths of my soul|Thunderbolt|p2a: Chansey
|-damage|p2a: Chansey|80\/100 par
|move|p2a: Chansey|Thunder Wave|p1a: depths of my soul
|-fail|p1a: depths of my soul|par
|
|turn|40
|choice||
|
|move|p1a: depths of my soul|Thunderbolt|p2a: Chansey
|-damage|p2a: Chansey|69\/100 par
|move|p2a: Chansey|Reflect|p2a: Chansey
|-fail|p2a: Chansey
|
|turn|41
|choice||
|
|switch|p1a: diabolical beauty|Persian|100\/100
|move|p2a: Chansey|Soft-Boiled|p2a: Chansey
|-heal|p2a: Chansey|100\/100 par
|
|turn|42
|choice||
|
|move|p1a: diabolical beauty|Slash|p2a: Chansey
|-crit|p2a: Chansey
|-damage|p2a: Chansey|53\/100 par
|move|p2a: Chansey|Thunder Wave|p1a: diabolical beauty
|-status|p1a: diabolical beauty|par
|
|turn|43
|choice||
|
|move|p1a: diabolical beauty|Slash|p2a: Chansey
|-crit|p2a: Chansey
|-damage|p2a: Chansey|3\/100 par
|cant|p2a: Chansey|par
|
|turn|44
|choice||
|
|move|p1a: diabolical beauty|Slash|p2a: Chansey
|-crit|p2a: Chansey
|-damage|p2a: Chansey|0 fnt
|faint|p2a: Chansey
|choice||
|
|switch|p2a: Snorlax|Snorlax|59\/100
|turn|45
|choice||
|
|switch|p2a: Exeggutor|Exeggutor|37\/100
|move|p1a: diabolical beauty|Slash|p2a: Exeggutor
|-crit|p2a: Exeggutor
|-damage|p2a: Exeggutor|0 fnt
|faint|p2a: Exeggutor
|choice||
|
|switch|p2a: Tauros|Tauros|100\/100
|turn|46
|choice||
|
|move|p2a: Tauros|Hyper Beam|p1a: diabolical beauty|[miss]
|-miss|p2a: Tauros
|cant|p1a: diabolical beauty|par
|
|turn|47
|choice||
|
|move|p2a: Tauros|Hyper Beam|p1a: diabolical beauty
|-crit|p1a: diabolical beauty
|-damage|p1a: diabolical beauty|0 fnt
|faint|p1a: diabolical beauty
|choice||
|
|switch|p1a: as the tears fall|Snorlax, M|100\/100
|turn|48
|choice||
|
|switch|p2a: Starmie|Starmie|88\/100 frz
|move|p1a: as the tears fall|Body Slam|p2a: Starmie
|-damage|p2a: Starmie|53\/100 frz
|
|turn|49
|L|peli
|J|Ununhexium
|L|Ununhexium
|choice||
|
|switch|p1a: ethereal forest|Exeggutor, M|40\/100 par
|cant|p2a: Starmie|frz
|
|turn|50
|choice||
|
|switch|p2a: Snorlax|Snorlax|59\/100
|cant|p1a: ethereal forest|par
|
|turn|51
|choice||
|
|switch|p2a: Starmie|Starmie|53\/100 frz
|move|p1a: ethereal forest|Psychic|p2a: Starmie
|-resisted|p2a: Starmie
|-damage|p2a: Starmie|35\/100 frz
|
|turn|52
|J|Ununhexium
|choice||
|
|switch|p2a: Snorlax|Snorlax|59\/100
|move|p1a: ethereal forest|Mega Drain|p2a: Snorlax
|-damage|p2a: Snorlax|46\/100
|-heal|p1a: ethereal forest|49\/100 par|[from] drain|[of] p2a: Snorlax
|
|turn|53
|choice||
|
|move|p2a: Snorlax|Body Slam|p1a: ethereal forest
|-damage|p1a: ethereal forest|17\/100 par
|cant|p1a: ethereal forest|par
|
|turn|54
|choice||
|
|switch|p1a: eyesland|Gengar, M|80\/100
|move|p2a: Snorlax|Body Slam|p1a: eyesland
|-immune|p1a: eyesland|[msg]
|
|turn|55
|choice||
|
|move|p1a: eyesland|Thunderbolt|p2a: Snorlax
|-damage|p2a: Snorlax|25\/100
|move|p2a: Snorlax|Amnesia|p2a: Snorlax
|-boost|p2a: Snorlax|spd|2
|-boost|p2a: Snorlax|spa|2
|
|turn|56
|choice||
|
|move|p1a: eyesland|Explosion|p2a: Snorlax
|-crit|p2a: Snorlax
|-damage|p2a: Snorlax|0 fnt
|faint|p2a: Snorlax
|faint|p1a: eyesland
|choice||
|
|switch|p2a: Tauros|Tauros|100\/100
|switch|p1a: everflaming|Tauros|100\/100
|turn|57
|L|Ciele
|choice||
|
|move|p1a: everflaming|Body Slam|p2a: Tauros
|-damage|p2a: Tauros|72\/100
|move|p2a: Tauros|Body Slam|p1a: everflaming
|-crit|p1a: everflaming
|-damage|p1a: everflaming|45\/100
|
|turn|58
|choice||
|
|switch|p2a: Starmie|Starmie|35\/100 frz
|switch|p1a: ethereal forest|Exeggutor, M|17\/100 par
|
|turn|59
|choice||
|
|switch|p2a: Tauros|Tauros|72\/100
|move|p1a: ethereal forest|Mega Drain|p2a: Tauros
|-damage|p2a: Tauros|51\/100
|-heal|p1a: ethereal forest|26\/100 par|[from] drain|[of] p2a: Tauros
|
|turn|60
|choice||
|
|move|p2a: Tauros|Substitute|p2a: Tauros
|-start|p2a: Tauros|Substitute
|-damage|p2a: Tauros|26\/100
|move|p1a: ethereal forest|Explosion|p2a: Tauros
|-end|p2a: Tauros|Substitute
|
|turn|61
|choice||
|
|move|p2a: Tauros|Substitute|p2a: Tauros
|-start|p2a: Tauros|Substitute
|-damage|p2a: Tauros|1\/100
|cant|p1a: ethereal forest|par
|
|turn|62
|J|Nails
|choice||
|
|move|p2a: Tauros|Body Slam|p1a: ethereal forest
|-damage|p1a: ethereal forest|0 fnt
|faint|p1a: ethereal forest
|choice||
|
|switch|p1a: depths of my soul|Chansey|100\/100 par
|turn|63
|choice||
|
|move|p2a: Tauros|Body Slam|p1a: depths of my soul
|-damage|p1a: depths of my soul|64\/100 par
|cant|p1a: depths of my soul|par
|
|turn|64
|L|Ununhexium
|J|Moony
|choice||
|
|move|p2a: Tauros|Body Slam|p1a: depths of my soul
|-damage|p1a: depths of my soul|24\/100 par
|move|p1a: depths of my soul|Thunder Wave|p2a: Tauros
|-status|p2a: Tauros|par
|
|turn|65
|c|+Nails|lol k.
|choice||
|
|move|p2a: Tauros|Body Slam|p1a: depths of my soul
|-damage|p1a: depths of my soul|0 fnt
|faint|p1a: depths of my soul
|choice||
|
|switch|p1a: as the tears fall|Snorlax, M|100\/100
|turn|66
|choice||
|
|move|p1a: as the tears fall|Body Slam|p2a: Tauros
|-end|p2a: Tauros|Substitute
|move|p2a: Tauros|Blizzard|p1a: as the tears fall
|-damage|p1a: as the tears fall|83\/100
|
|turn|67
|choice||
|
|switch|p2a: Starmie|Starmie|35\/100 frz
|move|p1a: as the tears fall|Body Slam|p2a: Starmie
|-crit|p2a: Starmie
|-damage|p2a: Starmie|0 fnt
|faint|p2a: Starmie
|choice||
|
|switch|p2a: Alakazam|Alakazam|61\/100 slp
|turn|68
|choice||
|
|-curestatus|p2a: Alakazam|slp
|move|p1a: as the tears fall|Body Slam|p2a: Alakazam
|-damage|p2a: Alakazam|9\/100
|
|turn|69
|choice||
|
|move|p2a: Alakazam|Thunder Wave|p1a: as the tears fall
|-status|p1a: as the tears fall|par
|move|p1a: as the tears fall|Body Slam|p2a: Alakazam
|-crit|p2a: Alakazam
|-damage|p2a: Alakazam|0 fnt
|faint|p2a: Alakazam
|choice||
|
|switch|p2a: Tauros|Tauros|1\/100 par
|turn|70
|choice||
|
|cant|p2a: Tauros|par
|move|p1a: as the tears fall|Body Slam|p2a: Tauros
|-damage|p2a: Tauros|0 fnt
|faint|p2a: Tauros
|
|win|BKC
|player|p1
|player|p2
|c|★Selise|gg
|c|★BKC|gg
|L|BKC
|L|Selise
|L|Jirachee
|L|mccauley
|J|SOMALIA
|L|SOMALIA
|L|Purrl
|L|Madoka