|inactive|Battle timer is ON: inactive players will automatically lose when time's up.
|J|Aurious
|J|CrapAtRBY
|player|p1|Aurious|56
|player|p2|CrapAtRBY|169
|gametype|singles
|gen|1
|tier|[Gen 1] OU
|seed|17498,16140,29174,19724
|rule|Sleep Clause Mod: Limit one foe put to sleep
|rule|Freeze Clause Mod: Limit one foe frozen
|rule|Species Clause: Limit one of each Pokémon
|rule|OHKO Clause: OHKO moves are banned
|rule|Evasion Moves Clause: Evasion moves are banned
|rule|HP Percentage Mod: HP is shown in percentages
|
|start
|switch|p1a: Alakazam|Alakazam|313\/313
|switch|p2a: Jynx|Jynx|333\/333
|turn|1
|c|★Aurious|hf
|J|rei
|J|deoxys speed lol
|L|rei
|choice|move 3|move 1
|
|move|p1a: Alakazam|Thunder Wave|p2a: Jynx
|-status|p2a: Jynx|par
|move|p2a: Jynx|Blizzard|p1a: Alakazam
|-damage|p1a: Alakazam|201\/313
|
|turn|2
|c|★CrapAtRBY|you too
|choice|move 1|move 4
|
|move|p1a: Alakazam|Seismic Toss|p2a: Jynx
|-damage|p2a: Jynx|233\/333 par
|move|p2a: Jynx|Counter|p1a: Alakazam
|-damage|p1a: Alakazam|1\/313
|
|turn|3
|choice|move 4|move 1
|
|move|p1a: Alakazam|Recover|p1a: Alakazam
|-heal|p1a: Alakazam|157\/313
|cant|p2a: Jynx|par
|
|turn|4
|choice|move 1|move 3
|
|move|p1a: Alakazam|Seismic Toss|p2a: Jynx
|-damage|p2a: Jynx|133\/333 par
|move|p2a: Jynx|Lovely Kiss|p1a: Alakazam|[miss]
|-miss|p2a: Jynx
|
|turn|5
|choice|move 2|move 3
|
|move|p1a: Alakazam|Psychic|p2a: Jynx
|-resisted|p2a: Jynx
|-damage|p2a: Jynx|71\/333 par
|move|p2a: Jynx|Lovely Kiss|p1a: Alakazam
|-status|p1a: Alakazam|slp
|
|turn|6
|choice|switch 6|move 1
|
|switch|p1a: Chansey|Chansey|703\/703
|move|p2a: Jynx|Blizzard|p1a: Chansey
|-damage|p1a: Chansey|574\/703
|
|turn|7
|choice|move 4|switch 3
|
|switch|p2a: Chansey|Chansey|703\/703
|move|p1a: Chansey|Thunderbolt|p2a: Chansey
|-damage|p2a: Chansey|626\/703
|
|turn|8
|choice|move 3|move 3
|
|move|p2a: Chansey|Blizzard|p1a: Chansey
|-damage|p1a: Chansey|485\/703
|move|p1a: Chansey|Ice Beam|p2a: Chansey
|-damage|p2a: Chansey|557\/703
|-status|p2a: Chansey|frz
|
|turn|9
|c|★Aurious|lol
|c|★Aurious|im so bad
|c|★CrapAtRBY|lol
|c|★Aurious|sorry man
|c|★CrapAtRBY|That's rby
|choice|move 1|switch 4
|
|switch|p2a: Snorlax|Snorlax|523\/523
|move|p1a: Chansey|Thunder Wave|p2a: Snorlax
|-status|p2a: Snorlax|par
|
|turn|10
|choice|switch 3|move 1
|
|switch|p1a: Rhydon|Rhydon|413\/413
|move|p2a: Snorlax|Body Slam|p1a: Rhydon
|-resisted|p1a: Rhydon
|-damage|p1a: Rhydon|365\/413
|
|turn|11
|choice|move 2|switch 6
|
|switch|p2a: Lapras|Lapras|463\/463
|move|p1a: Rhydon|Rock Slide|p2a: Lapras
|-supereffective|p2a: Lapras
|-damage|p2a: Lapras|211\/463
|
|turn|12
|choice|switch 3|move 3
|
|switch|p1a: Chansey|Chansey|485\/703
|move|p2a: Lapras|Confuse Ray|p1a: Chansey
|-start|p1a: Chansey|confusion
|
|turn|13
|choice|switch 2|move 1
|
|switch|p1a: Slowbro|Slowbro|393\/393
|move|p2a: Lapras|Blizzard|p1a: Slowbro
|-resisted|p1a: Slowbro
|-damage|p1a: Slowbro|314\/393
|
|turn|14
|choice|move 2|move 3
|
|move|p2a: Lapras|Confuse Ray|p1a: Slowbro
|-start|p1a: Slowbro|confusion
|-activate|p1a: Slowbro|confusion
|move|p1a: Slowbro|Thunder Wave|p2a: Lapras
|-status|p2a: Lapras|par
|
|turn|15
|choice|switch 2|move 2
|
|switch|p1a: Chansey|Chansey|485\/703
|move|p2a: Lapras|Thunderbolt|p1a: Chansey
|-damage|p1a: Chansey|414\/703
|-status|p1a: Chansey|par
|
|turn|16
|choice|move 2|move 3
|
|move|p2a: Lapras|Confuse Ray|p1a: Chansey
|-start|p1a: Chansey|confusion
|-activate|p1a: Chansey|confusion
|move|p1a: Chansey|Soft-Boiled|p1a: Chansey
|-heal|p1a: Chansey|703\/703 par
|
|turn|17
|choice|switch 2|move 1
|
|switch|p1a: Slowbro|Slowbro|314\/393
|cant|p2a: Lapras|par
|
|turn|18
|choice|move 4|move 3
|
|move|p1a: Slowbro|Amnesia|p1a: Slowbro
|-boost|p1a: Slowbro|spd|2
|-boost|p1a: Slowbro|spa|2
|move|p2a: Lapras|Confuse Ray|p1a: Slowbro
|-start|p1a: Slowbro|confusion
|
|turn|19
|choice|move 1|move 2
|
|-activate|p1a: Slowbro|confusion
|-damage|p1a: Slowbro|286\/393|[from] confusion
|move|p2a: Lapras|Thunderbolt|p1a: Slowbro
|-supereffective|p1a: Slowbro
|-damage|p1a: Slowbro|200\/393
|
|turn|20
|choice|move 1|move 2
|
|-end|p1a: Slowbro|confusion
|move|p1a: Slowbro|Surf|p2a: Lapras
|-resisted|p2a: Lapras
|-damage|p2a: Lapras|109\/463 par
|move|p2a: Lapras|Thunderbolt|p1a: Slowbro
|-supereffective|p1a: Slowbro
|-damage|p1a: Slowbro|111\/393
|
|turn|21
|choice|move 3|move 3
|
|move|p1a: Slowbro|Rest|p1a: Slowbro
|-status|p1a: Slowbro|slp
|-heal|p1a: Slowbro|393\/393 slp|[silent]
|-status|p1a: Slowbro|slp|[from] move: Rest
|move|p2a: Lapras|Confuse Ray|p1a: Slowbro
|-start|p1a: Slowbro|confusion
|
|turn|22
|choice|switch 2|move 2
|
|switch|p1a: Chansey|Chansey|703\/703 par
|move|p2a: Lapras|Thunderbolt|p1a: Chansey
|-damage|p1a: Chansey|634\/703 par
|
|turn|23
|choice|move 4|move 3
|
|move|p1a: Chansey|Thunderbolt|p2a: Lapras
|-supereffective|p2a: Lapras
|-damage|p2a: Lapras|0 fnt
|faint|p2a: Lapras
|choice||switch 5
|
|switch|p2a: Tauros|Tauros|353\/353
|turn|24
|choice|move 1|move 1
|
|move|p2a: Tauros|Body Slam|p1a: Chansey
|-damage|p1a: Chansey|371\/703 par
|move|p1a: Chansey|Thunder Wave|p2a: Tauros
|-status|p2a: Tauros|par
|
|turn|25
|choice|switch 4|move 1
|
|switch|p1a: Exeggutor|Exeggutor|393\/393
|cant|p2a: Tauros|par
|
|turn|26
|choice|move 3|move 1
|
|move|p1a: Exeggutor|Psychic|p2a: Tauros
|-damage|p2a: Tauros|204\/353 par
|move|p2a: Tauros|Body Slam|p1a: Exeggutor
|-damage|p1a: Exeggutor|278\/393
|
|turn|27
|choice|move 3|move 4
|
|move|p1a: Exeggutor|Psychic|p2a: Tauros
|-damage|p2a: Tauros|55\/353 par
|move|p2a: Tauros|Blizzard|p1a: Exeggutor
|-supereffective|p1a: Exeggutor
|-damage|p1a: Exeggutor|143\/393
|
|turn|28
|choice|move 3|switch 2
|
|switch|p2a: Exeggutor|Exeggutor|393\/393
|move|p1a: Exeggutor|Psychic|p2a: Exeggutor
|-resisted|p2a: Exeggutor
|-damage|p2a: Exeggutor|343\/393
|
|turn|29
|choice|move 1|move 2
|
|move|p1a: Exeggutor|Sleep Powder|p2a: Exeggutor
|-status|p2a: Exeggutor|slp
|cant|p2a: Exeggutor|slp
|
|turn|30
|choice|move 3|switch 6
|
|switch|p2a: Snorlax|Snorlax|523\/523 par
|move|p1a: Exeggutor|Psychic|p2a: Snorlax
|-damage|p2a: Snorlax|356\/523 par
|
|turn|31
|choice|move 4|move 2
|
|move|p1a: Exeggutor|Explosion|p2a: Snorlax
|-damage|p2a: Snorlax|41\/523 par
|faint|p1a: Exeggutor
|choice|switch 3|
|
|switch|p1a: Rhydon|Rhydon|365\/413
|turn|32
|choice|move 1|switch 6
|
|switch|p2a: Exeggutor|Exeggutor|343\/393 slp
|move|p1a: Rhydon|Earthquake|p2a: Exeggutor
|-resisted|p2a: Exeggutor
|-damage|p2a: Exeggutor|259\/393 slp
|
|turn|33
|choice|move 2|move 3
|
|cant|p2a: Exeggutor|slp
|move|p1a: Rhydon|Rock Slide|p2a: Exeggutor
|-damage|p2a: Exeggutor|151\/393 slp
|
|turn|34
|choice|move 2|move 2
|
|-curestatus|p2a: Exeggutor|slp
|move|p1a: Rhydon|Rock Slide|p2a: Exeggutor|[miss]
|-miss|p1a: Rhydon
|
|turn|35
|choice|switch 4|move 2
|
|switch|p1a: Chansey|Chansey|371\/703 par
|move|p2a: Exeggutor|Stun Spore|p1a: Chansey
|-fail|p1a: Chansey|par
|
|turn|36
|choice|move 3|move 3
|
|move|p2a: Exeggutor|Psychic|p1a: Chansey
|-damage|p1a: Chansey|261\/703 par
|-unboost|p1a: Chansey|spd|1
|-unboost|p1a: Chansey|spa|1
|move|p1a: Chansey|Ice Beam|p2a: Exeggutor
|-supereffective|p2a: Exeggutor
|-damage|p2a: Exeggutor|63\/393
|-message|Freeze Clause activated.
|
|turn|37
|choice|move 3|move 3
|
|move|p2a: Exeggutor|Psychic|p1a: Chansey
|-damage|p1a: Chansey|69\/703 par
|move|p1a: Chansey|Ice Beam|p2a: Exeggutor
|-supereffective|p2a: Exeggutor
|-damage|p2a: Exeggutor|0 fnt
|faint|p2a: Exeggutor
|choice||switch 2
|
|switch|p2a: Tauros|Tauros|55\/353 par
|turn|38
|choice|move 4|move 3
|
|move|p2a: Tauros|Earthquake|p1a: Chansey
|-damage|p1a: Chansey|0 fnt
|faint|p1a: Chansey
|choice|switch 5|
|
|switch|p1a: Tauros|Tauros|353\/353
|turn|39
|choice|move 1|move 2
|
|move|p1a: Tauros|Body Slam|p2a: Tauros
|-damage|p2a: Tauros|0 fnt
|faint|p2a: Tauros
|choice||switch 6
|
|switch|p2a: Snorlax|Snorlax|41\/523 par
|turn|40
|choice|move 1|move 4
|
|move|p1a: Tauros|Body Slam|p2a: Snorlax
|-damage|p2a: Snorlax|0 fnt
|faint|p2a: Snorlax
|c|★CrapAtRBY|GGs, gl in the rest of the tournament
|-message|CrapAtRBY forfeited.
|
|win|Aurious