|J|teal6
|J|Kingler12345
|player|p1|teal6|102
|player|p2|Kingler12345|2
|gametype|singles
|gen|1
|tier|[Gen 1] OU
|seed|32997,8538,5154,64457
|rule|Sleep Clause Mod: Limit one foe put to sleep
|rule|Freeze Clause Mod: Limit one foe frozen
|rule|Species Clause: Limit one of each Pokémon
|rule|OHKO Clause: OHKO moves are banned
|rule|Evasion Moves Clause: Evasion moves are banned
|rule|HP Percentage Mod: HP is shown in percentages
|
|start
|switch|p1a: Alakazam|Alakazam|313\/313
|switch|p2a: Gengar|Gengar|323\/323
|turn|1
|c|★Kingler12345|have fun
|choice|move 1|switch 2
|
|switch|p2a: Chansey|Chansey|703\/703
|move|p1a: Alakazam|Psychic|p2a: Chansey
|-damage|p2a: Chansey|573\/703
|
|turn|2
|c|★teal6|you too
|choice|move 1|move 3
|
|move|p1a: Alakazam|Psychic|p2a: Chansey
|-crit|p2a: Chansey
|-damage|p2a: Chansey|320\/703
|move|p2a: Chansey|Thunder Wave|p1a: Alakazam
|-status|p1a: Alakazam|par
|
|turn|3
|choice|switch 5|move 4
|
|switch|p1a: Exeggutor|Exeggutor|393\/393
|move|p2a: Chansey|Soft-Boiled|p2a: Chansey
|-heal|p2a: Chansey|671\/703
|
|turn|4
|choice|move 4|switch 4
|
|switch|p2a: Exeggutor|Exeggutor|393\/393
|move|p1a: Exeggutor|Stun Spore|p2a: Exeggutor
|-status|p2a: Exeggutor|par
|
|turn|5
|choice|switch 5|move 1
|
|switch|p1a: Alakazam|Alakazam|313\/313 par
|move|p2a: Exeggutor|Sleep Powder|p1a: Alakazam|[miss]
|-miss|p2a: Exeggutor
|
|turn|6
|choice|move 1|move 3
|
|move|p1a: Alakazam|Psychic|p2a: Exeggutor
|-resisted|p2a: Exeggutor
|-damage|p2a: Exeggutor|335\/393 par
|-unboost|p2a: Exeggutor|spd|1
|-unboost|p2a: Exeggutor|spa|1
|move|p2a: Exeggutor|Psychic|p1a: Alakazam
|-crit|p1a: Alakazam
|-resisted|p1a: Alakazam
|-damage|p1a: Alakazam|214\/313 par
|
|turn|7
|choice|move 1|switch 3
|
|switch|p2a: Snorlax|Snorlax|523\/523
|cant|p1a: Alakazam|par
|
|turn|8
|J|OP
|choice|move 4|move 1
|
|move|p2a: Snorlax|Body Slam|p1a: Alakazam
|-damage|p1a: Alakazam|56\/313 par
|cant|p1a: Alakazam|par
|
|turn|9
|J|Dice
|c|★Kingler12345|that sux
|c|★Kingler12345|soz
|c|★teal6|its rby lol no worries
|choice|switch 5|move 1
|
|switch|p1a: Exeggutor|Exeggutor|393\/393
|move|p2a: Snorlax|Body Slam|p1a: Exeggutor
|-damage|p1a: Exeggutor|272\/393
|
|turn|10
|choice|move 1|switch 3
|
|switch|p2a: Exeggutor|Exeggutor|335\/393 par
|move|p1a: Exeggutor|Psychic|p2a: Exeggutor
|-resisted|p2a: Exeggutor
|-damage|p2a: Exeggutor|284\/393 par
|
|turn|11
|c|+Dice|keepin zam in on lax ._______.
|c|★teal6|yeah silly play -_-
|choice|switch 4|switch 3
|
|switch|p1a: Dragonite|Dragonite|385\/385
|switch|p2a: Snorlax|Snorlax|523\/523
|
|turn|12
|choice|move 2|switch 2
|
|switch|p2a: Gengar|Gengar|323\/323
|move|p1a: Dragonite|Wrap|p2a: Gengar|[miss]
|-miss|p1a: Dragonite
|
|turn|13
|choice|switch 5|move 1
|
|switch|p1a: Alakazam|Alakazam|56\/313 par
|move|p2a: Gengar|Hypnosis|p1a: Alakazam|[miss]
|-miss|p2a: Gengar
|
|turn|14
|J|smurfer
|choice|switch 6|move 3
|
|switch|p1a: Chansey|Chansey|703\/703
|move|p2a: Gengar|Night Shade|p1a: Chansey
|-damage|p1a: Chansey|603\/703
|
|turn|15
|choice|switch 2|move 1
|
|switch|p1a: Zapdos|Zapdos|383\/383
|move|p2a: Gengar|Hypnosis|p1a: Zapdos
|-status|p1a: Zapdos|slp
|
|turn|16
|choice|switch 2|switch 4
|
|switch|p2a: Chansey|Chansey|671\/703
|switch|p1a: Chansey|Chansey|603\/703
|
|turn|17
|choice|move 1|move 1
|
|move|p2a: Chansey|Ice Beam|p1a: Chansey
|-damage|p1a: Chansey|528\/703
|-status|p1a: Chansey|frz
|cant|p1a: Chansey|frz
|
|turn|18
|choice|switch 4|move 1
|
|switch|p1a: Exeggutor|Exeggutor|272\/393
|move|p2a: Chansey|Ice Beam|p1a: Exeggutor
|-supereffective|p1a: Exeggutor
|-damage|p1a: Exeggutor|130\/393
|
|turn|19
|choice|switch 3|switch 3
|
|switch|p1a: Tauros|Tauros|353\/353
|switch|p2a: Exeggutor|Exeggutor|284\/393 par
|
|turn|20
|choice|move 1|move 4
|
|move|p1a: Tauros|Body Slam|p2a: Exeggutor
|-damage|p2a: Exeggutor|182\/393 par
|move|p2a: Exeggutor|Explosion|p1a: Tauros
|-damage|p1a: Tauros|74\/353
|faint|p2a: Exeggutor
|choice||switch 2
|
|switch|p2a: Snorlax|Snorlax|523\/523
|turn|21
|choice|move 4|move 1
|
|move|p1a: Tauros|Hyper Beam|p2a: Snorlax
|-damage|p2a: Snorlax|285\/523
|move|p2a: Snorlax|Body Slam|p1a: Tauros
|-damage|p1a: Tauros|0 fnt
|faint|p1a: Tauros
|choice|switch 3|
|
|switch|p1a: Exeggutor|Exeggutor|130\/393
|turn|22
|choice|move 2|move 3
|
|move|p1a: Exeggutor|Sleep Powder|p2a: Snorlax
|-status|p2a: Snorlax|slp
|cant|p2a: Snorlax|slp
|
|turn|23
|choice|move 1|switch 6
|
|switch|p2a: Lapras|Lapras|463\/463
|move|p1a: Exeggutor|Psychic|p2a: Lapras
|-damage|p2a: Lapras|343\/463
|
|turn|24
|choice|switch 6|move 1
|
|switch|p1a: Alakazam|Alakazam|56\/313 par
|move|p2a: Lapras|Blizzard|p1a: Alakazam
|-damage|p1a: Alakazam|0 fnt
|faint|p1a: Alakazam
|choice|switch 5|
|
|switch|p1a: Dragonite|Dragonite|385\/385
|turn|25
|choice|move 2|move 1
|
|move|p1a: Dragonite|Wrap|p2a: Lapras
|-damage|p2a: Lapras|325\/463
|-activate|p2a: Lapras|move: Wrap|[of] p1a: Dragonite
|cant|p2a: Lapras|partiallytrapped
|
|turn|26
|choice|move 2|switch 4
|
|switch|p2a: Gengar|Gengar|323\/323
|move|p1a: Dragonite|Wrap|p2a: Gengar
|-damage|p2a: Gengar|323\/323
|-activate|p2a: Gengar|move: Wrap|[of] p1a: Dragonite
|
|turn|27
|L|Dice
|c|★teal6|you okay over there kingler
|J|HBK
|c|★Kingler12345|i'm doing a few things
|c|★teal6|ah okay gg
|c|★Kingler12345|i'll tr playing as fast as posible
|-message|teal6 forfeited.
|
|win|Kingler12345