|inactive|Battle timer is ON: inactive players will automatically lose when time's up.
|J|tamahome
|J|Dice
|player|p1|tamahome|2
|player|p2|Dice|168
|gametype|singles
|gen|1
|tier|[Gen 1] OU
|seed|33400,8892,30893,12772
|rule|Sleep Clause Mod: Limit one foe put to sleep
|rule|Freeze Clause Mod: Limit one foe frozen
|rule|Species Clause: Limit one of each Pokémon
|rule|OHKO Clause: OHKO moves are banned
|rule|Evasion Moves Clause: Evasion moves are banned
|rule|HP Percentage Mod: HP is shown in percentages
|
|start
|switch|p1a: Jynx|Jynx|333\/333
|switch|p2a: Alakazam|Alakazam|313\/313
|turn|1
|choice|move 3|move 2
|
|move|p2a: Alakazam|Thunder Wave|p1a: Jynx
|-status|p1a: Jynx|par
|cant|p1a: Jynx|par
|
|turn|2
|J|reeeeeeeeeweeeee
|choice|move 3|move 4
|
|move|p2a: Alakazam|Seismic Toss|p1a: Jynx
|-damage|p1a: Jynx|233\/333 par
|move|p1a: Jynx|Lovely Kiss|p2a: Alakazam|[miss]
|-miss|p1a: Jynx
|
|turn|3
|choice|move 3|move 4
|
|move|p2a: Alakazam|Seismic Toss|p1a: Jynx
|-damage|p1a: Jynx|133\/333 par
|move|p1a: Jynx|Lovely Kiss|p2a: Alakazam
|-status|p2a: Alakazam|slp
|
|turn|4
|choice|move 1|switch 4
|
|switch|p2a: Tauros|Tauros|353\/353
|move|p1a: Jynx|Blizzard|p2a: Tauros
|-damage|p2a: Tauros|194\/353
|
|turn|5
|choice|switch 4|move 1
|
|switch|p1a: Starmie|Starmie|323\/323
|move|p2a: Tauros|Body Slam|p1a: Starmie
|-damage|p1a: Starmie|219\/323
|
|turn|6
|choice|move 4|switch 5
|
|switch|p2a: Chansey|Chansey|703\/703
|move|p1a: Starmie|Recover|p1a: Starmie
|-heal|p1a: Starmie|323\/323
|
|turn|7
|choice|switch 6|move 2
|
|switch|p1a: Chansey|Chansey|703\/703
|move|p2a: Chansey|Sing|p1a: Chansey
|-status|p1a: Chansey|slp
|
|turn|8
|choice|switch 3|switch 5
|
|switch|p2a: Tauros|Tauros|194\/353
|switch|p1a: Snorlax|Snorlax|523\/523
|
|turn|9
|choice|move 1|switch 3
|
|switch|p2a: Slowbro|Slowbro|393\/393
|move|p1a: Snorlax|Body Slam|p2a: Slowbro
|-damage|p2a: Slowbro|285\/393
|
|turn|10
|choice|switch 6|move 1
|
|switch|p1a: Starmie|Starmie|323\/323
|move|p2a: Slowbro|Thunder Wave|p1a: Starmie
|-status|p1a: Starmie|par
|
|turn|11
|choice|move 1|switch 5
|
|switch|p2a: Chansey|Chansey|703\/703
|move|p1a: Starmie|Blizzard|p2a: Chansey
|-damage|p2a: Chansey|618\/703
|
|turn|12
|choice|switch 4|move 1
|
|switch|p1a: Jynx|Jynx|133\/333 par
|move|p2a: Chansey|Seismic Toss|p1a: Jynx
|-damage|p1a: Jynx|33\/333 par
|
|turn|13
|choice|switch 6|move 1
|
|switch|p1a: Snorlax|Snorlax|523\/523
|move|p2a: Chansey|Seismic Toss|p1a: Snorlax
|-damage|p1a: Snorlax|423\/523
|
|turn|14
|choice|move 1|move 3
|
|move|p2a: Chansey|Thunder Wave|p1a: Snorlax
|-status|p1a: Snorlax|par
|move|p1a: Snorlax|Body Slam|p2a: Chansey
|-damage|p2a: Chansey|344\/703
|
|turn|15
|choice|move 1|move 4
|
|move|p2a: Chansey|Soft-Boiled|p2a: Chansey
|-heal|p2a: Chansey|695\/703
|move|p1a: Snorlax|Body Slam|p2a: Chansey
|-damage|p2a: Chansey|405\/703
|
|turn|16
|choice|move 1|move 4
|
|move|p2a: Chansey|Soft-Boiled|p2a: Chansey
|-heal|p2a: Chansey|703\/703
|move|p1a: Snorlax|Body Slam|p2a: Chansey
|-crit|p2a: Chansey
|-damage|p2a: Chansey|155\/703
|
|turn|17
|choice|move 4|move 4
|
|move|p2a: Chansey|Soft-Boiled|p2a: Chansey
|-heal|p2a: Chansey|506\/703
|move|p1a: Snorlax|Self-Destruct|p2a: Chansey
|-damage|p2a: Chansey|0 fnt
|faint|p2a: Chansey
|faint|p1a: Snorlax
|choice|switch 5|switch 2
|
|switch|p1a: Tauros|Tauros|353\/353
|switch|p2a: Snorlax|Snorlax|523\/523
|turn|18
|choice|move 1|move 1
|
|move|p1a: Tauros|Body Slam|p2a: Snorlax
|-damage|p2a: Snorlax|402\/523
|move|p2a: Snorlax|Body Slam|p1a: Tauros
|-damage|p1a: Tauros|240\/353
|
|turn|19
|choice|move 1|move 1
|
|move|p1a: Tauros|Body Slam|p2a: Snorlax|[miss]
|-miss|p1a: Tauros
|move|p2a: Snorlax|Body Slam|p1a: Tauros
|-damage|p1a: Tauros|124\/353
|
|turn|20
|choice|switch 2|move 4
|
|switch|p1a: Exeggutor|Exeggutor|393\/393
|move|p2a: Snorlax|Hyper Beam|p1a: Exeggutor
|-damage|p1a: Exeggutor|170\/393
|
|turn|21
|-mustrecharge|p2a: Snorlax
|-mustrecharge|p2a: Snorlax
|choice|move 2|move 1
|
|move|p1a: Exeggutor|Psychic|p2a: Snorlax
|-crit|p2a: Snorlax
|-damage|p2a: Snorlax|92\/523
|cant|p2a: Snorlax|recharge
|
|turn|22
|choice|move 2|switch 6
|
|switch|p2a: Exeggutor|Exeggutor|393\/393
|move|p1a: Exeggutor|Psychic|p2a: Exeggutor
|-resisted|p2a: Exeggutor
|-damage|p2a: Exeggutor|343\/393
|
|turn|23
|J|Century Express
|choice|move 3|move 1
|
|move|p2a: Exeggutor|Psychic|p1a: Exeggutor
|-crit|p1a: Exeggutor
|-resisted|p1a: Exeggutor
|-damage|p1a: Exeggutor|67\/393
|move|p1a: Exeggutor|Explosion|p2a: Exeggutor
|-damage|p2a: Exeggutor|45\/393
|faint|p1a: Exeggutor
|choice|switch 2|
|
|switch|p1a: Tauros|Tauros|124\/353
|turn|24
|choice|move 1|move 1
|
|move|p1a: Tauros|Body Slam|p2a: Exeggutor
|-crit|p2a: Exeggutor
|-damage|p2a: Exeggutor|0 fnt
|faint|p2a: Exeggutor
|choice||switch 5
|
|switch|p2a: Slowbro|Slowbro|285\/393
|turn|25
|choice|switch 4|move 2
|
|switch|p1a: Starmie|Starmie|323\/323 par
|move|p2a: Slowbro|Psychic|p1a: Starmie
|-resisted|p1a: Starmie
|-damage|p1a: Starmie|276\/323 par
|
|turn|26
|choice|move 2|move 4
|
|move|p2a: Slowbro|Amnesia|p2a: Slowbro
|-boost|p2a: Slowbro|spd|2
|-boost|p2a: Slowbro|spa|2
|cant|p1a: Starmie|par
|
|turn|27
|choice|move 2|move 4
|
|move|p2a: Slowbro|Amnesia|p2a: Slowbro
|-boost|p2a: Slowbro|spd|2
|-boost|p2a: Slowbro|spa|2
|cant|p1a: Starmie|par
|
|turn|28
|choice|move 2|move 4
|
|move|p2a: Slowbro|Amnesia|p2a: Slowbro
|-boost|p2a: Slowbro|spd|2
|-boost|p2a: Slowbro|spa|2
|cant|p1a: Starmie|par
|
|turn|29
|choice|move 3|move 2
|
|move|p2a: Slowbro|Psychic|p1a: Starmie
|-resisted|p1a: Starmie
|-damage|p1a: Starmie|110\/323 par
|move|p1a: Starmie|Thunder Wave|p2a: Slowbro
|-status|p2a: Slowbro|par
|
|turn|30
|choice|move 4|move 2
|
|cant|p2a: Slowbro|par
|move|p1a: Starmie|Recover|p1a: Starmie
|-heal|p1a: Starmie|271\/323 par
|
|turn|31
|choice|move 2|move 2
|
|move|p2a: Slowbro|Psychic|p1a: Starmie
|-resisted|p1a: Starmie
|-damage|p1a: Starmie|102\/323 par
|move|p1a: Starmie|Thunderbolt|p2a: Slowbro
|-supereffective|p2a: Slowbro
|-damage|p2a: Slowbro|243\/393 par
|
|turn|32
|choice|move 2|move 2
|
|move|p2a: Slowbro|Psychic|p1a: Starmie
|-resisted|p1a: Starmie
|-damage|p1a: Starmie|0 fnt
|faint|p1a: Starmie
|choice|switch 3|
|
|switch|p1a: Chansey|Chansey|703\/703 slp
|turn|33
|choice|move 2|move 2
|
|cant|p1a: Chansey|slp
|cant|p2a: Slowbro|par
|
|turn|34
|choice|move 2|move 2
|
|cant|p1a: Chansey|slp
|move|p2a: Slowbro|Psychic|p1a: Chansey
|-damage|p1a: Chansey|340\/703 slp
|
|turn|35
|choice|move 2|move 2
|
|cant|p1a: Chansey|slp
|cant|p2a: Slowbro|par
|
|turn|36
|choice|move 2|move 2
|
|cant|p1a: Chansey|slp
|move|p2a: Slowbro|Psychic|p1a: Chansey
|-damage|p1a: Chansey|0 fnt
|faint|p1a: Chansey
|J|Hyperflume
|choice|switch 4|
|
|switch|p1a: Tauros|Tauros|124\/353
|turn|37
|choice|move 4|move 2
|
|move|p1a: Tauros|Hyper Beam|p2a: Slowbro
|-damage|p2a: Slowbro|84\/393 par
|move|p2a: Slowbro|Psychic|p1a: Tauros
|-damage|p1a: Tauros|0 fnt
|faint|p1a: Tauros
|choice|switch 6|
|
|switch|p1a: Jynx|Jynx|33\/333 par
|turn|38
|choice|move 4|move 2
|
|move|p1a: Jynx|Rest|p1a: Jynx
|-status|p1a: Jynx|slp
|-heal|p1a: Jynx|333\/333 slp|[silent]
|-status|p1a: Jynx|slp|[from] move: Rest
|cant|p2a: Slowbro|par
|
|turn|39
|choice|move 2|move 2
|
|cant|p1a: Jynx|slp
|move|p2a: Slowbro|Psychic|p1a: Jynx
|-resisted|p1a: Jynx
|-damage|p1a: Jynx|162\/333 slp
|-unboost|p1a: Jynx|spd|1
|-unboost|p1a: Jynx|spa|1
|
|turn|40
|choice|move 2|move 2
|
|-curestatus|p1a: Jynx|slp
|cant|p2a: Slowbro|par
|
|turn|41
|choice|move 1|move 2
|
|move|p1a: Jynx|Blizzard|p2a: Slowbro
|-resisted|p2a: Slowbro
|-damage|p2a: Slowbro|71\/393 par
|move|p2a: Slowbro|Psychic|p1a: Jynx
|-resisted|p1a: Jynx
|-damage|p1a: Jynx|0 fnt
|faint|p1a: Jynx
|
|win|Dice