|inactive|Battle timer is ON: inactive players will automatically lose when time's up.
|J|Golden Gyarados
|J|reyscarface
|player|p1|Golden Gyarados|2
|player|p2|reyscarface|2
|gametype|singles
|gen|1
|tier|[Gen 1] OU
|seed|7240,6090,31892,1571
|rule|Sleep Clause Mod: Limit one foe put to sleep
|rule|Freeze Clause Mod: Limit one foe frozen
|rule|Species Clause: Limit one of each Pokémon
|rule|OHKO Clause: OHKO moves are banned
|rule|Evasion Moves Clause: Evasion moves are banned
|rule|HP Percentage Mod: HP is shown in percentages
|
|start
|switch|p1a: Jynx|Jynx|333\/333
|switch|p2a: Jynx|Jynx|333\/333
|turn|1
|J|Isa
|J|atomicllamas
|J|Dice
|J|King Tsunami
|J|Esteemed User
|J|reeeeeeeeeweeeee
|J|craing
|J|Finchinator
|J|hodor
|J|hela guy
|J|qsns
|c|+Finchinator|oo
|J|UnfoGhettoBle
|J|xRay~
|J|Earth Turns Slowly
|J|Blitzamirin
|J|bro fist
|J|TDK
|J|BLINGAS
|J|Nails
|J|giara
|J|tennisace
|raw|<div class="broadcast-red"><b>Moderated chat was set to @!<\/b><br \/>Only users of rank @ and higher can talk.<\/div>
|J|Dear Ophelia
|J|Ary
|choice|move 2|move 1
|
|move|p2a: Jynx|Lovely Kiss|p1a: Jynx
|-status|p1a: Jynx|slp
|-curestatus|p1a: Jynx|slp
|
|turn|2
|J|ABR
|c|★reyscarface|this is the third time
|c|★reyscarface|this happens
|J|Tesung
|J|McMeghan
|c|★reyscarface|holy fuck
|J|TwoGenies
|J|Lady bug
|choice|move 2|move 1
|
|move|p2a: Jynx|Lovely Kiss|p1a: Jynx|[miss]
|-miss|p2a: Jynx
|move|p1a: Jynx|Lovely Kiss|p2a: Jynx
|-status|p2a: Jynx|slp
|
|turn|3
|J|Funkasaurus
|c|★reyscarface|i hate jynx wars
|choice|move 4|move 1
|
|move|p1a: Jynx|Psychic|p2a: Jynx
|-resisted|p2a: Jynx
|-damage|p2a: Jynx|277\/333 slp
|cant|p2a: Jynx|slp
|
|turn|4
|J|Meru
|J|MattL
|choice|switch 6|move 1
|
|switch|p1a: Tauros|Tauros|353\/353
|cant|p2a: Jynx|slp
|
|turn|5
|J|Confide
|L|MattL
|J|JabbaTheGriffin
|J|tele
|choice|move 1|switch 4
|
|switch|p2a: Starmie|Starmie|323\/323
|move|p1a: Tauros|Body Slam|p2a: Starmie
|-damage|p2a: Starmie|206\/323
|
|turn|6
|J|boudouche
|choice|switch 4|move 2
|
|switch|p1a: Chansey|Chansey|703\/703
|move|p2a: Starmie|Recover|p2a: Starmie
|-heal|p2a: Starmie|323\/323
|
|turn|7
|J|Updated Kanto
|choice|move 1|switch 3
|
|switch|p2a: Chansey|Chansey|703\/703
|move|p1a: Chansey|Ice Beam|p2a: Chansey
|-damage|p2a: Chansey|630\/703
|
|turn|8
|choice|move 1|switch 4
|
|switch|p2a: Jynx|Jynx|277\/333 slp
|move|p1a: Chansey|Ice Beam|p2a: Jynx
|-resisted|p2a: Jynx
|-damage|p2a: Jynx|238\/333 slp
|
|turn|9
|J|Sweep
|J|Bambiette
|choice|move 4|move 1
|
|cant|p2a: Jynx|slp
|move|p1a: Chansey|Thunderbolt|p2a: Jynx
|-damage|p2a: Jynx|161\/333 slp
|
|turn|10
|J|peli
|J|KratosMana
|choice|move 4|switch 4
|
|switch|p2a: Chansey|Chansey|630\/703
|move|p1a: Chansey|Thunderbolt|p2a: Chansey
|-damage|p2a: Chansey|560\/703
|
|turn|11
|J|Pohjis
|choice|move 1|move 1
|
|move|p2a: Chansey|Ice Beam|p1a: Chansey
|-damage|p1a: Chansey|628\/703
|move|p1a: Chansey|Ice Beam|p2a: Chansey
|-damage|p2a: Chansey|491\/703
|
|turn|12
|J|fleggumfl
|J|Rei
|L|Funkasaurus
|choice|move 1|move 1
|
|move|p1a: Chansey|Ice Beam|p2a: Chansey
|-damage|p2a: Chansey|420\/703
|move|p2a: Chansey|Ice Beam|p1a: Chansey
|-damage|p1a: Chansey|554\/703
|
|turn|13
|J|Christo
|choice|move 1|move 1
|
|move|p1a: Chansey|Ice Beam|p2a: Chansey
|-damage|p2a: Chansey|341\/703
|-status|p2a: Chansey|frz
|cant|p2a: Chansey|frz
|
|turn|14
|J|chain jail
|c|★reyscarface|man
|c|★reyscarface|you stay in 
|c|★reyscarface|when you have a jynx
|c|★reyscarface|you did not deserve to win it agai
|choice|move 3|move 1
|
|move|p1a: Chansey|Thunder Wave|p2a: Chansey
|-fail|p2a: Chansey
|cant|p2a: Chansey|frz
|
|turn|15
|choice|move 3|move 1
|
|cant|p2a: Chansey|frz
|move|p1a: Chansey|Thunder Wave|p2a: Chansey
|-fail|p2a: Chansey
|
|turn|16
|J|Soulgazer
|J|BKC
|choice|move 4|switch 5
|
|switch|p2a: Golem|Golem|363\/363
|move|p1a: Chansey|Thunderbolt|p2a: Golem
|-immune|p2a: Golem|[msg]
|
|turn|17
|choice|move 1|move 4
|
|move|p1a: Chansey|Ice Beam|p2a: Golem
|-supereffective|p2a: Golem
|-damage|p2a: Golem|143\/363
|move|p2a: Golem|Explosion|p1a: Chansey
|-damage|p1a: Chansey|0 fnt
|faint|p1a: Chansey
|faint|p2a: Golem
|J|Nachos
|J|Hikari
|J|Quaggsterrr
|J|Genesis7
|choice|switch 2|switch 3
|
|switch|p1a: Alakazam|Alakazam|313\/313
|switch|p2a: Starmie|Starmie|323\/323
|turn|18
|J|Despotar274
|choice|move 2|move 1
|
|move|p1a: Alakazam|Thunder Wave|p2a: Starmie
|-status|p2a: Starmie|par
|move|p2a: Starmie|Blizzard|p1a: Alakazam
|-crit|p1a: Alakazam
|-damage|p1a: Alakazam|160\/313
|
|turn|19
|choice|move 3|move 1
|
|move|p1a: Alakazam|Recover|p1a: Alakazam
|-heal|p1a: Alakazam|313\/313
|move|p2a: Starmie|Blizzard|p1a: Alakazam
|-damage|p1a: Alakazam|232\/313
|
|turn|20
|choice|move 4|move 1
|
|move|p1a: Alakazam|Seismic Toss|p2a: Starmie
|-damage|p2a: Starmie|223\/323 par
|move|p2a: Starmie|Blizzard|p1a: Alakazam
|-damage|p1a: Alakazam|157\/313
|
|turn|21
|J|GOD MARTH
|choice|move 3|move 2
|
|move|p1a: Alakazam|Recover|p1a: Alakazam
|-heal|p1a: Alakazam|313\/313
|move|p2a: Starmie|Recover|p2a: Starmie
|-heal|p2a: Starmie|323\/323 par
|
|turn|22
|choice|move 4|move 1
|
|move|p1a: Alakazam|Seismic Toss|p2a: Starmie
|-damage|p2a: Starmie|223\/323 par
|move|p2a: Starmie|Blizzard|p1a: Alakazam
|-damage|p1a: Alakazam|231\/313
|
|turn|23
|choice|move 4|move 2
|
|move|p1a: Alakazam|Seismic Toss|p2a: Starmie
|-damage|p2a: Starmie|123\/323 par
|move|p2a: Starmie|Recover|p2a: Starmie
|-heal|p2a: Starmie|284\/323 par
|
|turn|24
|J|Asuya
|choice|move 4|move 1
|
|move|p1a: Alakazam|Seismic Toss|p2a: Starmie
|-damage|p2a: Starmie|184\/323 par
|cant|p2a: Starmie|par
|
|turn|25
|choice|move 4|move 2
|
|move|p1a: Alakazam|Seismic Toss|p2a: Starmie
|-damage|p2a: Starmie|84\/323 par
|move|p2a: Starmie|Recover|p2a: Starmie
|-heal|p2a: Starmie|245\/323 par
|
|turn|26
|choice|move 1|move 2
|
|move|p1a: Alakazam|Psychic|p2a: Starmie
|-resisted|p2a: Starmie
|-damage|p2a: Starmie|175\/323 par
|move|p2a: Starmie|Recover|p2a: Starmie
|-heal|p2a: Starmie|323\/323 par
|
|turn|27
|choice|switch 6|move 1
|
|switch|p1a: Jynx|Jynx|333\/333
|move|p2a: Starmie|Blizzard|p1a: Jynx
|-crit|p1a: Jynx
|-resisted|p1a: Jynx
|-damage|p1a: Jynx|243\/333
|
|turn|28
|choice|move 4|move 4
|
|move|p1a: Jynx|Psychic|p2a: Starmie
|-resisted|p2a: Starmie
|-damage|p2a: Starmie|273\/323 par
|move|p2a: Starmie|Thunder Wave|p1a: Jynx
|-status|p1a: Jynx|par
|
|turn|29
|choice|move 4|move 3
|
|cant|p2a: Starmie|par
|cant|p1a: Jynx|par
|
|turn|30
|choice|move 4|move 3
|
|move|p2a: Starmie|Thunderbolt|p1a: Jynx
|-damage|p1a: Jynx|170\/333 par
|move|p1a: Jynx|Psychic|p2a: Starmie
|-resisted|p2a: Starmie
|-damage|p2a: Starmie|219\/323 par
|
|turn|31
|choice|move 4|move 2
|
|move|p2a: Starmie|Recover|p2a: Starmie
|-heal|p2a: Starmie|323\/323 par
|move|p1a: Jynx|Psychic|p2a: Starmie
|-resisted|p2a: Starmie
|-damage|p2a: Starmie|268\/323 par
|
|turn|32
|choice|move 4|move 3
|
|move|p2a: Starmie|Thunderbolt|p1a: Jynx
|-crit|p1a: Jynx
|-damage|p1a: Jynx|29\/333 par
|cant|p1a: Jynx|par
|
|turn|33
|J|blunderr
|choice|move 4|move 3
|
|move|p2a: Starmie|Thunderbolt|p1a: Jynx
|-damage|p1a: Jynx|0 fnt
|faint|p1a: Jynx
|choice|switch 6|
|
|switch|p1a: Alakazam|Alakazam|231\/313
|turn|34
|choice|move 4|move 2
|
|move|p1a: Alakazam|Seismic Toss|p2a: Starmie
|-damage|p2a: Starmie|168\/323 par
|cant|p2a: Starmie|par
|
|turn|35
|J|HudsonRain
|choice|move 4|move 2
|
|move|p1a: Alakazam|Seismic Toss|p2a: Starmie
|-damage|p2a: Starmie|68\/323 par
|move|p2a: Starmie|Recover|p2a: Starmie
|-fail|p2a: Starmie
|
|turn|36
|J|Gee Mick
|c|★reyscarface|i 
|c|★reyscarface|do not like you
|J|Whisudi
|J|final elysion
|J|Zenadark
|L|Zenadark
|J|Leftiez
|choice|move 4|switch 5
|
|switch|p2a: Chansey|Chansey|341\/703 frz
|move|p1a: Alakazam|Seismic Toss|p2a: Chansey
|-damage|p2a: Chansey|241\/703 frz
|
|turn|37
|J|Zenadark
|choice|move 3|switch 2
|
|switch|p2a: Tauros|Tauros|353\/353
|move|p1a: Alakazam|Recover|p1a: Alakazam
|-heal|p1a: Alakazam|313\/313
|
|turn|38
|choice|move 2|move 1
|
|move|p1a: Alakazam|Thunder Wave|p2a: Tauros
|-status|p2a: Tauros|par
|move|p2a: Tauros|Body Slam|p1a: Alakazam
|-damage|p1a: Alakazam|142\/313
|
|turn|39
|J|shshsjdjdj
|J|Vrille
|choice|move 1|move 1
|
|move|p1a: Alakazam|Psychic|p2a: Tauros
|-damage|p2a: Tauros|189\/353 par
|move|p2a: Tauros|Body Slam|p1a: Alakazam
|-damage|p1a: Alakazam|0 fnt
|faint|p1a: Alakazam
|L|Quaggsterrr
|J|edgar
|choice|switch 5|
|
|switch|p1a: Snorlax|Snorlax|523\/523
|turn|40
|L|TDK
|J|Quick
|L|Quick
|choice|move 2|move 2
|
|move|p1a: Snorlax|Reflect|p1a: Snorlax
|-start|p1a: Snorlax|Reflect
|cant|p2a: Tauros|par
|
|turn|41
|J|Subject 18
|J|Aurora
|L|peli
|choice|move 1|switch 2
|
|switch|p2a: Chansey|Chansey|241\/703 frz
|move|p1a: Snorlax|Body Slam|p2a: Chansey
|-crit|p2a: Chansey
|-damage|p2a: Chansey|0 fnt
|faint|p2a: Chansey
|J|the pdc show
|choice||switch 6
|
|switch|p2a: Zapdos|Zapdos|383\/383
|turn|42
|J|kamisamano49
|choice|move 1|move 3
|
|move|p2a: Zapdos|Thunderbolt|p1a: Snorlax
|-damage|p1a: Snorlax|361\/523
|move|p1a: Snorlax|Body Slam|p2a: Zapdos
|-crit|p2a: Zapdos
|-damage|p2a: Zapdos|165\/383
|-status|p2a: Zapdos|par
|
|turn|43
|J|qwerty54567
|c|★reyscarface|k
|-message|reyscarface forfeited.
|
|win|Golden Gyarados
|player|p1
|player|p2
|L|reyscarface
|L|craing
|L|Nachos
|L|kamisamano49
|L|fleggumfl
|L|Updated Kanto
|L|ABR
|L|Genesis7
|L|Zenadark
|L|reeeeeeeeeweeeee
|L|GeeMick
|L|Ary
|L|TwoGenies
|L|Earth Turns Slowly
|L|qsns
|L|Meru
|L|shshsjdjdj
|L|Sweep
|L|Dear Ophelia
|L|King Tsunami
|L|Blitzamirin
|L|Nails
|L|Asuya
|L|Lady bug
|L|KratosMana
|L|hela guy
|L|Aurora
|L|Bambiette
|L|Hikari
|L|Subject 18
|L|Leftiez
|L|the pdc show
|L|Tesung
|L|bro fist
|L|giara
|L|ssjjynx
|L|HudsonRain
|L|GOD MARTH
|L|BKC