|inactive|Battle timer is ON: inactive players will automatically lose when time's up.
|J|fapkingg
|J|fleggumfl
|player|p1|fapkingg|25
|player|p2|fleggumfl|217
|gametype|singles
|gen|1
|tier|[Gen 1] OU
|rule|Sleep Clause Mod: Limit one foe put to sleep
|rule|Freeze Clause Mod: Limit one foe frozen
|rule|Species Clause: Limit one of each Pokémon
|rule|OHKO Clause: OHKO moves are banned
|rule|Evasion Moves Clause: Evasion moves are banned
|rule|HP Percentage Mod: HP is shown in percentages
|
|start
|switch|p1a: Alakazam|Alakazam|313\/313
|switch|p2a: Clefable|Clefable|393\/393
|turn|1
|J|GOAO
|c|★fleggumfl|yeah
|c|★fleggumfl|im back
|c|★fapkingg|i can't believe this
|c|★fleggumfl|with even better memes
|J|Kingler12345
|c|★fapkingg|i was planning to build around this
|J|blarajan
|L|blarajan
|L|Kingler12345
|c|★fapkingg|looser --'
|J|Sedertz
|
|move|p1a: Alakazam|Psychic|p2a: Clefable
|-damage|p2a: Clefable|254\/393
|move|p2a: Clefable|Sing|p1a: Alakazam|[miss]
|-miss|p2a: Clefable
|
|turn|2
|
|move|p1a: Alakazam|Psychic|p2a: Clefable
|-crit|p2a: Clefable
|-damage|p2a: Clefable|0 fnt
|faint|p2a: Clefable
|
|switch|p2a: Chansey|Chansey|703\/703
|turn|3
|c|+Sedertz|rekt
|c|★fapkingg|h a h a
|c|★fapkingg|memed
|c|★fleggumfl|why the fuck does it not have soft boiled
|c|★fleggumfl|:(
|
|move|p1a: Alakazam|Psychic|p2a: Chansey
|-damage|p2a: Chansey|573\/703
|move|p2a: Chansey|Thunder Wave|p1a: Alakazam
|-status|p1a: Alakazam|par
|
|turn|4
|c|★fleggumfl|ok
|c|★fleggumfl|this is gonna be
|c|★fleggumfl|so good that
|c|★fleggumfl|it just kills you in surprise factor
|
|switch|p2a: Porygon|Porygon|333\/333
|move|p1a: Alakazam|Psychic|p2a: Porygon
|-damage|p2a: Porygon|172\/333
|
|turn|5
|c|★fleggumfl|WHAT THE FUCK 48%
|c|★fapkingg|oh my god
|c|★fleggumfl|dont twave me tho
|c|★fapkingg|it killed me in surprise factor
|c|+Sedertz|we should have gen1 monotype 
|c|+Sedertz|randbat
|
|move|p2a: Porygon|Sharpen|p2a: Porygon
|-boost|p2a: Porygon|atk|1
|cant|p1a: Alakazam|par
|
|turn|6
|c|★fapkingg|?????????
|c|★fapkingg|if i loose to this
|c|★fapkingg|i blame hax
|
|move|p2a: Porygon|Recover|p2a: Porygon
|-heal|p2a: Porygon|333\/333
|move|p1a: Alakazam|Thunder Wave|p2a: Porygon
|-status|p2a: Porygon|par
|
|turn|7
|
|move|p2a: Porygon|Hyper Beam|p1a: Alakazam
|-damage|p1a: Alakazam|0 fnt
|faint|p1a: Alakazam
|c|★fleggumfl|1\/6 down
|c|★fleggumfl|by PORYGOD
|
|switch|p1a: Victreebel|Victreebel|363\/363
|turn|8
|c|★fapkingg|shut up i'll wrap u to death
|c|★fleggumfl|no because
|
|move|p1a: Victreebel|Wrap|p2a: Porygon|[miss]
|-miss|p1a: Victreebel
|cant|p2a: Porygon|par
|
|turn|9
|c|★fleggumfl|you miss this one
|c|+Sedertz|n wrap miss
|c|★fleggumfl|OMG
|c|★fleggumfl|YES
|c|+Sedertz|OMG
|c|★fapkingg|LOL
|c|★fleggumfl|I PREDICt
|c|★fleggumfl|fuck
|
|move|p1a: Victreebel|Wrap|p2a: Porygon
|-damage|p2a: Porygon|317\/333 par
|-activate|p2a: Porygon|move: Wrap|[of] p1a: Victreebel
|cant|p2a: Porygon|partiallytrapped
|
|turn|10
|
|move|p1a: Victreebel|Wrap|p2a: Porygon
|-damage|p2a: Porygon|301\/333 par
|cant|p2a: Porygon|par
|
|turn|11
|
|move|p1a: Victreebel|Wrap|p2a: Porygon
|-damage|p2a: Porygon|285\/333 par
|cant|p2a: Porygon|partiallytrapped
|
|-end|p2a: Porygon|Wrap|[partiallytrapped]
|turn|12
|
|move|p1a: Victreebel|Wrap|p2a: Porygon
|-damage|p2a: Porygon|269\/333 par
|-activate|p2a: Porygon|move: Wrap|[of] p1a: Victreebel
|cant|p2a: Porygon|partiallytrapped
|
|turn|13
|c|★fapkingg|why did i para this
|c|★fleggumfl|thats a massive
|c|★fapkingg|sigh
|c|★fleggumfl|5% youre doing
|
|move|p1a: Victreebel|Wrap|p2a: Porygon
|-damage|p2a: Porygon|253\/333 par
|cant|p2a: Porygon|partiallytrapped
|
|-end|p2a: Porygon|Wrap|[partiallytrapped]
|turn|14
|c|★fapkingg|thanks!
|c|★fleggumfl|ikr
|
|move|p1a: Victreebel|Wrap|p2a: Porygon|[miss]
|-miss|p1a: Victreebel
|move|p2a: Porygon|Thunder Wave|p1a: Victreebel
|-status|p1a: Victreebel|par
|
|turn|15
|c|+Sedertz|ez
|
|move|p1a: Victreebel|Razor Leaf|p2a: Porygon
|-crit|p2a: Porygon
|-damage|p2a: Porygon|92\/333 par
|move|p2a: Porygon|Sharpen|p2a: Porygon
|-boost|p2a: Porygon|atk|1
|
|turn|16
|c|★fleggumfl|no
|c|★fapkingg|HA
|c|★fapkingg|GOTCHA
|
|move|p2a: Porygon|Recover|p2a: Porygon
|-heal|p2a: Porygon|258\/333 par
|move|p1a: Victreebel|Razor Leaf|p2a: Porygon
|-crit|p2a: Porygon
|-damage|p2a: Porygon|103\/333 par
|
|turn|17
|c|★fapkingg|ok no i didn't
|c|+Sedertz|speed ties ~
|
|move|p2a: Porygon|Recover|p2a: Porygon
|-heal|p2a: Porygon|269\/333 par
|cant|p1a: Victreebel|par
|
|turn|18
|
|move|p2a: Porygon|Sharpen|p2a: Porygon
|-boost|p2a: Porygon|atk|1
|cant|p1a: Victreebel|par
|
|turn|19
|c|★fleggumfl|what switches into this monster
|
|move|p2a: Porygon|Sharpen|p2a: Porygon
|-boost|p2a: Porygon|atk|1
|move|p1a: Victreebel|Razor Leaf|p2a: Porygon
|-crit|p2a: Porygon
|-damage|p2a: Porygon|112\/333 par
|
|turn|20
|
|move|p2a: Porygon|Recover|p2a: Porygon
|-heal|p2a: Porygon|278\/333 par
|move|p1a: Victreebel|Razor Leaf|p2a: Porygon
|-crit|p2a: Porygon
|-damage|p2a: Porygon|139\/333 par
|
|turn|21
|J|Epsilon Nisda
|
|cant|p2a: Porygon|par
|move|p1a: Victreebel|Razor Leaf|p2a: Porygon
|-crit|p2a: Porygon
|-damage|p2a: Porygon|0 fnt
|faint|p2a: Porygon
|c|★fleggumfl|stop that
|c|★fapkingg|ez.
|c|★fleggumfl|man
|c|★fleggumfl|that was gonna be so good
|
|switch|p2a: Persian|Persian|333\/333
|turn|22
|c|★fapkingg|yeah i know LOL
|
|move|p2a: Persian|Slash|p1a: Victreebel
|-crit|p1a: Victreebel
|-damage|p1a: Victreebel|195\/363 par
|move|p1a: Victreebel|Sleep Powder|p2a: Persian
|-status|p2a: Persian|slp
|
|turn|23
|
|cant|p2a: Persian|slp
|move|p1a: Victreebel|Razor Leaf|p2a: Persian
|-crit|p2a: Persian
|-damage|p2a: Persian|167\/333 slp
|
|turn|24
|
|switch|p2a: Chansey|Chansey|573\/703
|move|p1a: Victreebel|Razor Leaf|p2a: Chansey
|-crit|p2a: Chansey
|-damage|p2a: Chansey|452\/703
|
|turn|25
|
|switch|p1a: Chansey|Chansey|703\/703
|move|p2a: Chansey|Ice Beam|p1a: Chansey
|-crit|p1a: Chansey
|-damage|p1a: Chansey|567\/703
|
|turn|26
|c|★fleggumfl|freeze go
|
|move|p2a: Chansey|Ice Beam|p1a: Chansey
|-damage|p1a: Chansey|495\/703
|move|p1a: Chansey|Ice Beam|p2a: Chansey
|-damage|p2a: Chansey|382\/703
|
|turn|27
|c|★fapkingg|gogogo
|
|move|p2a: Chansey|Ice Beam|p1a: Chansey
|-damage|p1a: Chansey|421\/703
|move|p1a: Chansey|Ice Beam|p2a: Chansey
|-damage|p2a: Chansey|309\/703
|
|turn|28
|
|move|p1a: Chansey|Ice Beam|p2a: Chansey
|-damage|p2a: Chansey|234\/703
|move|p2a: Chansey|Ice Beam|p1a: Chansey
|-damage|p1a: Chansey|347\/703
|
|turn|29
|
|move|p1a: Chansey|Ice Beam|p2a: Chansey
|-damage|p2a: Chansey|161\/703
|move|p2a: Chansey|Soft-Boiled|p2a: Chansey
|-heal|p2a: Chansey|512\/703
|
|turn|30
|
|move|p1a: Chansey|Ice Beam|p2a: Chansey
|-damage|p2a: Chansey|444\/703
|move|p2a: Chansey|Ice Beam|p1a: Chansey
|-damage|p1a: Chansey|270\/703
|
|turn|31
|
|move|p1a: Chansey|Soft-Boiled|p1a: Chansey
|-heal|p1a: Chansey|621\/703
|move|p2a: Chansey|Ice Beam|p1a: Chansey
|-damage|p1a: Chansey|546\/703
|
|turn|32
|c|★fleggumfl|getting intense here
|
|move|p2a: Chansey|Ice Beam|p1a: Chansey
|-damage|p1a: Chansey|474\/703
|move|p1a: Chansey|Ice Beam|p2a: Chansey
|-damage|p2a: Chansey|370\/703
|
|turn|33
|
|move|p2a: Chansey|Ice Beam|p1a: Chansey
|-damage|p1a: Chansey|406\/703
|move|p1a: Chansey|Ice Beam|p2a: Chansey
|-crit|p2a: Chansey
|-damage|p2a: Chansey|222\/703
|
|turn|34
|
|move|p1a: Chansey|Ice Beam|p2a: Chansey
|-damage|p2a: Chansey|147\/703
|move|p2a: Chansey|Soft-Boiled|p2a: Chansey
|-heal|p2a: Chansey|498\/703
|
|turn|35
|
|move|p2a: Chansey|Ice Beam|p1a: Chansey
|-damage|p1a: Chansey|329\/703
|move|p1a: Chansey|Ice Beam|p2a: Chansey
|-damage|p2a: Chansey|424\/703
|-status|p2a: Chansey|frz
|
|turn|36
|c|★fleggumfl|nop
|c|★fapkingg|HA
|
|switch|p2a: Snorlax|Snorlax|523\/523
|move|p1a: Chansey|Soft-Boiled|p1a: Chansey
|-heal|p1a: Chansey|680\/703
|
|turn|37
|c|+Sedertz|fapking only won cause hax
|
|move|p2a: Snorlax|Body Slam|p1a: Chansey
|-damage|p1a: Chansey|398\/703
|move|p1a: Chansey|Counter|p2a: Snorlax
|-damage|p2a: Snorlax|0 fnt
|faint|p2a: Snorlax
|c|+Sedertz|fleggum obv outplayed
|L|GOAO
|c|★fleggumfl|FOR FUCK SAKE
|c|★fapkingg|??
|c|★fleggumfl|:(
|c|★fleggumfl|i always
|c|★fapkingg|i am good sorry
|c|★fleggumfl|forget to
|c|★fleggumfl|scout that shit
|
|switch|p2a: Tauros|Tauros|353\/353
|turn|38
|c|★fleggumfl|whatever im crit hbeaming a win here
|
|switch|p1a: Cloyster|Cloyster|303\/303
|move|p2a: Tauros|Body Slam|p1a: Cloyster
|-damage|p1a: Cloyster|240\/303
|-status|p1a: Cloyster|par
|
|turn|39
|c|★fapkingg|pussy
|c|★fapkingg|why not hbeaming
|
|move|p2a: Tauros|Body Slam|p1a: Cloyster
|-damage|p1a: Cloyster|178\/303 par
|move|p1a: Cloyster|Explosion|p2a: Tauros
|-crit|p2a: Tauros
|-damage|p2a: Tauros|0 fnt
|faint|p2a: Tauros
|faint|p1a: Cloyster
|c|★fleggumfl|after this slam
|c|★fleggumfl|ok
|c|★fleggumfl|o r no t
|c|★fapkingg|lol!
|c|★fleggumfl|sleeping cat will win
|
|switch|p2a: Persian|Persian|167\/333 slp
|switch|p1a: Dragonite|Dragonite|385\/385
|turn|40
|c|★fapkingg|i will troll u
|
|cant|p2a: Persian|slp
|move|p1a: Dragonite|Agility|p1a: Dragonite
|-boost|p1a: Dragonite|spe|2
|
|turn|41
|
|move|p1a: Dragonite|Hyper Beam|p2a: Persian
|-damage|p2a: Persian|0 fnt
|faint|p2a: Persian
|c|★fleggumfl|porygon 6-0d you smh hacker
|c|★fapkingg|ez game
|-message|fleggumfl forfeited.
|
|win|fapkingg