|J|Selise
|J|Bomber
|player|p1|Selise|128
|player|p2|Bomber|167
|gametype|singles
|gen|1
|tier|[Gen 1] OU
|seed|
|rule|Sleep Clause Mod: Limit one foe put to sleep
|rule|Freeze Clause Mod: Limit one foe frozen
|rule|Species Clause: Limit one of each Pokémon
|rule|OHKO Clause: OHKO moves are banned
|rule|Evasion Moves Clause: Evasion moves are banned
|rule|HP Percentage Mod: HP is shown in percentages
|
|start
|switch|p1a: Jynx|Jynx|100\/100
|switch|p2a: Tauros|Tauros|100\/100
|turn|1
|J|Jirachee
|choice||
|
|move|p2a: Tauros|Body Slam|p1a: Jynx
|-damage|p1a: Jynx|46\/100
|-status|p1a: Jynx|par
|move|p1a: Jynx|Lovely Kiss|p2a: Tauros
|-status|p2a: Tauros|slp
|
|turn|2
|J|BKC
|J|Tesung
|c|★Bomber|hf
|choice||
|
|cant|p2a: Tauros|slp
|move|p1a: Jynx|Blizzard|p2a: Tauros
|-crit|p2a: Tauros
|-damage|p2a: Tauros|6\/100 slp
|
|turn|3
|J|windsong
|choice||
|
|cant|p2a: Tauros|slp
|move|p1a: Jynx|Psychic|p2a: Tauros
|-damage|p2a: Tauros|0 fnt
|faint|p2a: Tauros
|choice||
|
|switch|p2a: Snorlax|Snorlax, M|100\/100
|turn|4
|choice||
|
|switch|p1a: Exeggutor|Exeggutor|100\/100
|move|p2a: Snorlax|Body Slam|p1a: Exeggutor
|-damage|p1a: Exeggutor|70\/100
|-status|p1a: Exeggutor|par
|
|turn|5
|choice||
|
|move|p2a: Snorlax|Body Slam|p1a: Exeggutor
|-damage|p1a: Exeggutor|42\/100 par
|move|p1a: Exeggutor|Sleep Powder|p2a: Snorlax
|-status|p2a: Snorlax|slp
|
|turn|6
|choice||
|
|switch|p2a: Chansey|Chansey|100\/100
|move|p1a: Exeggutor|Psychic|p2a: Chansey
|-damage|p2a: Chansey|84\/100
|
|turn|7
|choice||
|
|move|p2a: Chansey|Ice Beam|p1a: Exeggutor
|-supereffective|p1a: Exeggutor
|-damage|p1a: Exeggutor|9\/100 par
|move|p1a: Exeggutor|Explosion|p2a: Chansey
|-damage|p2a: Chansey|0 fnt
|faint|p2a: Chansey
|faint|p1a: Exeggutor
|choice||
|
|switch|p2a: Gengar|Gengar, M|100\/100
|switch|p1a: Chansey|Chansey|100\/100
|turn|8
|choice||
|
|move|p2a: Gengar|Thunderbolt|p1a: Chansey
|-damage|p1a: Chansey|88\/100
|move|p1a: Chansey|Ice Beam|p2a: Gengar
|-damage|p2a: Gengar|81\/100
|
|turn|9
|choice||
|
|move|p2a: Gengar|Hypnosis|p1a: Chansey
|-status|p1a: Chansey|slp
|cant|p1a: Chansey|slp
|
|turn|10
|choice||
|
|move|p2a: Gengar|Thunderbolt|p1a: Chansey
|-damage|p1a: Chansey|77\/100 slp
|cant|p1a: Chansey|slp
|
|turn|11
|choice||
|
|move|p2a: Gengar|Seismic Toss|p1a: Chansey
|-damage|p1a: Chansey|63\/100 slp
|-curestatus|p1a: Chansey|slp
|
|turn|12
|choice||
|
|move|p2a: Gengar|Hypnosis|p1a: Chansey
|-status|p1a: Chansey|slp
|cant|p1a: Chansey|slp
|
|turn|13
|choice||
|
|move|p2a: Gengar|Thunderbolt|p1a: Chansey
|-damage|p1a: Chansey|50\/100 slp
|cant|p1a: Chansey|slp
|
|turn|14
|choice||
|
|move|p2a: Gengar|Thunderbolt|p1a: Chansey
|-damage|p1a: Chansey|38\/100 slp
|cant|p1a: Chansey|slp
|
|turn|15
|choice||
|
|move|p2a: Gengar|Thunderbolt|p1a: Chansey
|-damage|p1a: Chansey|25\/100 slp
|cant|p1a: Chansey|slp
|
|turn|16
|choice||
|
|switch|p1a: Snorlax|Snorlax|100\/100
|move|p2a: Gengar|Thunderbolt|p1a: Snorlax
|-damage|p1a: Snorlax|77\/100
|
|turn|17
|choice||
|
|move|p2a: Gengar|Thunderbolt|p1a: Snorlax
|-damage|p1a: Snorlax|55\/100
|-status|p1a: Snorlax|par
|move|p1a: Snorlax|Earthquake|p2a: Gengar
|-supereffective|p2a: Gengar
|-damage|p2a: Gengar|7\/100
|
|turn|18
|choice||
|
|switch|p1a: Jynx|Jynx|46\/100 par
|move|p2a: Gengar|Thunderbolt|p1a: Jynx
|-damage|p1a: Jynx|19\/100 par
|
|turn|19
|choice||
|
|move|p2a: Gengar|Thunderbolt|p1a: Jynx
|-damage|p1a: Jynx|0 fnt
|faint|p1a: Jynx
|choice||
|
|switch|p1a: Tauros|Tauros|100\/100
|turn|20
|choice||
|
|move|p1a: Tauros|Earthquake|p2a: Gengar
|-crit|p2a: Gengar
|-supereffective|p2a: Gengar
|-damage|p2a: Gengar|0 fnt
|faint|p2a: Gengar
|choice||
|
|switch|p2a: Victreebel|Victreebel, M|100\/100
|turn|21
|J|Pohjis
|choice||
|
|move|p1a: Tauros|Blizzard|p2a: Victreebel
|-supereffective|p2a: Victreebel
|-damage|p2a: Victreebel|58\/100
|move|p2a: Victreebel|Stun Spore|p1a: Tauros
|-status|p1a: Tauros|par
|
|turn|22
|choice||
|
|move|p2a: Victreebel|Wrap|p1a: Tauros
|-damage|p1a: Tauros|97\/100 par
|cant|p1a: Tauros|partiallytrapped
|
|turn|23
|choice||
|
|switch|p1a: Chansey|Chansey|25\/100 slp
|move|p2a: Victreebel|Wrap|p1a: Chansey
|-damage|p1a: Chansey|21\/100 slp
|
|turn|24
|choice||
|
|switch|p1a: Zapdos|Zapdos|100\/100
|move|p2a: Victreebel|Wrap|p1a: Zapdos
|-damage|p1a: Zapdos|97\/100
|
|turn|25
|choice||
|
|cant|p1a: Zapdos|partiallytrapped
|move|p2a: Victreebel|Wrap|p1a: Zapdos|[from]Wrap
|-damage|p1a: Zapdos|93\/100
|
|turn|26
|choice||
|
|switch|p2a: Snorlax|Snorlax, M|100\/100 slp
|cant|p1a: Zapdos|partiallytrapped
|
|turn|27
|choice||
|
|move|p1a: Zapdos|Thunderbolt|p2a: Snorlax
|-crit|p2a: Snorlax
|-damage|p2a: Snorlax|42\/100 slp
|cant|p2a: Snorlax|slp
|
|turn|28
|choice||
|
|move|p1a: Zapdos|Thunderbolt|p2a: Snorlax
|-damage|p2a: Snorlax|9\/100 slp
|cant|p2a: Snorlax|slp
|
|turn|29
|choice||
|
|move|p1a: Zapdos|Drill Peck|p2a: Snorlax
|-damage|p2a: Snorlax|0 fnt
|faint|p2a: Snorlax
|choice||
|
|switch|p2a: Dragonite|Dragonite, M|100\/100
|turn|30
|choice||
|
|move|p1a: Zapdos|Thunder Wave|p2a: Dragonite
|-status|p2a: Dragonite|par
|move|p2a: Dragonite|Agility|p2a: Dragonite
|-boost|p2a: Dragonite|spe|2
|
|turn|31
|choice||
|
|move|p2a: Dragonite|Blizzard|p1a: Zapdos
|-supereffective|p1a: Zapdos
|-damage|p1a: Zapdos|50\/100
|move|p1a: Zapdos|Thunderbolt|p2a: Dragonite
|-crit|p2a: Dragonite
|-damage|p2a: Dragonite|31\/100 par
|
|turn|32
|choice||
|
|move|p2a: Dragonite|Wrap|p1a: Zapdos
|-damage|p1a: Zapdos|46\/100
|cant|p1a: Zapdos|partiallytrapped
|
|turn|33
|choice||
|
|switch|p1a: Snorlax|Snorlax|55\/100 par
|move|p2a: Dragonite|Wrap|p1a: Snorlax
|-crit|p1a: Snorlax
|-damage|p1a: Snorlax|47\/100 par
|
|turn|34
|choice||
|
|move|p2a: Dragonite|Wrap|p1a: Snorlax|[from]Wrap
|-damage|p1a: Snorlax|40\/100 par
|cant|p1a: Snorlax|partiallytrapped
|
|turn|35
|choice||
|
|move|p2a: Dragonite|Wrap|p1a: Snorlax|[from]Wrap
|-damage|p1a: Snorlax|32\/100 par
|cant|p1a: Snorlax|partiallytrapped
|
|turn|36
|choice||
|
|move|p2a: Dragonite|Wrap|p1a: Snorlax|[from]Wrap
|-damage|p1a: Snorlax|25\/100 par
|cant|p1a: Snorlax|partiallytrapped
|
|turn|37
|choice||
|
|move|p2a: Dragonite|Wrap|p1a: Snorlax|[from]Wrap
|-damage|p1a: Snorlax|18\/100 par
|cant|p1a: Snorlax|partiallytrapped
|
|turn|38
|choice||
|
|cant|p2a: Dragonite|par
|move|p1a: Snorlax|Self-Destruct|p2a: Dragonite
|-damage|p2a: Dragonite|0 fnt
|faint|p2a: Dragonite
|faint|p1a: Snorlax
|choice||
|
|switch|p1a: Zapdos|Zapdos|46\/100
|switch|p2a: Victreebel|Victreebel, M|58\/100
|turn|39
|choice||
|
|move|p1a: Zapdos|Drill Peck|p2a: Victreebel
|-supereffective|p2a: Victreebel
|-damage|p2a: Victreebel|0 fnt
|faint|p2a: Victreebel
|
|win|Selise