|J|dice
|J|Bloody Rabbit
|player|p1|dice|1
|player|p2|Bloody Rabbit|70
|gametype|singles
|gen|1
|tier|[Gen 1] OU
|seed|62147,40791,28505,65451
|rule|Sleep Clause Mod: Limit one foe put to sleep
|rule|Freeze Clause Mod: Limit one foe frozen
|rule|Species Clause: Limit one of each Pokémon
|rule|OHKO Clause: OHKO moves are banned
|rule|Evasion Moves Clause: Evasion moves are banned
|rule|HP Percentage Mod: HP is shown in percentages
|
|start
|switch|p1a: Alakazam|Alakazam|313\/313
|switch|p2a: Lucky Star|Starmie|323\/323
|turn|1
|J|LT1 Eye U
|choice|move 1|switch 2
|
|switch|p2a: Megidolaon|Exeggutor|393\/393
|move|p1a: Alakazam|Psychic|p2a: Megidolaon
|-resisted|p2a: Megidolaon
|-damage|p2a: Megidolaon|336\/393
|
|turn|2
|J|MoxieInfinite
|J|TDK
|L|LT1 Eye U
|choice|move 4|move 1
|
|move|p1a: Alakazam|Thunder Wave|p2a: Megidolaon
|-status|p2a: Megidolaon|par
|move|p2a: Megidolaon|Sleep Powder|p1a: Alakazam
|-status|p1a: Alakazam|slp
|
|turn|3
|J|LT1 Elizabeth Reed
|choice|move 2|move 3
|
|cant|p1a: Alakazam|slp
|move|p2a: Megidolaon|Mega Drain|p1a: Alakazam
|-damage|p1a: Alakazam|268\/313 slp
|-heal|p2a: Megidolaon|358\/393 par|[from] drain|[of] p1a: Alakazam
|
|turn|4
|c|★Bloody Rabbit|recovery yn
|choice|move 2|switch 3
|
|switch|p2a: BORIS|Snorlax|523\/523
|cant|p1a: Alakazam|slp
|
|turn|5
|choice|switch 2|move 1
|
|switch|p1a: Slowbro|Slowbro|393\/393
|move|p2a: BORIS|Body Slam|p1a: Slowbro
|-damage|p1a: Slowbro|290\/393
|
|turn|6
|choice|move 2|switch 6
|
|switch|p2a: CHONSEY|Chansey|703\/703
|move|p1a: Slowbro|Surf|p2a: CHONSEY
|-damage|p2a: CHONSEY|611\/703
|
|turn|7
|J|FlowSociety
|choice|move 1|move 1
|
|move|p2a: CHONSEY|Ice Beam|p1a: Slowbro
|-resisted|p1a: Slowbro
|-damage|p1a: Slowbro|244\/393
|move|p1a: Slowbro|Thunder Wave|p2a: CHONSEY
|-status|p2a: CHONSEY|par
|
|turn|8
|L|FlowSociety
|choice|switch 2|move 2
|
|switch|p1a: Alakazam|Alakazam|268\/313 slp
|cant|p2a: CHONSEY|par
|
|turn|9
|J|stathakis
|choice|move 2|switch 6
|
|switch|p2a: BORIS|Snorlax|523\/523
|cant|p1a: Alakazam|slp
|
|turn|10
|choice|switch 2|move 1
|
|switch|p1a: Slowbro|Slowbro|244\/393
|move|p2a: BORIS|Body Slam|p1a: Slowbro
|-damage|p1a: Slowbro|138\/393
|-status|p1a: Slowbro|par
|
|turn|11
|J|BKC
|choice|move 4|move 1
|
|move|p2a: BORIS|Body Slam|p1a: Slowbro
|-damage|p1a: Slowbro|44\/393 par
|cant|p1a: Slowbro|par
|
|turn|12
|choice|switch 4|move 1
|
|switch|p1a: Chansey|Chansey|703\/703
|move|p2a: BORIS|Body Slam|p1a: Chansey
|-crit|p1a: Chansey
|-damage|p1a: Chansey|117\/703
|
|turn|13
|choice|move 4|move 2
|
|move|p1a: Chansey|Soft-Boiled|p1a: Chansey
|-heal|p1a: Chansey|468\/703
|move|p2a: BORIS|Hyper Beam|p1a: Chansey|[miss]
|-miss|p2a: BORIS
|
|turn|14
|c|★Bloody Rabbit|rip
|choice|move 1|switch 6
|
|switch|p2a: CHONSEY|Chansey|611\/703 par
|move|p1a: Chansey|Thunder Wave|p2a: CHONSEY
|-fail|p2a: CHONSEY|par
|
|turn|15
|choice|move 4|move 1
|
|move|p1a: Chansey|Soft-Boiled|p1a: Chansey
|-heal|p1a: Chansey|703\/703
|move|p2a: CHONSEY|Ice Beam|p1a: Chansey
|-crit|p1a: Chansey
|-damage|p1a: Chansey|550\/703
|-status|p1a: Chansey|frz
|
|turn|16
|c|★dice|dam
|choice|switch 2|move 2
|
|switch|p1a: Alakazam|Alakazam|268\/313 slp
|move|p2a: CHONSEY|Thunderbolt|p1a: Alakazam
|-damage|p1a: Alakazam|208\/313 slp
|
|turn|17
|choice|switch 3|switch 6
|
|switch|p1a: Rhydon|Rhydon|413\/413
|switch|p2a: BORIS|Snorlax|523\/523
|
|turn|18
|choice|move 2|switch 3
|
|switch|p2a: Megidolaon|Exeggutor|358\/393 par
|move|p1a: Rhydon|Stomp|p2a: Megidolaon
|-damage|p2a: Megidolaon|293\/393 par
|
|turn|19
|choice|move 2|move 3
|
|move|p1a: Rhydon|Stomp|p2a: Megidolaon
|-crit|p2a: Megidolaon
|-damage|p2a: Megidolaon|167\/393 par
|move|p2a: Megidolaon|Mega Drain|p1a: Rhydon
|-supereffective|p1a: Rhydon
|-damage|p1a: Rhydon|42\/413
|-heal|p2a: Megidolaon|352\/393 par|[from] drain|[of] p1a: Rhydon
|
|turn|20
|choice|move 2|move 3
|
|move|p1a: Rhydon|Stomp|p2a: Megidolaon
|-crit|p2a: Megidolaon
|-damage|p2a: Megidolaon|228\/393 par
|move|p2a: Megidolaon|Mega Drain|p1a: Rhydon
|-supereffective|p1a: Rhydon
|-damage|p1a: Rhydon|0 fnt
|-heal|p2a: Megidolaon|249\/393 par|[from] drain|[of] p1a: Rhydon
|faint|p1a: Rhydon
|choice|switch 6|
|
|switch|p1a: Tauros|Tauros|353\/353
|turn|21
|choice|move 4|move 4
|
|move|p1a: Tauros|Blizzard|p2a: Megidolaon
|-crit|p2a: Megidolaon
|-supereffective|p2a: Megidolaon
|-damage|p2a: Megidolaon|0 fnt
|faint|p2a: Megidolaon
|c|★Bloody Rabbit|rude
|choice||switch 2
|
|switch|p2a: Lucky Star|Starmie|323\/323
|turn|22
|choice|switch 5|move 3
|
|switch|p1a: Exeggutor|Exeggutor|393\/393
|move|p2a: Lucky Star|Thunder Wave|p1a: Exeggutor
|-status|p1a: Exeggutor|par
|
|turn|23
|choice|switch 5|switch 4
|
|switch|p2a: AMIGO PEDRA|Golem|363\/363
|switch|p1a: Tauros|Tauros|353\/353
|
|turn|24
|choice|move 4|move 1
|
|move|p1a: Tauros|Blizzard|p2a: AMIGO PEDRA
|-supereffective|p2a: AMIGO PEDRA
|-damage|p2a: AMIGO PEDRA|163\/363
|move|p2a: AMIGO PEDRA|Earthquake|p1a: Tauros
|-damage|p1a: Tauros|228\/353
|
|turn|25
|choice|move 4|switch 4
|
|switch|p2a: Lucky Star|Starmie|323\/323
|move|p1a: Tauros|Blizzard|p2a: Lucky Star
|-resisted|p2a: Lucky Star
|-damage|p2a: Lucky Star|286\/323
|
|turn|26
|choice|switch 2|move 2
|
|switch|p1a: Chansey|Chansey|550\/703 frz
|move|p2a: Lucky Star|Psychic|p1a: Chansey
|-damage|p1a: Chansey|446\/703 frz
|-unboost|p1a: Chansey|spd|1
|-unboost|p1a: Chansey|spa|1
|
|turn|27
|L|MoxieInfinite
|choice|move 2|move 2
|
|move|p2a: Lucky Star|Psychic|p1a: Chansey
|-crit|p1a: Chansey
|-damage|p1a: Chansey|239\/703 frz
|cant|p1a: Chansey|frz
|
|turn|28
|choice|move 3|move 2
|
|move|p2a: Lucky Star|Psychic|p1a: Chansey
|-damage|p1a: Chansey|70\/703 frz
|cant|p1a: Chansey|frz
|
|turn|29
|choice|move 1|switch 3
|
|switch|p2a: BORIS|Snorlax|523\/523
|cant|p1a: Chansey|frz
|
|turn|30
|choice|move 2|move 1
|
|cant|p1a: Chansey|frz
|move|p2a: BORIS|Body Slam|p1a: Chansey
|-damage|p1a: Chansey|0 fnt
|faint|p1a: Chansey
|choice|switch 5|
|
|switch|p1a: Exeggutor|Exeggutor|393\/393 par
|turn|31
|choice|switch 2|switch 6
|
|switch|p2a: CHONSEY|Chansey|611\/703 par
|switch|p1a: Tauros|Tauros|228\/353
|
|turn|32
|choice|move 1|move 3
|
|move|p1a: Tauros|Body Slam|p2a: CHONSEY
|-damage|p2a: CHONSEY|334\/703 par
|move|p2a: CHONSEY|Thunder Wave|p1a: Tauros
|-status|p1a: Tauros|par
|
|turn|33
|choice|move 1|switch 4
|
|switch|p2a: AMIGO PEDRA|Golem|163\/363
|move|p1a: Tauros|Body Slam|p2a: AMIGO PEDRA
|-resisted|p2a: AMIGO PEDRA
|-damage|p2a: AMIGO PEDRA|124\/363
|
|turn|34
|choice|move 3|move 4
|
|move|p2a: AMIGO PEDRA|Explosion|p1a: Tauros
|-damage|p1a: Tauros|0 fnt
|faint|p1a: Tauros
|faint|p2a: AMIGO PEDRA
|choice|switch 2|switch 6
|
|switch|p2a: BORIS|Snorlax|523\/523
|switch|p1a: Exeggutor|Exeggutor|393\/393 par
|turn|35
|choice|move 1|switch 4
|
|switch|p2a: CHONSEY|Chansey|334\/703 par
|move|p1a: Exeggutor|Sleep Powder|p2a: CHONSEY|[miss]
|-miss|p1a: Exeggutor
|
|turn|36
|choice|move 2|move 1
|
|move|p1a: Exeggutor|Psychic|p2a: CHONSEY
|-damage|p2a: CHONSEY|208\/703 par
|move|p2a: CHONSEY|Ice Beam|p1a: Exeggutor
|-supereffective|p1a: Exeggutor
|-damage|p1a: Exeggutor|259\/393 par
|
|turn|37
|choice|move 3|move 1
|
|cant|p1a: Exeggutor|par
|cant|p2a: CHONSEY|par
|
|turn|38
|J|qht
|choice|move 3|move 1
|
|move|p1a: Exeggutor|Hyper Beam|p2a: CHONSEY
|-damage|p2a: CHONSEY|0 fnt
|faint|p2a: CHONSEY
|choice||switch 3
|
|switch|p2a: Lucky Star|Starmie|286\/323
|turn|39
|choice|move 1|move 1
|
|move|p2a: Lucky Star|Blizzard|p1a: Exeggutor
|-supereffective|p1a: Exeggutor
|-damage|p1a: Exeggutor|109\/393 par
|move|p1a: Exeggutor|Sleep Powder|p2a: Lucky Star|[miss]
|-miss|p1a: Exeggutor
|
|turn|40
|choice|move 4|move 1
|
|move|p2a: Lucky Star|Blizzard|p1a: Exeggutor
|-supereffective|p1a: Exeggutor
|-damage|p1a: Exeggutor|0 fnt
|faint|p1a: Exeggutor
|choice|switch 3|
|
|switch|p1a: Alakazam|Alakazam|208\/313 slp
|turn|41
|choice|move 4|switch 4
|
|switch|p2a: BORIS|Snorlax|523\/523
|cant|p1a: Alakazam|slp
|
|turn|42
|choice|move 4|move 2
|
|cant|p1a: Alakazam|slp
|move|p2a: BORIS|Hyper Beam|p1a: Alakazam
|-damage|p1a: Alakazam|0 fnt
|faint|p1a: Alakazam
|choice|switch 4|
|
|switch|p1a: Slowbro|Slowbro|44\/393 par
|turn|43
|choice|move 4|move 1
|
|move|p2a: BORIS|Body Slam|p1a: Slowbro
|-damage|p1a: Slowbro|0 fnt
|faint|p1a: Slowbro
|
|win|Bloody Rabbit