|J|Agammemnon
|J|marcoasd
|player|p1|Agammemnon|220
|player|p2|marcoasd|1
|gametype|singles
|gen|1
|tier|[Gen 1] OU
|seed|
|rule|Sleep Clause Mod: Limit one foe put to sleep
|rule|Freeze Clause Mod: Limit one foe frozen
|rule|Species Clause: Limit one of each Pokémon
|rule|OHKO Clause: OHKO moves are banned
|rule|Evasion Moves Clause: Evasion moves are banned
|rule|HP Percentage Mod: HP is shown in percentages
|
|start
|switch|p1a: Jynx|Jynx|100\/100
|switch|p2a: Alakazam|Alakazam, M|100\/100
|turn|1
|J|The Life of Hugo
|J|Tricking
|J|Reportings
|J|Steve Angello
|J|King Tsunami
|J|Purrl
|J|nappy boy radio
|J|Soulgazer
|J|ReshiRampage
|J|KyleCole
|J|Lusch
|J|jira
|J|Teddeh
|J|Pohjis
|J|xRay~
|J|blunderr
|J|epicNecro
|J|bouff
|J|Barian
|L|epicNecro
|J|xMarth
|choice||
|
|move|p2a: Alakazam|Thunder Wave|p1a: Jynx
|-status|p1a: Jynx|par
|move|p1a: Jynx|Lovely Kiss|p2a: Alakazam
|-status|p2a: Alakazam|slp
|
|turn|2
|L|Barian
|J|yunggucci06
|J|fitzy
|J|Mizuhime
|J|Evuelf
|J|Jayde
|J|Omfuga
|J|Tiba
|J|zzygg
|J|iamgingy
|choice||
|
|switch|p2a: Chansey|Chansey|100\/100
|cant|p1a: Jynx|par
|
|turn|3
|J|Ciele
|J|BKC
|J|Alexander
|J|Aurious
|J|hodor
|J|Jarii
|L|hodor
|J|Icey Tea
|J|stathakis
|J|CrashinBoomBang
|J|Despotar274
|choice||
|
|move|p2a: Chansey|Seismic Toss|p1a: Jynx
|-damage|p1a: Jynx|70\/100 par
|cant|p1a: Jynx|par
|
|turn|4
|J|Dice
|J|Ary
|J|the pdc show
|raw|<div class="broadcast-red"><b>Moderated chat was set to @!<\/b><br \/>Only users of rank @ and higher can talk.<\/div>
|J|liberty32
|J|Spook spode
|J|Funkasaurus
|J|EG Posho
|J|majaspic22
|choice||
|
|move|p2a: Chansey|Seismic Toss|p1a: Jynx
|-damage|p1a: Jynx|40\/100 par
|move|p1a: Jynx|Blizzard|p2a: Chansey
|-damage|p2a: Chansey|82\/100
|
|turn|5
|L|Spook spode
|J|FlamingVictini
|J|Lutra
|J|Imagine Rayquazas
|J|teal6
|J|ABR
|J|Vileman
|choice||
|
|switch|p2a: Snorlax|Snorlax, M|100\/100
|switch|p1a: Alakazam|Alakazam|100\/100
|
|turn|6
|L|ABR
|J|SparksBlade
|J|ibaneful
|J|Baxstenias
|L|Lutra
|J|rozes
|L|SparksBlade
|L|Jarii
|J|bro fist
|J|FLCL
|J|kingmidas
|J|Omastar
|J|Vinc2612
|J|powersollar
|choice||
|
|switch|p1a: Exeggutor|Exeggutor|100\/100
|move|p2a: Snorlax|Body Slam|p1a: Exeggutor
|-damage|p1a: Exeggutor|72\/100
|
|turn|7
|L|Omastar
|J|Shubaki
|J|balto
|J|Henry
|choice||
|
|switch|p2a: Exeggutor|Exeggutor, M|100\/100
|move|p1a: Exeggutor|Stun Spore|p2a: Exeggutor
|-status|p2a: Exeggutor|par
|
|turn|8
|J|dEnIsSsS
|J|Stratos
|J|LUCKSKILL
|L|FlamingVictini
|J|Jimmy Turtwig
|J|Anty
|L|powersollar
|L|Reportings
|J|iplaytennislol
|J|beatiful
|L|Shubaki
|J|Hikari
|J|cat cafe
|J|SparksBlade
|J|qsns
|J|T D K
|L|SparksBlade
|L|qsns
|choice||
|
|switch|p1a: Jynx|Jynx|40\/100 par
|move|p2a: Exeggutor|Double-Edge|p1a: Jynx
|-damage|p1a: Jynx|2\/100 par
|-damage|p2a: Exeggutor|92\/100 par|[from] recoil|[of] p1a: Jynx
|
|turn|9
|J|powersollar
|choice||
|
|switch|p2a: Snorlax|Snorlax, M|100\/100
|move|p1a: Jynx|Blizzard|p2a: Snorlax
|-crit|p2a: Snorlax
|-damage|p2a: Snorlax|33\/100
|
|turn|10
|J|CasedVictory
|choice||
|
|move|p2a: Snorlax|Body Slam|p1a: Jynx
|-damage|p1a: Jynx|0 fnt
|faint|p1a: Jynx
|J|SparksBlade
|J|michaeloche
|J|mael
|J|BahaWin
|J|sombolo
|L|SparksBlade
|J|sanctaphrax
|J|Bloody Rabbit
|choice||
|
|switch|p1a: Alakazam|Alakazam|100\/100
|turn|11
|J|greninjawarrior21
|J|hairy toenail
|J|windsong
|choice||
|
|switch|p2a: Chansey|Chansey|82\/100
|move|p1a: Alakazam|Psychic|p2a: Chansey
|-damage|p2a: Chansey|64\/100
|
|turn|12
|J|haveabitaboutyou
|L|greninjawarrior21
|choice||
|
|move|p1a: Alakazam|Thunder Wave|p2a: Chansey
|-status|p2a: Chansey|par
|cant|p2a: Chansey|par
|
|turn|13
|J|lt1 mbh
|choice||
|
|switch|p1a: Snorlax|Snorlax|100\/100
|switch|p2a: Exeggutor|Exeggutor, M|92\/100 par
|
|turn|14
|J|Phil
|J|Lockheeed
|J|aimless oo
|L|LUCKSKILL
|J|ABR
|L|ABR
|L|lt1 mbh
|choice||
|
|switch|p1a: Alakazam|Alakazam|100\/100
|cant|p2a: Exeggutor|par
|
|turn|15
|J|Quaggsterrr
|J|Storyer
|choice||
|
|move|p1a: Alakazam|Psychic|p2a: Exeggutor
|-resisted|p2a: Exeggutor
|-damage|p2a: Exeggutor|79\/100 par
|move|p2a: Exeggutor|Sleep Powder|p1a: Alakazam
|-status|p1a: Alakazam|slp
|
|turn|16
|choice||
|
|switch|p1a: Snorlax|Snorlax|100\/100
|move|p2a: Exeggutor|Double-Edge|p1a: Snorlax
|-damage|p1a: Snorlax|82\/100
|-damage|p2a: Exeggutor|73\/100 par|[from] recoil|[of] p1a: Snorlax
|
|turn|17
|choice||
|
|move|p1a: Snorlax|Body Slam|p2a: Exeggutor
|-damage|p2a: Exeggutor|43\/100 par
|move|p2a: Exeggutor|Explosion|p1a: Snorlax
|-crit|p1a: Snorlax
|-damage|p1a: Snorlax|0 fnt
|faint|p1a: Snorlax
|faint|p2a: Exeggutor
|L|KyleCole
|choice||
|
|switch|p1a: Persian|Persian|100\/100
|switch|p2a: Zapdos|Zapdos|100\/100
|turn|18
|L|sanctaphrax
|choice||
|
|move|p1a: Persian|Slash|p2a: Zapdos
|-crit|p2a: Zapdos
|-damage|p2a: Zapdos|63\/100
|move|p2a: Zapdos|Thunder Wave|p1a: Persian
|-status|p1a: Persian|par
|
|turn|19
|choice||
|
|move|p2a: Zapdos|Thunderbolt|p1a: Persian
|-crit|p1a: Persian
|-damage|p1a: Persian|3\/100 par
|move|p1a: Persian|Slash|p2a: Zapdos
|-crit|p2a: Zapdos
|-damage|p2a: Zapdos|24\/100
|
|turn|20
|J|qsns
|J|Nunno
|L|Jimmy Turtwig
|L|Nunno
|J|AGuyWithPants
|L|qsns
|J|LUCKSKILL
|J|Nunno
|J|Shadestep
|J|tamahome
|J|Rei
|J|Madoka
|J|KyleCole
|J|Crestfall
|choice||
|
|move|p2a: Zapdos|Drill Peck|p1a: Persian
|-damage|p1a: Persian|0 fnt
|faint|p1a: Persian
|J|Shubaki
|L|Shubaki
|J|WECAMEASROMANS
|choice||
|
|switch|p1a: Tauros|Tauros|100\/100
|turn|21
|J|ABR
|J|Lutra
|L|Baxstenias
|J|MattL
|J|sugarhigh
|J|qsns
|L|MattL
|choice||
|
|move|p1a: Tauros|Body Slam|p2a: Zapdos
|-damage|p2a: Zapdos|0 fnt
|faint|p2a: Zapdos
|J|Kushalos
|J|Xopi
|choice||
|
|switch|p2a: Tauros|Tauros|100\/100
|turn|22
|L|Madoka
|J|Madoka
|L|rozes
|L|Shadestep
|choice||
|
|move|p2a: Tauros|Body Slam|p1a: Tauros
|-damage|p1a: Tauros|69\/100
|move|p1a: Tauros|Body Slam|p2a: Tauros
|-damage|p2a: Tauros|71\/100
|
|turn|23
|choice||
|
|move|p1a: Tauros|Body Slam|p2a: Tauros
|-damage|p2a: Tauros|43\/100
|move|p2a: Tauros|Body Slam|p1a: Tauros
|-damage|p1a: Tauros|41\/100
|
|turn|24
|c|★Agammemnon|May the best Tauros win
|J|Clueless
|J|Quite Quiet
|choice||
|
|switch|p2a: Snorlax|Snorlax, M|33\/100
|switch|p1a: Exeggutor|Exeggutor|72\/100
|
|turn|25
|J|SparksBlade
|J|TheThorn
|J|Meloettaaa
|J|Void
|J|Rampecker
|J|Itsyos
|L|Itsyos
|choice||
|
|switch|p2a: Chansey|Chansey|64\/100 par
|move|p1a: Exeggutor|Psychic|p2a: Chansey
|-damage|p2a: Chansey|47\/100 par
|-unboost|p2a: Chansey|spd|1
|-unboost|p2a: Chansey|spa|1
|
|turn|26
|J|Gato Sociopata
|L|stathakis
|J|double01
|J|lordgic
|L|Imagine Rayquazas
|choice||
|
|move|p1a: Exeggutor|Explosion|p2a: Chansey
|-damage|p2a: Chansey|0 fnt
|faint|p2a: Chansey
|faint|p1a: Exeggutor
|J|reiku
|choice||
|
|switch|p1a: Tauros|Tauros|41\/100
|switch|p2a: Snorlax|Snorlax, M|33\/100
|turn|27
|J|Reportings
|choice||
|
|move|p1a: Tauros|Hyper Beam|p2a: Snorlax
|-damage|p2a: Snorlax|0 fnt
|faint|p2a: Snorlax
|c|★marcoasd|well gg
|L|cat cafe
|L|lordgic
|c|★Agammemnon|gg
|L|Hikari
|choice||
|
|switch|p2a: Tauros|Tauros|43\/100
|turn|28
|J|Shadestep
|choice||
|
|move|p1a: Tauros|Hyper Beam|p2a: Tauros
|-crit|p2a: Tauros
|-damage|p2a: Tauros|0 fnt
|faint|p2a: Tauros
|J|Efoie Woge
|L|KyleCole
|L|windsong
|J|stathakis
|choice||
|
|switch|p2a: Alakazam|Alakazam, M|100\/100 slp
|turn|29
|J|Sacri'
|J|Sharpedo sweeps
|J|all falls down
|choice||
|
|cant|p2a: Alakazam|slp
|move|p1a: Tauros|Body Slam|p2a: Alakazam
|-damage|p2a: Alakazam|53\/100 slp
|
|turn|30
|J|Hootie
|J|ChillShadow
|J|constancy
|L|Crestfall
|J|windsong
|choice||
|
|cant|p2a: Alakazam|slp
|move|p1a: Tauros|Hyper Beam|p2a: Alakazam
|-damage|p2a: Alakazam|0 fnt
|faint|p2a: Alakazam
|
|win|Agammemnon
|player|p1
|player|p2
|L|constancy
|L|ABR
|L|WECAMEASROMANS
|L|Efoie Woge
|L|Reportings
|L|The Life of Hugo
|L|Clueless
|L|Tricking
|L|iplaytennislol