|inactive|Battle timer is ON: inactive players will automatically lose when time's up.
|J|Disaster Area
|J|Actaeon12345
|player|p1|Disaster Area|32
|player|p2|Actaeon12345|101
|gametype|singles
|gen|1
|tier|[Gen 1] OU
|rule|Sleep Clause Mod: Limit one foe put to sleep
|rule|Freeze Clause Mod: Limit one foe frozen
|rule|Species Clause: Limit one of each Pokémon
|rule|OHKO Clause: OHKO moves are banned
|rule|Evasion Moves Clause: Evasion moves are banned
|rule|HP Percentage Mod: HP is shown in percentages
|
|start
|switch|p1a: Jynx|Jynx|333\/333
|switch|p2a: Jynx|Jynx|333\/333
|turn|1
|J|la dolce vita
|J|Tomahawk
|c|★Disaster Area|sorry
|c|★Disaster Area|cat gifs
|
|switch|p2a: Gengar|Gengar|323\/323
|move|p1a: Jynx|Lovely Kiss|p2a: Gengar
|-status|p2a: Gengar|slp
|
|turn|2
|
|switch|p2a: Jynx|Jynx|333\/333
|move|p1a: Jynx|Psychic|p2a: Jynx
|-resisted|p2a: Jynx
|-damage|p2a: Jynx|283\/333
|
|turn|3
|
|move|p2a: Jynx|Lovely Kiss|p1a: Jynx
|-status|p1a: Jynx|slp
|cant|p1a: Jynx|slp
|
|turn|4
|
|switch|p2a: Lapras|Lapras|463\/463
|switch|p1a: Starmie|Starmie|323\/323
|
|turn|5
|
|switch|p2a: Jynx|Jynx|283\/333
|move|p1a: Starmie|Thunder Wave|p2a: Jynx
|-status|p2a: Jynx|par
|
|turn|6
|
|move|p1a: Starmie|Thunderbolt|p2a: Jynx
|-damage|p2a: Jynx|212\/333 par
|move|p2a: Jynx|Ice Beam|p1a: Starmie
|-resisted|p1a: Starmie
|-damage|p1a: Starmie|273\/323
|
|turn|7
|
|move|p1a: Starmie|Psychic|p2a: Jynx
|-resisted|p2a: Jynx
|-damage|p2a: Jynx|162\/333 par
|-unboost|p2a: Jynx|spd|1
|-unboost|p2a: Jynx|spa|1
|move|p2a: Jynx|Rest|p2a: Jynx
|-status|p2a: Jynx|slp
|-heal|p2a: Jynx|333\/333 slp|[silent]
|-status|p2a: Jynx|slp|[from] move: Rest
|
|turn|8
|
|switch|p2a: Chansey|Chansey|703\/703
|move|p1a: Starmie|Psychic|p2a: Chansey
|-damage|p2a: Chansey|608\/703
|-unboost|p2a: Chansey|spd|1
|-unboost|p2a: Chansey|spa|1
|
|turn|9
|
|switch|p1a: Alakazam|Alakazam|313\/313
|switch|p2a: Jynx|Jynx|333\/333 slp
|
|turn|10
|
|move|p1a: Alakazam|Seismic Toss|p2a: Jynx
|-damage|p2a: Jynx|233\/333 slp
|cant|p2a: Jynx|slp
|
|turn|11
|
|move|p1a: Alakazam|Seismic Toss|p2a: Jynx
|-damage|p2a: Jynx|133\/333 slp
|cant|p2a: Jynx|slp
|-curestatus|p2a: Jynx|slp
|
|turn|12
|
|move|p1a: Alakazam|Thunder Wave|p2a: Jynx
|-status|p2a: Jynx|par
|move|p2a: Jynx|Ice Beam|p1a: Alakazam
|-damage|p1a: Alakazam|231\/313
|
|turn|13
|
|move|p1a: Alakazam|Seismic Toss|p2a: Jynx
|-damage|p2a: Jynx|33\/333 par
|move|p2a: Jynx|Rest|p2a: Jynx
|-status|p2a: Jynx|slp
|-heal|p2a: Jynx|333\/333 slp|[silent]
|-status|p2a: Jynx|slp|[from] move: Rest
|
|turn|14
|c|★Actaeon12345|My style of play may seem questionable here
|c|★Actaeon12345|but you'll see why
|
|move|p1a: Alakazam|Seismic Toss|p2a: Jynx
|-damage|p2a: Jynx|233\/333 slp
|cant|p2a: Jynx|slp
|
|turn|15
|
|move|p1a: Alakazam|Seismic Toss|p2a: Jynx
|-damage|p2a: Jynx|133\/333 slp
|cant|p2a: Jynx|slp
|-curestatus|p2a: Jynx|slp
|
|turn|16
|
|move|p1a: Alakazam|Thunder Wave|p2a: Jynx
|-status|p2a: Jynx|par
|move|p2a: Jynx|Rest|p2a: Jynx
|-status|p2a: Jynx|slp
|-heal|p2a: Jynx|333\/333 slp|[silent]
|-status|p2a: Jynx|slp|[from] move: Rest
|
|turn|17
|
|switch|p1a: Koopacow|Tauros|353\/353
|cant|p2a: Jynx|slp
|
|turn|18
|
|switch|p2a: Cloyster|Cloyster|303\/303
|move|p1a: Koopacow|Earthquake|p2a: Cloyster
|-damage|p2a: Cloyster|251\/303
|
|turn|19
|
|switch|p1a: Jynx|Jynx|333\/333 slp
|move|p2a: Cloyster|Explosion|p1a: Jynx
|-damage|p1a: Jynx|0 fnt
|faint|p1a: Jynx
|faint|p2a: Cloyster
|c|★Disaster Area|obvious
|c|★Actaeon12345|ok
|c|★Actaeon12345|Was it that obvious?
|c|★Disaster Area|idk I think the fact it was fully healthy
|
|switch|p1a: Zapdos|Zapdos|383\/383
|switch|p2a: Chansey|Chansey|608\/703
|turn|20
|c|★Disaster Area|might say so
|c|★Disaster Area|well
|c|★Disaster Area|might say otherwise
|c|★Disaster Area|but
|c|★Disaster Area|starmie was weakened
|c|★Disaster Area|and it was better to go jynx to eat an attack
|c|★Actaeon12345|yeah it was kind of perfect
|c|★Disaster Area|on the offchance that you explode
|c|★Disaster Area|yeah lol
|c|★Actaeon12345|and the safe option
|
|move|p1a: Zapdos|Thunder Wave|p2a: Chansey
|-status|p2a: Chansey|par
|move|p2a: Chansey|Reflect|p2a: Chansey
|-start|p2a: Chansey|Reflect
|
|turn|21
|c|★Actaeon12345|lol your team contains all of the pokes until now
|c|★Actaeon12345|that spell trouble
|
|switch|p1a: Alakazam|Alakazam|231\/313
|move|p2a: Chansey|Ice Beam|p1a: Alakazam
|-damage|p1a: Alakazam|171\/313
|
|turn|22
|
|move|p1a: Alakazam|Recover|p1a: Alakazam
|-heal|p1a: Alakazam|313\/313
|move|p2a: Chansey|Ice Beam|p1a: Alakazam
|-damage|p1a: Alakazam|246\/313
|
|turn|23
|
|move|p1a: Alakazam|Psychic|p2a: Chansey
|-damage|p2a: Chansey|484\/703 par
|move|p2a: Chansey|Ice Beam|p1a: Alakazam
|-damage|p1a: Alakazam|188\/313
|
|turn|24
|
|move|p1a: Alakazam|Psychic|p2a: Chansey
|-damage|p2a: Chansey|359\/703 par
|-unboost|p2a: Chansey|spd|1
|-unboost|p2a: Chansey|spa|1
|move|p2a: Chansey|Soft-Boiled|p2a: Chansey
|-heal|p2a: Chansey|703\/703 par
|
|turn|25
|J|Vileman
|
|move|p1a: Alakazam|Recover|p1a: Alakazam
|-heal|p1a: Alakazam|313\/313
|move|p2a: Chansey|Ice Beam|p1a: Alakazam
|-damage|p1a: Alakazam|269\/313
|
|turn|26
|c|★Disaster Area|this is the most freeze-aggresive team
|c|★Disaster Area|I have fought I think
|
|move|p1a: Alakazam|Psychic|p2a: Chansey
|-crit|p2a: Chansey
|-damage|p2a: Chansey|454\/703 par
|move|p2a: Chansey|Ice Beam|p1a: Alakazam
|-damage|p1a: Alakazam|230\/313
|-status|p1a: Alakazam|frz
|
|turn|27
|c|★Disaster Area|lol
|L|Vileman
|c|★Actaeon12345|That's what it's known for lol
|c|★Disaster Area|lol
|c|★Actaeon12345|I am trying to make some changes that make it viable in the new meta
|c|★Actaeon12345|reflect chansey actually makes it better than it was
|
|switch|p1a: Zapdos|Zapdos|383\/383
|move|p2a: Chansey|Soft-Boiled|p2a: Chansey
|-heal|p2a: Chansey|703\/703 par
|
|turn|28
|c|★Disaster Area|yaeh
|c|★Disaster Area|I'll pass u a copy of
|c|★Disaster Area|my guide that should be out in article form in about 10 days
|c|★Disaster Area|after the match
|c|★Actaeon12345|that's really nice
|c|★Disaster Area|it's already written and had 1 of 2 grammar checks
|c|★Disaster Area|it's 4k works long
|c|★Actaeon12345|what's 4k?
|
|move|p1a: Zapdos|Thunderbolt|p2a: Chansey
|-damage|p2a: Chansey|523\/703 par
|move|p2a: Chansey|Ice Beam|p1a: Zapdos
|-supereffective|p1a: Zapdos
|-damage|p1a: Zapdos|296\/383
|
|turn|29
|c|★Disaster Area|4000
|c|★Disaster Area|*words
|
|move|p1a: Zapdos|Thunder|p2a: Chansey|[miss]
|-miss|p1a: Zapdos
|cant|p2a: Chansey|par
|
|turn|30
|J|Fortune
|
|move|p1a: Zapdos|Thunder|p2a: Chansey|[miss]
|-miss|p1a: Zapdos
|cant|p2a: Chansey|par
|
|turn|31
|L|Fortune
|
|move|p1a: Zapdos|Thunder|p2a: Chansey
|-damage|p2a: Chansey|280\/703 par
|move|p2a: Chansey|Soft-Boiled|p2a: Chansey
|-heal|p2a: Chansey|631\/703 par
|
|turn|32
|L|Tomahawk
|
|move|p1a: Zapdos|Thunderbolt|p2a: Chansey
|-damage|p2a: Chansey|442\/703 par
|move|p2a: Chansey|Ice Beam|p1a: Zapdos
|-supereffective|p1a: Zapdos
|-damage|p1a: Zapdos|209\/383
|
|turn|33
|L|la dolce vita
|
|move|p1a: Zapdos|Drill Peck|p2a: Chansey
|-damage|p2a: Chansey|314\/703 par
|cant|p2a: Chansey|par
|
|turn|34
|
|move|p1a: Zapdos|Drill Peck|p2a: Chansey
|-crit|p2a: Chansey
|-damage|p2a: Chansey|0 fnt
|faint|p2a: Chansey
|
|switch|p2a: Lapras|Lapras|463\/463
|turn|35
|
|move|p1a: Zapdos|Thunderbolt|p2a: Lapras
|-supereffective|p2a: Lapras
|-damage|p2a: Lapras|212\/463
|-status|p2a: Lapras|par
|move|p2a: Lapras|Thunderbolt|p1a: Zapdos
|-damage|p1a: Zapdos|149\/383
|
|turn|36
|c|★Actaeon12345|:\/
|c|★Disaster Area|sorry
|c|★Disaster Area|lol
|c|★Actaeon12345|ok I fucked up the whole match
|c|★Actaeon12345|by expecting Starmie to switch in
|c|★Disaster Area|:p
|c|★Disaster Area|i know ur last is also
|c|★Disaster Area|zap weak
|c|★Actaeon12345|yeah that's kind of unfair
|c|★Disaster Area|hmmm
|c|★Disaster Area|maybe I should have
|c|★Disaster Area|switched
|c|★Disaster Area|lol
|c|★Disaster Area|i'm playing quite casually tho and
|c|★Disaster Area|oh I guess it's
|c|★Disaster Area|probably exeggutor?
|c|★Actaeon12345|no
|c|★Disaster Area|ah then
|c|★Disaster Area|no worries
|c|★Disaster Area|I probably beat it
|c|★Disaster Area|kingler?
|c|★Disaster Area|starmie's still in good stead
|c|★Disaster Area|;]
|
|switch|p2a: Gengar|Gengar|323\/323 slp
|move|p1a: Zapdos|Thunderbolt|p2a: Gengar
|-damage|p2a: Gengar|203\/323 slp
|
|turn|37
|
|cant|p2a: Gengar|slp
|move|p1a: Zapdos|Thunderbolt|p2a: Gengar
|-damage|p2a: Gengar|101\/323 slp
|
|turn|38
|c|★Actaeon12345|yeah this is game
|
|cant|p2a: Gengar|slp
|move|p1a: Zapdos|Thunderbolt|p2a: Gengar
|-damage|p2a: Gengar|0 fnt
|faint|p2a: Gengar
|c|★Disaster Area|gg
|c|★Actaeon12345|need to be more careful with cloyster
|c|★Actaeon12345|for sure
|c|★Actaeon12345|but this team really needs to remove some threats
|c|★Disaster Area|btw my last two were
|c|★Disaster Area|lax\/tauros
|
|switch|p2a: Articuno|Articuno|383\/383
|turn|39
|
|move|p1a: Zapdos|Thunderbolt|p2a: Articuno
|-supereffective|p2a: Articuno
|-damage|p2a: Articuno|149\/383
|move|p2a: Articuno|Agility|p2a: Articuno
|-boost|p2a: Articuno|spe|2
|
|turn|40
|c|★Disaster Area|wish freeze clause did not exist
|c|★Disaster Area|then I would probably just
|c|★Disaster Area|go and sack zam here
|c|★Disaster Area|then go starmie
|c|★Disaster Area|which would be better on cart
|c|★Disaster Area|but here I am better off
|c|★Disaster Area|going starmie
|
|switch|p1a: Starmie|Starmie|273\/323
|move|p2a: Articuno|Mimic|p1a: Starmie
|-start|p2a: Articuno|Mimic|Thunderbolt
|
|turn|41
|c|★Disaster Area|rip
|c|★Actaeon12345|crit
|
|switch|p1a: Snorlax|Snorlax|523\/523
|move|p2a: Articuno|Thunderbolt|p1a: Snorlax
|-damage|p1a: Snorlax|414\/523
|-status|p1a: Snorlax|par
|
|turn|42
|c|★Actaeon12345|haha
|c|★Actaeon12345|crit still
|
|move|p2a: Articuno|Blizzard|p1a: Snorlax
|-damage|p1a: Snorlax|194\/523 par
|move|p1a: Snorlax|Self-Destruct|p2a: Articuno
|-damage|p2a: Articuno|0 fnt
|faint|p2a: Articuno
|faint|p1a: Snorlax
|c|★Actaeon12345|I love how dangerous this thing is
|c|★Actaeon12345|gg
|c|★Disaster Area|only cos u got a lucky mimic imo :p
|c|★Disaster Area|gg
|c|★Actaeon12345|in this match it didn't matter anymore
|c|★Actaeon12345|of course
|c|★Actaeon12345|but sometimes you get quite a few opportunities to try
|c|★Actaeon12345|or you can copy things of "sacked" pokemon
|
|switch|p1a: Zapdos|Zapdos|149\/383
|switch|p2a: Lapras|Lapras|212\/463 par
|turn|43
|c|★Actaeon12345|How do I forfeit btw
|c|★Disaster Area|.\/forfeit
|
|move|p1a: Zapdos|Thunderbolt|p2a: Lapras
|-crit|p2a: Lapras
|-supereffective|p2a: Lapras
|-damage|p2a: Lapras|0 fnt
|faint|p2a: Lapras
|c|★Disaster Area|http:\/\/www.cutecatgifs.com\/wp-content\/uploads\/2014\/06\/sa_v1.gif
|c|★Disaster Area|type that without the .
|c|★Disaster Area|:]
|c|★Actaeon12345|ah
|
|switch|p2a: Jynx|Jynx|333\/333 slp
|turn|44
|c|★Actaeon12345|oh well you might as well just finish it
|
|move|p1a: Zapdos|Drill Peck|p2a: Jynx
|-damage|p2a: Jynx|184\/333 slp
|cant|p2a: Jynx|slp
|-curestatus|p2a: Jynx|slp
|
|turn|45
|c|★Disaster Area|sure
|
|move|p1a: Zapdos|Drill Peck|p2a: Jynx
|-damage|p2a: Jynx|20\/333
|move|p2a: Jynx|Ice Beam|p1a: Zapdos
|-supereffective|p1a: Zapdos
|-damage|p1a: Zapdos|0 fnt
|faint|p1a: Zapdos
|
|switch|p1a: Koopacow|Tauros|353\/353
|turn|46
|c|★Actaeon12345|gg
|
|move|p1a: Koopacow|Body Slam|p2a: Jynx
|-damage|p2a: Jynx|0 fnt
|faint|p2a: Jynx
|
|win|Disaster Area