|J|Nails
|J|dice
|player|p1|Nails|282
|player|p2|dice|169
|gametype|singles
|gen|1
|tier|[Gen 1] OU
|seed|4989,37466,33800,5043
|rule|Sleep Clause Mod: Limit one foe put to sleep
|rule|Freeze Clause Mod: Limit one foe frozen
|rule|Species Clause: Limit one of each Pokémon
|rule|OHKO Clause: OHKO moves are banned
|rule|Evasion Moves Clause: Evasion moves are banned
|rule|HP Percentage Mod: HP is shown in percentages
|
|start
|switch|p1a: Alakazam|Alakazam, M|313\/313
|switch|p2a: Alakazam|Alakazam, M|313\/313
|turn|1
|c|★Nails|when do you fight
|J|giara
|c|★dice|tomorrow
|J|Purrl
|c|★Nails|ic
|choice|move 1|move 2
|
|move|p2a: Alakazam|Thunder Wave|p1a: Alakazam
|-status|p1a: Alakazam|par
|cant|p1a: Alakazam|par
|
|turn|2
|choice|move 1|switch 4
|
|switch|p2a: Chansey|Chansey|703\/703
|move|p1a: Alakazam|Thunder Wave|p2a: Chansey
|-status|p2a: Chansey|par
|
|turn|3
|J|SparksBlade
|J|Alexander
|L|SparksBlade
|choice|move 2|move 3
|
|move|p1a: Alakazam|Psychic|p2a: Chansey
|-damage|p2a: Chansey|571\/703 par
|move|p2a: Chansey|Seismic Toss|p1a: Alakazam
|-damage|p1a: Alakazam|213\/313 par
|
|turn|4
|choice|move 4|switch 2
|
|switch|p2a: Snorlax|Snorlax|523\/523
|move|p1a: Alakazam|Recover|p1a: Alakazam
|-heal|p1a: Alakazam|313\/313 par
|
|turn|5
|choice|switch 3|move 1
|
|switch|p1a: Chansey|Chansey|703\/703
|move|p2a: Snorlax|Body Slam|p1a: Chansey
|-crit|p1a: Chansey
|-damage|p1a: Chansey|146\/703
|
|turn|6
|choice|move 4|move 3
|
|move|p1a: Chansey|Soft-Boiled|p1a: Chansey
|-heal|p1a: Chansey|497\/703
|move|p2a: Snorlax|Hyper Beam|p1a: Chansey
|-damage|p1a: Chansey|0 fnt
|faint|p1a: Chansey
|c|★Nails|damn
|c|★Nails|i'm f*cked
|choice|switch 2|
|
|switch|p1a: Exeggutor|Exeggutor, M|393\/393
|turn|7
|choice|move 3|switch 2
|
|switch|p2a: Chansey|Chansey|571\/703 par
|move|p1a: Exeggutor|Psychic|p2a: Chansey
|-damage|p2a: Chansey|447\/703 par
|
|turn|8
|choice|move 3|move 4
|
|move|p1a: Exeggutor|Psychic|p2a: Chansey
|-damage|p2a: Chansey|324\/703 par
|-unboost|p2a: Chansey|spd|1
|-unboost|p2a: Chansey|spa|1
|move|p2a: Chansey|Soft-Boiled|p2a: Chansey
|-heal|p2a: Chansey|675\/703 par
|
|turn|9
|choice|move 3|move 1
|
|move|p1a: Exeggutor|Psychic|p2a: Chansey
|-crit|p2a: Chansey
|-damage|p2a: Chansey|445\/703 par
|move|p2a: Chansey|Thunder Wave|p1a: Exeggutor
|-status|p1a: Exeggutor|par
|
|turn|10
|choice|move 3|move 4
|
|cant|p1a: Exeggutor|par
|move|p2a: Chansey|Soft-Boiled|p2a: Chansey
|-heal|p2a: Chansey|703\/703 par
|
|turn|11
|choice|move 3|move 3
|
|move|p1a: Exeggutor|Psychic|p2a: Chansey
|-damage|p2a: Chansey|512\/703 par
|-unboost|p2a: Chansey|spd|1
|-unboost|p2a: Chansey|spa|1
|move|p2a: Chansey|Seismic Toss|p1a: Exeggutor
|-damage|p1a: Exeggutor|293\/393 par
|
|turn|12
|choice|move 3|switch 4
|
|switch|p2a: Alakazam|Alakazam, M|313\/313
|move|p1a: Exeggutor|Psychic|p2a: Alakazam
|-resisted|p2a: Alakazam
|-damage|p2a: Alakazam|264\/313
|
|turn|13
|choice|switch 6|switch 4
|
|switch|p2a: Chansey|Chansey|512\/703 par
|switch|p1a: Snorlax|Snorlax, M|523\/523
|
|turn|14
|choice|move 1|move 2
|
|move|p1a: Snorlax|Body Slam|p2a: Chansey
|-crit|p2a: Chansey
|-damage|p2a: Chansey|0 fnt
|faint|p2a: Chansey
|c|★Nails|ok im no longer f*cked
|choice||switch 6
|
|switch|p2a: Victreebel|Victreebel, M|363\/363
|turn|15
|choice|switch 6|move 3
|
|switch|p1a: Exeggutor|Exeggutor, M|293\/393 par
|move|p2a: Victreebel|Sleep Powder|p1a: Exeggutor
|-fail|p1a: Exeggutor
|
|turn|16
|choice|move 1|move 4
|
|move|p2a: Victreebel|Wrap|p1a: Exeggutor
|-crit|p1a: Exeggutor
|-damage|p1a: Exeggutor|267\/393 par
|-activate|p1a: Exeggutor|move: Wrap|[of] p2a: Victreebel
|cant|p1a: Exeggutor|partiallytrapped
|
|turn|17
|choice|switch 4|move 4
|
|switch|p1a: Zapdos|Zapdos|383\/383
|move|p2a: Victreebel|Wrap|p1a: Zapdos
|-damage|p1a: Zapdos|370\/383
|-activate|p1a: Zapdos|move: Wrap|[of] p2a: Victreebel
|
|turn|18
|choice|move 3|switch 2
|
|switch|p2a: Snorlax|Snorlax|523\/523
|cant|p1a: Zapdos|partiallytrapped
|
|-end|p1a: Zapdos|Wrap|[partiallytrapped]
|turn|19
|choice|switch 6|move 1
|
|switch|p1a: Snorlax|Snorlax, M|523\/523
|move|p2a: Snorlax|Body Slam|p1a: Snorlax
|-damage|p1a: Snorlax|383\/523
|
|turn|20
|choice|move 1|switch 5
|
|switch|p2a: Cloyster|Cloyster, M|303\/303
|move|p1a: Snorlax|Body Slam|p2a: Cloyster
|-crit|p2a: Cloyster
|-damage|p2a: Cloyster|173\/303
|
|turn|21
|choice|switch 3|move 1
|
|switch|p1a: Alakazam|Alakazam, M|313\/313 par
|move|p2a: Cloyster|Clamp|p1a: Alakazam
|-damage|p1a: Alakazam|281\/313 par
|-activate|p1a: Alakazam|move: Clamp|[of] p2a: Cloyster
|
|turn|22
|choice|switch 6|move 1
|
|switch|p1a: Zapdos|Zapdos|370\/383
|move|p2a: Cloyster|Clamp|p1a: Zapdos|[miss]
|-miss|p2a: Cloyster
|
|turn|23
|choice|move 1|switch 4
|
|switch|p2a: Alakazam|Alakazam, M|264\/313
|move|p1a: Zapdos|Thunderbolt|p2a: Alakazam
|-damage|p2a: Alakazam|167\/313
|
|turn|24
|choice|switch 4|move 1
|
|switch|p1a: Exeggutor|Exeggutor, M|267\/393 par
|move|p2a: Alakazam|Psychic|p1a: Exeggutor
|-resisted|p1a: Exeggutor
|-damage|p1a: Exeggutor|214\/393 par
|-unboost|p1a: Exeggutor|spd|1
|-unboost|p1a: Exeggutor|spa|1
|
|turn|25
|choice|move 1|switch 4
|
|switch|p2a: Cloyster|Cloyster, M|173\/303
|move|p1a: Exeggutor|Sleep Powder|p2a: Cloyster
|-status|p2a: Cloyster|slp
|
|turn|26
|choice|move 4|switch 4
|
|switch|p2a: Alakazam|Alakazam, M|167\/313
|move|p1a: Exeggutor|Explosion|p2a: Alakazam
|-damage|p2a: Alakazam|0 fnt
|faint|p2a: Alakazam
|faint|p1a: Exeggutor
|choice|switch 4|switch 2
|
|switch|p1a: Zapdos|Zapdos|370\/383
|switch|p2a: Victreebel|Victreebel, M|363\/363
|turn|27
|choice|move 3|move 3
|
|move|p1a: Zapdos|Thunder Wave|p2a: Victreebel
|-status|p2a: Victreebel|par
|move|p2a: Victreebel|Sleep Powder|p1a: Zapdos
|-status|p1a: Zapdos|slp
|
|turn|28
|choice|move 2|switch 5
|
|switch|p2a: Snorlax|Snorlax|523\/523
|cant|p1a: Zapdos|slp
|
|turn|29
|J|Oksort
|choice|switch 3|move 1
|
|switch|p1a: Snorlax|Snorlax, M|383\/523
|move|p2a: Snorlax|Body Slam|p1a: Snorlax
|-damage|p1a: Snorlax|238\/523
|
|turn|30
|L|Oksort
|choice|move 3|move 2
|
|move|p2a: Snorlax|Earthquake|p1a: Snorlax
|-damage|p1a: Snorlax|131\/523
|move|p1a: Snorlax|Self-Destruct|p2a: Snorlax
|-damage|p2a: Snorlax|126\/523
|faint|p1a: Snorlax
|J|Oksort
|choice|switch 5|
|
|switch|p1a: Tauros|Tauros|353\/353
|turn|31
|L|Oksort
|choice|move 1|move 4
|
|move|p1a: Tauros|Body Slam|p2a: Snorlax
|-damage|p2a: Snorlax|2\/523
|move|p2a: Snorlax|Self-Destruct|p1a: Tauros
|-damage|p1a: Tauros|1\/353
|faint|p2a: Snorlax
|c|★Nails|f*ck
|choice||switch 5
|
|switch|p2a: Victreebel|Victreebel, M|363\/363 par
|turn|32
|c|★Nails|gg
|choice|switch 6|move 1
|
|switch|p1a: Alakazam|Alakazam, M|281\/313 par
|cant|p2a: Victreebel|par
|
|turn|33
|choice|move 2|move 4
|
|move|p1a: Alakazam|Psychic|p2a: Victreebel
|-supereffective|p2a: Victreebel
|-damage|p2a: Victreebel|102\/363 par
|move|p2a: Victreebel|Wrap|p1a: Alakazam|[miss]
|-miss|p2a: Victreebel
|
|turn|34
|choice|move 2|move 4
|
|move|p1a: Alakazam|Psychic|p2a: Victreebel
|-supereffective|p2a: Victreebel
|-damage|p2a: Victreebel|0 fnt
|faint|p2a: Victreebel
|choice||switch 3
|
|switch|p2a: Dragonite|Dragonite|385\/385
|turn|35
|choice|move 1|move 1
|
|move|p2a: Dragonite|Wrap|p1a: Alakazam
|-damage|p1a: Alakazam|256\/313 par
|-activate|p1a: Alakazam|move: Wrap|[of] p2a: Dragonite
|cant|p1a: Alakazam|partiallytrapped
|
|turn|36
|choice|switch 3|move 1
|
|switch|p1a: Zapdos|Zapdos|370\/383 slp
|move|p2a: Dragonite|Wrap|p1a: Zapdos
|-damage|p1a: Zapdos|352\/383 slp
|-activate|p1a: Zapdos|move: Wrap|[of] p2a: Dragonite
|
|turn|37
|choice|move 1|move 1
|
|-curestatus|p1a: Zapdos|slp
|move|p2a: Dragonite|Wrap|p1a: Zapdos|[from]Wrap
|-damage|p1a: Zapdos|334\/383
|
|turn|38
|choice|move 1|move 1
|
|cant|p1a: Zapdos|partiallytrapped
|move|p2a: Dragonite|Wrap|p1a: Zapdos|[from]Wrap
|-damage|p1a: Zapdos|316\/383
|
|turn|39
|choice|move 3|move 1
|
|cant|p1a: Zapdos|partiallytrapped
|move|p2a: Dragonite|Wrap|p1a: Zapdos|[from]Wrap
|-damage|p1a: Zapdos|298\/383
|
|turn|40
|choice|move 3|move 1
|
|cant|p1a: Zapdos|partiallytrapped
|move|p2a: Dragonite|Wrap|p1a: Zapdos|[from]Wrap
|-damage|p1a: Zapdos|280\/383
|
|-end|p1a: Zapdos|Wrap|[partiallytrapped]
|turn|41
|choice|move 3|move 2
|
|move|p1a: Zapdos|Thunder Wave|p2a: Dragonite
|-status|p2a: Dragonite|par
|move|p2a: Dragonite|Agility|p2a: Dragonite
|-boost|p2a: Dragonite|spe|2
|
|turn|42
|choice|move 4|move 1
|
|cant|p2a: Dragonite|par
|move|p1a: Zapdos|Agility|p1a: Zapdos
|-boost|p1a: Zapdos|spe|2
|
|turn|43
|choice|move 1|move 4
|
|move|p1a: Zapdos|Thunderbolt|p2a: Dragonite
|-damage|p2a: Dragonite|245\/385 par
|cant|p2a: Dragonite|par
|
|turn|44
|choice|move 1|move 4
|
|move|p1a: Zapdos|Thunderbolt|p2a: Dragonite
|-crit|p2a: Dragonite
|-damage|p2a: Dragonite|0 fnt
|faint|p2a: Dragonite
|c|★Nails|man
|c|★dice|lame
|c|★Nails|if that was a tauros
|c|★Nails|i'd have been f*cked
|c|★Nails|i don't like wrap + sleep
|c|★Nails|free wakes
|c|★Nails|are dumb
|c|★dice|no sleep is bad
|-message|dice forfeited.
|
|win|Nails