|inactive|Battle timer is ON: inactive players will automatically lose when time's up.
|J|Hack
|J|Dice
|player|p1|Hack|10
|player|p2|Dice|168
|gametype|singles
|gen|1
|tier|[Gen 1] OU
|seed|7288,16770,47537,16915
|rule|Sleep Clause Mod: Limit one foe put to sleep
|rule|Freeze Clause Mod: Limit one foe frozen
|rule|Species Clause: Limit one of each Pokémon
|rule|OHKO Clause: OHKO moves are banned
|rule|Evasion Moves Clause: Evasion moves are banned
|rule|HP Percentage Mod: HP is shown in percentages
|
|start
|switch|p1a: Jynx|Jynx|333\/333
|switch|p2a: Starmie|Starmie|323\/323
|turn|1
|J|Kingler12345
|c|★Hack|hf
|choice|move 1|move 4
|
|move|p2a: Starmie|Thunder Wave|p1a: Jynx
|-status|p1a: Jynx|par
|move|p1a: Jynx|Lovely Kiss|p2a: Starmie
|-status|p2a: Starmie|slp
|
|turn|2
|choice|switch 3|switch 5
|
|switch|p2a: Chansey|Chansey|703\/703
|switch|p1a: Snorlax|Snorlax|523\/523
|
|turn|3
|J|Raekkiiii
|J|Alexander
|J|boudouche
|J|Frizy
|L|Raekkiiii
|L|boudouche
|J|mael
|J|Fakkesi
|c|+Alexander|what for
|c|★Hack|fun
|choice|switch 3|move 4
|
|switch|p1a: Jynx|Jynx|333\/333 par
|move|p2a: Chansey|Ice Beam|p1a: Jynx
|-resisted|p1a: Jynx
|-damage|p1a: Jynx|293\/333 par
|
|turn|4
|choice|move 2|move 4
|
|move|p2a: Chansey|Ice Beam|p1a: Jynx
|-resisted|p1a: Jynx
|-damage|p1a: Jynx|252\/333 par
|move|p1a: Jynx|Blizzard|p2a: Chansey
|-crit|p2a: Chansey
|-damage|p2a: Chansey|458\/703
|
|turn|5
|choice|move 2|move 3
|
|move|p2a: Chansey|Soft-Boiled|p2a: Chansey
|-heal|p2a: Chansey|703\/703
|move|p1a: Jynx|Blizzard|p2a: Chansey
|-damage|p2a: Chansey|569\/703
|
|turn|6
|choice|move 2|switch 5
|
|switch|p2a: Starmie|Starmie|323\/323 slp
|move|p1a: Jynx|Blizzard|p2a: Starmie
|-resisted|p2a: Starmie
|-damage|p2a: Starmie|252\/323 slp
|
|turn|7
|choice|move 3|switch 4
|
|switch|p2a: Snorlax|Snorlax|523\/523
|move|p1a: Jynx|Psychic|p2a: Snorlax
|-damage|p2a: Snorlax|384\/523
|-unboost|p2a: Snorlax|spd|1
|-unboost|p2a: Snorlax|spa|1
|
|turn|8
|choice|switch 4|move 1
|
|switch|p1a: Chansey|Chansey|703\/703
|move|p2a: Snorlax|Headbutt|p1a: Chansey
|-damage|p1a: Chansey|456\/703
|
|turn|9
|c|★Hack|o
|choice|move 4|switch 5
|
|switch|p2a: Chansey|Chansey|569\/703
|move|p1a: Chansey|Soft-Boiled|p1a: Chansey
|-heal|p1a: Chansey|703\/703
|
|turn|10
|J|majaspic22
|choice|move 1|move 4
|
|move|p1a: Chansey|Thunder Wave|p2a: Chansey
|-status|p2a: Chansey|par
|cant|p2a: Chansey|par
|
|turn|11
|J|River Martini
|choice|switch 3|move 1
|
|switch|p1a: Snorlax|Snorlax|523\/523
|cant|p2a: Chansey|par
|
|turn|12
|c|+Alexander|paraflinch is good i suppose
|L|Kingler12345
|c|★Hack|does flinch
|c|★Hack|exist
|J|Praj.pran
|c|+Alexander|ye
|c|★Hack|or is it just rock slide
|c|★Hack|that doesn't
|c|+Alexander|just slide
|c|★Hack|o
|choice|move 1|switch 3
|
|switch|p2a: Exeggutor|Exeggutor|393\/393
|move|p1a: Snorlax|Body Slam|p2a: Exeggutor
|-damage|p2a: Exeggutor|273\/393
|
|turn|13
|J|reeeeeeeeeweeeee
|choice|switch 4|switch 6
|
|switch|p2a: Tauros|Tauros|353\/353
|switch|p1a: Jynx|Jynx|252\/333 par
|
|turn|14
|c|+Alexander|hbutt is actually a 30% chance
|c|+Praj.pran|slowbro is broken use tat mon
|c|+Alexander|not bad id say
|J|Fake Hapiness
|choice|switch 4|move 4
|
|switch|p1a: Snorlax|Snorlax|523\/523
|move|p2a: Tauros|Fire Blast|p1a: Snorlax|[miss]
|-miss|p2a: Tauros
|
|turn|15
|choice|move 1|switch 6
|
|switch|p2a: Exeggutor|Exeggutor|273\/393
|move|p1a: Snorlax|Body Slam|p2a: Exeggutor
|-damage|p2a: Exeggutor|157\/393
|-status|p2a: Exeggutor|par
|
|turn|16
|c|+mael|why
|c|+mael|would you use fire blast
|c|★Hack|30 % burn chance
|c|+mael|simply for the burn?
|c|+Alexander|burns
|choice|switch 4|switch 5
|
|switch|p1a: Jynx|Jynx|252\/333 par
|switch|p2a: Snorlax|Snorlax|384\/523
|
|turn|17
|choice|switch 3|move 2
|
|switch|p1a: Chansey|Chansey|703\/703
|move|p2a: Snorlax|Body Slam|p1a: Chansey
|-damage|p1a: Chansey|397\/703
|
|turn|18
|choice|move 4|switch 3
|
|switch|p2a: Chansey|Chansey|569\/703 par
|move|p1a: Chansey|Soft-Boiled|p1a: Chansey
|-heal|p1a: Chansey|703\/703
|
|turn|19
|c|+mael|is it worth giving up blizzard?
|c|★Hack|probs giving up eq
|c|★Hack|or something
|choice|switch 4|move 1
|
|switch|p1a: Snorlax|Snorlax|523\/523
|move|p2a: Chansey|Sing|p1a: Snorlax
|-status|p1a: Snorlax|slp
|
|turn|20
|c|+mael|nah without eq gengar walls you
|c|★Hack|yea but late game gar isn't common
|c|★Hack|early game gar takes sleep
|choice|move 1|switch 6
|
|switch|p2a: Tauros|Tauros|353\/353
|cant|p1a: Snorlax|slp
|
|turn|21
|choice|switch 6|move 1
|
|switch|p1a: Exeggutor|Exeggutor|393\/393
|move|p2a: Tauros|Body Slam|p1a: Exeggutor
|-damage|p1a: Exeggutor|291\/393
|
|turn|22
|choice|move 4|switch 5
|
|switch|p2a: Exeggutor|Exeggutor|157\/393 par
|move|p1a: Exeggutor|Psychic|p2a: Exeggutor
|-resisted|p2a: Exeggutor
|-damage|p2a: Exeggutor|102\/393 par
|
|turn|23
|c|+mael|!learn tauros surf
|html|<div class="message-error">Pokémon &apos;taurossurf&apos; not found.<\/div>
|L|Fake Hapiness
|choice|switch 3|switch 5
|
|switch|p1a: Jynx|Jynx|252\/333 par
|switch|p2a: Tauros|Tauros|353\/353
|
|turn|24
|L|reeeeeeeeeweeeee
|L|Praj.pran
|choice|move 2|move 1
|
|move|p2a: Tauros|Body Slam|p1a: Jynx
|-damage|p1a: Jynx|80\/333 par
|cant|p1a: Jynx|par
|
|turn|25
|J|Villa
|choice|move 2|move 1
|
|move|p2a: Tauros|Body Slam|p1a: Jynx
|-damage|p1a: Jynx|0 fnt
|faint|p1a: Jynx
|choice|switch 3|
|
|switch|p1a: Exeggutor|Exeggutor|291\/393
|turn|26
|choice|move 4|move 4
|
|move|p2a: Tauros|Fire Blast|p1a: Exeggutor
|-supereffective|p1a: Exeggutor
|-damage|p1a: Exeggutor|170\/393
|-status|p1a: Exeggutor|brn
|move|p1a: Exeggutor|Psychic|p2a: Tauros
|-damage|p2a: Tauros|208\/353
|-damage|p1a: Exeggutor|146\/393 brn|[from] brn|[of] p2a: Tauros
|
|turn|27
|choice|switch 5|move 2
|
|switch|p1a: Tauros|Tauros|353\/353
|move|p2a: Tauros|Hyper Beam|p1a: Tauros
|-crit|p1a: Tauros
|-damage|p1a: Tauros|0 fnt
|faint|p1a: Tauros
|c|★Hack|oof
|choice|switch 2|
|
|switch|p1a: Alakazam|Alakazam|313\/313
|turn|28
|choice|switch 6|switch 6
|
|switch|p1a: Snorlax|Snorlax|523\/523 slp
|switch|p2a: Chansey|Chansey|569\/703 par
|
|turn|29
|c|★Hack|oops
|c|★Hack|yea ok
|c|★Hack|that works
|choice|move 1|switch 5
|
|switch|p2a: Exeggutor|Exeggutor|102\/393 par
|-curestatus|p1a: Snorlax|slp
|
|turn|30
|choice|move 1|switch 3
|
|switch|p2a: Snorlax|Snorlax|384\/523
|move|p1a: Snorlax|Body Slam|p2a: Snorlax
|-damage|p2a: Snorlax|239\/523
|
|turn|31
|L|River Martini
|choice|move 4|move 2
|
|move|p2a: Snorlax|Body Slam|p1a: Snorlax
|-crit|p1a: Snorlax
|-damage|p1a: Snorlax|267\/523
|move|p1a: Snorlax|Reflect|p1a: Snorlax
|-start|p1a: Snorlax|Reflect
|
|turn|32
|choice|move 1|move 4
|
|move|p1a: Snorlax|Body Slam|p2a: Snorlax
|-damage|p2a: Snorlax|100\/523
|move|p2a: Snorlax|Self-Destruct|p1a: Snorlax
|-damage|p1a: Snorlax|57\/523
|faint|p2a: Snorlax
|choice||switch 6
|
|switch|p2a: Tauros|Tauros|208\/353
|turn|33
|choice|switch 5|move 1
|
|switch|p1a: Exeggutor|Exeggutor|146\/393 brn
|-damage|p1a: Exeggutor|122\/393 brn|[from] brn
|move|p2a: Tauros|Body Slam|p1a: Exeggutor
|-damage|p1a: Exeggutor|16\/393 brn
|
|turn|34
|choice|move 3|move 1
|
|move|p2a: Tauros|Body Slam|p1a: Exeggutor
|-crit|p1a: Exeggutor
|-damage|p1a: Exeggutor|0 fnt
|faint|p1a: Exeggutor
|choice|switch 6|
|
|switch|p1a: Alakazam|Alakazam|313\/313
|turn|35
|L|mael
|choice|switch 5|switch 5
|
|switch|p1a: Snorlax|Snorlax|57\/523
|switch|p2a: Chansey|Chansey|569\/703 par
|
|turn|36
|choice|move 3|switch 2
|
|switch|p2a: Rhydon|Rhydon|413\/413
|move|p1a: Snorlax|Self-Destruct|p2a: Rhydon
|-resisted|p2a: Rhydon
|-damage|p2a: Rhydon|263\/413
|faint|p1a: Snorlax
|choice|switch 5|
|
|switch|p1a: Alakazam|Alakazam|313\/313
|turn|37
|choice|move 2|switch 2
|
|switch|p2a: Chansey|Chansey|569\/703 par
|move|p1a: Alakazam|Reflect|p1a: Alakazam
|-start|p1a: Alakazam|Reflect
|
|turn|38
|choice|switch 4|move 3
|
|switch|p1a: Chansey|Chansey|703\/703
|cant|p2a: Chansey|par
|
|turn|39
|choice|move 2|move 4
|
|move|p1a: Chansey|Seismic Toss|p2a: Chansey
|-damage|p2a: Chansey|469\/703 par
|cant|p2a: Chansey|par
|
|turn|40
|choice|move 2|move 3
|
|move|p1a: Chansey|Seismic Toss|p2a: Chansey
|-damage|p2a: Chansey|369\/703 par
|move|p2a: Chansey|Soft-Boiled|p2a: Chansey
|-heal|p2a: Chansey|703\/703 par
|
|turn|41
|choice|move 2|move 4
|
|move|p1a: Chansey|Seismic Toss|p2a: Chansey
|-damage|p2a: Chansey|603\/703 par
|cant|p2a: Chansey|par
|
|turn|42
|choice|move 2|move 4
|
|move|p1a: Chansey|Seismic Toss|p2a: Chansey
|-damage|p2a: Chansey|503\/703 par
|move|p2a: Chansey|Ice Beam|p1a: Chansey
|-crit|p1a: Chansey
|-damage|p1a: Chansey|559\/703
|
|turn|43
|choice|move 2|move 4
|
|move|p1a: Chansey|Seismic Toss|p2a: Chansey
|-damage|p2a: Chansey|403\/703 par
|move|p2a: Chansey|Ice Beam|p1a: Chansey
|-damage|p1a: Chansey|482\/703
|
|turn|44
|choice|move 2|move 3
|
|move|p1a: Chansey|Seismic Toss|p2a: Chansey
|-damage|p2a: Chansey|303\/703 par
|move|p2a: Chansey|Soft-Boiled|p2a: Chansey
|-heal|p2a: Chansey|654\/703 par
|
|turn|45
|choice|move 2|move 4
|
|move|p1a: Chansey|Seismic Toss|p2a: Chansey
|-damage|p2a: Chansey|554\/703 par
|move|p2a: Chansey|Ice Beam|p1a: Chansey
|-damage|p1a: Chansey|405\/703
|
|turn|46
|choice|move 4|move 4
|
|move|p1a: Chansey|Soft-Boiled|p1a: Chansey
|-heal|p1a: Chansey|703\/703
|move|p2a: Chansey|Ice Beam|p1a: Chansey
|-damage|p1a: Chansey|629\/703
|
|turn|47
|choice|move 2|move 4
|
|move|p1a: Chansey|Seismic Toss|p2a: Chansey
|-damage|p2a: Chansey|454\/703 par
|move|p2a: Chansey|Ice Beam|p1a: Chansey
|-damage|p1a: Chansey|557\/703
|
|turn|48
|choice|move 2|move 4
|
|move|p1a: Chansey|Seismic Toss|p2a: Chansey
|-damage|p2a: Chansey|354\/703 par
|cant|p2a: Chansey|par
|
|turn|49
|choice|move 2|move 3
|
|move|p1a: Chansey|Seismic Toss|p2a: Chansey
|-damage|p2a: Chansey|254\/703 par
|move|p2a: Chansey|Soft-Boiled|p2a: Chansey
|-heal|p2a: Chansey|605\/703 par
|
|turn|50
|choice|move 2|move 4
|
|move|p1a: Chansey|Seismic Toss|p2a: Chansey
|-damage|p2a: Chansey|505\/703 par
|move|p2a: Chansey|Ice Beam|p1a: Chansey
|-damage|p1a: Chansey|483\/703
|
|turn|51
|choice|move 2|move 3
|
|move|p1a: Chansey|Seismic Toss|p2a: Chansey
|-damage|p2a: Chansey|405\/703 par
|cant|p2a: Chansey|par
|
|turn|52
|choice|move 3|move 3
|
|move|p1a: Chansey|Reflect|p1a: Chansey
|-start|p1a: Chansey|Reflect
|move|p2a: Chansey|Soft-Boiled|p2a: Chansey
|-heal|p2a: Chansey|703\/703 par
|
|turn|53
|choice|move 2|move 4
|
|move|p1a: Chansey|Seismic Toss|p2a: Chansey
|-damage|p2a: Chansey|603\/703 par
|move|p2a: Chansey|Ice Beam|p1a: Chansey
|-damage|p1a: Chansey|402\/703
|
|turn|54
|choice|move 4|move 4
|
|move|p1a: Chansey|Soft-Boiled|p1a: Chansey
|-heal|p1a: Chansey|703\/703
|move|p2a: Chansey|Ice Beam|p1a: Chansey
|-damage|p1a: Chansey|633\/703
|
|turn|55
|choice|move 2|move 4
|
|move|p1a: Chansey|Seismic Toss|p2a: Chansey
|-damage|p2a: Chansey|503\/703 par
|move|p2a: Chansey|Ice Beam|p1a: Chansey
|-damage|p1a: Chansey|564\/703
|
|turn|56
|choice|move 2|move 4
|
|move|p1a: Chansey|Seismic Toss|p2a: Chansey
|-damage|p2a: Chansey|403\/703 par
|move|p2a: Chansey|Ice Beam|p1a: Chansey
|-crit|p1a: Chansey
|-damage|p1a: Chansey|414\/703
|
|turn|57
|choice|move 2|move 3
|
|move|p1a: Chansey|Seismic Toss|p2a: Chansey
|-damage|p2a: Chansey|303\/703 par
|move|p2a: Chansey|Soft-Boiled|p2a: Chansey
|-heal|p2a: Chansey|654\/703 par
|
|turn|58
|choice|move 4|move 4
|
|move|p1a: Chansey|Soft-Boiled|p1a: Chansey
|-heal|p1a: Chansey|703\/703
|move|p2a: Chansey|Ice Beam|p1a: Chansey
|-damage|p1a: Chansey|627\/703
|
|turn|59
|choice|move 2|move 4
|
|move|p1a: Chansey|Seismic Toss|p2a: Chansey
|-damage|p2a: Chansey|554\/703 par
|cant|p2a: Chansey|par
|
|turn|60
|choice|move 2|move 4
|
|move|p1a: Chansey|Seismic Toss|p2a: Chansey
|-damage|p2a: Chansey|454\/703 par
|move|p2a: Chansey|Ice Beam|p1a: Chansey
|-damage|p1a: Chansey|548\/703
|
|turn|61
|choice|move 2|move 3
|
|move|p1a: Chansey|Seismic Toss|p2a: Chansey
|-damage|p2a: Chansey|354\/703 par
|move|p2a: Chansey|Soft-Boiled|p2a: Chansey
|-heal|p2a: Chansey|703\/703 par
|
|turn|62
|choice|move 2|move 4
|
|move|p1a: Chansey|Seismic Toss|p2a: Chansey
|-damage|p2a: Chansey|603\/703 par
|cant|p2a: Chansey|par
|
|turn|63
|choice|move 2|move 4
|
|move|p1a: Chansey|Seismic Toss|p2a: Chansey
|-damage|p2a: Chansey|503\/703 par
|move|p2a: Chansey|Ice Beam|p1a: Chansey
|-damage|p1a: Chansey|474\/703
|
|turn|64
|choice|move 2|move 4
|
|move|p1a: Chansey|Seismic Toss|p2a: Chansey
|-damage|p2a: Chansey|403\/703 par
|move|p2a: Chansey|Ice Beam|p1a: Chansey
|-damage|p1a: Chansey|402\/703
|
|turn|65
|choice|move 2|move 3
|
|move|p1a: Chansey|Seismic Toss|p2a: Chansey
|-damage|p2a: Chansey|303\/703 par
|move|p2a: Chansey|Soft-Boiled|p2a: Chansey
|-heal|p2a: Chansey|654\/703 par
|
|turn|66
|choice|move 4|move 1
|
|move|p1a: Chansey|Soft-Boiled|p1a: Chansey
|-heal|p1a: Chansey|703\/703
|cant|p2a: Chansey|par
|
|turn|67
|choice|move 2|move 1
|
|move|p1a: Chansey|Seismic Toss|p2a: Chansey
|-damage|p2a: Chansey|554\/703 par
|move|p2a: Chansey|Sing|p1a: Chansey
|-status|p1a: Chansey|slp
|
|turn|68
|choice|switch 4|switch 2
|
|switch|p1a: Alakazam|Alakazam|313\/313
|switch|p2a: Rhydon|Rhydon|263\/413
|
|turn|69
|choice|move 2|switch 2
|
|switch|p2a: Chansey|Chansey|554\/703 par
|move|p1a: Alakazam|Reflect|p1a: Alakazam
|-start|p1a: Alakazam|Reflect
|
|turn|70
|choice|move 3|move 2
|
|move|p1a: Alakazam|Psychic|p2a: Chansey
|-damage|p2a: Chansey|426\/703 par
|move|p2a: Chansey|Thunder Wave|p1a: Alakazam
|-status|p1a: Alakazam|par
|
|turn|71
|choice|move 3|move 3
|
|move|p1a: Alakazam|Psychic|p2a: Chansey
|-damage|p2a: Chansey|305\/703 par
|cant|p2a: Chansey|par
|
|turn|72
|choice|move 3|move 3
|
|move|p1a: Alakazam|Psychic|p2a: Chansey
|-damage|p2a: Chansey|168\/703 par
|move|p2a: Chansey|Soft-Boiled|p2a: Chansey
|-heal|p2a: Chansey|519\/703 par
|
|turn|73
|choice|move 3|move 3
|
|move|p1a: Alakazam|Psychic|p2a: Chansey
|-damage|p2a: Chansey|391\/703 par
|-unboost|p2a: Chansey|spd|1
|-unboost|p2a: Chansey|spa|1
|move|p2a: Chansey|Soft-Boiled|p2a: Chansey
|-heal|p2a: Chansey|703\/703 par
|
|turn|74
|choice|move 3|switch 4
|
|switch|p2a: Starmie|Starmie|252\/323 slp
|move|p1a: Alakazam|Psychic|p2a: Starmie
|-resisted|p2a: Starmie
|-damage|p2a: Starmie|186\/323 slp
|
|turn|75
|choice|move 3|move 3
|
|cant|p2a: Starmie|slp
|cant|p1a: Alakazam|par
|
|turn|76
|choice|move 3|move 3
|
|cant|p2a: Starmie|slp
|cant|p1a: Alakazam|par
|
|turn|77
|choice|move 3|move 3
|
|cant|p2a: Starmie|slp
|move|p1a: Alakazam|Psychic|p2a: Starmie
|-resisted|p2a: Starmie
|-damage|p2a: Starmie|123\/323 slp
|-unboost|p2a: Starmie|spd|1
|-unboost|p2a: Starmie|spa|1
|
|turn|78
|choice|move 3|move 3
|
|-curestatus|p2a: Starmie|slp
|move|p1a: Alakazam|Psychic|p2a: Starmie|[miss]
|-miss|p1a: Alakazam
|
|turn|79
|c|★Hack|yea gg
|-message|Hack forfeited.
|
|win|Dice