|J|Bomber
|J|Beds
|player|p1|Bomber|167
|player|p2|Beds|252
|gametype|singles
|gen|1
|tier|[Gen 1] OU
|seed|
|rule|Sleep Clause Mod: Limit one foe put to sleep
|rule|Freeze Clause Mod: Limit one foe frozen
|rule|Species Clause: Limit one of each Pokémon
|rule|OHKO Clause: OHKO moves are banned
|rule|Evasion Moves Clause: Evasion moves are banned
|rule|HP Percentage Mod: HP is shown in percentages
|
|start
|switch|p1a: Tauros|Tauros|100\/100
|switch|p2a: Jynx|Jynx|100\/100
|turn|1
|J|Nails
|choice||
|
|move|p1a: Tauros|Body Slam|p2a: Jynx
|-damage|p2a: Jynx|50\/100
|move|p2a: Jynx|Lovely Kiss|p1a: Tauros|[miss]
|-miss|p2a: Jynx
|
|turn|2
|choice||
|
|switch|p2a: Exeggutor|Exeggutor|100\/100
|move|p1a: Tauros|Body Slam|p2a: Exeggutor
|-damage|p2a: Exeggutor|70\/100
|
|turn|3
|J|Barian
|choice||
|
|switch|p1a: Golem|Golem, M|100\/100
|move|p2a: Exeggutor|Sleep Powder|p1a: Golem
|-status|p1a: Golem|slp
|
|turn|4
|choice||
|
|switch|p1a: Dodrio|Dodrio, M|100\/100
|move|p2a: Exeggutor|Stun Spore|p1a: Dodrio
|-status|p1a: Dodrio|par
|
|turn|5
|choice||
|
|switch|p2a: Snorlax|Snorlax|100\/100
|cant|p1a: Dodrio|par
|
|turn|6
|choice||
|
|move|p2a: Snorlax|Amnesia|p2a: Snorlax
|-boost|p2a: Snorlax|spd|2
|-boost|p2a: Snorlax|spa|2
|move|p1a: Dodrio|Body Slam|p2a: Snorlax
|-damage|p2a: Snorlax|73\/100
|
|turn|7
|choice||
|
|move|p2a: Snorlax|Blizzard|p1a: Dodrio
|-supereffective|p1a: Dodrio
|-damage|p1a: Dodrio|0 fnt
|faint|p1a: Dodrio
|choice||
|
|switch|p1a: Snorlax|Snorlax, M|100\/100
|turn|8
|choice||
|
|move|p1a: Snorlax|Self-Destruct|p2a: Snorlax
|-damage|p2a: Snorlax|0 fnt
|faint|p2a: Snorlax
|faint|p1a: Snorlax
|choice||
|
|switch|p1a: Tauros|Tauros|100\/100
|switch|p2a: Exeggutor|Exeggutor|70\/100
|turn|9
|choice||
|
|move|p1a: Tauros|Blizzard|p2a: Exeggutor
|-supereffective|p2a: Exeggutor
|-damage|p2a: Exeggutor|38\/100
|-status|p2a: Exeggutor|frz
|cant|p2a: Exeggutor|frz
|
|turn|10
|choice||
|
|switch|p2a: Jynx|Jynx|50\/100
|move|p1a: Tauros|Body Slam|p2a: Jynx
|-crit|p2a: Jynx
|-damage|p2a: Jynx|0 fnt
|faint|p2a: Jynx
|choice||
|
|switch|p2a: Slowbro|Slowbro|100\/100
|turn|11
|choice||
|
|switch|p1a: Persian|Persian, M|100\/100
|move|p2a: Slowbro|Thunder Wave|p1a: Persian
|-status|p1a: Persian|par
|
|turn|12
|choice||
|
|move|p2a: Slowbro|Amnesia|p2a: Slowbro
|-boost|p2a: Slowbro|spd|2
|-boost|p2a: Slowbro|spa|2
|move|p1a: Persian|Thunderbolt|p2a: Slowbro
|-crit|p2a: Slowbro
|-supereffective|p2a: Slowbro
|-damage|p2a: Slowbro|35\/100
|
|turn|13
|choice||
|
|move|p2a: Slowbro|Surf|p1a: Persian
|-damage|p1a: Persian|25\/100 par
|cant|p1a: Persian|par
|
|turn|14
|choice||
|
|move|p2a: Slowbro|Rest|p2a: Slowbro
|-status|p2a: Slowbro|slp
|-heal|p2a: Slowbro|100\/100 slp|[silent]
|-status|p2a: Slowbro|slp|[from] move: Rest
|move|p1a: Persian|Thunderbolt|p2a: Slowbro
|-supereffective|p2a: Slowbro
|-damage|p2a: Slowbro|83\/100 slp
|
|turn|15
|choice||
|
|cant|p2a: Slowbro|slp
|move|p1a: Persian|Slash|p2a: Slowbro
|-crit|p2a: Slowbro
|-damage|p2a: Slowbro|55\/100 slp
|
|turn|16
|choice||
|
|-curestatus|p2a: Slowbro|slp
|cant|p1a: Persian|par
|
|turn|17
|choice||
|
|move|p2a: Slowbro|Surf|p1a: Persian
|-damage|p1a: Persian|0 fnt
|faint|p1a: Persian
|choice||
|
|switch|p1a: Tauros|Tauros|100\/100
|turn|18
|choice||
|
|move|p1a: Tauros|Body Slam|p2a: Slowbro
|-damage|p2a: Slowbro|31\/100
|move|p2a: Slowbro|Thunder Wave|p1a: Tauros
|-status|p1a: Tauros|par
|
|turn|19
|choice||
|
|switch|p1a: Rhydon|Rhydon, M|100\/100
|move|p2a: Slowbro|Surf|p1a: Rhydon
|-supereffective|p1a: Rhydon
|-damage|p1a: Rhydon|0 fnt
|faint|p1a: Rhydon
|c|★Bomber|gg
|-message|Bomber forfeited.
|
|win|Beds