|J|papai noel
|J|Nails
|player|p1|papai noel|161
|player|p2|Nails|170
|gametype|singles
|gen|1
|tier|[Gen 1] OU
|seed|32053,25813,46072,16461
|rule|Sleep Clause Mod: Limit one foe put to sleep
|rule|Freeze Clause Mod: Limit one foe frozen
|rule|Species Clause: Limit one of each Pokémon
|rule|OHKO Clause: OHKO moves are banned
|rule|Evasion Moves Clause: Evasion moves are banned
|rule|HP Percentage Mod: HP is shown in percentages
|
|start
|switch|p1a: Jynx|Jynx|333\/333
|switch|p2a: Jolteon|Jolteon|333\/333
|turn|1
|J|owari rosu
|choice|move 3|move 4
|
|move|p2a: Jolteon|Thunder Wave|p1a: Jynx
|-status|p1a: Jynx|par
|move|p1a: Jynx|Lovely Kiss|p2a: Jolteon
|-status|p2a: Jolteon|slp
|
|turn|2
|J|Wind Ice
|choice|move 1|move 1
|
|cant|p2a: Jolteon|slp
|move|p1a: Jynx|Blizzard|p2a: Jolteon
|-damage|p2a: Jolteon|200\/333 slp
|
|turn|3
|choice|move 1|switch 3
|
|switch|p2a: Snorlax|Snorlax|523\/523
|move|p1a: Jynx|Blizzard|p2a: Snorlax
|-damage|p2a: Snorlax|338\/523
|
|turn|4
|choice|switch 5|move 1
|
|switch|p1a: Exeggutor|Exeggutor|393\/393
|move|p2a: Snorlax|Body Slam|p1a: Exeggutor
|-damage|p1a: Exeggutor|271\/393
|
|turn|5
|choice|move 1|switch 6
|
|switch|p2a: Alakazam|Alakazam|313\/313
|move|p1a: Exeggutor|Psychic|p2a: Alakazam
|-resisted|p2a: Alakazam
|-damage|p2a: Alakazam|262\/313
|-unboost|p2a: Alakazam|spd|1
|-unboost|p2a: Alakazam|spa|1
|
|turn|6
|choice|move 3|move 1
|
|move|p2a: Alakazam|Thunder Wave|p1a: Exeggutor
|-status|p1a: Exeggutor|par
|move|p1a: Exeggutor|Stun Spore|p2a: Alakazam
|-status|p2a: Alakazam|par
|
|turn|7
|choice|move 1|move 3
|
|cant|p2a: Alakazam|par
|move|p1a: Exeggutor|Psychic|p2a: Alakazam
|-resisted|p2a: Alakazam
|-damage|p2a: Alakazam|190\/313 par
|
|turn|8
|choice|switch 5|move 1
|
|switch|p1a: Jynx|Jynx|333\/333 par
|move|p2a: Alakazam|Thunder Wave|p1a: Jynx
|-fail|p1a: Jynx|par
|
|turn|9
|choice|move 1|move 4
|
|cant|p2a: Alakazam|par
|move|p1a: Jynx|Blizzard|p2a: Alakazam
|-damage|p2a: Alakazam|27\/313 par
|
|turn|10
|choice|move 1|move 4
|
|move|p2a: Alakazam|Recover|p2a: Alakazam
|-heal|p2a: Alakazam|183\/313 par
|cant|p1a: Jynx|par
|
|turn|11
|choice|move 1|switch 2
|
|switch|p2a: Cloyster|Cloyster|303\/303
|move|p1a: Jynx|Blizzard|p2a: Cloyster
|-resisted|p2a: Cloyster
|-damage|p2a: Cloyster|267\/303
|
|turn|12
|choice|move 2|move 1
|
|move|p2a: Cloyster|Clamp|p1a: Jynx
|-damage|p1a: Jynx|292\/333 par
|-activate|p1a: Jynx|move: Clamp|[of] p2a: Cloyster
|cant|p1a: Jynx|partiallytrapped
|
|turn|13
|choice|move 2|switch 2
|
|switch|p2a: Alakazam|Alakazam|183\/313 par
|cant|p1a: Jynx|partiallytrapped
|
|-end|p1a: Jynx|Clamp|[partiallytrapped]
|turn|14
|choice|switch 4|move 3
|
|switch|p1a: Snorlax|Snorlax|523\/523
|move|p2a: Alakazam|Seismic Toss|p1a: Snorlax
|-damage|p1a: Snorlax|423\/523
|
|turn|15
|choice|move 1|switch 2
|
|switch|p2a: Cloyster|Cloyster|267\/303
|move|p1a: Snorlax|Body Slam|p2a: Cloyster
|-damage|p2a: Cloyster|199\/303
|-status|p2a: Cloyster|par
|
|turn|16
|choice|move 1|move 2
|
|move|p1a: Snorlax|Body Slam|p2a: Cloyster
|-damage|p2a: Cloyster|129\/303 par
|move|p2a: Cloyster|Blizzard|p1a: Snorlax
|-damage|p1a: Snorlax|248\/523
|
|turn|17
|choice|move 1|move 4
|
|move|p1a: Snorlax|Body Slam|p2a: Cloyster
|-damage|p2a: Cloyster|56\/303 par
|move|p2a: Cloyster|Explosion|p1a: Snorlax
|-damage|p1a: Snorlax|0 fnt
|faint|p1a: Snorlax
|faint|p2a: Cloyster
|choice|switch 4|switch 5
|
|switch|p2a: Dragonite|Dragonite|385\/385
|switch|p1a: Jynx|Jynx|292\/333 par
|turn|18
|choice|move 1|move 1
|
|move|p2a: Dragonite|Wrap|p1a: Jynx
|-damage|p1a: Jynx|266\/333 par
|-activate|p1a: Jynx|move: Wrap|[of] p2a: Dragonite
|cant|p1a: Jynx|par
|
|turn|19
|choice|move 1|move 1
|
|move|p2a: Dragonite|Wrap|p1a: Jynx
|-damage|p1a: Jynx|240\/333 par
|cant|p1a: Jynx|partiallytrapped
|
|turn|20
|choice|move 1|move 1
|
|move|p2a: Dragonite|Wrap|p1a: Jynx
|-damage|p1a: Jynx|214\/333 par
|cant|p1a: Jynx|par
|
|-end|p1a: Jynx|Wrap|[partiallytrapped]
|turn|21
|choice|move 1|move 1
|
|move|p2a: Dragonite|Wrap|p1a: Jynx
|-damage|p1a: Jynx|189\/333 par
|-activate|p1a: Jynx|move: Wrap|[of] p2a: Dragonite
|cant|p1a: Jynx|par
|
|turn|22
|choice|switch 2|move 1
|
|switch|p1a: Chansey|Chansey|703\/703
|move|p2a: Dragonite|Wrap|p1a: Chansey
|-crit|p1a: Chansey
|-damage|p1a: Chansey|631\/703
|-activate|p1a: Chansey|move: Wrap|[of] p2a: Dragonite
|
|turn|23
|choice|move 1|move 1
|
|move|p2a: Dragonite|Wrap|p1a: Chansey
|-damage|p1a: Chansey|559\/703
|cant|p1a: Chansey|partiallytrapped
|
|turn|24
|choice|move 1|move 1
|
|move|p2a: Dragonite|Wrap|p1a: Chansey
|-damage|p1a: Chansey|487\/703
|cant|p1a: Chansey|partiallytrapped
|
|-end|p1a: Chansey|Wrap|[partiallytrapped]
|turn|25
|choice|move 1|move 1
|
|move|p2a: Dragonite|Wrap|p1a: Chansey
|-damage|p1a: Chansey|448\/703
|-activate|p1a: Chansey|move: Wrap|[of] p2a: Dragonite
|cant|p1a: Chansey|partiallytrapped
|
|turn|26
|choice|switch 2|move 1
|
|switch|p1a: Jynx|Jynx|189\/333 par
|move|p2a: Dragonite|Wrap|p1a: Jynx
|-crit|p1a: Jynx
|-damage|p1a: Jynx|136\/333 par
|-activate|p1a: Jynx|move: Wrap|[of] p2a: Dragonite
|
|turn|27
|choice|move 1|move 1
|
|move|p2a: Dragonite|Wrap|p1a: Jynx
|-damage|p1a: Jynx|83\/333 par
|cant|p1a: Jynx|partiallytrapped
|
|turn|28
|choice|move 1|move 1
|
|move|p2a: Dragonite|Wrap|p1a: Jynx
|-damage|p1a: Jynx|30\/333 par
|cant|p1a: Jynx|partiallytrapped
|
|turn|29
|choice|move 1|move 1
|
|move|p2a: Dragonite|Wrap|p1a: Jynx
|-damage|p1a: Jynx|0 fnt
|faint|p1a: Jynx
|choice|switch 6|
|
|switch|p1a: Zapdos|Zapdos|383\/383
|turn|30
|c|+KratosMana|it's not broken!!! -mdragon
|choice|move 1|switch 3
|
|switch|p2a: Jolteon|Jolteon|200\/333 slp
|move|p1a: Zapdos|Thunderbolt|p2a: Jolteon
|-resisted|p2a: Jolteon
|-damage|p2a: Jolteon|144\/333 slp
|
|turn|31
|c|★Nails|y.
|choice|move 2|move 4
|
|cant|p2a: Jolteon|slp
|move|p1a: Zapdos|Drill Peck|p2a: Jolteon
|-resisted|p2a: Jolteon
|-damage|p2a: Jolteon|80\/333 slp
|
|turn|32
|choice|move 2|move 4
|
|cant|p2a: Jolteon|slp
|move|p1a: Zapdos|Drill Peck|p2a: Jolteon
|-crit|p2a: Jolteon
|-resisted|p2a: Jolteon
|-damage|p2a: Jolteon|0 fnt
|faint|p2a: Jolteon
|J|SOMALIA
|choice||switch 6
|
|switch|p2a: Snorlax|Snorlax|338\/523
|turn|33
|choice|move 1|move 2
|
|move|p1a: Zapdos|Thunderbolt|p2a: Snorlax
|-damage|p2a: Snorlax|162\/523
|move|p2a: Snorlax|Self-Destruct|p1a: Zapdos
|-damage|p1a: Zapdos|0 fnt
|faint|p1a: Zapdos
|faint|p2a: Snorlax
|choice|switch 3|switch 3
|
|switch|p1a: Tauros|Tauros|353\/353
|switch|p2a: Dragonite|Dragonite|385\/385
|turn|34
|choice|move 4|move 4
|
|move|p1a: Tauros|Blizzard|p2a: Dragonite
|-supereffective|p2a: Dragonite
|-damage|p2a: Dragonite|76\/385
|move|p2a: Dragonite|Thunder Wave|p1a: Tauros
|-status|p1a: Tauros|par
|
|turn|35
|c|★papai noel|shit
|c|+KratosMana|RIP
|choice|move 4|move 1
|
|move|p2a: Dragonite|Wrap|p1a: Tauros
|-damage|p1a: Tauros|339\/353 par
|-activate|p1a: Tauros|move: Wrap|[of] p2a: Dragonite
|cant|p1a: Tauros|partiallytrapped
|
|turn|36
|choice|move 4|move 1
|
|move|p2a: Dragonite|Wrap|p1a: Tauros
|-damage|p1a: Tauros|325\/353 par
|cant|p1a: Tauros|partiallytrapped
|
|turn|37
|choice|move 4|move 1
|
|move|p2a: Dragonite|Wrap|p1a: Tauros
|-damage|p1a: Tauros|311\/353 par
|cant|p1a: Tauros|par
|
|-end|p1a: Tauros|Wrap|[partiallytrapped]
|turn|38
|choice|move 4|move 1
|
|move|p2a: Dragonite|Wrap|p1a: Tauros
|-crit|p1a: Tauros
|-damage|p1a: Tauros|281\/353 par
|-activate|p1a: Tauros|move: Wrap|[of] p2a: Dragonite
|cant|p1a: Tauros|partiallytrapped
|
|turn|39
|choice|move 4|move 1
|
|move|p2a: Dragonite|Wrap|p1a: Tauros
|-damage|p1a: Tauros|251\/353 par
|cant|p1a: Tauros|par
|
|turn|40
|choice|move 4|move 1
|
|move|p2a: Dragonite|Wrap|p1a: Tauros
|-damage|p1a: Tauros|221\/353 par
|cant|p1a: Tauros|par
|
|-end|p1a: Tauros|Wrap|[partiallytrapped]
|turn|41
|choice|move 4|move 1
|
|move|p2a: Dragonite|Wrap|p1a: Tauros
|-damage|p1a: Tauros|206\/353 par
|-activate|p1a: Tauros|move: Wrap|[of] p2a: Dragonite
|cant|p1a: Tauros|partiallytrapped
|
|turn|42
|c|★Nails|im so skilled @ this game
|choice|move 4|move 1
|
|move|p2a: Dragonite|Wrap|p1a: Tauros
|-damage|p1a: Tauros|191\/353 par
|cant|p1a: Tauros|par
|
|turn|43
|choice|move 4|move 1
|
|move|p2a: Dragonite|Wrap|p1a: Tauros
|-damage|p1a: Tauros|176\/353 par
|cant|p1a: Tauros|partiallytrapped
|
|turn|44
|J|GOD MARTH
|c|+KratosMana|balanced.
|choice|move 4|move 1
|
|move|p2a: Dragonite|Wrap|p1a: Tauros
|-damage|p1a: Tauros|161\/353 par
|cant|p1a: Tauros|partiallytrapped
|
|-end|p1a: Tauros|Wrap|[partiallytrapped]
|turn|45
|J|Alice Kazumi
|choice|move 1|move 1
|
|move|p2a: Dragonite|Wrap|p1a: Tauros
|-damage|p1a: Tauros|145\/353 par
|-activate|p1a: Tauros|move: Wrap|[of] p2a: Dragonite
|cant|p1a: Tauros|par
|
|turn|46
|choice|switch 2|move 1
|
|switch|p1a: Chansey|Chansey|448\/703
|move|p2a: Dragonite|Wrap|p1a: Chansey
|-crit|p1a: Chansey
|-damage|p1a: Chansey|372\/703
|-activate|p1a: Chansey|move: Wrap|[of] p2a: Dragonite
|
|turn|47
|J|Nobell
|choice|move 1|move 1
|
|move|p2a: Dragonite|Wrap|p1a: Chansey
|-damage|p1a: Chansey|296\/703
|cant|p1a: Chansey|partiallytrapped
|
|turn|48
|L|Nobell
|choice|move 1|move 1
|
|move|p2a: Dragonite|Wrap|p1a: Chansey
|-damage|p1a: Chansey|220\/703
|cant|p1a: Chansey|partiallytrapped
|
|turn|49
|choice|move 1|move 1
|
|move|p2a: Dragonite|Wrap|p1a: Chansey
|-damage|p1a: Chansey|144\/703
|cant|p1a: Chansey|partiallytrapped
|
|turn|50
|c|+GOD MARTH|how do you even stop that
|choice|move 1|move 1
|
|move|p2a: Dragonite|Wrap|p1a: Chansey
|-damage|p1a: Chansey|68\/703
|cant|p1a: Chansey|partiallytrapped
|
|-end|p1a: Chansey|Wrap|[partiallytrapped]
|turn|51
|c|★Nails|wait for the miss.
|c|★papai noel|nah
|c|★papai noel|i played wrong af
|choice|move 1|move 3
|
|move|p2a: Dragonite|Blizzard|p1a: Chansey
|-damage|p1a: Chansey|0 fnt
|faint|p1a: Chansey
|c|+KratosMana|u dont marth
|choice|switch 5|
|
|switch|p1a: Exeggutor|Exeggutor|271\/393 par
|turn|52
|choice|switch 2|move 1
|
|switch|p1a: Tauros|Tauros|145\/353 par
|move|p2a: Dragonite|Wrap|p1a: Tauros
|-damage|p1a: Tauros|129\/353 par
|-activate|p1a: Tauros|move: Wrap|[of] p2a: Dragonite
|
|turn|53
|c|+GOD MARTH|why is it not used more
|c|+GOD MARTH|late game
|c|★papai noel|it's a silly strategy 
|choice|move 1|move 1
|
|move|p2a: Dragonite|Wrap|p1a: Tauros
|-damage|p1a: Tauros|113\/353 par
|cant|p1a: Tauros|partiallytrapped
|
|turn|54
|c|+KratosMana|because ppl aren't fucking gay
|c|★Nails|dnite is kind of difficult to set up
|c|+KratosMana|but it should be banned soon
|choice|switch 2|move 1
|
|switch|p1a: Exeggutor|Exeggutor|271\/393 par
|move|p2a: Dragonite|Wrap|p1a: Exeggutor
|-damage|p1a: Exeggutor|255\/393 par
|-activate|p1a: Exeggutor|move: Wrap|[of] p2a: Dragonite
|
|turn|55
|c|+GOD MARTH|everything ends up twaved
|choice|move 1|move 1
|
|move|p2a: Dragonite|Wrap|p1a: Exeggutor
|-damage|p1a: Exeggutor|239\/393 par
|cant|p1a: Exeggutor|partiallytrapped
|
|-end|p1a: Exeggutor|Wrap|[partiallytrapped]
|turn|56
|choice|move 1|move 1
|
|move|p2a: Dragonite|Wrap|p1a: Exeggutor
|-damage|p1a: Exeggutor|221\/393 par
|-activate|p1a: Exeggutor|move: Wrap|[of] p2a: Dragonite
|cant|p1a: Exeggutor|partiallytrapped
|
|turn|57
|choice|move 1|move 1
|
|move|p2a: Dragonite|Wrap|p1a: Exeggutor
|-damage|p1a: Exeggutor|203\/393 par
|cant|p1a: Exeggutor|partiallytrapped
|
|turn|58
|choice|move 1|move 1
|
|move|p2a: Dragonite|Wrap|p1a: Exeggutor
|-damage|p1a: Exeggutor|185\/393 par
|cant|p1a: Exeggutor|partiallytrapped
|
|-end|p1a: Exeggutor|Wrap|[partiallytrapped]
|turn|59
|choice|move 1|move 1
|
|move|p2a: Dragonite|Wrap|p1a: Exeggutor
|-damage|p1a: Exeggutor|167\/393 par
|-activate|p1a: Exeggutor|move: Wrap|[of] p2a: Dragonite
|cant|p1a: Exeggutor|partiallytrapped
|
|turn|60
|c|+KratosMana|nails how much pp do u have left
|c|+KratosMana|it shows -2
|c|+KratosMana|lol
|c|+KratosMana|ps is dum
|c|★Nails|18\/32
|c|+KratosMana|wtf
|c|+KratosMana|LOLO
|c|+KratosMana|they need to fix that
|c|★papai noel|did i let you
|c|★papai noel|rollover
|c|★Nails|no
|c|+Alice Kazumi|Lol
|c|★Nails|it only burns a pp
|c|★papai noel|oh ye
|c|★papai noel|true
|c|★Nails|on the first use
|c|★papai noel|im crazy
|c|+KratosMana|yeah
|choice|move 1|move 1
|
|move|p2a: Dragonite|Wrap|p1a: Exeggutor
|-damage|p1a: Exeggutor|149\/393 par
|cant|p1a: Exeggutor|partiallytrapped
|
|turn|61
|c|★Nails|or on a switch
|c|+KratosMana|that sucks
|choice|move 1|move 1
|
|move|p2a: Dragonite|Wrap|p1a: Exeggutor
|-damage|p1a: Exeggutor|131\/393 par
|cant|p1a: Exeggutor|partiallytrapped
|
|turn|62
|c|+KratosMana|to count
|choice|switch 2|move 1
|
|switch|p1a: Tauros|Tauros|113\/353 par
|move|p2a: Dragonite|Wrap|p1a: Tauros
|-damage|p1a: Tauros|97\/353 par
|-activate|p1a: Tauros|move: Wrap|[of] p2a: Dragonite
|
|turn|63
|c|★Nails|now i'm at 17
|choice|switch 2|move 1
|
|switch|p1a: Exeggutor|Exeggutor|131\/393 par
|move|p2a: Dragonite|Wrap|p1a: Exeggutor
|-damage|p1a: Exeggutor|114\/393 par
|-activate|p1a: Exeggutor|move: Wrap|[of] p2a: Dragonite
|
|turn|64
|c|★papai noel|can u pls
|c|★papai noel|just hyper beam
|c|★papai noel|-.-
|c|★Nails|i don't have
|choice|switch 2|move 1
|
|switch|p1a: Tauros|Tauros|97\/353 par
|move|p2a: Dragonite|Wrap|p1a: Tauros
|-damage|p1a: Tauros|82\/353 par
|-activate|p1a: Tauros|move: Wrap|[of] p2a: Dragonite
|
|turn|65
|c|★Nails|hyper beam
|choice|switch 2|move 1
|
|switch|p1a: Exeggutor|Exeggutor|114\/393 par
|move|p2a: Dragonite|Wrap|p1a: Exeggutor
|-crit|p1a: Exeggutor
|-damage|p1a: Exeggutor|82\/393 par
|-activate|p1a: Exeggutor|move: Wrap|[of] p2a: Dragonite
|
|turn|66
|choice|move 1|move 1
|
|move|p2a: Dragonite|Wrap|p1a: Exeggutor
|-damage|p1a: Exeggutor|50\/393 par
|cant|p1a: Exeggutor|partiallytrapped
|
|turn|67
|choice|move 1|move 1
|
|move|p2a: Dragonite|Wrap|p1a: Exeggutor
|-damage|p1a: Exeggutor|18\/393 par
|cant|p1a: Exeggutor|partiallytrapped
|
|-end|p1a: Exeggutor|Wrap|[partiallytrapped]
|turn|68
|c|+KratosMana|it's agility right
|c|★Nails|yea
|choice|move 1|move 3
|
|move|p2a: Dragonite|Blizzard|p1a: Exeggutor
|-supereffective|p1a: Exeggutor
|-damage|p1a: Exeggutor|0 fnt
|faint|p1a: Exeggutor
|choice|switch 2|
|
|switch|p1a: Tauros|Tauros|82\/353 par
|turn|69
|choice|move 1|move 3
|
|move|p2a: Dragonite|Blizzard|p1a: Tauros
|-damage|p1a: Tauros|0 fnt
|faint|p1a: Tauros
|
|win|Nails