|inactive|Battle timer is ON: inactive players will automatically lose when time's up.
|J|reyscarface
|J|Golden Gyarados
|player|p1|reyscarface|2
|player|p2|Golden Gyarados|2
|gametype|singles
|gen|1
|tier|[Gen 1] OU
|seed|47283,31607,51698,5107
|rule|Sleep Clause Mod: Limit one foe put to sleep
|rule|Freeze Clause Mod: Limit one foe frozen
|rule|Species Clause: Limit one of each Pokémon
|rule|OHKO Clause: OHKO moves are banned
|rule|Evasion Moves Clause: Evasion moves are banned
|rule|HP Percentage Mod: HP is shown in percentages
|
|start
|switch|p1a: Matoma|Starmie|323\/323
|switch|p2a: Jynx|Jynx|333\/333
|turn|1
|J|Signal Beam
|J|kamisamano49
|J|boudouche
|J|Esteemed User
|L|Signal Beam
|J|Ary
|J|atomicllamas
|c|+Ary|rey rey
|J|BKC
|c|+Ary|he's our man
|J|TheRogue
|J|Dear Ophelia
|J|hela guy
|c|+Ary|if he can't do it no one can
|J|bro fist
|J|qsns
|c|+Ary|gooooooo
|J|Hikari
|c|+Ary|rey !
|J|Sweep
|choice|move 3|move 2
|
|move|p1a: Matoma|Thunder Wave|p2a: Jynx
|-status|p2a: Jynx|par
|cant|p2a: Jynx|par
|
|turn|2
|J|giara
|J|reeeeeeeeeweeeee
|J|Blitzamirin
|J|teal6
|choice|move 4|move 2
|
|move|p1a: Matoma|Thunderbolt|p2a: Jynx
|-damage|p2a: Jynx|252\/333 par
|cant|p2a: Jynx|par
|
|turn|3
|J|tennis
|choice|move 4|move 2
|
|move|p1a: Matoma|Thunderbolt|p2a: Jynx
|-damage|p2a: Jynx|178\/333 par
|move|p2a: Jynx|Lovely Kiss|p1a: Matoma
|-status|p1a: Matoma|slp
|
|turn|4
|J|Cristal
|choice|switch 6|move 1
|
|switch|p1a: Thomas Jack|Snorlax|523\/523
|cant|p2a: Jynx|par
|
|turn|5
|J|Lady bug
|J|Tesung
|J|Asuya
|J|Rei
|choice|move 1|move 3
|
|move|p1a: Thomas Jack|Body Slam|p2a: Jynx
|-damage|p2a: Jynx|0 fnt
|faint|p2a: Jynx
|J|ABR
|choice||switch 3
|
|switch|p2a: Exeggutor|Exeggutor|393\/393
|turn|6
|choice|switch 6|move 1
|
|switch|p1a: Matoma|Starmie|323\/323 slp
|move|p2a: Exeggutor|Psychic|p1a: Matoma
|-resisted|p1a: Matoma
|-damage|p1a: Matoma|259\/323 slp
|
|turn|7
|J|Sam
|L|ABR
|choice|switch 4|move 1
|
|switch|p1a: Eden|Exeggutor|393\/393
|move|p2a: Exeggutor|Psychic|p1a: Eden
|-resisted|p1a: Eden
|-damage|p1a: Eden|339\/393
|
|turn|8
|J|Finchinator
|J|tennisace
|choice|move 2|move 3
|
|move|p1a: Eden|Sleep Powder|p2a: Exeggutor
|-status|p2a: Exeggutor|slp
|cant|p2a: Exeggutor|slp
|
|turn|9
|J|Funkasaurus
|J|edgar
|J|hyogafodex
|choice|move 4|switch 4
|
|switch|p2a: Chansey|Chansey|703\/703
|move|p1a: Eden|Psychic|p2a: Chansey
|-crit|p2a: Chansey
|-damage|p2a: Chansey|487\/703
|
|turn|10
|choice|move 3|move 1
|
|move|p1a: Eden|Stun Spore|p2a: Chansey
|-status|p2a: Chansey|par
|cant|p2a: Chansey|par
|
|turn|11
|J|kuntta81
|J|YABO
|J|Stratos
|J|Leftiez
|L|YABO
|choice|move 1|move 3
|
|move|p1a: Eden|Explosion|p2a: Chansey
|-damage|p2a: Chansey|0 fnt
|faint|p2a: Chansey
|faint|p1a: Eden
|J|PURRL
|J|Nails
|choice|switch 6|switch 2
|
|switch|p2a: Alakazam|Alakazam|313\/313
|switch|p1a: Thomas Jack|Snorlax|523\/523
|turn|12
|J|Whisudi
|choice|move 1|move 2
|
|move|p2a: Alakazam|Thunder Wave|p1a: Thomas Jack
|-status|p1a: Thomas Jack|par
|move|p1a: Thomas Jack|Body Slam|p2a: Alakazam
|-damage|p2a: Alakazam|136\/313
|-status|p2a: Alakazam|par
|
|turn|13
|J|GreenXBird
|J|THEIRONKENYAN
|choice|move 1|move 3
|
|cant|p2a: Alakazam|par
|cant|p1a: Thomas Jack|par
|
|turn|14
|choice|move 1|move 3
|
|move|p2a: Alakazam|Recover|p2a: Alakazam
|-heal|p2a: Alakazam|292\/313 par
|move|p1a: Thomas Jack|Body Slam|p2a: Alakazam
|-damage|p2a: Alakazam|109\/313 par
|
|turn|15
|J|Spooter
|J|final elysion
|J|tele
|choice|move 2|move 3
|
|cant|p2a: Alakazam|par
|move|p1a: Thomas Jack|Hyper Beam|p2a: Alakazam
|-damage|p2a: Alakazam|0 fnt
|faint|p2a: Alakazam
|J|Confide
|choice||switch 5
|
|switch|p2a: Snorlax|Snorlax|523\/523
|turn|16
|choice|move 1|move 2
|
|move|p2a: Snorlax|Reflect|p2a: Snorlax
|-start|p2a: Snorlax|Reflect
|move|p1a: Thomas Jack|Body Slam|p2a: Snorlax
|-damage|p2a: Snorlax|458\/523
|
|turn|17
|choice|switch 3|move 3
|
|switch|p1a: Hogland|Chansey|703\/703
|move|p2a: Snorlax|Earthquake|p1a: Hogland
|-damage|p1a: Hogland|461\/703
|
|turn|18
|J|Pohjis
|choice|move 4|move 3
|
|move|p1a: Hogland|Soft-Boiled|p1a: Hogland
|-heal|p1a: Hogland|703\/703
|move|p2a: Snorlax|Earthquake|p1a: Hogland
|-damage|p1a: Hogland|489\/703
|
|turn|19
|J|Chelllo
|J|hela guy
|L|Chelllo
|J|Heysup
|choice|move 3|move 1
|
|move|p1a: Hogland|Thunder Wave|p2a: Snorlax
|-status|p2a: Snorlax|par
|move|p2a: Snorlax|Body Slam|p1a: Hogland
|-damage|p1a: Hogland|194\/703
|
|turn|20
|J|Chelllo
|choice|move 4|move 3
|
|move|p1a: Hogland|Soft-Boiled|p1a: Hogland
|-heal|p1a: Hogland|545\/703
|cant|p2a: Snorlax|par
|
|turn|21
|choice|move 2|move 1
|
|move|p1a: Hogland|Ice Beam|p2a: Snorlax
|-damage|p2a: Snorlax|352\/523 par
|move|p2a: Snorlax|Body Slam|p1a: Hogland
|-crit|p1a: Hogland
|-damage|p1a: Hogland|0 fnt
|faint|p1a: Hogland
|choice|switch 2|
|
|switch|p1a: Stromae|Alakazam|313\/313
|turn|22
|choice|move 1|move 1
|
|move|p1a: Stromae|Psychic|p2a: Snorlax
|-damage|p2a: Snorlax|188\/523 par
|cant|p2a: Snorlax|par
|
|turn|23
|choice|move 1|move 1
|
|move|p1a: Stromae|Psychic|p2a: Snorlax
|-damage|p2a: Snorlax|8\/523 par
|move|p2a: Snorlax|Body Slam|p1a: Stromae
|-damage|p1a: Stromae|148\/313
|
|turn|24
|J|xRay~
|choice|move 1|move 4
|
|move|p1a: Stromae|Psychic|p2a: Snorlax
|-damage|p2a: Snorlax|0 fnt
|faint|p2a: Snorlax
|choice||switch 4
|
|switch|p2a: Exeggutor|Exeggutor|393\/393 slp
|turn|25
|J|BLINGAS
|choice|move 2|move 1
|
|move|p1a: Stromae|Recover|p1a: Stromae
|-heal|p1a: Stromae|304\/313
|cant|p2a: Exeggutor|slp
|
|turn|26
|J|Toon Linked
|choice|move 1|move 1
|
|move|p1a: Stromae|Psychic|p2a: Exeggutor
|-resisted|p2a: Exeggutor
|-damage|p2a: Exeggutor|342\/393 slp
|-curestatus|p2a: Exeggutor|slp
|
|turn|27
|J|McMeghan
|choice|switch 4|move 3
|
|switch|p1a: Matoma|Starmie|259\/323 slp
|move|p2a: Exeggutor|Stun Spore|p1a: Matoma
|-fail|p1a: Matoma
|
|turn|28
|L|Toon Linked
|choice|move 1|move 1
|
|-curestatus|p1a: Matoma|slp
|move|p2a: Exeggutor|Psychic|p1a: Matoma
|-resisted|p1a: Matoma
|-damage|p1a: Matoma|201\/323
|
|turn|29
|choice|move 1|move 2
|
|move|p1a: Matoma|Blizzard|p2a: Exeggutor
|-crit|p2a: Exeggutor
|-supereffective|p2a: Exeggutor
|-damage|p2a: Exeggutor|23\/393
|move|p2a: Exeggutor|Sleep Powder|p1a: Matoma
|-status|p1a: Matoma|slp
|
|turn|30
|choice|move 4|move 1
|
|cant|p1a: Matoma|slp
|move|p2a: Exeggutor|Psychic|p1a: Matoma
|-resisted|p1a: Matoma
|-damage|p1a: Matoma|141\/323 slp
|
|turn|31
|choice|move 3|switch 6
|
|switch|p2a: Tauros|Tauros|353\/353
|cant|p1a: Matoma|slp
|
|turn|32
|choice|move 3|move 1
|
|cant|p1a: Matoma|slp
|move|p2a: Tauros|Body Slam|p1a: Matoma
|-crit|p1a: Matoma
|-damage|p1a: Matoma|0 fnt
|faint|p1a: Matoma
|choice|switch 4|
|
|switch|p1a: Stromae|Alakazam|304\/313
|turn|33
|choice|move 3|move 1
|
|move|p1a: Stromae|Thunder Wave|p2a: Tauros
|-status|p2a: Tauros|par
|move|p2a: Tauros|Body Slam|p1a: Stromae
|-damage|p1a: Stromae|148\/313
|
|turn|34
|J|Toon Linked
|choice|move 1|move 1
|
|move|p1a: Stromae|Psychic|p2a: Tauros
|-damage|p2a: Tauros|186\/353 par
|move|p2a: Tauros|Body Slam|p1a: Stromae
|-crit|p1a: Stromae
|-damage|p1a: Stromae|0 fnt
|faint|p1a: Stromae
|choice|switch 3|
|
|switch|p1a: Thomas Jack|Snorlax|523\/523 par
|turn|35
|choice|move 2|switch 6
|
|switch|p2a: Exeggutor|Exeggutor|23\/393
|cant|p1a: Thomas Jack|par
|
|turn|36
|choice|move 1|move 4
|
|move|p2a: Exeggutor|Explosion|p1a: Thomas Jack
|-damage|p1a: Thomas Jack|196\/523 par
|faint|p2a: Exeggutor
|choice||switch 6
|
|switch|p2a: Tauros|Tauros|186\/353 par
|turn|37
|J|groudon518
|J|TDK
|choice|move 4|move 4
|
|move|p2a: Tauros|Hyper Beam|p1a: Thomas Jack
|-damage|p1a: Thomas Jack|0 fnt
|faint|p1a: Thomas Jack
|choice|switch 5|
|
|switch|p1a: Kygo|Tauros|353\/353
|turn|38
|L|Spooter
|J|shsnsbsbsj
|J|Updated Kanto
|J|Jsaok3
|L|shsnsbsbsj
|J|smurfer
|choice|move 2|move 4
|
|move|p1a: Kygo|Body Slam|p2a: Tauros
|-damage|p2a: Tauros|85\/353 par
|move|p2a: Tauros|Hyper Beam|p1a: Kygo
|-damage|p1a: Kygo|179\/353
|
|turn|39
|-mustrecharge|p2a: Tauros
|J|craing
|-mustrecharge|p2a: Tauros
|choice|move 2|move 1
|
|move|p1a: Kygo|Body Slam|p2a: Tauros
|-crit|p2a: Tauros
|-damage|p2a: Tauros|0 fnt
|faint|p2a: Tauros
|
|win|reyscarface