|J|Beds
|J|slurmz
|player|p1|Beds|252
|player|p2|slurmz|133
|gametype|singles
|gen|1
|tier|[Gen 1] OU
|seed|53374,18200,21932,60279
|rule|Sleep Clause Mod: Limit one foe put to sleep
|rule|Freeze Clause Mod: Limit one foe frozen
|rule|Species Clause: Limit one of each Pokémon
|rule|OHKO Clause: OHKO moves are banned
|rule|Evasion Moves Clause: Evasion moves are banned
|rule|HP Percentage Mod: HP is shown in percentages
|
|start
|switch|p1a: Jynx|Jynx|333\/333
|switch|p2a: under the tree|Gengar|323\/323
|turn|1
|c|★Beds|gl gl
|J|TraceofLife
|J|KratosMana
|J|hahaouou
|J|Genesis7
|J|Aurious
|L|Aurious
|choice|move 1|move 1
|
|move|p2a: under the tree|Hypnosis|p1a: Jynx|[miss]
|-miss|p2a: under the tree
|move|p1a: Jynx|Lovely Kiss|p2a: under the tree|[miss]
|-miss|p1a: Jynx
|
|turn|2
|c|★slurmz|hf
|choice|move 1|move 1
|
|move|p2a: under the tree|Hypnosis|p1a: Jynx|[miss]
|-miss|p2a: under the tree
|move|p1a: Jynx|Lovely Kiss|p2a: under the tree
|-status|p2a: under the tree|slp
|
|turn|3
|choice|move 2|switch 3
|
|switch|p2a: comeback|Chansey|703\/703
|move|p1a: Jynx|Blizzard|p2a: comeback
|-damage|p2a: comeback|578\/703
|
|turn|4
|choice|move 2|move 3
|
|move|p1a: Jynx|Blizzard|p2a: comeback
|-damage|p2a: comeback|447\/703
|move|p2a: comeback|Sing|p1a: Jynx
|-status|p1a: Jynx|slp
|
|turn|5
|choice|switch 2|move 2
|
|switch|p1a: Chansey|Chansey|703\/703
|move|p2a: comeback|Thunder Wave|p1a: Chansey
|-status|p1a: Chansey|par
|
|turn|6
|choice|move 1|move 1
|
|move|p2a: comeback|Soft-Boiled|p2a: comeback
|-heal|p2a: comeback|703\/703
|cant|p1a: Chansey|par
|
|turn|7
|choice|move 1|switch 6
|
|switch|p2a: XO|Snorlax|523\/523
|move|p1a: Chansey|Ice Beam|p2a: XO
|-damage|p2a: XO|421\/523
|
|turn|8
|choice|switch 3|move 1
|
|switch|p1a: Exeggutor|Exeggutor|393\/393
|move|p2a: XO|Body Slam|p1a: Exeggutor
|-damage|p1a: Exeggutor|282\/393
|
|turn|9
|choice|move 2|move 1
|
|move|p1a: Exeggutor|Stun Spore|p2a: XO
|-status|p2a: XO|par
|move|p2a: XO|Body Slam|p1a: Exeggutor
|-damage|p1a: Exeggutor|171\/393
|
|turn|10
|choice|switch 4|switch 3
|
|switch|p1a: Lapras|Lapras|463\/463
|switch|p2a: under the tree|Gengar|323\/323 slp
|
|turn|11
|choice|move 1|switch 6
|
|switch|p2a: comeback|Chansey|703\/703
|move|p1a: Lapras|Blizzard|p2a: comeback|[miss]
|-miss|p1a: Lapras
|
|turn|12
|choice|switch 3|move 2
|
|switch|p1a: Chansey|Chansey|703\/703 par
|move|p2a: comeback|Thunder Wave|p1a: Chansey
|-fail|p1a: Chansey|par
|
|turn|13
|choice|move 1|switch 3
|
|switch|p2a: XO|Snorlax|421\/523 par
|move|p1a: Chansey|Ice Beam|p2a: XO
|-damage|p2a: XO|327\/523 par
|
|turn|14
|choice|switch 3|move 1
|
|switch|p1a: Lapras|Lapras|463\/463
|move|p2a: XO|Body Slam|p1a: Lapras
|-damage|p1a: Lapras|344\/463
|
|turn|15
|choice|move 1|move 1
|
|move|p1a: Lapras|Blizzard|p2a: XO
|-crit|p2a: XO
|-damage|p2a: XO|0 fnt
|faint|p2a: XO
|c|★slurmz|Ow
|c|★slurmz|I had
|c|★slurmz|Rester
|choice||switch 3
|
|switch|p2a: comeback|Chansey|703\/703
|turn|16
|c|★Beds|amnesia rest or like
|c|★Beds|just rest
|choice|switch 3|switch 6
|
|switch|p1a: Chansey|Chansey|703\/703 par
|switch|p2a: under the tree|Gengar|323\/323 slp
|
|turn|17
|c|★slurmz|Rest reflect
|choice|switch 4|move 2
|
|switch|p1a: Exeggutor|Exeggutor|171\/393
|cant|p2a: under the tree|slp
|
|turn|18
|c|★Beds|well my lapras is also rest so i tend to beat that
|c|★Beds|spoilers though
|c|★Beds|you don't know about rest
|choice|move 3|switch 2
|
|switch|p2a: all the gin joints|Lapras|463\/463
|move|p1a: Exeggutor|Psychic|p2a: all the gin joints
|-damage|p2a: all the gin joints|336\/463
|
|turn|19
|choice|switch 4|move 1
|
|switch|p1a: Chansey|Chansey|703\/703 par
|move|p2a: all the gin joints|Blizzard|p1a: Chansey
|-damage|p1a: Chansey|566\/703 par
|
|turn|20
|choice|move 2|move 4
|
|move|p2a: all the gin joints|Body Slam|p1a: Chansey
|-damage|p1a: Chansey|399\/703 par
|cant|p1a: Chansey|par
|
|turn|21
|L|TraceofLife
|choice|move 4|move 3
|
|move|p2a: all the gin joints|Confuse Ray|p1a: Chansey
|-start|p1a: Chansey|confusion
|-activate|p1a: Chansey|confusion
|move|p1a: Chansey|Soft-Boiled|p1a: Chansey
|-heal|p1a: Chansey|703\/703 par
|
|turn|22
|choice|move 2|switch 2
|
|switch|p2a: under the tree|Gengar|323\/323 slp
|-end|p1a: Chansey|confusion
|move|p1a: Chansey|Thunderbolt|p2a: under the tree
|-damage|p2a: under the tree|253\/323 slp
|
|turn|23
|choice|move 1|move 2
|
|cant|p2a: under the tree|slp
|move|p1a: Chansey|Ice Beam|p2a: under the tree
|-damage|p2a: under the tree|189\/323 slp
|
|turn|24
|choice|move 1|move 2
|
|cant|p2a: under the tree|slp
|move|p1a: Chansey|Ice Beam|p2a: under the tree
|-damage|p2a: under the tree|120\/323 slp
|
|turn|25
|choice|move 1|move 2
|
|cant|p2a: under the tree|slp
|cant|p1a: Chansey|par
|
|turn|26
|choice|switch 5|move 2
|
|switch|p1a: Alakazam|Alakazam|313\/313
|-curestatus|p2a: under the tree|slp
|
|turn|27
|choice|move 1|switch 6
|
|switch|p2a: comeback|Chansey|703\/703
|move|p1a: Alakazam|Psychic|p2a: comeback
|-damage|p2a: comeback|580\/703
|
|turn|28
|choice|switch 5|switch 6
|
|switch|p1a: Chansey|Chansey|703\/703 par
|switch|p2a: under the tree|Gengar|120\/323
|
|turn|29
|choice|move 1|switch 2
|
|switch|p2a: all the gin joints|Lapras|336\/463
|move|p1a: Chansey|Ice Beam|p2a: all the gin joints
|-resisted|p2a: all the gin joints
|-damage|p2a: all the gin joints|316\/463
|
|turn|30
|choice|move 3|move 3
|
|move|p2a: all the gin joints|Confuse Ray|p1a: Chansey
|-start|p1a: Chansey|confusion
|-activate|p1a: Chansey|confusion
|move|p1a: Chansey|Thunder Wave|p2a: all the gin joints
|-status|p2a: all the gin joints|par
|
|turn|31
|choice|move 2|switch 2
|
|switch|p2a: under the tree|Gengar|120\/323
|-activate|p1a: Chansey|confusion
|-damage|p1a: Chansey|694\/703 par|[from] confusion
|
|turn|32
|choice|move 3|move 4
|
|move|p2a: under the tree|Explosion|p1a: Chansey
|-damage|p1a: Chansey|119\/703 par
|faint|p2a: under the tree
|choice||switch 5
|
|switch|p2a: 7 minutes in heave|Tauros|353\/353
|turn|33
|choice|move 3|move 1
|
|move|p2a: 7 minutes in heave|Body Slam|p1a: Chansey
|-damage|p1a: Chansey|0 fnt
|faint|p1a: Chansey
|choice|switch 3|
|
|switch|p1a: Lapras|Lapras|344\/463
|turn|34
|choice|move 1|switch 6
|
|switch|p2a: comeback|Chansey|580\/703
|move|p1a: Lapras|Blizzard|p2a: comeback
|-damage|p2a: comeback|456\/703
|
|turn|35
|choice|move 3|move 2
|
|move|p1a: Lapras|Confuse Ray|p2a: comeback
|-start|p2a: comeback|confusion
|-activate|p2a: comeback|confusion
|move|p2a: comeback|Thunder Wave|p1a: Lapras
|-status|p1a: Lapras|par
|
|turn|36
|choice|move 1|switch 2
|
|switch|p2a: all the gin joints|Lapras|316\/463 par
|move|p1a: Lapras|Blizzard|p2a: all the gin joints|[miss]
|-miss|p1a: Lapras
|
|turn|37
|choice|move 2|move 3
|
|move|p2a: all the gin joints|Confuse Ray|p1a: Lapras
|-start|p1a: Lapras|confusion
|cant|p1a: Lapras|par
|
|turn|38
|choice|switch 5|switch 2
|
|switch|p1a: Alakazam|Alakazam|313\/313
|switch|p2a: comeback|Chansey|456\/703
|
|turn|39
|choice|move 3|move 1
|
|move|p1a: Alakazam|Thunder Wave|p2a: comeback
|-status|p2a: comeback|par
|move|p2a: comeback|Soft-Boiled|p2a: comeback
|-heal|p2a: comeback|703\/703 par
|
|turn|40
|choice|switch 4|move 2
|
|switch|p1a: Exeggutor|Exeggutor|171\/393
|move|p2a: comeback|Thunder Wave|p1a: Exeggutor
|-status|p1a: Exeggutor|par
|
|turn|41
|choice|move 3|switch 2
|
|switch|p2a: all the gin joints|Lapras|316\/463 par
|move|p1a: Exeggutor|Psychic|p2a: all the gin joints
|-damage|p2a: all the gin joints|184\/463 par
|
|turn|42
|choice|switch 5|move 1
|
|switch|p1a: Lapras|Lapras|344\/463 par
|move|p2a: all the gin joints|Blizzard|p1a: Lapras
|-crit|p1a: Lapras
|-resisted|p1a: Lapras
|-damage|p1a: Lapras|273\/463 par
|
|turn|43
|choice|move 2|move 3
|
|move|p1a: Lapras|Thunderbolt|p2a: all the gin joints
|-supereffective|p2a: all the gin joints
|-damage|p2a: all the gin joints|37\/463 par
|move|p2a: all the gin joints|Confuse Ray|p1a: Lapras
|-start|p1a: Lapras|confusion
|
|turn|44
|choice|switch 4|move 2
|
|switch|p1a: Alakazam|Alakazam|313\/313
|move|p2a: all the gin joints|Thunderbolt|p1a: Alakazam
|-damage|p1a: Alakazam|258\/313
|
|turn|45
|choice|move 1|move 1
|
|move|p1a: Alakazam|Psychic|p2a: all the gin joints
|-damage|p2a: all the gin joints|0 fnt
|faint|p2a: all the gin joints
|choice||switch 2
|
|switch|p2a: comeback|Chansey|703\/703 par
|turn|46
|choice|switch 5|switch 6
|
|switch|p1a: Exeggutor|Exeggutor|171\/393 par
|switch|p2a: 7 minutes in heave|Tauros|353\/353
|
|turn|47
|choice|switch 4|move 4
|
|switch|p1a: Lapras|Lapras|273\/463 par
|move|p2a: 7 minutes in heave|Hyper Beam|p1a: Lapras
|-damage|p1a: Lapras|69\/463 par
|
|turn|48
|-mustrecharge|p2a: 7 minutes in heave
|-mustrecharge|p2a: 7 minutes in heave
|choice|move 1|move 1
|
|cant|p2a: 7 minutes in heave|recharge
|move|p1a: Lapras|Blizzard|p2a: 7 minutes in heave
|-damage|p2a: 7 minutes in heave|191\/353
|
|turn|49
|choice|move 1|move 1
|
|move|p2a: 7 minutes in heave|Body Slam|p1a: Lapras
|-damage|p1a: Lapras|0 fnt
|faint|p1a: Lapras
|choice|switch 6|
|
|switch|p1a: Tauros|Tauros|353\/353
|turn|50
|choice|move 1|switch 4
|
|switch|p2a: sophmore slump|Alakazam|313\/313
|move|p1a: Tauros|Body Slam|p2a: sophmore slump
|-damage|p2a: sophmore slump|154\/313
|
|turn|51
|choice|switch 4|move 3
|
|switch|p1a: Exeggutor|Exeggutor|171\/393 par
|move|p2a: sophmore slump|Recover|p2a: sophmore slump
|-heal|p2a: sophmore slump|310\/313
|
|turn|52
|choice|move 1|move 2
|
|move|p2a: sophmore slump|Reflect|p2a: sophmore slump
|-start|p2a: sophmore slump|Reflect
|move|p1a: Exeggutor|Sleep Powder|p2a: sophmore slump
|-status|p2a: sophmore slump|slp
|
|turn|53
|c|★slurmz|Oh
|choice|switch 4|move 1
|
|switch|p1a: Tauros|Tauros|353\/353
|cant|p2a: sophmore slump|slp
|
|turn|54
|c|★slurmz|Go slurmz with shit plays
|c|★slurmz|Tm
|choice|move 1|move 4
|
|-curestatus|p2a: sophmore slump|slp
|move|p1a: Tauros|Body Slam|p2a: sophmore slump
|-damage|p2a: sophmore slump|231\/313
|-status|p2a: sophmore slump|par
|
|turn|55
|choice|switch 4|move 4
|
|switch|p1a: Exeggutor|Exeggutor|171\/393 par
|move|p2a: sophmore slump|Thunder Wave|p1a: Exeggutor
|-fail|p1a: Exeggutor|par
|
|turn|56
|choice|switch 2|move 1
|
|switch|p1a: Jynx|Jynx|333\/333 slp
|move|p2a: sophmore slump|Psychic|p1a: Jynx
|-crit|p1a: Jynx
|-resisted|p1a: Jynx
|-damage|p1a: Jynx|203\/333 slp
|
|turn|57
|choice|move 2|move 1
|
|cant|p1a: Jynx|slp
|move|p2a: sophmore slump|Psychic|p1a: Jynx
|-resisted|p1a: Jynx
|-damage|p1a: Jynx|134\/333 slp
|-unboost|p1a: Jynx|spd|1
|-unboost|p1a: Jynx|spa|1
|
|turn|58
|choice|move 2|move 1
|
|cant|p1a: Jynx|slp
|move|p2a: sophmore slump|Psychic|p1a: Jynx
|-resisted|p1a: Jynx
|-damage|p1a: Jynx|37\/333 slp
|
|turn|59
|choice|move 2|move 1
|
|cant|p1a: Jynx|slp
|cant|p2a: sophmore slump|par
|
|turn|60
|choice|move 4|move 1
|
|cant|p1a: Jynx|slp
|cant|p2a: sophmore slump|par
|
|turn|61
|choice|move 4|move 4
|
|-curestatus|p1a: Jynx|slp
|cant|p2a: sophmore slump|par
|
|turn|62
|choice|move 4|move 4
|
|move|p1a: Jynx|Rest|p1a: Jynx
|-status|p1a: Jynx|slp
|-heal|p1a: Jynx|333\/333 slp|[silent]
|-status|p1a: Jynx|slp|[from] move: Rest
|move|p2a: sophmore slump|Thunder Wave|p1a: Jynx
|-fail|p1a: Jynx
|
|turn|63
|choice|move 2|move 1
|
|cant|p1a: Jynx|slp
|cant|p2a: sophmore slump|par
|
|turn|64
|choice|switch 2|move 1
|
|switch|p1a: Exeggutor|Exeggutor|171\/393 par
|cant|p2a: sophmore slump|par
|
|turn|65
|c|★Beds|this is one lazy alakazam
|choice|switch 2|move 1
|
|switch|p1a: Jynx|Jynx|333\/333 slp
|move|p2a: sophmore slump|Psychic|p1a: Jynx
|-crit|p1a: Jynx
|-resisted|p1a: Jynx
|-damage|p1a: Jynx|205\/333 slp
|
|turn|66
|choice|move 2|switch 4
|
|switch|p2a: 7 minutes in heave|Tauros|191\/353
|-curestatus|p1a: Jynx|slp
|
|turn|67
|c|★slurmz|Indeed
|choice|move 2|move 1
|
|move|p2a: 7 minutes in heave|Body Slam|p1a: Jynx
|-damage|p1a: Jynx|36\/333
|move|p1a: Jynx|Blizzard|p2a: 7 minutes in heave
|-damage|p2a: 7 minutes in heave|14\/353
|-status|p2a: 7 minutes in heave|frz
|
|turn|68
|c|★slurmz|yeah gg..
|c|★Beds|ok that works too
|choice|move 4|move 1
|
|cant|p2a: 7 minutes in heave|frz
|move|p1a: Jynx|Rest|p1a: Jynx
|-status|p1a: Jynx|slp
|-heal|p1a: Jynx|333\/333 slp|[silent]
|-status|p1a: Jynx|slp|[from] move: Rest
|
|turn|69
|choice|move 3|switch 6
|
|switch|p2a: comeback|Chansey|703\/703 par
|cant|p1a: Jynx|slp
|
|turn|70
|choice|switch 2|move 4
|
|switch|p1a: Exeggutor|Exeggutor|171\/393 par
|move|p2a: comeback|Seismic Toss|p1a: Exeggutor
|-damage|p1a: Exeggutor|71\/393 par
|
|turn|71
|choice|move 4|move 4
|
|cant|p1a: Exeggutor|par
|move|p2a: comeback|Seismic Toss|p1a: Exeggutor
|-damage|p1a: Exeggutor|0 fnt
|faint|p1a: Exeggutor
|c|★slurmz|If u boomed
|choice|switch 4|
|
|switch|p1a: Tauros|Tauros|353\/353
|turn|72
|c|★slurmz|Sorry
|c|★Beds|i did but who am i to complain, i froze tauros twice in this series already
|choice|move 1|move 2
|
|move|p1a: Tauros|Body Slam|p2a: comeback
|-damage|p2a: comeback|447\/703 par
|move|p2a: comeback|Thunder Wave|p1a: Tauros
|-status|p1a: Tauros|par
|
|turn|73
|choice|move 1|switch 6
|
|switch|p2a: 7 minutes in heave|Tauros|14\/353 frz
|move|p1a: Tauros|Body Slam|p2a: 7 minutes in heave
|-damage|p2a: 7 minutes in heave|0 fnt
|faint|p2a: 7 minutes in heave
|choice||switch 4
|
|switch|p2a: sophmore slump|Alakazam|231\/313 par
|turn|74
|choice|switch 2|move 2
|
|switch|p1a: Jynx|Jynx|333\/333 slp
|cant|p2a: sophmore slump|par
|
|turn|75
|choice|move 2|switch 6
|
|switch|p2a: comeback|Chansey|447\/703 par
|-curestatus|p1a: Jynx|slp
|
|turn|76
|choice|move 3|move 1
|
|move|p1a: Jynx|Psychic|p2a: comeback
|-damage|p2a: comeback|342\/703 par
|-unboost|p2a: comeback|spd|1
|-unboost|p2a: comeback|spa|1
|move|p2a: comeback|Soft-Boiled|p2a: comeback
|-heal|p2a: comeback|693\/703 par
|
|turn|77
|choice|move 3|move 2
|
|move|p1a: Jynx|Psychic|p2a: comeback
|-crit|p2a: comeback
|-damage|p2a: comeback|485\/703 par
|cant|p2a: comeback|par
|
|turn|78
|choice|move 3|move 1
|
|move|p1a: Jynx|Psychic|p2a: comeback
|-damage|p2a: comeback|324\/703 par
|-unboost|p2a: comeback|spd|1
|-unboost|p2a: comeback|spa|1
|move|p2a: comeback|Soft-Boiled|p2a: comeback
|-heal|p2a: comeback|675\/703 par
|
|turn|79
|choice|move 2|move 2
|
|move|p1a: Jynx|Blizzard|p2a: comeback
|-damage|p2a: comeback|390\/703 par
|move|p2a: comeback|Thunder Wave|p1a: Jynx
|-status|p1a: Jynx|par
|
|turn|80
|choice|move 2|move 1
|
|move|p1a: Jynx|Blizzard|p2a: comeback|[miss]
|-miss|p1a: Jynx
|move|p2a: comeback|Soft-Boiled|p2a: comeback
|-heal|p2a: comeback|703\/703 par
|
|turn|81
|choice|move 3|switch 6
|
|switch|p2a: sophmore slump|Alakazam|231\/313 par
|move|p1a: Jynx|Psychic|p2a: sophmore slump
|-resisted|p2a: sophmore slump
|-damage|p2a: sophmore slump|189\/313 par
|
|turn|82
|choice|move 2|move 1
|
|move|p2a: sophmore slump|Psychic|p1a: Jynx
|-resisted|p1a: Jynx
|-damage|p1a: Jynx|266\/333 par
|move|p1a: Jynx|Blizzard|p2a: sophmore slump
|-damage|p2a: sophmore slump|72\/313 par
|
|turn|83
|choice|move 2|move 4
|
|move|p2a: sophmore slump|Thunder Wave|p1a: Jynx
|-fail|p1a: Jynx|par
|move|p1a: Jynx|Blizzard|p2a: sophmore slump
|-damage|p2a: sophmore slump|0 fnt
|faint|p2a: sophmore slump
|c|★slurmz|NO
|c|★slurmz|MISCLICK
|c|★slurmz|ugh
|choice||switch 6
|
|switch|p2a: comeback|Chansey|703\/703 par
|turn|84
|choice|move 3|move 4
|
|move|p1a: Jynx|Psychic|p2a: comeback
|-damage|p2a: comeback|595\/703 par
|move|p2a: comeback|Seismic Toss|p1a: Jynx
|-damage|p1a: Jynx|166\/333 par
|
|turn|85
|choice|move 3|move 4
|
|move|p1a: Jynx|Psychic|p2a: comeback
|-damage|p2a: comeback|501\/703 par
|move|p2a: comeback|Seismic Toss|p1a: Jynx
|-damage|p1a: Jynx|66\/333 par
|
|turn|86
|choice|move 2|move 4
|
|move|p1a: Jynx|Blizzard|p2a: comeback
|-damage|p2a: comeback|369\/703 par
|move|p2a: comeback|Seismic Toss|p1a: Jynx
|-damage|p1a: Jynx|0 fnt
|faint|p1a: Jynx
|choice|switch 2|
|
|switch|p1a: Tauros|Tauros|353\/353 par
|turn|87
|c|★slurmz|Miss hbeam
|c|★slurmz|and let me
|c|★slurmz|Counter
|c|★slurmz|Wait
|c|★slurmz|Im not counter
|c|★Beds|you don't even have that
|c|★slurmz|Lol
|c|★slurmz|I thought I was
|c|★slurmz|For 2 minutes
|c|★slurmz|Rofl
|choice|move 4|move 1
|
|move|p1a: Tauros|Hyper Beam|p2a: comeback|[miss]
|-miss|p1a: Tauros
|move|p2a: comeback|Soft-Boiled|p2a: comeback
|-heal|p2a: comeback|703\/703 par
|
|turn|88
|choice|move 1|move 4
|
|move|p1a: Tauros|Body Slam|p2a: comeback
|-damage|p2a: comeback|425\/703 par
|move|p2a: comeback|Seismic Toss|p1a: Tauros
|-damage|p1a: Tauros|253\/353 par
|
|turn|89
|choice|move 4|move 1
|
|move|p1a: Tauros|Hyper Beam|p2a: comeback|[miss]
|-miss|p1a: Tauros
|move|p2a: comeback|Soft-Boiled|p2a: comeback
|-heal|p2a: comeback|703\/703 par
|
|turn|90
|c|★slurmz|God
|choice|move 1|move 4
|
|move|p1a: Tauros|Body Slam|p2a: comeback
|-damage|p2a: comeback|443\/703 par
|cant|p2a: comeback|par
|
|turn|91
|c|★Beds|bad bad tauros
|L|KratosMana
|choice|move 1|move 1
|
|move|p1a: Tauros|Body Slam|p2a: comeback
|-damage|p2a: comeback|164\/703 par
|move|p2a: comeback|Soft-Boiled|p2a: comeback
|-heal|p2a: comeback|515\/703 par
|
|turn|92
|choice|move 1|move 1
|
|cant|p1a: Tauros|par
|move|p2a: comeback|Soft-Boiled|p2a: comeback
|-heal|p2a: comeback|703\/703 par
|
|turn|93
|choice|move 1|move 4
|
|move|p1a: Tauros|Body Slam|p2a: comeback
|-damage|p2a: comeback|432\/703 par
|move|p2a: comeback|Seismic Toss|p1a: Tauros
|-damage|p1a: Tauros|153\/353 par
|
|turn|94
|c|★slurmz|God this tauros
|c|★slurmz|Is the best
|c|★slurmz|Keep doing you homie
|choice|move 4|move 1
|
|move|p1a: Tauros|Hyper Beam|p2a: comeback
|-damage|p2a: comeback|0 fnt
|faint|p2a: comeback
|
|win|Beds