|J|W3K
|J|Dice
|player|p1|W3K|1
|player|p2|Dice|134
|gametype|singles
|gen|1
|tier|[Gen 1] OU
|seed|
|rule|Sleep Clause Mod: Limit one foe put to sleep
|rule|Freeze Clause Mod: Limit one foe frozen
|rule|Species Clause: Limit one of each Pokémon
|rule|OHKO Clause: OHKO moves are banned
|rule|Evasion Moves Clause: Evasion moves are banned
|rule|HP Percentage Mod: HP is shown in percentages
|
|start
|switch|p1a: Starmie|Starmie|100\/100
|switch|p2a: Alakazam|Alakazam|100\/100
|turn|1
|choice||
|
|switch|p1a: Chansey|Chansey|100\/100
|move|p2a: Alakazam|Thunder Wave|p1a: Chansey
|-status|p1a: Chansey|par
|
|turn|2
|choice||
|
|switch|p2a: Chansey|Chansey|100\/100
|move|p1a: Chansey|Ice Beam|p2a: Chansey
|-damage|p2a: Chansey|90\/100
|
|turn|3
|choice||
|
|switch|p2a: Snorlax|Snorlax|100\/100
|move|p1a: Chansey|Ice Beam|p2a: Snorlax
|-damage|p2a: Snorlax|81\/100
|
|turn|4
|choice||
|
|switch|p1a: Exeggutor|Exeggutor|100\/100
|move|p2a: Snorlax|Amnesia|p2a: Snorlax
|-boost|p2a: Snorlax|spd|2
|-boost|p2a: Snorlax|spa|2
|
|turn|5
|choice||
|
|switch|p2a: Alakazam|Alakazam|100\/100
|move|p1a: Exeggutor|Sleep Powder|p2a: Alakazam
|-status|p2a: Alakazam|slp
|
|turn|6
|J|BKC
|J|Jirachee
|J|GlintGecko
|L|Jirachee
|choice||
|
|switch|p2a: Exeggutor|Exeggutor|100\/100
|switch|p1a: Chansey|Chansey|100\/100 par
|
|turn|7
|choice||
|
|move|p2a: Exeggutor|Psychic|p1a: Chansey
|-damage|p1a: Chansey|84\/100 par
|move|p1a: Chansey|Thunder Wave|p2a: Exeggutor
|-status|p2a: Exeggutor|par
|
|turn|8
|choice||
|
|switch|p1a: Starmie|Starmie|100\/100
|move|p2a: Exeggutor|Explosion|p1a: Starmie
|-damage|p1a: Starmie|8\/100
|faint|p2a: Exeggutor
|J|aimless oo
|choice||
|
|switch|p2a: Snorlax|Snorlax|81\/100
|turn|9
|choice||
|
|move|p1a: Starmie|Recover|p1a: Starmie
|-heal|p1a: Starmie|58\/100
|move|p2a: Snorlax|Body Slam|p1a: Starmie
|-damage|p1a: Starmie|23\/100
|-status|p1a: Starmie|par
|
|turn|10
|choice||
|
|switch|p1a: Exeggutor|Exeggutor|100\/100
|move|p2a: Snorlax|Body Slam|p1a: Exeggutor
|-damage|p1a: Exeggutor|71\/100
|
|turn|11
|choice||
|
|move|p1a: Exeggutor|Psychic|p2a: Snorlax
|-damage|p2a: Snorlax|48\/100
|-unboost|p2a: Snorlax|spd|1
|-unboost|p2a: Snorlax|spa|1
|move|p2a: Snorlax|Body Slam|p1a: Exeggutor
|-damage|p1a: Exeggutor|42\/100
|
|turn|12
|choice||
|
|move|p1a: Exeggutor|Psychic|p2a: Snorlax
|-damage|p2a: Snorlax|1\/100
|-unboost|p2a: Snorlax|spd|1
|-unboost|p2a: Snorlax|spa|1
|move|p2a: Snorlax|Self-Destruct|p1a: Exeggutor
|-damage|p1a: Exeggutor|0 fnt
|faint|p1a: Exeggutor
|faint|p2a: Snorlax
|choice||
|
|switch|p1a: Tauros|Tauros|100\/100
|switch|p2a: Lapras|Lapras|100\/100
|turn|13
|choice||
|
|switch|p1a: Chansey|Chansey|84\/100 par
|switch|p2a: Tauros|Tauros|100\/100
|
|turn|14
|choice||
|
|move|p2a: Tauros|Body Slam|p1a: Chansey
|-damage|p1a: Chansey|42\/100 par
|move|p1a: Chansey|Thunder Wave|p2a: Tauros
|-status|p2a: Tauros|par
|
|turn|15
|choice||
|
|switch|p1a: Snorlax|Snorlax|100\/100
|move|p2a: Tauros|Body Slam|p1a: Snorlax
|-crit|p1a: Snorlax
|-damage|p1a: Snorlax|49\/100
|
|turn|16
|choice||
|
|move|p1a: Snorlax|Reflect|p1a: Snorlax
|-start|p1a: Snorlax|Reflect
|move|p2a: Tauros|Body Slam|p1a: Snorlax
|-damage|p1a: Snorlax|37\/100
|
|turn|17
|choice||
|
|switch|p2a: Chansey|Chansey|90\/100
|move|p1a: Snorlax|Body Slam|p2a: Chansey
|-damage|p2a: Chansey|47\/100
|
|turn|18
|choice||
|
|switch|p2a: Lapras|Lapras|100\/100
|move|p1a: Snorlax|Amnesia|p1a: Snorlax
|-boost|p1a: Snorlax|spd|2
|-boost|p1a: Snorlax|spa|2
|
|turn|19
|choice||
|
|move|p2a: Lapras|Sing|p1a: Snorlax|[miss]
|-miss|p2a: Lapras
|move|p1a: Snorlax|Rest|p1a: Snorlax
|-status|p1a: Snorlax|slp
|-heal|p1a: Snorlax|100\/100 slp|[silent]
|-status|p1a: Snorlax|slp|[from] move: Rest
|
|turn|20
|c|★W3K|It is best of two, right?
|choice||
|
|move|p2a: Lapras|Thunderbolt|p1a: Snorlax
|-damage|p1a: Snorlax|91\/100 slp
|cant|p1a: Snorlax|slp
|
|turn|21
|choice||
|
|move|p2a: Lapras|Thunderbolt|p1a: Snorlax
|-damage|p1a: Snorlax|82\/100 slp
|-curestatus|p1a: Snorlax|slp
|
|turn|22
|choice||
|
|switch|p1a: Chansey|Chansey|42\/100 par
|move|p2a: Lapras|Sing|p1a: Chansey|[miss]
|-miss|p2a: Lapras
|
|turn|23
|choice||
|
|move|p2a: Lapras|Hyper Beam|p1a: Chansey
|-damage|p1a: Chansey|0 fnt
|faint|p1a: Chansey
|choice||
|
|switch|p1a: Tauros|Tauros|100\/100
|turn|24
|choice||
|
|move|p1a: Tauros|Body Slam|p2a: Lapras
|-damage|p2a: Lapras|77\/100
|move|p2a: Lapras|Sing|p1a: Tauros|[miss]
|-miss|p2a: Lapras
|
|turn|25
|choice||
|
|move|p1a: Tauros|Body Slam|p2a: Lapras
|-damage|p2a: Lapras|52\/100
|move|p2a: Lapras|Sing|p1a: Tauros|[miss]
|-miss|p2a: Lapras
|
|turn|26
|choice||
|
|move|p1a: Tauros|Body Slam|p2a: Lapras
|-damage|p2a: Lapras|27\/100
|move|p2a: Lapras|Sing|p1a: Tauros|[miss]
|-miss|p2a: Lapras
|
|turn|27
|choice||
|
|switch|p2a: Chansey|Chansey|47\/100
|move|p1a: Tauros|Hyper Beam|p2a: Chansey
|-damage|p2a: Chansey|0 fnt
|faint|p2a: Chansey
|choice||
|
|switch|p2a: Tauros|Tauros|100\/100 par
|turn|28
|choice||
|
|switch|p1a: Starmie|Starmie|23\/100 par
|cant|p2a: Tauros|par
|
|turn|29
|choice||
|
|move|p1a: Starmie|Psychic|p2a: Tauros
|-damage|p2a: Tauros|61\/100 par
|move|p2a: Tauros|Body Slam|p1a: Starmie
|-damage|p1a: Starmie|0 fnt
|faint|p1a: Starmie
|choice||
|
|switch|p1a: Golem|Golem|100\/100
|turn|30
|choice||
|
|move|p1a: Golem|Earthquake|p2a: Tauros
|-damage|p2a: Tauros|25\/100 par
|move|p2a: Tauros|Blizzard|p1a: Golem
|-supereffective|p1a: Golem
|-damage|p1a: Golem|40\/100
|-status|p1a: Golem|frz
|
|turn|31
|choice||
|
|switch|p2a: Alakazam|Alakazam|100\/100 slp
|cant|p1a: Golem|frz
|
|turn|32
|choice||
|
|switch|p1a: Tauros|Tauros|100\/100
|cant|p2a: Alakazam|slp
|
|turn|33
|choice||
|
|-curestatus|p2a: Alakazam|slp
|move|p1a: Tauros|Body Slam|p2a: Alakazam
|-damage|p2a: Alakazam|51\/100
|
|turn|34
|choice||
|
|switch|p1a: Snorlax|Snorlax|82\/100
|move|p2a: Alakazam|Thunder Wave|p1a: Snorlax
|-status|p1a: Snorlax|par
|
|turn|35
|choice||
|
|move|p2a: Alakazam|Recover|p2a: Alakazam
|-heal|p2a: Alakazam|100\/100
|cant|p1a: Snorlax|par
|
|turn|36
|choice||
|
|switch|p2a: Lapras|Lapras|27\/100
|move|p1a: Snorlax|Amnesia|p1a: Snorlax
|-boost|p1a: Snorlax|spd|2
|-boost|p1a: Snorlax|spa|2
|
|turn|37
|choice||
|
|move|p2a: Lapras|Blizzard|p1a: Snorlax
|-damage|p1a: Snorlax|64\/100 par
|move|p1a: Snorlax|Body Slam|p2a: Lapras
|-damage|p2a: Lapras|0 fnt
|faint|p2a: Lapras
|choice||
|
|switch|p2a: Alakazam|Alakazam|100\/100
|turn|38
|choice||
|
|move|p2a: Alakazam|Psychic|p1a: Snorlax
|-damage|p1a: Snorlax|49\/100 par
|move|p1a: Snorlax|Body Slam|p2a: Alakazam
|-damage|p2a: Alakazam|48\/100
|-status|p2a: Alakazam|par
|
|turn|39
|choice||
|
|cant|p2a: Alakazam|par
|cant|p1a: Snorlax|par
|
|turn|40
|choice||
|
|move|p2a: Alakazam|Recover|p2a: Alakazam
|-heal|p2a: Alakazam|98\/100 par
|move|p1a: Snorlax|Body Slam|p2a: Alakazam
|-damage|p2a: Alakazam|43\/100 par
|
|turn|41
|J|Reportings
|choice||
|
|move|p2a: Alakazam|Recover|p2a: Alakazam
|-heal|p2a: Alakazam|93\/100 par
|move|p1a: Snorlax|Body Slam|p2a: Alakazam
|-damage|p2a: Alakazam|37\/100 par
|
|turn|42
|choice||
|
|cant|p2a: Alakazam|par
|move|p1a: Snorlax|Body Slam|p2a: Alakazam
|-damage|p2a: Alakazam|0 fnt
|faint|p2a: Alakazam
|choice||
|
|switch|p2a: Tauros|Tauros|25\/100 par
|turn|43
|choice||
|
|cant|p2a: Tauros|par
|move|p1a: Snorlax|Body Slam|p2a: Tauros
|-damage|p2a: Tauros|0 fnt
|faint|p2a: Tauros
|
|win|W3K