|join|LonelyNess
|join|kid gf lol
|player|p1|LonelyNess|102
|player|p2|kid gf lol|114
|gametype|singles
|gen|1
|tier|[Gen 1] OU (beta)
|rule|Sleep Clause Mod: Limit one foe put to sleep
|rule|Species Clause: Limit one of each Pokémon
|rule|OHKO Clause: OHKO moves are banned
|rule|Evasion Moves Clause: Evasion moves are banned
|rule|HP Percentage Mod: HP is shown in percentages
|
|start
|switch|p1a: Alakazam|Alakazam|313\/313
|switch|p2a: Jynx|Jynx|333\/333
|turn|1
|
|switch|p2a: Chansey|Chansey|703\/703
|move|p1a: Alakazam|Thunder Wave|p2a: Chansey
|-status|p2a: Chansey|par
|
|turn|2
|
|switch|p2a: Result of Incest|Exeggutor|393\/393
|move|p1a: Alakazam|Psychic|p2a: Result of Incest
|-resisted|p2a: Result of Incest
|-damage|p2a: Result of Incest|336\/393
|
|turn|3
|
|move|p1a: Alakazam|Thunder Wave|p2a: Result of Incest
|-status|p2a: Result of Incest|par
|move|p2a: Result of Incest|Sleep Powder|p1a: Alakazam
|-status|p1a: Alakazam|slp
|
|turn|4
|
|switch|p1a: Exeggutor|Exeggutor|393\/393
|switch|p2a: Golem|Golem|363\/363
|
|turn|5
|
|switch|p2a: Chansey|Chansey|703\/703 par
|move|p1a: Exeggutor|Psychic|p2a: Chansey
|-damage|p2a: Chansey|593\/703 par
|-unboost|p2a: Chansey|spd|1
|-unboost|p2a: Chansey|spa|1
|
|turn|6
|
|move|p1a: Exeggutor|Double-Edge|p2a: Chansey
|-damage|p2a: Chansey|390\/703 par
|-damage|p1a: Exeggutor|342\/393|[from] recoil|[of] p2a: Chansey
|move|p2a: Chansey|Soft-Boiled|p2a: Chansey
|-heal|p2a: Chansey|703\/703 par
|
|turn|7
|
|move|p1a: Exeggutor|Double-Edge|p2a: Chansey
|-damage|p2a: Chansey|500\/703 par
|-damage|p1a: Exeggutor|291\/393|[from] recoil|[of] p2a: Chansey
|move|p2a: Chansey|Soft-Boiled|p2a: Chansey
|-heal|p2a: Chansey|703\/703 par
|
|turn|8
|
|move|p1a: Exeggutor|Psychic|p2a: Chansey
|-crit|p2a: Chansey
|-damage|p2a: Chansey|463\/703 par
|move|p2a: Chansey|Thunder Wave|p1a: Exeggutor
|-status|p1a: Exeggutor|par
|
|turn|9
|
|move|p1a: Exeggutor|Psychic|p2a: Chansey
|-damage|p2a: Chansey|274\/703 par
|move|p2a: Chansey|Soft-Boiled|p2a: Chansey
|-heal|p2a: Chansey|625\/703 par
|
|turn|10
|
|move|p1a: Exeggutor|Explosion|p2a: Chansey
|-damage|p2a: Chansey|0 fnt
|faint|p2a: Chansey
|faint|p1a: Exeggutor
|
|switch|p1a: Tauros|Tauros|353\/353
|switch|p2a: Cloyster|Cloyster|303\/303
|turn|11
|
|switch|p1a: Slowbro|Slowbro|393\/393
|move|p2a: Cloyster|Blizzard|p1a: Slowbro|[miss]
|-miss|p2a: Cloyster
|
|turn|12
|
|move|p2a: Cloyster|Clamp|p1a: Slowbro
|-resisted|p1a: Slowbro
|-damage|p1a: Slowbro|370\/393
|-activate|p1a: Slowbro|move: Clamp|[of] p2a: Cloyster
|cant|p1a: Slowbro|partiallytrapped
|
|turn|13
|
|move|p2a: Cloyster|Clamp|p1a: Slowbro
|-damage|p1a: Slowbro|347\/393
|cant|p1a: Slowbro|partiallytrapped
|
|turn|14
|
|move|p2a: Cloyster|Clamp|p1a: Slowbro
|-damage|p1a: Slowbro|324\/393
|cant|p1a: Slowbro|partiallytrapped
|
|turn|15
|
|move|p2a: Cloyster|Clamp|p1a: Slowbro
|-damage|p1a: Slowbro|301\/393
|cant|p1a: Slowbro|partiallytrapped
|
|turn|16
|
|move|p2a: Cloyster|Clamp|p1a: Slowbro
|-damage|p1a: Slowbro|278\/393
|cant|p1a: Slowbro|partiallytrapped
|
|-end|p1a: Slowbro|Clamp|[partiallytrapped]
|turn|17
|
|move|p2a: Cloyster|Clamp|p1a: Slowbro|[miss]
|-miss|p2a: Cloyster
|move|p1a: Slowbro|Thunder Wave|p2a: Cloyster
|-status|p2a: Cloyster|par
|
|turn|18
|
|switch|p1a: Golem|Golem|363\/363
|move|p2a: Cloyster|Explosion|p1a: Golem
|-crit|p1a: Golem
|-resisted|p1a: Golem
|-damage|p1a: Golem|156\/363
|faint|p2a: Cloyster
|
|switch|p2a: Alakazam|Alakazam|313\/313
|turn|19
|
|switch|p1a: Alakazam|Alakazam|313\/313 slp
|move|p2a: Alakazam|Psychic|p1a: Alakazam
|-resisted|p1a: Alakazam
|-damage|p1a: Alakazam|264\/313 slp
|
|turn|20
|
|cant|p1a: Alakazam|slp
|move|p2a: Alakazam|Psychic|p1a: Alakazam
|-resisted|p1a: Alakazam
|-damage|p1a: Alakazam|210\/313 slp
|
|turn|21
|
|cant|p1a: Alakazam|slp
|-curestatus|p1a: Alakazam|slp
|move|p2a: Alakazam|Thunder Wave|p1a: Alakazam
|-status|p1a: Alakazam|par
|
|turn|22
|
|move|p2a: Alakazam|Seismic Toss|p1a: Alakazam
|-damage|p1a: Alakazam|110\/313 par
|move|p1a: Alakazam|Thunder Wave|p2a: Alakazam
|-status|p2a: Alakazam|par
|
|turn|23
|
|move|p1a: Alakazam|Recover|p1a: Alakazam
|-heal|p1a: Alakazam|266\/313 par
|move|p2a: Alakazam|Psychic|p1a: Alakazam
|-resisted|p1a: Alakazam
|-damage|p1a: Alakazam|213\/313 par
|
|turn|24
|
|switch|p1a: Slowbro|Slowbro|278\/393
|cant|p2a: Alakazam|par
|
|turn|25
|
|switch|p2a: Jynx|Jynx|333\/333
|move|p1a: Slowbro|Amnesia|p1a: Slowbro
|-boost|p1a: Slowbro|spd|2
|-boost|p1a: Slowbro|spa|2
|
|turn|26
|
|move|p2a: Jynx|Lovely Kiss|p1a: Slowbro
|-status|p1a: Slowbro|slp
|cant|p1a: Slowbro|slp
|-curestatus|p1a: Slowbro|slp
|
|turn|27
|
|move|p2a: Jynx|Lovely Kiss|p1a: Slowbro
|-status|p1a: Slowbro|slp
|cant|p1a: Slowbro|slp
|-curestatus|p1a: Slowbro|slp
|
|turn|28
|
|move|p2a: Jynx|Lovely Kiss|p1a: Slowbro|[miss]
|-miss|p2a: Jynx
|move|p1a: Slowbro|Thunder Wave|p2a: Jynx
|-status|p2a: Jynx|par
|
|turn|29
|
|move|p1a: Slowbro|Surf|p2a: Jynx
|-damage|p2a: Jynx|143\/333 par
|move|p2a: Jynx|Lovely Kiss|p1a: Slowbro
|-status|p1a: Slowbro|slp
|
|turn|30
|
|cant|p1a: Slowbro|slp
|move|p2a: Jynx|Psychic|p1a: Slowbro
|-resisted|p1a: Slowbro
|-damage|p1a: Slowbro|246\/393 slp
|
|turn|31
|
|switch|p2a: Golem|Golem|363\/363
|cant|p1a: Slowbro|slp
|
|turn|32
|
|move|p2a: Golem|Earthquake|p1a: Slowbro
|-damage|p1a: Slowbro|130\/393 slp
|cant|p1a: Slowbro|slp
|
|turn|33
|
|move|p2a: Golem|Body Slam|p1a: Slowbro
|-damage|p1a: Slowbro|64\/393 slp
|cant|p1a: Slowbro|slp
|-curestatus|p1a: Slowbro|slp
|
|turn|34
|
|move|p2a: Golem|Earthquake|p1a: Slowbro
|-damage|p1a: Slowbro|0 fnt
|faint|p1a: Slowbro
|
|switch|p1a: Snorlax|Snorlax|523\/523
|turn|35
|
|switch|p2a: Result of Incest|Exeggutor|336\/393 par
|move|p1a: Snorlax|Surf|p2a: Result of Incest
|-resisted|p2a: Result of Incest
|-damage|p2a: Result of Incest|313\/393 par
|
|turn|36
|
|switch|p1a: Alakazam|Alakazam|213\/313 par
|move|p2a: Result of Incest|Sleep Powder|p1a: Alakazam
|-fail|p1a: Alakazam
|
|turn|37
|c|★kid gf lol|this team is slowbro-weak, i haven't seen one in quite awhile so i havent been countering them
|
|switch|p2a: Alakazam|Alakazam|313\/313 par
|move|p1a: Alakazam|Psychic|p2a: Alakazam
|-resisted|p2a: Alakazam
|-damage|p2a: Alakazam|262\/313 par
|-unboost|p2a: Alakazam|spd|1
|-unboost|p2a: Alakazam|spa|1
|
|turn|38
|
|switch|p1a: Tauros|Tauros|353\/353
|move|p2a: Alakazam|Psychic|p1a: Tauros
|-damage|p1a: Tauros|247\/353
|
|turn|39
|
|move|p1a: Tauros|Hyper Beam|p2a: Alakazam
|-crit|p2a: Alakazam
|-damage|p2a: Alakazam|0 fnt
|faint|p2a: Alakazam
|
|switch|p2a: Result of Incest|Exeggutor|313\/393 par
|turn|40
|
|switch|p1a: Alakazam|Alakazam|213\/313 par
|move|p2a: Result of Incest|Psychic|p1a: Alakazam
|-resisted|p1a: Alakazam
|-damage|p1a: Alakazam|163\/313 par
|
|turn|41
|
|switch|p2a: Golem|Golem|363\/363
|move|p1a: Alakazam|Recover|p1a: Alakazam
|-heal|p1a: Alakazam|313\/313 par
|
|turn|42
|
|switch|p2a: Result of Incest|Exeggutor|313\/393 par
|move|p1a: Alakazam|Psychic|p2a: Result of Incest
|-resisted|p2a: Result of Incest
|-damage|p2a: Result of Incest|262\/393 par
|
|turn|43
|
|move|p1a: Alakazam|Seismic Toss|p2a: Result of Incest
|-damage|p2a: Result of Incest|162\/393 par
|move|p2a: Result of Incest|Psychic|p1a: Alakazam
|-resisted|p1a: Alakazam
|-damage|p1a: Alakazam|262\/313 par
|-unboost|p1a: Alakazam|spd|1
|-unboost|p1a: Alakazam|spa|1
|
|turn|44
|
|switch|p2a: Jynx|Jynx|143\/333 par
|move|p1a: Alakazam|Seismic Toss|p2a: Jynx
|-damage|p2a: Jynx|43\/333 par
|
|turn|45
|
|move|p1a: Alakazam|Seismic Toss|p2a: Jynx
|-damage|p2a: Jynx|0 fnt
|faint|p2a: Jynx
|
|switch|p2a: Golem|Golem|363\/363
|turn|46
|
|move|p2a: Golem|Earthquake|p1a: Alakazam
|-damage|p1a: Alakazam|75\/313 par
|move|p1a: Alakazam|Psychic|p2a: Golem
|-damage|p2a: Golem|238\/363
|-unboost|p2a: Golem|spd|1
|-unboost|p2a: Golem|spa|1
|
|turn|47
|
|move|p2a: Golem|Body Slam|p1a: Alakazam
|-damage|p1a: Alakazam|0 fnt
|faint|p1a: Alakazam
|
|switch|p1a: Snorlax|Snorlax|523\/523
|turn|48
|
|move|p2a: Golem|Body Slam|p1a: Snorlax
|-damage|p1a: Snorlax|431\/523
|move|p1a: Snorlax|Surf|p2a: Golem
|-supereffective|p2a: Golem
|-damage|p2a: Golem|0 fnt
|faint|p2a: Golem
|
|switch|p2a: Result of Incest|Exeggutor|162\/393 par
|turn|49
|
|move|p1a: Snorlax|Self-Destruct|p2a: Result of Incest
|-damage|p2a: Result of Incest|0 fnt
|faint|p2a: Result of Incest
|faint|p1a: Snorlax
|
|win|LonelyNess
|c|★kid gf lol|Bo3?
|leave|kid gf lol
|player|p2
|leave|LonelyNess
|player|p1
|join|Mystialized
|leave|Mystialized
|join|Mystialized