|inactive|Battle timer is ON: inactive players will automatically lose when time's up.
|J|CrapAtRBY
|J|reyscarface
|player|p1|CrapAtRBY|101
|player|p2|reyscarface|170
|gametype|singles
|gen|1
|tier|[Gen 1] OU
|rule|Sleep Clause Mod: Limit one foe put to sleep
|rule|Freeze Clause Mod: Limit one foe frozen
|rule|Species Clause: Limit one of each Pokémon
|rule|OHKO Clause: OHKO moves are banned
|rule|Evasion Moves Clause: Evasion moves are banned
|rule|HP Percentage Mod: HP is shown in percentages
|
|start
|switch|p1a: Jynx|Jynx|333\/333
|switch|p2a: Hypno|Hypno|373\/373
|turn|1
|
|move|p1a: Jynx|Lovely Kiss|p2a: Hypno
|-status|p2a: Hypno|slp
|cant|p2a: Hypno|slp
|
|turn|2
|
|switch|p2a: Lapras|Lapras|463\/463
|move|p1a: Jynx|Blizzard|p2a: Lapras
|-resisted|p2a: Lapras
|-damage|p2a: Lapras|427\/463
|
|turn|3
|
|move|p2a: Lapras|Body Slam|p1a: Jynx
|-crit|p1a: Jynx
|-damage|p1a: Jynx|121\/333
|move|p1a: Jynx|Counter|p2a: Lapras
|-damage|p2a: Lapras|3\/463
|
|turn|4
|
|switch|p2a: Snorlax|Snorlax|523\/523
|move|p1a: Jynx|Psychic|p2a: Snorlax
|-damage|p2a: Snorlax|396\/523
|
|turn|5
|J|Isa RC
|L|Isa RC
|
|move|p1a: Jynx|Blizzard|p2a: Snorlax
|-damage|p2a: Snorlax|207\/523
|-status|p2a: Snorlax|frz
|cant|p2a: Snorlax|frz
|
|turn|6
|c|★reyscarface|man
|c|★reyscarface|fuck
|c|★reyscarface|this
|c|★reyscarface|game
|c|★CrapAtRBY|Wow, luck is on my side today
|
|switch|p2a: Lapras|Lapras|3\/463
|move|p1a: Jynx|Blizzard|p2a: Lapras
|-resisted|p2a: Lapras
|-damage|p2a: Lapras|0 fnt
|faint|p2a: Lapras
|c|★reyscarface|no fucking shit
|
|switch|p2a: Tauros|Tauros|353\/353
|turn|7
|
|move|p2a: Tauros|Body Slam|p1a: Jynx
|-crit|p1a: Jynx
|-damage|p1a: Jynx|0 fnt
|faint|p1a: Jynx
|
|switch|p1a: Starmie|Starmie|323\/323
|turn|8
|
|switch|p1a: Snorlax|Snorlax|523\/523
|switch|p2a: Hypno|Hypno|373\/373 slp
|
|turn|9
|
|cant|p2a: Hypno|slp
|move|p1a: Snorlax|Earthquake|p2a: Hypno
|-damage|p2a: Hypno|274\/373 slp
|
|turn|10
|
|switch|p2a: Exeggutor|Exeggutor|393\/393
|move|p1a: Snorlax|Earthquake|p2a: Exeggutor
|-resisted|p2a: Exeggutor
|-damage|p2a: Exeggutor|347\/393
|
|turn|11
|
|switch|p1a: Exeggutor|Exeggutor|393\/393
|move|p2a: Exeggutor|Sleep Powder|p1a: Exeggutor
|-status|p1a: Exeggutor|slp
|
|turn|12
|
|switch|p2a: Zapdos|Zapdos|383\/383
|switch|p1a: Starmie|Starmie|323\/323
|
|turn|13
|
|switch|p1a: Snorlax|Snorlax|523\/523
|move|p2a: Zapdos|Thunderbolt|p1a: Snorlax
|-damage|p1a: Snorlax|340\/523
|-status|p1a: Snorlax|par
|
|turn|14
|
|switch|p2a: Snorlax|Snorlax|207\/523 frz
|move|p1a: Snorlax|Self-Destruct|p2a: Snorlax
|-crit|p2a: Snorlax
|-damage|p2a: Snorlax|0 fnt
|faint|p2a: Snorlax
|faint|p1a: Snorlax
|
|switch|p1a: Starmie|Starmie|323\/323
|switch|p2a: Zapdos|Zapdos|383\/383
|turn|15
|
|move|p1a: Starmie|Thunder Wave|p2a: Zapdos
|-status|p2a: Zapdos|par
|move|p2a: Zapdos|Thunderbolt|p1a: Starmie
|-supereffective|p1a: Starmie
|-damage|p1a: Starmie|56\/323
|
|turn|16
|
|switch|p1a: Chansey|Chansey|703\/703
|move|p2a: Zapdos|Thunderbolt|p1a: Chansey
|-damage|p1a: Chansey|569\/703
|
|turn|17
|
|switch|p2a: Hypno|Hypno|274\/373 slp
|move|p1a: Chansey|Thunder Wave|p2a: Hypno
|-fail|p2a: Hypno
|
|turn|18
|
|switch|p1a: Starmie|Starmie|56\/323
|cant|p2a: Hypno|slp
|-curestatus|p2a: Hypno|slp
|
|turn|19
|J|Kingler12345
|
|move|p1a: Starmie|Recover|p1a: Starmie
|-heal|p1a: Starmie|217\/323
|move|p2a: Hypno|Hypnosis|p1a: Starmie
|-message|Sleep Clause Mod activated.
|
|turn|20
|c|★reyscarface|oh oops
|
|move|p1a: Starmie|Recover|p1a: Starmie
|-heal|p1a: Starmie|323\/323
|move|p2a: Hypno|Thunder Wave|p1a: Starmie
|-status|p1a: Starmie|par
|
|turn|21
|
|move|p2a: Hypno|Psychic|p1a: Starmie
|-resisted|p1a: Starmie
|-damage|p1a: Starmie|266\/323 par
|move|p1a: Starmie|Blizzard|p2a: Hypno
|-crit|p2a: Hypno
|-damage|p2a: Hypno|103\/373
|
|turn|22
|
|move|p2a: Hypno|Rest|p2a: Hypno
|-status|p2a: Hypno|slp
|-heal|p2a: Hypno|373\/373 slp|[silent]
|-status|p2a: Hypno|slp|[from] move: Rest
|cant|p1a: Starmie|par
|
|turn|23
|
|switch|p1a: Tauros|Tauros|353\/353
|cant|p2a: Hypno|slp
|
|turn|24
|
|switch|p2a: Exeggutor|Exeggutor|347\/393
|move|p1a: Tauros|Body Slam|p2a: Exeggutor
|-damage|p2a: Exeggutor|233\/393
|-status|p2a: Exeggutor|par
|
|turn|25
|
|switch|p1a: Starmie|Starmie|266\/323 par
|move|p2a: Exeggutor|Psychic|p1a: Starmie
|-resisted|p1a: Starmie
|-damage|p1a: Starmie|204\/323 par
|
|turn|26
|
|cant|p1a: Starmie|par
|move|p2a: Exeggutor|Explosion|p1a: Starmie
|-damage|p1a: Starmie|0 fnt
|faint|p1a: Starmie
|faint|p2a: Exeggutor
|
|switch|p2a: Tauros|Tauros|353\/353
|switch|p1a: Tauros|Tauros|353\/353
|turn|27
|
|move|p1a: Tauros|Body Slam|p2a: Tauros
|-damage|p2a: Tauros|244\/353
|move|p2a: Tauros|Body Slam|p1a: Tauros
|-damage|p1a: Tauros|249\/353
|
|turn|28
|
|move|p1a: Tauros|Body Slam|p2a: Tauros
|-damage|p2a: Tauros|143\/353
|move|p2a: Tauros|Body Slam|p1a: Tauros
|-damage|p1a: Tauros|140\/353
|
|turn|29
|
|switch|p2a: Zapdos|Zapdos|383\/383 par
|move|p1a: Tauros|Blizzard|p2a: Zapdos|[miss]
|-miss|p1a: Tauros
|
|turn|30
|
|switch|p1a: Chansey|Chansey|569\/703
|cant|p2a: Zapdos|par
|
|turn|31
|
|switch|p2a: Hypno|Hypno|373\/373 slp
|move|p1a: Chansey|Thunder Wave|p2a: Hypno
|-fail|p2a: Hypno
|
|turn|32
|
|cant|p2a: Hypno|slp
|-curestatus|p2a: Hypno|slp
|move|p1a: Chansey|Thunder Wave|p2a: Hypno
|-status|p2a: Hypno|par
|
|turn|33
|
|switch|p1a: Tauros|Tauros|140\/353
|cant|p2a: Hypno|par
|
|turn|34
|c|★reyscarface|swfjkwergaweioiotgqer
|
|move|p1a: Tauros|Body Slam|p2a: Hypno
|-damage|p2a: Hypno|238\/373 par
|move|p2a: Hypno|Thunder Wave|p1a: Tauros
|-status|p1a: Tauros|par
|
|turn|35
|
|cant|p1a: Tauros|par
|move|p2a: Hypno|Rest|p2a: Hypno
|-status|p2a: Hypno|slp
|-heal|p2a: Hypno|373\/373 slp|[silent]
|-status|p2a: Hypno|slp|[from] move: Rest
|
|turn|36
|
|switch|p2a: Zapdos|Zapdos|383\/383 par
|cant|p1a: Tauros|par
|
|turn|37
|
|move|p1a: Tauros|Body Slam|p2a: Zapdos
|-damage|p2a: Zapdos|264\/383 par
|move|p2a: Zapdos|Thunderbolt|p1a: Tauros
|-damage|p1a: Tauros|0 fnt
|faint|p1a: Tauros
|
|switch|p1a: Chansey|Chansey|569\/703
|turn|38
|
|switch|p2a: Hypno|Hypno|373\/373 slp
|move|p1a: Chansey|Ice Beam|p2a: Hypno
|-crit|p2a: Hypno
|-damage|p2a: Hypno|247\/373 slp
|
|turn|39
|
|switch|p1a: Exeggutor|Exeggutor|393\/393 slp
|cant|p2a: Hypno|slp
|
|turn|40
|
|switch|p2a: Zapdos|Zapdos|264\/383 par
|cant|p1a: Exeggutor|slp
|
|turn|41
|
|cant|p1a: Exeggutor|slp
|move|p2a: Zapdos|Drill Peck|p1a: Exeggutor
|-crit|p1a: Exeggutor
|-supereffective|p1a: Exeggutor
|-damage|p1a: Exeggutor|41\/393 slp
|
|turn|42
|
|cant|p1a: Exeggutor|slp
|-curestatus|p1a: Exeggutor|slp
|cant|p2a: Zapdos|par
|
|turn|43
|
|move|p1a: Exeggutor|Explosion|p2a: Zapdos
|-damage|p2a: Zapdos|0 fnt
|faint|p2a: Zapdos
|faint|p1a: Exeggutor
|
|switch|p2a: Hypno|Hypno|247\/373 slp
|switch|p1a: Chansey|Chansey|569\/703
|turn|44
|
|cant|p2a: Hypno|slp
|-curestatus|p2a: Hypno|slp
|move|p1a: Chansey|Thunder Wave|p2a: Hypno
|-status|p2a: Hypno|par
|
|turn|45
|
|move|p1a: Chansey|Thunderbolt|p2a: Hypno
|-damage|p2a: Hypno|180\/373 par
|move|p2a: Hypno|Thunder Wave|p1a: Chansey
|-status|p1a: Chansey|par
|
|turn|46
|
|cant|p2a: Hypno|par
|cant|p1a: Chansey|par
|
|turn|47
|
|cant|p2a: Hypno|par
|move|p1a: Chansey|Soft-Boiled|p1a: Chansey
|-heal|p1a: Chansey|703\/703 par
|
|turn|48
|
|cant|p2a: Hypno|par
|move|p1a: Chansey|Thunderbolt|p2a: Hypno
|-damage|p2a: Hypno|115\/373 par
|
|turn|49
|c|★reyscarface|this fucking game i swear
|
|cant|p2a: Hypno|par
|cant|p1a: Chansey|par
|
|turn|50
|
|cant|p2a: Hypno|par
|move|p1a: Chansey|Thunderbolt|p2a: Hypno
|-crit|p2a: Hypno
|-damage|p2a: Hypno|0 fnt
|faint|p2a: Hypno
|c|★reyscarface|youve got
|c|★reyscarface|to be
|c|★reyscarface|fucking kidding me
|
|switch|p2a: Tauros|Tauros|143\/353
|turn|51
|
|move|p2a: Tauros|Body Slam|p1a: Chansey|[miss]
|-miss|p2a: Tauros
|cant|p1a: Chansey|par
|
|turn|52
|c|★reyscarface|LOOOOL
|c|★reyscarface|DUDE
|
|move|p2a: Tauros|Body Slam|p1a: Chansey
|-damage|p1a: Chansey|426\/703 par
|move|p1a: Chansey|Thunder Wave|p2a: Tauros
|-status|p2a: Tauros|par
|
|turn|53
|
|move|p2a: Tauros|Body Slam|p1a: Chansey
|-damage|p1a: Chansey|134\/703 par
|cant|p1a: Chansey|par
|
|turn|54
|
|move|p2a: Tauros|Body Slam|p1a: Chansey
|-damage|p1a: Chansey|0 fnt
|faint|p1a: Chansey
|
|win|reyscarface