|J|Tobes
|J|Golden Gyarados
|player|p1|Tobes|#tobes
|player|p2|Golden Gyarados|1
|gametype|singles
|gen|1
|tier|[Gen 1] OU
|seed|27832,19115,62819,38676
|rule|Sleep Clause Mod: Limit one foe put to sleep
|rule|Freeze Clause Mod: Limit one foe frozen
|rule|Species Clause: Limit one of each Pokémon
|rule|OHKO Clause: OHKO moves are banned
|rule|Evasion Moves Clause: Evasion moves are banned
|rule|HP Percentage Mod: HP is shown in percentages
|
|start
|switch|p1a: Star Platinum|Starmie|323\/323
|switch|p2a: Alakazam|Alakazam|313\/313
|turn|1
|c|★Tobes|gl
|J|Yogiras
|J|purrl
|J|Alexander
|J|Benzene
|c|★Golden Gyarados|u2
|J|jira
|J|LUCKSKILL
|J|AT Kill
|J|FlamingVictini
|J|KratosMana
|L|FlamingVictini
|J|amberrlamps
|choice|move 3|move 4
|
|move|p2a: Alakazam|Thunder Wave|p1a: Star Platinum
|-status|p1a: Star Platinum|par
|move|p1a: Star Platinum|Thunder Wave|p2a: Alakazam
|-status|p2a: Alakazam|par
|
|turn|2
|J|Hack
|J|Marky B
|J|nbf per la gente
|J|Diogo
|J|Han solo muore
|choice|move 2|move 1
|
|move|p2a: Alakazam|Psychic|p1a: Star Platinum
|-resisted|p1a: Star Platinum
|-damage|p1a: Star Platinum|262\/323 par
|-unboost|p1a: Star Platinum|spd|1
|-unboost|p1a: Star Platinum|spa|1
|move|p1a: Star Platinum|Thunderbolt|p2a: Alakazam
|-damage|p2a: Alakazam|272\/313 par
|
|turn|3
|J|rozes
|raw|<div class="broadcast-red"><b>Moderated chat was set to %!<\/b><br \/>Only users of rank % and higher can talk.<\/div>
|choice|switch 4|move 1
|
|switch|p1a: Stone Free|Chansey|703\/703
|move|p2a: Alakazam|Psychic|p1a: Stone Free
|-crit|p1a: Stone Free
|-damage|p1a: Stone Free|475\/703
|-unboost|p1a: Stone Free|spd|1
|-unboost|p1a: Stone Free|spa|1
|
|turn|4
|choice|switch 4|move 1
|
|switch|p1a: Star Platinum|Starmie|262\/323 par
|move|p2a: Alakazam|Psychic|p1a: Star Platinum
|-resisted|p1a: Star Platinum
|-damage|p1a: Star Platinum|197\/323 par
|
|turn|5
|choice|move 4|switch 2
|
|switch|p2a: Chansey|Chansey|703\/703
|move|p1a: Star Platinum|Recover|p1a: Star Platinum
|-heal|p1a: Star Platinum|323\/323 par
|
|turn|6
|J|petyer
|choice|move 1|move 2
|
|move|p2a: Chansey|Thunderbolt|p1a: Star Platinum
|-supereffective|p1a: Star Platinum
|-damage|p1a: Star Platinum|158\/323 par
|move|p1a: Star Platinum|Blizzard|p2a: Chansey
|-damage|p2a: Chansey|610\/703
|
|turn|7
|J|Becks
|J|Jimmy Turtwig
|choice|switch 2|move 2
|
|switch|p1a: Gold Experience|Exeggutor|393\/393
|move|p2a: Chansey|Thunderbolt|p1a: Gold Experience
|-resisted|p1a: Gold Experience
|-damage|p1a: Gold Experience|362\/393
|
|turn|8
|J|Lady bug
|J|Fortetress
|J|Brisote
|J|Afterimage Strike
|J|teal6
|choice|switch 5|switch 2
|
|switch|p1a: Soft and Wet|Snorlax|523\/523
|switch|p2a: Alakazam|Alakazam|272\/313 par
|
|turn|9
|J|Tombetoile
|J|gladiator movies
|J|pokeaim
|J|Afro Smash
|choice|move 1|move 4
|
|move|p1a: Soft and Wet|Body Slam|p2a: Alakazam
|-damage|p2a: Alakazam|108\/313 par
|move|p2a: Alakazam|Thunder Wave|p1a: Soft and Wet
|-status|p1a: Soft and Wet|par
|
|turn|10
|J|DGP
|choice|move 1|move 2
|
|cant|p2a: Alakazam|par
|move|p1a: Soft and Wet|Body Slam|p2a: Alakazam
|-crit|p2a: Alakazam
|-damage|p2a: Alakazam|0 fnt
|faint|p2a: Alakazam
|choice||switch 3
|
|switch|p2a: Exeggutor|Exeggutor|393\/393
|turn|11
|L|DGP
|J|giara
|J|tagnonfury
|J|Immuno
|J|fitzy
|J|bugzinator RC
|choice|switch 2|move 1
|
|switch|p1a: Star Platinum|Starmie|158\/323 par
|move|p2a: Exeggutor|Psychic|p1a: Star Platinum
|-resisted|p1a: Star Platinum
|-damage|p1a: Star Platinum|95\/323 par
|
|turn|12
|choice|move 4|switch 2
|
|switch|p2a: Chansey|Chansey|610\/703
|cant|p1a: Star Platinum|par
|
|turn|13
|J|Gogoplata
|J|Mister Tim
|J|Finchinator
|J|MJB
|L|Finchinator
|choice|switch 5|move 1
|
|switch|p1a: Gold Experience|Exeggutor|362\/393
|move|p2a: Chansey|Ice Beam|p1a: Gold Experience
|-supereffective|p1a: Gold Experience
|-damage|p1a: Gold Experience|237\/393
|
|turn|14
|J|Cicada
|L|MJB
|choice|move 2|switch 2
|
|switch|p2a: Exeggutor|Exeggutor|393\/393
|move|p1a: Gold Experience|Sleep Powder|p2a: Exeggutor
|-status|p2a: Exeggutor|slp
|
|turn|15
|J|Fairy Peak
|choice|switch 5|switch 2
|
|switch|p2a: Chansey|Chansey|610\/703
|switch|p1a: Star Platinum|Starmie|95\/323 par
|
|turn|16
|J|Evuelf
|choice|switch 4|move 2
|
|switch|p1a: Stone Free|Chansey|475\/703
|move|p2a: Chansey|Thunderbolt|p1a: Stone Free
|-damage|p1a: Stone Free|396\/703
|
|turn|17
|J|xRay~
|choice|move 4|move 1
|
|move|p1a: Stone Free|Soft-Boiled|p1a: Stone Free
|-heal|p1a: Stone Free|703\/703
|move|p2a: Chansey|Ice Beam|p1a: Stone Free
|-damage|p1a: Stone Free|628\/703
|
|turn|18
|J|Agammemnon
|L|Evuelf
|J|Clueless
|J|0NE + TW0
|J|sunsetsarsaparilla
|J|showdown LBLOL
|choice|switch 2|move 1
|
|switch|p1a: Soft and Wet|Snorlax|523\/523 par
|move|p2a: Chansey|Ice Beam|p1a: Soft and Wet
|-crit|p1a: Soft and Wet
|-damage|p1a: Soft and Wet|330\/523 par
|
|turn|19
|choice|move 1|switch 4
|
|switch|p2a: Golem|Golem|363\/363
|move|p1a: Soft and Wet|Body Slam|p2a: Golem
|-resisted|p2a: Golem
|-damage|p2a: Golem|320\/363
|-status|p2a: Golem|par
|
|turn|20
|J|Mizuhime
|choice|move 2|move 1
|
|move|p2a: Golem|Body Slam|p1a: Soft and Wet
|-crit|p1a: Soft and Wet
|-damage|p1a: Soft and Wet|135\/523 par
|move|p1a: Soft and Wet|Surf|p2a: Golem
|-supereffective|p2a: Golem
|-damage|p2a: Golem|11\/363 par
|
|turn|21
|J|dekzeh
|J|Kingler12345
|choice|switch 4|move 2
|
|switch|p1a: Star Platinum|Starmie|95\/323 par
|move|p2a: Golem|Earthquake|p1a: Star Platinum
|-damage|p1a: Star Platinum|0 fnt
|faint|p1a: Star Platinum
|J|FlamingVictini
|choice|switch 5|
|
|switch|p1a: Gold Experience|Exeggutor|237\/393
|turn|22
|choice|move 1|switch 2
|
|switch|p2a: Exeggutor|Exeggutor|393\/393 slp
|move|p1a: Gold Experience|Psychic|p2a: Exeggutor
|-resisted|p2a: Exeggutor
|-damage|p2a: Exeggutor|345\/393 slp
|
|turn|23
|choice|switch 4|switch 4
|
|switch|p2a: Chansey|Chansey|610\/703
|switch|p1a: Soft and Wet|Snorlax|135\/523 par
|
|turn|24
|J|Hikari
|J|Ninjacalibur
|J|IB-irever
|choice|switch 2|move 1
|
|switch|p1a: Stone Free|Chansey|628\/703
|move|p2a: Chansey|Ice Beam|p1a: Stone Free
|-damage|p1a: Stone Free|551\/703
|
|turn|25
|J|SoulWind
|choice|move 1|move 1
|
|move|p2a: Chansey|Ice Beam|p1a: Stone Free
|-damage|p1a: Stone Free|478\/703
|move|p1a: Stone Free|Ice Beam|p2a: Chansey
|-damage|p2a: Chansey|538\/703
|
|turn|26
|choice|move 1|move 1
|
|move|p2a: Chansey|Ice Beam|p1a: Stone Free
|-damage|p1a: Stone Free|405\/703
|move|p1a: Stone Free|Ice Beam|p2a: Chansey
|-damage|p2a: Chansey|462\/703
|
|turn|27
|J|Can
|L|Clueless
|J|Sapientia
|J|basedkef
|J|JungleDive
|L|basedkef
|choice|move 1|move 1
|
|move|p1a: Stone Free|Ice Beam|p2a: Chansey
|-damage|p2a: Chansey|388\/703
|move|p2a: Chansey|Ice Beam|p1a: Stone Free
|-damage|p1a: Stone Free|328\/703
|
|turn|28
|choice|move 1|move 3
|
|move|p2a: Chansey|Soft-Boiled|p2a: Chansey
|-heal|p2a: Chansey|703\/703
|move|p1a: Stone Free|Ice Beam|p2a: Chansey
|-damage|p2a: Chansey|623\/703
|
|turn|29
|choice|move 4|move 1
|
|move|p2a: Chansey|Ice Beam|p1a: Stone Free
|-damage|p1a: Stone Free|250\/703
|move|p1a: Stone Free|Soft-Boiled|p1a: Stone Free
|-heal|p1a: Stone Free|601\/703
|
|turn|30
|choice|move 1|move 1
|
|move|p2a: Chansey|Ice Beam|p1a: Stone Free
|-damage|p1a: Stone Free|522\/703
|move|p1a: Stone Free|Ice Beam|p2a: Chansey
|-damage|p2a: Chansey|552\/703
|
|turn|31
|J|MetalGro$$
|choice|move 1|move 1
|
|move|p1a: Stone Free|Ice Beam|p2a: Chansey
|-damage|p2a: Chansey|472\/703
|move|p2a: Chansey|Ice Beam|p1a: Stone Free
|-damage|p1a: Stone Free|447\/703
|
|turn|32
|J|Darumakka
|choice|move 1|move 1
|
|move|p1a: Stone Free|Ice Beam|p2a: Chansey
|-crit|p2a: Chansey
|-damage|p2a: Chansey|325\/703
|move|p2a: Chansey|Ice Beam|p1a: Stone Free
|-damage|p1a: Stone Free|375\/703
|
|turn|33
|choice|move 1|move 3
|
|move|p2a: Chansey|Soft-Boiled|p2a: Chansey
|-heal|p2a: Chansey|676\/703
|move|p1a: Stone Free|Ice Beam|p2a: Chansey
|-damage|p2a: Chansey|604\/703
|
|turn|34
|choice|move 1|move 1
|
|move|p1a: Stone Free|Ice Beam|p2a: Chansey
|-damage|p2a: Chansey|533\/703
|move|p2a: Chansey|Ice Beam|p1a: Stone Free
|-damage|p1a: Stone Free|302\/703
|-status|p1a: Stone Free|frz
|
|turn|35
|L|Hack
|L|FlamingVictini
|choice|switch 4|move 1
|
|switch|p1a: Gold Experience|Exeggutor|237\/393
|move|p2a: Chansey|Ice Beam|p1a: Gold Experience
|-supereffective|p1a: Gold Experience
|-damage|p1a: Gold Experience|99\/393
|
|turn|36
|choice|switch 2|switch 4
|
|switch|p1a: Soft and Wet|Snorlax|135\/523 par
|switch|p2a: Exeggutor|Exeggutor|345\/393 slp
|
|turn|37
|J|TDK
|choice|move 1|move 1
|
|cant|p2a: Exeggutor|slp
|move|p1a: Soft and Wet|Body Slam|p2a: Exeggutor
|-damage|p2a: Exeggutor|232\/393 slp
|
|turn|38
|J|Toxzn
|L|AT Kill
|J|Umbra Soul
|choice|move 1|move 1
|
|-curestatus|p2a: Exeggutor|slp
|move|p1a: Soft and Wet|Body Slam|p2a: Exeggutor
|-damage|p2a: Exeggutor|105\/393
|
|turn|39
|choice|switch 4|move 1
|
|switch|p1a: Stone Free|Chansey|302\/703 frz
|move|p2a: Exeggutor|Psychic|p1a: Stone Free
|-damage|p1a: Stone Free|173\/703 frz
|
|turn|40
|choice|move 1|switch 4
|
|switch|p2a: Chansey|Chansey|533\/703
|cant|p1a: Stone Free|frz
|
|turn|41
|choice|move 1|move 2
|
|move|p2a: Chansey|Thunderbolt|p1a: Stone Free
|-damage|p1a: Stone Free|98\/703 frz
|cant|p1a: Stone Free|frz
|
|turn|42
|choice|move 1|move 2
|
|move|p2a: Chansey|Thunderbolt|p1a: Stone Free
|-damage|p1a: Stone Free|23\/703 frz
|cant|p1a: Stone Free|frz
|
|turn|43
|choice|move 1|move 4
|
|move|p2a: Chansey|Thunder Wave|p1a: Stone Free
|-fail|p1a: Stone Free
|cant|p1a: Stone Free|frz
|
|turn|44
|L|Toxzn
|choice|move 1|move 4
|
|move|p2a: Chansey|Thunder Wave|p1a: Stone Free
|-fail|p1a: Stone Free
|cant|p1a: Stone Free|frz
|
|turn|45
|choice|move 1|move 3
|
|move|p2a: Chansey|Soft-Boiled|p2a: Chansey
|-heal|p2a: Chansey|703\/703
|cant|p1a: Stone Free|frz
|
|turn|46
|choice|move 1|move 2
|
|move|p2a: Chansey|Thunderbolt|p1a: Stone Free
|-damage|p1a: Stone Free|0 fnt
|faint|p1a: Stone Free
|J|FlamingVictini
|J|zdrup
|choice|switch 2|
|
|switch|p1a: Gold Experience|Exeggutor|99\/393
|turn|47
|choice|move 2|switch 2
|
|switch|p2a: Golem|Golem|11\/363 par
|move|p1a: Gold Experience|Sleep Powder|p2a: Golem
|-fail|p2a: Golem
|
|turn|48
|choice|move 1|move 3
|
|move|p1a: Gold Experience|Psychic|p2a: Golem
|-damage|p2a: Golem|0 fnt
|faint|p2a: Golem
|J|BuGF
|choice||switch 6
|
|switch|p2a: Tauros|Tauros|353\/353
|turn|49
|choice|switch 4|move 1
|
|switch|p1a: Soft and Wet|Snorlax|135\/523 par
|move|p2a: Tauros|Body Slam|p1a: Soft and Wet
|-damage|p1a: Soft and Wet|15\/523 par
|
|turn|50
|J|Apt-get
|choice|move 1|move 1
|
|move|p2a: Tauros|Body Slam|p1a: Soft and Wet
|-damage|p1a: Soft and Wet|0 fnt
|faint|p1a: Soft and Wet
|choice|switch 6|
|
|switch|p1a: Tusk Act IV|Tauros|353\/353
|turn|51
|J|GeeMick
|choice|move 2|move 1
|
|move|p1a: Tusk Act IV|Blizzard|p2a: Tauros
|-damage|p2a: Tauros|263\/353
|move|p2a: Tauros|Body Slam|p1a: Tusk Act IV
|-damage|p1a: Tusk Act IV|258\/353
|
|turn|52
|choice|move 1|move 1
|
|move|p2a: Tauros|Body Slam|p1a: Tusk Act IV
|-damage|p1a: Tusk Act IV|150\/353
|move|p1a: Tusk Act IV|Body Slam|p2a: Tauros
|-damage|p2a: Tauros|152\/353
|
|turn|53
|choice|move 4|move 3
|
|move|p2a: Tauros|Hyper Beam|p1a: Tusk Act IV
|-damage|p1a: Tusk Act IV|0 fnt
|faint|p1a: Tusk Act IV
|choice|switch 3|
|
|switch|p1a: Crazy Diamond|Jolteon|333\/333
|turn|54
|choice|move 4|move 1
|
|move|p1a: Crazy Diamond|Thunder Wave|p2a: Tauros
|-status|p2a: Tauros|par
|move|p2a: Tauros|Body Slam|p1a: Crazy Diamond
|-damage|p1a: Crazy Diamond|202\/333
|-status|p1a: Crazy Diamond|par
|
|turn|55
|choice|move 1|move 2
|
|move|p1a: Crazy Diamond|Thunderbolt|p2a: Tauros
|-damage|p2a: Tauros|10\/353 par
|move|p2a: Tauros|Earthquake|p1a: Crazy Diamond
|-supereffective|p1a: Crazy Diamond
|-damage|p1a: Crazy Diamond|0 fnt
|faint|p1a: Crazy Diamond
|choice|switch 4|
|
|switch|p1a: Gold Experience|Exeggutor|99\/393
|turn|56
|L|JungleDive
|choice|move 1|move 1
|
|move|p1a: Gold Experience|Psychic|p2a: Tauros
|-damage|p2a: Tauros|0 fnt
|faint|p2a: Tauros
|L|showdown LBLOL
|L|Gogoplata
|L|petyer
|J|DennisEG
|J|SU DI NOI
|choice||switch 4
|
|switch|p2a: Exeggutor|Exeggutor|105\/393
|turn|57
|choice|move 2|move 3
|
|move|p2a: Exeggutor|Explosion|p1a: Gold Experience
|-damage|p1a: Gold Experience|0 fnt
|faint|p1a: Gold Experience
|faint|p2a: Exeggutor
|
|win|Golden Gyarados
|player|p1
|player|p2
|L|bugzinator RC
|L|giara
|L|DennisEG
|c|★Tobes|gg
|L|Lady bug
|L|zdrup
|L|LUCKSKILL
|L|amberrlamps
|L|Mister Tim
|L|KratosMana
|L|Fortetress
|L|nbf per la gente
|L|Brisote
|L|Yogiras
|J|myfrensandi