|J|Nails
|J|TDK
|player|p1|Nails|1
|player|p2|TDK|96
|gametype|singles
|gen|1
|tier|[Gen 1] Random Battle
|seed|45648,32677,10228,1526
|rule|Sleep Clause Mod: Limit one foe put to sleep
|rule|Freeze Clause Mod: Limit one foe frozen
|rule|HP Percentage Mod: HP is shown in percentages
|
|start
|switch|p1a: Golbat|Golbat, L90|318\/318
|switch|p2a: Horsea|Horsea, L96|252\/252
|turn|1
|choice|move 1|move 1
|
|move|p1a: Golbat|Double-Edge|p2a: Horsea
|-crit|p2a: Horsea
|-damage|p2a: Horsea|117\/252
|-damage|p1a: Golbat|285\/318|[from] recoil|[of] p2a: Horsea
|move|p2a: Horsea|Blizzard|p1a: Golbat
|-supereffective|p1a: Golbat
|-damage|p1a: Golbat|92\/318
|
|turn|2
|choice|switch 6|move 1
|
|switch|p1a: Omastar|Omastar, L90|309\/309
|move|p2a: Horsea|Blizzard|p1a: Omastar
|-resisted|p1a: Omastar
|-damage|p1a: Omastar|271\/309
|
|turn|3
|J|TrailBlazer77
|choice|move 4|move 1
|
|move|p2a: Horsea|Blizzard|p1a: Omastar
|-crit|p1a: Omastar
|-resisted|p1a: Omastar
|-damage|p1a: Omastar|203\/309
|move|p1a: Omastar|Surf|p2a: Horsea
|-resisted|p2a: Horsea
|-damage|p2a: Horsea|54\/252
|
|turn|4
|choice|move 4|move 1
|
|move|p2a: Horsea|Blizzard|p1a: Omastar|[miss]
|-miss|p2a: Horsea
|move|p1a: Omastar|Surf|p2a: Horsea
|-resisted|p2a: Horsea
|-damage|p2a: Horsea|0 fnt
|faint|p2a: Horsea
|choice||switch 6
|
|switch|p2a: Sandslash|Sandslash, L85|301\/301
|turn|5
|choice|switch 2|move 1
|
|switch|p1a: Dragonite|Dragonite, L85|328\/328
|move|p2a: Sandslash|Earthquake|p1a: Dragonite
|-immune|p1a: Dragonite|[msg]
|
|turn|6
|L|TrailBlazer77
|choice|move 3|move 2
|
|move|p1a: Dragonite|Blizzard|p2a: Sandslash|[miss]
|-miss|p1a: Dragonite
|move|p2a: Sandslash|Substitute|p2a: Sandslash
|-start|p2a: Sandslash|Substitute
|-damage|p2a: Sandslash|226\/301
|
|turn|7
|c|★TDK|easy
|choice|move 1|move 3
|
|move|p1a: Dragonite|Surf|p2a: Sandslash
|-supereffective|p2a: Sandslash
|-end|p2a: Sandslash|Substitute
|move|p2a: Sandslash|Rock Slide|p1a: Dragonite
|-supereffective|p1a: Dragonite
|-damage|p1a: Dragonite|220\/328
|
|turn|8
|J|Obliviatee
|choice|move 3|switch 2
|
|switch|p2a: Articuno|Articuno, L79|304\/304
|move|p1a: Dragonite|Blizzard|p2a: Articuno
|-damage|p2a: Articuno|230\/304
|
|turn|9
|choice|switch 2|move 4
|
|switch|p1a: Omastar|Omastar, L90|203\/309
|move|p2a: Articuno|Mimic|p1a: Omastar
|-start|p2a: Articuno|Mimic|Surf
|
|turn|10
|choice|move 4|move 4
|
|move|p2a: Articuno|Surf|p1a: Omastar
|-damage|p1a: Omastar|152\/309
|move|p1a: Omastar|Surf|p2a: Articuno
|-damage|p2a: Articuno|114\/304
|
|turn|11
|choice|move 4|move 1
|
|move|p2a: Articuno|Rest|p2a: Articuno
|-status|p2a: Articuno|slp
|-heal|p2a: Articuno|304\/304 slp|[silent]
|-status|p2a: Articuno|slp|[from] move: Rest
|move|p1a: Omastar|Surf|p2a: Articuno
|-damage|p2a: Articuno|196\/304 slp
|
|turn|12
|choice|move 4|switch 5
|
|switch|p2a: Snorlax|Snorlax, L79|415\/415
|move|p1a: Omastar|Surf|p2a: Snorlax
|-crit|p2a: Snorlax
|-damage|p2a: Snorlax|112\/415
|
|turn|13
|c|★TDK|ok
|c|★Nails|.surfin
|choice|move 4|switch 3
|
|switch|p2a: Muk|Muk, L90|372\/372
|move|p1a: Omastar|Surf|p2a: Muk
|-crit|p2a: Muk
|-damage|p2a: Muk|95\/372
|
|turn|14
|c|★TDK|.
|c|★Nails|.surfin
|choice|move 4|move 1
|
|move|p1a: Omastar|Surf|p2a: Muk
|-damage|p2a: Muk|0 fnt
|faint|p2a: Muk
|choice||switch 4
|
|switch|p2a: Mewtwo|Mewtwo, L70|293\/293
|turn|15
|choice|switch 6|move 1
|
|switch|p1a: Golbat|Golbat, L90|92\/318
|move|p2a: Mewtwo|Psychic|p1a: Golbat
|-supereffective|p1a: Golbat
|-damage|p1a: Golbat|0 fnt
|faint|p1a: Golbat
|choice|switch 4|
|
|switch|p1a: Jigglypuff|Jigglypuff, L99|428\/428
|turn|16
|choice|move 1|switch 3
|
|switch|p2a: Snorlax|Snorlax, L79|112\/415
|move|p1a: Jigglypuff|Thunder Wave|p2a: Snorlax
|-status|p2a: Snorlax|par
|
|turn|17
|c|★Nails|i'm a fairy
|c|★Nails|u cant win
|c|★TDK|thats cheating bro
|choice|move 4|move 4
|
|move|p1a: Jigglypuff|Double-Edge|p2a: Snorlax
|-damage|p2a: Snorlax|0 fnt
|-damage|p1a: Jigglypuff|400\/428|[from] recoil|[of] p2a: Snorlax
|faint|p2a: Snorlax
|c|★TDK|wtf
|c|★TDK|hax
|choice||switch 2
|
|switch|p2a: Sandslash|Sandslash, L85|226\/301
|turn|18
|choice|switch 2|move 4
|
|switch|p1a: Dragonite|Dragonite, L85|220\/328
|move|p2a: Sandslash|Swords Dance|p2a: Sandslash
|-boost|p2a: Sandslash|atk|2
|
|turn|19
|choice|move 3|move 3
|
|move|p1a: Dragonite|Blizzard|p2a: Sandslash
|-supereffective|p2a: Sandslash
|-damage|p2a: Sandslash|0 fnt
|faint|p2a: Sandslash
|choice||switch 5
|
|switch|p2a: Articuno|Articuno, L79|196\/304 slp
|turn|20
|choice|move 2|move 3
|
|move|p1a: Dragonite|Thunder|p2a: Articuno
|-supereffective|p2a: Articuno
|-damage|p2a: Articuno|50\/304 slp
|cant|p2a: Articuno|slp
|
|turn|21
|choice|move 1|move 3
|
|move|p1a: Dragonite|Surf|p2a: Articuno
|-damage|p2a: Articuno|0 fnt
|faint|p2a: Articuno
|choice||switch 3
|
|switch|p2a: Mewtwo|Mewtwo, L70|293\/293
|turn|22
|c|★Nails|The Dragonite
|choice|move 4|move 3
|
|move|p2a: Mewtwo|Blizzard|p1a: Dragonite
|-crit|p1a: Dragonite
|-supereffective|p1a: Dragonite
|-damage|p1a: Dragonite|0 fnt
|faint|p1a: Dragonite
|choice|switch 2|
|
|switch|p1a: Jigglypuff|Jigglypuff, L99|400\/428
|turn|23
|c|★TDK|frz
|choice|move 1|move 3
|
|move|p2a: Mewtwo|Blizzard|p1a: Jigglypuff
|-crit|p1a: Jigglypuff
|-damage|p1a: Jigglypuff|127\/428
|move|p1a: Jigglypuff|Thunder Wave|p2a: Mewtwo
|-status|p2a: Mewtwo|par
|
|turn|24
|choice|switch 5|move 1
|
|switch|p1a: Weezing|Weezing, L90|300\/300
|move|p2a: Mewtwo|Psychic|p1a: Weezing
|-supereffective|p1a: Weezing
|-damage|p1a: Weezing|118\/300
|
|turn|25
|choice|move 1|move 2
|
|move|p1a: Weezing|Explosion|p2a: Mewtwo
|-damage|p2a: Mewtwo|0 fnt
|faint|p2a: Mewtwo
|faint|p1a: Weezing
|
|win|Nails