|inactive|Battle timer is ON: inactive players will automatically lose when time's up.
|J|marcoasd
|J|RainPB
|player|p1|marcoasd|266
|player|p2|RainPB|285
|gametype|singles
|gen|1
|tier|[Gen 1] Ubers
|rule|Sleep Clause Mod: Limit one foe put to sleep
|rule|Freeze Clause Mod: Limit one foe frozen
|rule|Species Clause: Limit one of each Pokémon
|rule|OHKO Clause: OHKO moves are banned
|rule|Evasion Moves Clause: Evasion moves are banned
|rule|HP Percentage Mod: HP is shown in percentages
|
|start
|switch|p1a: Gengar|Gengar|323\/323
|switch|p2a: Starmie|Starmie|323\/323
|turn|1
|
|switch|p2a: Snorlax|Snorlax|523\/523
|switch|p1a: Mewtwo|Mewtwo|415\/415
|
|turn|2
|
|switch|p1a: Exeggutor|Exeggutor|393\/393
|move|p2a: Snorlax|Amnesia|p2a: Snorlax
|-boost|p2a: Snorlax|spd|2
|-boost|p2a: Snorlax|spa|2
|
|turn|3
|
|switch|p2a: Starmie|Starmie|323\/323
|move|p1a: Exeggutor|Sleep Powder|p2a: Starmie
|-status|p2a: Starmie|slp
|
|turn|4
|
|switch|p2a: Mew|Mew|403\/403
|switch|p1a: Snorlax|Snorlax|523\/523
|
|turn|5
|J|Mr.378
|
|move|p2a: Mew|Reflect|p2a: Mew
|-start|p2a: Mew|Reflect
|move|p1a: Snorlax|Amnesia|p1a: Snorlax
|-boost|p1a: Snorlax|spd|2
|-boost|p1a: Snorlax|spa|2
|
|turn|6
|
|move|p2a: Mew|Swords Dance|p2a: Mew
|-boost|p2a: Mew|atk|2
|move|p1a: Snorlax|Amnesia|p1a: Snorlax
|-boost|p1a: Snorlax|spd|2
|-boost|p1a: Snorlax|spa|2
|
|turn|7
|J|Lutra
|c|+Lutra|what game?
|
|move|p2a: Mew|Double-Edge|p1a: Snorlax
|-crit|p1a: Snorlax
|-damage|p1a: Snorlax|312\/523
|-damage|p2a: Mew|351\/403|[from] recoil|[of] p1a: Snorlax
|move|p1a: Snorlax|Ice Beam|p2a: Mew
|-damage|p2a: Mew|188\/403
|
|turn|8
|c|★RainPB|1
|c|+Lutra|cool
|
|move|p2a: Mew|Double-Edge|p1a: Snorlax
|-damage|p1a: Snorlax|98\/523
|-damage|p2a: Mew|135\/403|[from] recoil|[of] p1a: Snorlax
|move|p1a: Snorlax|Ice Beam|p2a: Mew
|-damage|p2a: Mew|0 fnt
|faint|p2a: Mew
|
|switch|p2a: Snorlax|Snorlax|523\/523
|turn|9
|
|move|p2a: Snorlax|Amnesia|p2a: Snorlax
|-boost|p2a: Snorlax|spd|2
|-boost|p2a: Snorlax|spa|2
|move|p1a: Snorlax|Self-Destruct|p2a: Snorlax
|-damage|p2a: Snorlax|84\/523
|faint|p1a: Snorlax
|
|switch|p1a: Zapdos|Zapdos|383\/383
|turn|10
|
|switch|p2a: Chansey|Chansey|703\/703
|move|p1a: Zapdos|Drill Peck|p2a: Chansey
|-damage|p2a: Chansey|444\/703
|
|turn|11
|
|move|p1a: Zapdos|Thunder Wave|p2a: Chansey
|-status|p2a: Chansey|par
|move|p2a: Chansey|Soft-Boiled|p2a: Chansey
|-heal|p2a: Chansey|703\/703 par
|
|turn|12
|
|switch|p1a: Mewtwo|Mewtwo|415\/415
|cant|p2a: Chansey|par
|
|turn|13
|
|switch|p1a: Mew|Mew|403\/403
|move|p2a: Chansey|Light Screen|p2a: Chansey
|-start|p2a: Chansey|Light Screen
|
|turn|14
|
|switch|p2a: Slowbro|Slowbro|393\/393
|move|p1a: Mew|Swords Dance|p1a: Mew
|-boost|p1a: Mew|atk|2
|
|turn|15
|
|move|p1a: Mew|Swords Dance|p1a: Mew
|-boost|p1a: Mew|atk|2
|move|p2a: Slowbro|Toxic|p1a: Mew|[miss]
|-miss|p2a: Slowbro
|
|turn|16
|
|move|p1a: Mew|Body Slam|p2a: Slowbro
|-crit|p2a: Slowbro
|-damage|p2a: Slowbro|271\/393
|move|p2a: Slowbro|Toxic|p1a: Mew
|-status|p1a: Mew|tox
|
|turn|17
|
|move|p1a: Mew|Body Slam|p2a: Slowbro
|-damage|p2a: Slowbro|88\/393
|-status|p2a: Slowbro|par
|-damage|p1a: Mew|378\/403 tox|[from] tox|[of] p2a: Slowbro
|cant|p2a: Slowbro|par
|
|turn|18
|
|move|p1a: Mew|Body Slam|p2a: Slowbro
|-damage|p2a: Slowbro|0 fnt
|faint|p2a: Slowbro
|
|switch|p2a: Mewtwo|Mewtwo|415\/415
|turn|19
|J|TraceofLife RC
|L|TraceofLife RC
|
|move|p2a: Mewtwo|Amnesia|p2a: Mewtwo
|-boost|p2a: Mewtwo|spd|2
|-boost|p2a: Mewtwo|spa|2
|move|p1a: Mew|Body Slam|p2a: Mewtwo
|-damage|p2a: Mewtwo|196\/415
|-damage|p1a: Mew|328\/403 tox|[from] tox|[of] p2a: Mewtwo
|
|turn|20
|
|move|p2a: Mewtwo|Recover|p2a: Mewtwo
|-heal|p2a: Mewtwo|403\/415
|move|p1a: Mew|Explosion|p2a: Mewtwo
|-damage|p2a: Mewtwo|0 fnt
|faint|p2a: Mewtwo
|faint|p1a: Mew
|
|switch|p1a: Gengar|Gengar|323\/323
|switch|p2a: Snorlax|Snorlax|84\/523
|turn|21
|
|switch|p2a: Starmie|Starmie|323\/323 slp
|move|p1a: Gengar|Counter|p2a: Starmie
|-fail|p1a: Gengar
|
|turn|22
|c|★marcoasd|wtf
|c|★marcoasd|whould've killed
|
|switch|p2a: Chansey|Chansey|703\/703 par
|move|p1a: Gengar|Thunderbolt|p2a: Chansey
|-crit|p2a: Chansey
|-damage|p2a: Chansey|529\/703 par
|
|turn|23
|c|+Lutra|you used explosion
|
|move|p1a: Gengar|Explosion|p2a: Chansey
|-damage|p2a: Chansey|0 fnt
|faint|p2a: Chansey
|faint|p1a: Gengar
|c|★marcoasd|doesn't it work? 
|
|switch|p2a: Starmie|Starmie|323\/323 slp
|switch|p1a: Zapdos|Zapdos|383\/383
|turn|24
|
|cant|p2a: Starmie|slp
|move|p1a: Zapdos|Thunderbolt|p2a: Starmie
|-supereffective|p2a: Starmie
|-damage|p2a: Starmie|57\/323 slp
|
|turn|25
|c|+Lutra|they have to use the move
|c|★marcoasd|gg
|c|★RainPB|gg
|c|★marcoasd|ah ok my bad then
|c|★marcoasd|what a noob :S
|
|cant|p2a: Starmie|slp
|move|p1a: Zapdos|Thunderbolt|p2a: Starmie
|-supereffective|p2a: Starmie
|-damage|p2a: Starmie|0 fnt
|faint|p2a: Starmie
|
|switch|p2a: Snorlax|Snorlax|84\/523
|turn|26
|
|move|p1a: Zapdos|Thunderbolt|p2a: Snorlax
|-damage|p2a: Snorlax|0 fnt
|faint|p2a: Snorlax
|
|win|marcoasd