|J|Real FV13
|J|Beds
|player|p1|Real FV13|73
|player|p2|Beds|252
|gametype|singles
|gen|1
|tier|[Gen 1] OU
|seed|
|rule|Sleep Clause Mod: Limit one foe put to sleep
|rule|Freeze Clause Mod: Limit one foe frozen
|rule|Species Clause: Limit one of each Pokémon
|rule|OHKO Clause: OHKO moves are banned
|rule|Evasion Moves Clause: Evasion moves are banned
|rule|HP Percentage Mod: HP is shown in percentages
|
|start
|switch|p1a: Alakazam|Alakazam, M|100\/100
|switch|p2a: Starmie|Starmie|100\/100
|turn|1
|J|fapkingg
|c|★Beds|gl hf
|J|Vileman
|choice||
|
|switch|p2a: Exeggutor|Exeggutor|100\/100
|move|p1a: Alakazam|Thunder Wave|p2a: Exeggutor
|-status|p2a: Exeggutor|par
|
|turn|2
|J|Triangles RSE
|choice||
|
|switch|p1a: Exeggutor|Exeggutor, M|100\/100
|cant|p2a: Exeggutor|par
|
|turn|3
|c|+Vileman|beds arent u a rby main
|c|+Vileman|why are u still saying
|c|+Vileman|gl
|c|+Vileman|-
|choice||
|
|move|p1a: Exeggutor|Psychic|p2a: Exeggutor
|-resisted|p2a: Exeggutor
|-damage|p2a: Exeggutor|88\/100 par
|move|p2a: Exeggutor|Sleep Powder|p1a: Exeggutor|[miss]
|-miss|p2a: Exeggutor
|
|turn|4
|c|★Beds|what does that line mean?
|c|+Vileman|it means good luck
|c|★Beds|you usually use those to connect 2 phrases
|c|★Beds|i don't get it
|c|★Beds|explain to me why you used that
|choice||
|
|move|p1a: Exeggutor|Psychic|p2a: Exeggutor
|-resisted|p2a: Exeggutor
|-damage|p2a: Exeggutor|75\/100 par
|move|p2a: Exeggutor|Sleep Powder|p1a: Exeggutor|[miss]
|-miss|p2a: Exeggutor
|
|turn|5
|J|smilzo
|c|+Vileman|its a meme
|c|+Vileman|-
|c|★Beds|i am not laughing
|c|+Vileman|same
|choice||
|
|move|p1a: Exeggutor|Psychic|p2a: Exeggutor
|-resisted|p2a: Exeggutor
|-damage|p2a: Exeggutor|63\/100 par
|move|p2a: Exeggutor|Sleep Powder|p1a: Exeggutor|[miss]
|-miss|p2a: Exeggutor
|
|turn|6
|c|+fapkingg|-
|choice||
|
|move|p1a: Exeggutor|Psychic|p2a: Exeggutor
|-resisted|p2a: Exeggutor
|-damage|p2a: Exeggutor|49\/100 par
|-unboost|p2a: Exeggutor|spd|1
|-unboost|p2a: Exeggutor|spa|1
|move|p2a: Exeggutor|Sleep Powder|p1a: Exeggutor
|-status|p1a: Exeggutor|slp
|
|turn|7
|c|★Real FV13|no para
|c|★Real FV13|plsssssssssss
|choice||
|
|switch|p2a: Starmie|Starmie|100\/100
|cant|p1a: Exeggutor|slp
|
|turn|8
|choice||
|
|switch|p1a: Jynx|Jynx|100\/100
|move|p2a: Starmie|Blizzard|p1a: Jynx|[miss]
|-miss|p2a: Starmie
|
|turn|9
|choice||
|
|move|p2a: Starmie|Thunder Wave|p1a: Jynx
|-status|p1a: Jynx|par
|move|p1a: Jynx|Lovely Kiss|p2a: Starmie
|-status|p2a: Starmie|slp
|
|turn|10
|choice||
|
|switch|p1a: Zapdos|Zapdos|100\/100
|cant|p2a: Starmie|slp
|
|turn|11
|choice||
|
|switch|p2a: Golem|Golem|100\/100
|move|p1a: Zapdos|Drill Peck|p2a: Golem
|-resisted|p2a: Golem
|-damage|p2a: Golem|90\/100
|
|turn|12
|c|★Beds|fapkingg what is your opinion on piexplode teams in 2016?
|choice||
|
|switch|p1a: Exeggutor|Exeggutor, M|100\/100 slp
|move|p2a: Golem|Body Slam|p1a: Exeggutor
|-damage|p1a: Exeggutor|80\/100 slp
|
|turn|13
|choice||
|
|cant|p1a: Exeggutor|slp
|move|p2a: Golem|Rock Slide|p1a: Exeggutor|[miss]
|-miss|p2a: Golem
|
|turn|14
|c|+fapkingg|hmm..
|choice||
|
|-curestatus|p1a: Exeggutor|slp
|move|p2a: Golem|Rock Slide|p1a: Exeggutor
|-damage|p1a: Exeggutor|52\/100
|
|turn|15
|choice||
|
|switch|p2a: Exeggutor|Exeggutor|49\/100 par
|move|p1a: Exeggutor|Psychic|p2a: Exeggutor
|-resisted|p2a: Exeggutor
|-damage|p2a: Exeggutor|35\/100 par
|
|turn|16
|choice||
|
|move|p1a: Exeggutor|Psychic|p2a: Exeggutor
|-resisted|p2a: Exeggutor
|-damage|p2a: Exeggutor|22\/100 par
|-unboost|p2a: Exeggutor|spd|1
|-unboost|p2a: Exeggutor|spa|1
|move|p2a: Exeggutor|Sleep Powder|p1a: Exeggutor
|-status|p1a: Exeggutor|slp
|
|turn|17
|choice||
|
|switch|p1a: Jynx|Jynx|100\/100 par
|switch|p2a: Snorlax|Snorlax|100\/100
|
|turn|18
|c|+fapkingg|outdated af yn
|c|★Beds|doesn't that imply that they were ever not outdated? :^)
|choice||
|
|move|p2a: Snorlax|Earthquake|p1a: Jynx
|-damage|p1a: Jynx|58\/100 par
|move|p1a: Jynx|Blizzard|p2a: Snorlax
|-damage|p2a: Snorlax|69\/100
|
|turn|19
|c|+fapkingg|maybe hehe
|choice||
|
|switch|p1a: Snorlax|Snorlax, M|100\/100
|move|p2a: Snorlax|Body Slam|p1a: Snorlax
|-damage|p1a: Snorlax|76\/100
|
|turn|20
|c|+fapkingg|lemme see the koopacow
|choice||
|
|move|p2a: Snorlax|Self-Destruct|p1a: Snorlax
|-damage|p1a: Snorlax|0 fnt
|faint|p1a: Snorlax
|faint|p2a: Snorlax
|choice||
|
|switch|p1a: Tauros|Tauros|100\/100
|switch|p2a: Golem|Golem|90\/100
|turn|21
|choice||
|
|switch|p2a: Exeggutor|Exeggutor|22\/100 par
|move|p1a: Tauros|Blizzard|p2a: Exeggutor
|-supereffective|p2a: Exeggutor
|-damage|p2a: Exeggutor|0 fnt
|faint|p2a: Exeggutor
|choice||
|
|switch|p2a: Chansey|Chansey|100\/100
|turn|22
|choice||
|
|switch|p1a: Alakazam|Alakazam, M|100\/100
|move|p2a: Chansey|Reflect|p2a: Chansey
|-start|p2a: Chansey|Reflect
|
|turn|23
|choice||
|
|move|p1a: Alakazam|Thunder Wave|p2a: Chansey
|-status|p2a: Chansey|par
|move|p2a: Chansey|Thunder Wave|p1a: Alakazam
|-status|p1a: Alakazam|par
|
|turn|24
|choice||
|
|switch|p1a: Exeggutor|Exeggutor, M|52\/100 slp
|move|p2a: Chansey|Seismic Toss|p1a: Exeggutor
|-damage|p1a: Exeggutor|27\/100 slp
|
|turn|25
|choice||
|
|-curestatus|p1a: Exeggutor|slp
|move|p2a: Chansey|Thunder Wave|p1a: Exeggutor
|-status|p1a: Exeggutor|par
|
|turn|26
|choice||
|
|cant|p1a: Exeggutor|par
|move|p2a: Chansey|Seismic Toss|p1a: Exeggutor
|-damage|p1a: Exeggutor|1\/100 par
|
|turn|27
|choice||
|
|cant|p1a: Exeggutor|par
|move|p2a: Chansey|Seismic Toss|p1a: Exeggutor
|-damage|p1a: Exeggutor|0 fnt
|faint|p1a: Exeggutor
|c|★Real FV13|was my win
|c|★Real FV13|sad
|choice||
|
|switch|p1a: Tauros|Tauros|100\/100
|turn|28
|c|★Real FV13|ok
|c|★Beds|ain't ogre till it's ogre
|c|★Real FV13|time to do
|c|★Real FV13|like u tauros
|choice||
|
|move|p1a: Tauros|Hyper Beam|p2a: Chansey
|-damage|p2a: Chansey|63\/100 par
|cant|p2a: Chansey|par
|
|turn|29
|-mustrecharge|p1a: Tauros
|-mustrecharge|p1a: Tauros
|c|★Real FV13|now
|c|★Real FV13|other chance
|c|★Real FV13|parahax
|choice||
|
|cant|p1a: Tauros|recharge
|move|p2a: Chansey|Thunder Wave|p1a: Tauros
|-status|p1a: Tauros|par
|
|turn|30
|choice||
|
|move|p1a: Tauros|Blizzard|p2a: Chansey
|-damage|p2a: Chansey|53\/100 par
|move|p2a: Chansey|Soft-Boiled|p2a: Chansey
|-heal|p2a: Chansey|100\/100 par
|
|turn|31
|choice||
|
|move|p1a: Tauros|Body Slam|p2a: Chansey
|-damage|p2a: Chansey|81\/100 par
|move|p2a: Chansey|Seismic Toss|p1a: Tauros
|-damage|p1a: Tauros|72\/100 par
|
|turn|32
|choice||
|
|switch|p2a: Golem|Golem|90\/100
|move|p1a: Tauros|Hyper Beam|p2a: Golem
|-resisted|p2a: Golem
|-damage|p2a: Golem|71\/100
|
|turn|33
|-mustrecharge|p1a: Tauros
|-message|Real FV13 forfeited.
|
|win|Beds