|J|Beds
|J|scald
|player|p1|Beds|252
|player|p2|scald|78
|gametype|singles
|gen|1
|tier|[Gen 1] OU
|seed|20578,33600,64413,12177
|rule|Sleep Clause Mod: Limit one foe put to sleep
|rule|Freeze Clause Mod: Limit one foe frozen
|rule|Species Clause: Limit one of each Pokémon
|rule|OHKO Clause: OHKO moves are banned
|rule|Evasion Moves Clause: Evasion moves are banned
|rule|HP Percentage Mod: HP is shown in percentages
|
|start
|switch|p1a: Gengar|Gengar|323\/323
|switch|p2a: Alakazam|Alakazam|313\/313
|turn|1
|J|jacob
|c|★Beds|gl hf
|c|+jacob|GO BEDS
|J|rocking out
|c|+jacob|I LOVE YOUUUUUUUU
|choice|switch 2|move 3
|
|switch|p1a: Exeggutor|Exeggutor|393\/393
|move|p2a: Alakazam|Psychic|p1a: Exeggutor
|-resisted|p1a: Exeggutor
|-damage|p1a: Exeggutor|342\/393
|
|turn|2
|J|fleggumfl
|c|+fleggumfl|im gay for beds
|choice|move 1|move 1
|
|move|p2a: Alakazam|Thunder Wave|p1a: Exeggutor
|-status|p1a: Exeggutor|par
|move|p1a: Exeggutor|Sleep Powder|p2a: Alakazam
|-status|p2a: Alakazam|slp
|
|turn|3
|c|+fleggumfl|kidding
|J|I'm Rick Astley
|choice|move 2|switch 2
|
|switch|p2a: Zapdos|Zapdos|383\/383
|move|p1a: Exeggutor|Psychic|p2a: Zapdos
|-damage|p2a: Zapdos|270\/383
|
|turn|4
|choice|move 4|move 3
|
|move|p2a: Zapdos|Drill Peck|p1a: Exeggutor
|-supereffective|p1a: Exeggutor
|-damage|p1a: Exeggutor|162\/393 par
|move|p1a: Exeggutor|Stun Spore|p2a: Zapdos
|-status|p2a: Zapdos|par
|
|turn|5
|c|+jacob|Beds is a cute boy :#
|c|★Beds|stop this
|choice|switch 4|move 4
|
|switch|p1a: Snorlax|Snorlax|523\/523
|move|p2a: Zapdos|Thunder Wave|p1a: Snorlax
|-status|p1a: Snorlax|par
|
|turn|6
|c|+I'm Rick Astley|Beds don't listen to them I'm the only one who loves you really.
|J|pass me teams pls
|c|★Beds|i'm not into britbongs
|c|+I'm Rick Astley|:^(.
|choice|move 1|switch 3
|
|switch|p2a: Snorlax|Snorlax|523\/523
|move|p1a: Snorlax|Body Slam|p2a: Snorlax
|-crit|p2a: Snorlax
|-damage|p2a: Snorlax|262\/523
|
|turn|7
|J|shaian
|choice|move 1|move 2
|
|move|p2a: Snorlax|Body Slam|p1a: Snorlax
|-damage|p1a: Snorlax|385\/523 par
|cant|p1a: Snorlax|par
|
|turn|8
|choice|switch 2|move 2
|
|switch|p1a: Gengar|Gengar|323\/323
|move|p2a: Snorlax|Body Slam|p1a: Gengar
|-immune|p1a: Gengar|[msg]
|
|turn|9
|choice|move 2|switch 6
|
|switch|p2a: Chansey|Chansey|703\/703
|move|p1a: Gengar|Thunderbolt|p2a: Chansey
|-crit|p2a: Chansey
|-damage|p2a: Chansey|540\/703
|-status|p2a: Chansey|par
|
|turn|10
|L|pass me teams pls
|J|Meru
|choice|move 4|move 2
|
|move|p1a: Gengar|Explosion|p2a: Chansey
|-damage|p2a: Chansey|0 fnt
|faint|p2a: Chansey
|faint|p1a: Gengar
|choice|switch 3|switch 6
|
|switch|p1a: Chansey|Chansey|703\/703
|switch|p2a: Snorlax|Snorlax|262\/523
|turn|11
|L|shaian
|choice|move 1|move 2
|
|move|p1a: Chansey|Ice Beam|p2a: Snorlax
|-damage|p2a: Snorlax|161\/523
|move|p2a: Snorlax|Body Slam|p1a: Chansey
|-damage|p1a: Chansey|406\/703
|
|turn|12
|choice|switch 2|move 1
|
|switch|p1a: Snorlax|Snorlax|385\/523 par
|move|p2a: Snorlax|Self-Destruct|p1a: Snorlax
|-damage|p1a: Snorlax|0 fnt
|faint|p1a: Snorlax
|faint|p2a: Snorlax
|choice|switch 6|switch 5
|
|switch|p1a: Starmie|Starmie|323\/323
|switch|p2a: Exeggutor|Exeggutor|393\/393
|turn|13
|J|pass me teams pls
|choice|switch 4|move 2
|
|switch|p1a: Exeggutor|Exeggutor|162\/393 par
|move|p2a: Exeggutor|Sleep Powder|p1a: Exeggutor
|-fail|p1a: Exeggutor
|
|turn|14
|choice|move 2|switch 3
|
|switch|p2a: Zapdos|Zapdos|270\/383 par
|cant|p1a: Exeggutor|par
|
|turn|15
|choice|switch 2|move 3
|
|switch|p1a: Chansey|Chansey|406\/703
|move|p2a: Zapdos|Drill Peck|p1a: Chansey
|-damage|p1a: Chansey|154\/703
|
|turn|16
|choice|move 4|move 4
|
|move|p1a: Chansey|Soft-Boiled|p1a: Chansey
|-heal|p1a: Chansey|505\/703
|cant|p2a: Zapdos|par
|
|turn|17
|choice|move 1|move 4
|
|move|p1a: Chansey|Ice Beam|p2a: Zapdos
|-supereffective|p2a: Zapdos
|-damage|p2a: Zapdos|127\/383 par
|cant|p2a: Zapdos|par
|
|turn|18
|J|fa p king g
|choice|move 1|move 4
|
|move|p1a: Chansey|Ice Beam|p2a: Zapdos
|-supereffective|p2a: Zapdos
|-damage|p2a: Zapdos|3\/383 par
|move|p2a: Zapdos|Thunder Wave|p1a: Chansey
|-status|p1a: Chansey|par
|
|turn|19
|choice|move 4|move 3
|
|move|p2a: Zapdos|Drill Peck|p1a: Chansey
|-crit|p1a: Chansey
|-damage|p1a: Chansey|28\/703 par
|move|p1a: Chansey|Soft-Boiled|p1a: Chansey
|-heal|p1a: Chansey|379\/703 par
|
|turn|20
|choice|move 4|move 3
|
|move|p2a: Zapdos|Drill Peck|p1a: Chansey
|-damage|p1a: Chansey|159\/703 par
|move|p1a: Chansey|Soft-Boiled|p1a: Chansey
|-heal|p1a: Chansey|510\/703 par
|
|turn|21
|choice|switch 4|move 3
|
|switch|p1a: Starmie|Starmie|323\/323
|move|p2a: Zapdos|Drill Peck|p1a: Starmie
|-damage|p1a: Starmie|232\/323
|
|turn|22
|choice|move 3|switch 3
|
|switch|p2a: Exeggutor|Exeggutor|393\/393
|move|p1a: Starmie|Thunderbolt|p2a: Exeggutor
|-resisted|p2a: Exeggutor
|-damage|p2a: Exeggutor|363\/393
|
|turn|23
|L|jacob
|choice|switch 4|move 2
|
|switch|p1a: Chansey|Chansey|510\/703 par
|move|p2a: Exeggutor|Sleep Powder|p1a: Chansey
|-fail|p1a: Chansey
|
|turn|24
|choice|move 2|switch 3
|
|switch|p2a: Zapdos|Zapdos|3\/383 par
|move|p1a: Chansey|Thunder Wave|p2a: Zapdos
|-fail|p2a: Zapdos|par
|
|turn|25
|choice|switch 2|move 3
|
|switch|p1a: Exeggutor|Exeggutor|162\/393 par
|move|p2a: Zapdos|Drill Peck|p1a: Exeggutor
|-supereffective|p1a: Exeggutor
|-damage|p1a: Exeggutor|0 fnt
|faint|p1a: Exeggutor
|choice|switch 4|
|
|switch|p1a: Starmie|Starmie|232\/323
|turn|26
|L|Meru
|choice|move 2|switch 3
|
|switch|p2a: Exeggutor|Exeggutor|363\/393
|move|p1a: Starmie|Blizzard|p2a: Exeggutor
|-supereffective|p2a: Exeggutor
|-damage|p2a: Exeggutor|192\/393
|
|turn|27
|choice|switch 2|move 4
|
|switch|p1a: Chansey|Chansey|510\/703 par
|move|p2a: Exeggutor|Explosion|p1a: Chansey
|-damage|p1a: Chansey|0 fnt
|faint|p1a: Chansey
|faint|p2a: Exeggutor
|choice|switch 2|switch 3
|
|switch|p1a: Starmie|Starmie|232\/323
|switch|p2a: Zapdos|Zapdos|3\/383 par
|turn|28
|choice|move 3|move 2
|
|move|p1a: Starmie|Thunderbolt|p2a: Zapdos
|-damage|p2a: Zapdos|0 fnt
|faint|p2a: Zapdos
|choice||switch 4
|
|switch|p2a: Tauros|Tauros|353\/353
|turn|29
|J|Alexander
|choice|move 1|move 1
|
|move|p1a: Starmie|Thunder Wave|p2a: Tauros
|-status|p2a: Tauros|par
|move|p2a: Tauros|Body Slam|p1a: Starmie
|-damage|p1a: Starmie|120\/323
|
|turn|30
|choice|move 4|move 1
|
|move|p1a: Starmie|Recover|p1a: Starmie
|-heal|p1a: Starmie|281\/323
|move|p2a: Tauros|Body Slam|p1a: Starmie
|-damage|p1a: Starmie|171\/323
|-status|p1a: Starmie|par
|
|turn|31
|choice|move 4|switch 2
|
|switch|p2a: Alakazam|Alakazam|313\/313 slp
|move|p1a: Starmie|Recover|p1a: Starmie
|-heal|p1a: Starmie|323\/323 par
|
|turn|32
|choice|switch 5|move 2
|
|switch|p1a: Tauros|Tauros|353\/353
|cant|p2a: Alakazam|slp
|
|turn|33
|choice|move 1|move 1
|
|-curestatus|p2a: Alakazam|slp
|move|p1a: Tauros|Body Slam|p2a: Alakazam
|-damage|p2a: Alakazam|161\/313
|-status|p2a: Alakazam|par
|
|turn|34
|choice|move 4|move 1
|
|move|p1a: Tauros|Hyper Beam|p2a: Alakazam|[miss]
|-miss|p1a: Tauros
|move|p2a: Alakazam|Thunder Wave|p1a: Tauros
|-status|p1a: Tauros|par
|
|turn|35
|choice|move 1|move 4
|
|move|p2a: Alakazam|Recover|p2a: Alakazam
|-heal|p2a: Alakazam|313\/313 par
|move|p1a: Tauros|Body Slam|p2a: Alakazam
|-damage|p2a: Alakazam|149\/313 par
|
|turn|36
|choice|move 1|move 3
|
|move|p2a: Alakazam|Psychic|p1a: Tauros
|-damage|p1a: Tauros|201\/353 par
|-unboost|p1a: Tauros|spd|1
|-unboost|p1a: Tauros|spa|1
|move|p1a: Tauros|Body Slam|p2a: Alakazam
|-damage|p2a: Alakazam|0 fnt
|faint|p2a: Alakazam
|choice||switch 2
|
|switch|p2a: Tauros|Tauros|353\/353 par
|turn|37
|choice|move 4|move 1
|
|move|p2a: Tauros|Body Slam|p1a: Tauros
|-damage|p1a: Tauros|99\/353 par
|move|p1a: Tauros|Hyper Beam|p2a: Tauros
|-damage|p2a: Tauros|174\/353 par
|
|turn|38
|-mustrecharge|p1a: Tauros
|-mustrecharge|p1a: Tauros
|choice|move 1|move 1
|
|move|p2a: Tauros|Body Slam|p1a: Tauros
|-damage|p1a: Tauros|0 fnt
|faint|p1a: Tauros
|choice|switch 5|
|
|switch|p1a: Starmie|Starmie|323\/323 par
|turn|39
|choice|move 3|move 2
|
|move|p1a: Starmie|Thunderbolt|p2a: Tauros
|-damage|p2a: Tauros|73\/353 par
|move|p2a: Tauros|Hyper Beam|p1a: Starmie
|-crit|p1a: Starmie
|-damage|p1a: Starmie|0 fnt
|faint|p1a: Starmie
|
|win|scald