|J|Alexander
|J|SunnyORAS
|player|p1|Alexander|101
|player|p2|SunnyORAS|163
|gametype|singles
|gen|1
|tier|[Gen 1] OU
|seed|33810,45957,42363,60989
|rule|Sleep Clause Mod: Limit one foe put to sleep
|rule|Freeze Clause Mod: Limit one foe frozen
|rule|Species Clause: Limit one of each Pokémon
|rule|OHKO Clause: OHKO moves are banned
|rule|Evasion Moves Clause: Evasion moves are banned
|rule|HP Percentage Mod: HP is shown in percentages
|
|start
|switch|p1a: Alakazam|Alakazam|313\/313
|switch|p2a: Alakazam|Alakazam|313\/313
|turn|1
|choice|switch 2|move 4
|
|switch|p1a: Exeggutor|Exeggutor|393\/393
|move|p2a: Alakazam|Seismic Toss|p1a: Exeggutor
|-damage|p1a: Exeggutor|293\/393
|
|turn|2
|choice|move 1|move 4
|
|move|p2a: Alakazam|Seismic Toss|p1a: Exeggutor
|-damage|p1a: Exeggutor|193\/393
|move|p1a: Exeggutor|Sleep Powder|p2a: Alakazam|[miss]
|-miss|p1a: Exeggutor
|
|turn|3
|choice|move 4|move 4
|
|move|p2a: Alakazam|Seismic Toss|p1a: Exeggutor
|-damage|p1a: Exeggutor|93\/393
|move|p1a: Exeggutor|Explosion|p2a: Alakazam
|-damage|p2a: Alakazam|0 fnt
|faint|p2a: Alakazam
|faint|p1a: Exeggutor
|choice|switch 2|switch 4
|
|switch|p1a: Alakazam|Alakazam|313\/313
|switch|p2a: Jynx|Jynx|333\/333
|turn|4
|J|Lusch
|choice|move 1|move 1
|
|move|p1a: Alakazam|Thunder Wave|p2a: Jynx
|-status|p2a: Jynx|par
|move|p2a: Jynx|Blizzard|p1a: Alakazam
|-damage|p1a: Alakazam|201\/313
|
|turn|5
|choice|move 3|move 1
|
|move|p1a: Alakazam|Seismic Toss|p2a: Jynx
|-damage|p2a: Jynx|233\/333 par
|cant|p2a: Jynx|par
|
|turn|6
|choice|move 2|move 3
|
|move|p1a: Alakazam|Psychic|p2a: Jynx
|-resisted|p2a: Jynx
|-damage|p2a: Jynx|162\/333 par
|move|p2a: Jynx|Lovely Kiss|p1a: Alakazam
|-status|p1a: Alakazam|slp
|
|turn|7
|choice|switch 3|move 2
|
|switch|p1a: Chansey|Chansey|703\/703
|cant|p2a: Jynx|par
|
|turn|8
|choice|move 2|move 4
|
|move|p1a: Chansey|Seismic Toss|p2a: Jynx
|-damage|p2a: Jynx|62\/333 par
|move|p2a: Jynx|Rest|p2a: Jynx
|-status|p2a: Jynx|slp
|-heal|p2a: Jynx|333\/333 slp|[silent]
|-status|p2a: Jynx|slp|[from] move: Rest
|
|turn|9
|choice|move 2|switch 3
|
|switch|p2a: Exeggutor|Exeggutor|393\/393
|move|p1a: Chansey|Seismic Toss|p2a: Exeggutor
|-damage|p2a: Exeggutor|293\/393
|
|turn|10
|choice|move 3|move 1
|
|move|p2a: Exeggutor|Leech Seed|p1a: Chansey
|-start|p1a: Chansey|move: Leech Seed
|move|p1a: Chansey|Reflect|p1a: Chansey
|-start|p1a: Chansey|Reflect
|-damage|p1a: Chansey|660\/703|[from] Leech Seed|[of] p2a: Exeggutor
|-heal|p2a: Exeggutor|336\/393|[silent]
|
|turn|11
|choice|move 1|move 3
|
|move|p2a: Exeggutor|Psychic|p1a: Chansey
|-damage|p1a: Chansey|536\/703
|-unboost|p1a: Chansey|spd|1
|-unboost|p1a: Chansey|spa|1
|move|p1a: Chansey|Thunder Wave|p2a: Exeggutor
|-status|p2a: Exeggutor|par
|-damage|p1a: Chansey|493\/703|[from] Leech Seed|[of] p2a: Exeggutor
|-heal|p2a: Exeggutor|379\/393 par|[silent]
|
|turn|12
|choice|move 4|move 1
|
|move|p1a: Chansey|Soft-Boiled|p1a: Chansey
|-heal|p1a: Chansey|703\/703
|-damage|p1a: Chansey|660\/703|[from] Leech Seed|[of] p2a: Exeggutor
|-heal|p2a: Exeggutor|393\/393 par|[silent]
|move|p2a: Exeggutor|Leech Seed|p1a: Chansey
|
|turn|13
|choice|move 2|move 3
|
|move|p1a: Chansey|Seismic Toss|p2a: Exeggutor
|-damage|p2a: Exeggutor|293\/393 par
|-damage|p1a: Chansey|617\/703|[from] Leech Seed|[of] p2a: Exeggutor
|-heal|p2a: Exeggutor|336\/393 par|[silent]
|cant|p2a: Exeggutor|par
|
|turn|14
|choice|switch 3|move 3
|
|switch|p1a: Alakazam|Alakazam|201\/313 slp
|move|p2a: Exeggutor|Psychic|p1a: Alakazam
|-resisted|p1a: Alakazam
|-damage|p1a: Alakazam|156\/313 slp
|-unboost|p1a: Alakazam|spd|1
|-unboost|p1a: Alakazam|spa|1
|
|turn|15
|choice|switch 3|switch 5
|
|switch|p1a: Chansey|Chansey|617\/703
|switch|p2a: Snorlax|Snorlax|523\/523
|
|turn|16
|choice|move 3|move 1
|
|move|p1a: Chansey|Reflect|p1a: Chansey
|-start|p1a: Chansey|Reflect
|move|p2a: Snorlax|Body Slam|p1a: Chansey
|-damage|p1a: Chansey|467\/703
|
|turn|17
|choice|move 2|switch 2
|
|switch|p2a: Chansey|Chansey|703\/703
|move|p1a: Chansey|Seismic Toss|p2a: Chansey
|-damage|p2a: Chansey|603\/703
|
|turn|18
|choice|move 1|move 3
|
|move|p2a: Chansey|Ice Beam|p1a: Chansey
|-damage|p1a: Chansey|391\/703
|move|p1a: Chansey|Thunder Wave|p2a: Chansey
|-status|p2a: Chansey|par
|
|turn|19
|choice|move 4|move 3
|
|move|p1a: Chansey|Soft-Boiled|p1a: Chansey
|-heal|p1a: Chansey|703\/703
|move|p2a: Chansey|Ice Beam|p1a: Chansey
|-damage|p1a: Chansey|629\/703
|
|turn|20
|choice|switch 3|move 3
|
|switch|p1a: Alakazam|Alakazam|156\/313 slp
|move|p2a: Chansey|Ice Beam|p1a: Alakazam
|-damage|p1a: Alakazam|92\/313 slp
|
|turn|21
|choice|switch 6|switch 2
|
|switch|p1a: Snorlax|Snorlax|523\/523
|switch|p2a: Snorlax|Snorlax|523\/523
|
|turn|22
|choice|move 2|move 4
|
|move|p2a: Snorlax|Reflect|p2a: Snorlax
|-start|p2a: Snorlax|Reflect
|move|p1a: Snorlax|Counter|p2a: Snorlax
|-fail|p1a: Snorlax
|
|turn|23
|choice|switch 3|move 4
|
|switch|p1a: Chansey|Chansey|629\/703
|move|p2a: Snorlax|Reflect|p2a: Snorlax
|-fail|p2a: Snorlax
|
|turn|24
|J|Fakkesi
|choice|move 3|move 1
|
|move|p1a: Chansey|Reflect|p1a: Chansey
|-start|p1a: Chansey|Reflect
|move|p2a: Snorlax|Body Slam|p1a: Chansey
|-damage|p1a: Chansey|492\/703
|
|turn|25
|choice|move 4|switch 2
|
|switch|p2a: Chansey|Chansey|603\/703 par
|move|p1a: Chansey|Soft-Boiled|p1a: Chansey
|-heal|p1a: Chansey|703\/703
|
|turn|26
|choice|switch 3|move 3
|
|switch|p1a: Snorlax|Snorlax|523\/523
|move|p2a: Chansey|Ice Beam|p1a: Snorlax
|-damage|p1a: Snorlax|415\/523
|-status|p1a: Snorlax|frz
|
|turn|27
|choice|switch 6|switch 5
|
|switch|p1a: Alakazam|Alakazam|92\/313 slp
|switch|p2a: Exeggutor|Exeggutor|336\/393 par
|
|turn|28
|choice|switch 4|switch 6
|
|switch|p1a: Starmie|Starmie|323\/323
|switch|p2a: Rhydon|Rhydon|413\/413
|
|turn|29
|choice|move 1|switch 5
|
|switch|p2a: Chansey|Chansey|603\/703 par
|move|p1a: Starmie|Psychic|p2a: Chansey
|-damage|p2a: Chansey|503\/703 par
|-unboost|p2a: Chansey|spd|1
|-unboost|p2a: Chansey|spa|1
|
|turn|30
|choice|move 1|move 4
|
|move|p1a: Starmie|Psychic|p2a: Chansey
|-damage|p2a: Chansey|337\/703 par
|-unboost|p2a: Chansey|spd|1
|-unboost|p2a: Chansey|spa|1
|move|p2a: Chansey|Soft-Boiled|p2a: Chansey
|-heal|p2a: Chansey|688\/703 par
|
|turn|31
|choice|move 1|switch 3
|
|switch|p2a: Jynx|Jynx|333\/333 slp
|move|p1a: Starmie|Psychic|p2a: Jynx
|-resisted|p2a: Jynx
|-damage|p2a: Jynx|283\/333 slp
|
|turn|32
|choice|switch 5|switch 3
|
|switch|p1a: Tauros|Tauros|353\/353
|switch|p2a: Chansey|Chansey|688\/703 par
|
|turn|33
|choice|move 2|move 1
|
|move|p1a: Tauros|Earthquake|p2a: Chansey
|-damage|p2a: Chansey|487\/703 par
|move|p2a: Chansey|Thunder Wave|p1a: Tauros
|-status|p1a: Tauros|par
|
|turn|34
|choice|move 1|move 4
|
|move|p1a: Tauros|Body Slam|p2a: Chansey
|-damage|p2a: Chansey|232\/703 par
|cant|p2a: Chansey|par
|
|turn|35
|choice|move 1|switch 2
|
|switch|p2a: Snorlax|Snorlax|523\/523
|move|p1a: Tauros|Body Slam|p2a: Snorlax
|-crit|p2a: Snorlax
|-damage|p2a: Snorlax|275\/523
|
|turn|36
|choice|move 1|move 4
|
|move|p2a: Snorlax|Reflect|p2a: Snorlax
|-start|p2a: Snorlax|Reflect
|move|p1a: Tauros|Body Slam|p2a: Snorlax
|-damage|p2a: Snorlax|214\/523
|
|turn|37
|choice|switch 3|move 3
|
|switch|p1a: Chansey|Chansey|703\/703
|move|p2a: Snorlax|Rest|p2a: Snorlax
|-status|p2a: Snorlax|slp
|-heal|p2a: Snorlax|523\/523 slp|[silent]
|-status|p2a: Snorlax|slp|[from] move: Rest
|
|turn|38
|choice|switch 3|move 1
|
|switch|p1a: Tauros|Tauros|353\/353 par
|cant|p2a: Snorlax|slp
|
|turn|39
|choice|move 4|move 1
|
|-curestatus|p2a: Snorlax|slp
|cant|p1a: Tauros|par
|
|turn|40
|choice|switch 3|move 1
|
|switch|p1a: Chansey|Chansey|703\/703
|move|p2a: Snorlax|Body Slam|p1a: Chansey
|-damage|p1a: Chansey|423\/703
|
|turn|41
|choice|move 3|switch 2
|
|switch|p2a: Chansey|Chansey|232\/703 par
|move|p1a: Chansey|Reflect|p1a: Chansey
|-start|p1a: Chansey|Reflect
|
|turn|42
|choice|move 4|move 4
|
|move|p1a: Chansey|Soft-Boiled|p1a: Chansey
|-heal|p1a: Chansey|703\/703
|move|p2a: Chansey|Soft-Boiled|p2a: Chansey
|-heal|p2a: Chansey|583\/703 par
|
|turn|43
|choice|switch 3|move 1
|
|switch|p1a: Tauros|Tauros|353\/353 par
|move|p2a: Chansey|Thunder Wave|p1a: Tauros
|-fail|p1a: Tauros|par
|
|turn|44
|choice|move 2|switch 2
|
|switch|p2a: Snorlax|Snorlax|523\/523
|move|p1a: Tauros|Earthquake|p2a: Snorlax
|-damage|p2a: Snorlax|422\/523
|
|turn|45
|choice|move 4|move 1
|
|move|p2a: Snorlax|Body Slam|p1a: Tauros
|-damage|p1a: Tauros|249\/353 par
|move|p1a: Tauros|Blizzard|p2a: Snorlax
|-crit|p2a: Snorlax
|-damage|p2a: Snorlax|241\/523
|
|turn|46
|choice|move 1|move 4
|
|move|p2a: Snorlax|Reflect|p2a: Snorlax
|-start|p2a: Snorlax|Reflect
|move|p1a: Tauros|Body Slam|p2a: Snorlax
|-crit|p2a: Snorlax
|-damage|p2a: Snorlax|0 fnt
|faint|p2a: Snorlax
|choice||switch 5
|
|switch|p2a: Rhydon|Rhydon|413\/413
|turn|47
|choice|switch 3|move 1
|
|switch|p1a: Chansey|Chansey|703\/703
|move|p2a: Rhydon|Earthquake|p1a: Chansey
|-damage|p1a: Chansey|344\/703
|
|turn|48
|choice|move 4|move 1
|
|move|p1a: Chansey|Soft-Boiled|p1a: Chansey
|-heal|p1a: Chansey|695\/703
|move|p2a: Rhydon|Earthquake|p1a: Chansey
|-damage|p1a: Chansey|334\/703
|
|turn|49
|choice|move 3|move 1
|
|move|p1a: Chansey|Reflect|p1a: Chansey
|-start|p1a: Chansey|Reflect
|move|p2a: Rhydon|Earthquake|p1a: Chansey
|-damage|p1a: Chansey|140\/703
|
|turn|50
|choice|move 4|switch 2
|
|switch|p2a: Chansey|Chansey|583\/703 par
|move|p1a: Chansey|Soft-Boiled|p1a: Chansey
|-heal|p1a: Chansey|491\/703
|
|turn|51
|choice|move 4|move 3
|
|move|p1a: Chansey|Soft-Boiled|p1a: Chansey
|-heal|p1a: Chansey|703\/703
|move|p2a: Chansey|Ice Beam|p1a: Chansey
|-damage|p1a: Chansey|622\/703
|
|turn|52
|choice|switch 3|move 1
|
|switch|p1a: Tauros|Tauros|249\/353 par
|move|p2a: Chansey|Thunder Wave|p1a: Tauros
|-fail|p1a: Tauros|par
|
|turn|53
|choice|move 2|move 3
|
|move|p1a: Tauros|Earthquake|p2a: Chansey
|-crit|p2a: Chansey
|-damage|p2a: Chansey|173\/703 par
|move|p2a: Chansey|Ice Beam|p1a: Tauros
|-damage|p1a: Tauros|156\/353 par
|
|turn|54
|choice|move 1|move 3
|
|move|p1a: Tauros|Body Slam|p2a: Chansey
|-damage|p2a: Chansey|0 fnt
|faint|p2a: Chansey
|choice||switch 2
|
|switch|p2a: Rhydon|Rhydon|413\/413
|turn|55
|choice|switch 3|move 1
|
|switch|p1a: Chansey|Chansey|622\/703
|move|p2a: Rhydon|Earthquake|p1a: Chansey
|-damage|p1a: Chansey|259\/703
|
|turn|56
|choice|move 4|move 1
|
|move|p1a: Chansey|Soft-Boiled|p1a: Chansey
|-heal|p1a: Chansey|610\/703
|move|p2a: Rhydon|Earthquake|p1a: Chansey
|-damage|p1a: Chansey|236\/703
|
|turn|57
|choice|move 3|switch 6
|
|switch|p2a: Exeggutor|Exeggutor|336\/393 par
|move|p1a: Chansey|Reflect|p1a: Chansey
|-start|p1a: Chansey|Reflect
|
|turn|58
|choice|move 4|move 4
|
|move|p1a: Chansey|Soft-Boiled|p1a: Chansey
|-heal|p1a: Chansey|587\/703
|move|p2a: Exeggutor|Stun Spore|p1a: Chansey|[miss]
|-miss|p2a: Exeggutor
|
|turn|59
|choice|move 2|move 1
|
|move|p1a: Chansey|Seismic Toss|p2a: Exeggutor
|-damage|p2a: Exeggutor|236\/393 par
|move|p2a: Exeggutor|Leech Seed|p1a: Chansey
|-start|p1a: Chansey|move: Leech Seed
|
|turn|60
|choice|move 2|move 4
|
|move|p1a: Chansey|Seismic Toss|p2a: Exeggutor
|-damage|p2a: Exeggutor|136\/393 par
|-damage|p1a: Chansey|544\/703|[from] Leech Seed|[of] p2a: Exeggutor
|-heal|p2a: Exeggutor|179\/393 par|[silent]
|cant|p2a: Exeggutor|par
|
|turn|61
|choice|move 2|move 3
|
|move|p1a: Chansey|Seismic Toss|p2a: Exeggutor
|-damage|p2a: Exeggutor|79\/393 par
|-damage|p1a: Chansey|501\/703|[from] Leech Seed|[of] p2a: Exeggutor
|-heal|p2a: Exeggutor|122\/393 par|[silent]
|move|p2a: Exeggutor|Psychic|p1a: Chansey
|-damage|p1a: Chansey|380\/703
|-unboost|p1a: Chansey|spd|1
|-unboost|p1a: Chansey|spa|1
|
|turn|62
|choice|move 4|move 2
|
|move|p1a: Chansey|Soft-Boiled|p1a: Chansey
|-heal|p1a: Chansey|703\/703
|-damage|p1a: Chansey|660\/703|[from] Leech Seed|[of] p2a: Exeggutor
|-heal|p2a: Exeggutor|165\/393 par|[silent]
|cant|p2a: Exeggutor|par
|
|turn|63
|choice|move 2|move 4
|
|move|p1a: Chansey|Seismic Toss|p2a: Exeggutor
|-damage|p2a: Exeggutor|65\/393 par
|-damage|p1a: Chansey|617\/703|[from] Leech Seed|[of] p2a: Exeggutor
|-heal|p2a: Exeggutor|108\/393 par|[silent]
|move|p2a: Exeggutor|Stun Spore|p1a: Chansey|[miss]
|-miss|p2a: Exeggutor
|
|turn|64
|choice|move 2|move 2
|
|move|p1a: Chansey|Seismic Toss|p2a: Exeggutor
|-damage|p2a: Exeggutor|8\/393 par
|-damage|p1a: Chansey|574\/703|[from] Leech Seed|[of] p2a: Exeggutor
|-heal|p2a: Exeggutor|51\/393 par|[silent]
|move|p2a: Exeggutor|Rest|p2a: Exeggutor
|-status|p2a: Exeggutor|slp
|-heal|p2a: Exeggutor|393\/393 slp|[silent]
|-status|p2a: Exeggutor|slp|[from] move: Rest
|
|turn|65
|choice|switch 5|switch 6
|
|switch|p1a: Starmie|Starmie|323\/323
|switch|p2a: Rhydon|Rhydon|413\/413
|
|turn|66
|choice|move 1|switch 3
|
|switch|p2a: Jynx|Jynx|283\/333 slp
|move|p1a: Starmie|Psychic|p2a: Jynx
|-resisted|p2a: Jynx
|-damage|p2a: Jynx|224\/333 slp
|-unboost|p2a: Jynx|spd|1
|-unboost|p2a: Jynx|spa|1
|
|turn|67
|choice|move 2|move 1
|
|move|p1a: Starmie|Thunderbolt|p2a: Jynx
|-damage|p2a: Jynx|113\/333 slp
|cant|p2a: Jynx|slp
|
|turn|68
|choice|move 1|move 3
|
|move|p1a: Starmie|Psychic|p2a: Jynx
|-resisted|p2a: Jynx
|-damage|p2a: Jynx|28\/333 slp
|-unboost|p2a: Jynx|spd|1
|-unboost|p2a: Jynx|spa|1
|-curestatus|p2a: Jynx|slp
|
|turn|69
|choice|move 1|move 4
|
|move|p1a: Starmie|Psychic|p2a: Jynx
|-resisted|p2a: Jynx
|-damage|p2a: Jynx|0 fnt
|faint|p2a: Jynx
|choice||switch 6
|
|switch|p2a: Exeggutor|Exeggutor|393\/393 slp
|turn|70
|choice|move 1|move 3
|
|move|p1a: Starmie|Psychic|p2a: Exeggutor
|-resisted|p2a: Exeggutor
|-damage|p2a: Exeggutor|345\/393 slp
|cant|p2a: Exeggutor|slp
|
|turn|71
|choice|move 1|move 3
|
|move|p1a: Starmie|Psychic|p2a: Exeggutor
|-resisted|p2a: Exeggutor
|-damage|p2a: Exeggutor|301\/393 slp
|-unboost|p2a: Exeggutor|spd|1
|-unboost|p2a: Exeggutor|spa|1
|-curestatus|p2a: Exeggutor|slp
|
|turn|72
|choice|move 1|move 4
|
|move|p1a: Starmie|Psychic|p2a: Exeggutor
|-crit|p2a: Exeggutor
|-resisted|p2a: Exeggutor
|-damage|p2a: Exeggutor|211\/393
|-unboost|p2a: Exeggutor|spd|1
|-unboost|p2a: Exeggutor|spa|1
|move|p2a: Exeggutor|Stun Spore|p1a: Starmie
|-status|p1a: Starmie|par
|
|turn|73
|J|Coti
|choice|move 1|move 2
|
|move|p2a: Exeggutor|Rest|p2a: Exeggutor
|-status|p2a: Exeggutor|slp
|-heal|p2a: Exeggutor|393\/393 slp|[silent]
|-status|p2a: Exeggutor|slp|[from] move: Rest
|move|p1a: Starmie|Psychic|p2a: Exeggutor
|-resisted|p2a: Exeggutor
|-damage|p2a: Exeggutor|304\/393 slp
|
|turn|74
|choice|move 1|move 2
|
|cant|p2a: Exeggutor|slp
|cant|p1a: Starmie|par
|
|turn|75
|choice|move 1|move 2
|
|-curestatus|p2a: Exeggutor|slp
|move|p1a: Starmie|Psychic|p2a: Exeggutor
|-resisted|p2a: Exeggutor
|-damage|p2a: Exeggutor|216\/393
|
|turn|76
|choice|move 3|move 2
|
|move|p2a: Exeggutor|Rest|p2a: Exeggutor
|-status|p2a: Exeggutor|slp
|-heal|p2a: Exeggutor|393\/393 slp|[silent]
|-status|p2a: Exeggutor|slp|[from] move: Rest
|move|p1a: Starmie|Thunder Wave|p2a: Exeggutor
|-fail|p2a: Exeggutor
|
|turn|77
|choice|move 1|move 2
|
|cant|p2a: Exeggutor|slp
|cant|p1a: Starmie|par
|
|turn|78
|choice|move 3|move 2
|
|-curestatus|p2a: Exeggutor|slp
|move|p1a: Starmie|Thunder Wave|p2a: Exeggutor
|-status|p2a: Exeggutor|par
|
|turn|79
|choice|move 1|move 1
|
|move|p1a: Starmie|Psychic|p2a: Exeggutor
|-resisted|p2a: Exeggutor
|-damage|p2a: Exeggutor|308\/393 par
|move|p2a: Exeggutor|Leech Seed|p1a: Starmie
|-start|p1a: Starmie|move: Leech Seed
|
|turn|80
|choice|switch 3|move 2
|
|switch|p1a: Tauros|Tauros|156\/353 par
|move|p2a: Exeggutor|Rest|p2a: Exeggutor
|-status|p2a: Exeggutor|slp
|-heal|p2a: Exeggutor|393\/393 slp|[silent]
|-status|p2a: Exeggutor|slp|[from] move: Rest
|
|turn|81
|choice|move 4|switch 3
|
|switch|p2a: Rhydon|Rhydon|413\/413
|move|p1a: Tauros|Blizzard|p2a: Rhydon|[miss]
|-miss|p1a: Tauros
|
|turn|82
|c|★SunnyORAS|n.n
|choice|switch 5|move 1
|
|switch|p1a: Chansey|Chansey|574\/703
|move|p2a: Rhydon|Earthquake|p1a: Chansey
|-damage|p1a: Chansey|174\/703
|
|turn|83
|choice|move 4|switch 3
|
|switch|p2a: Exeggutor|Exeggutor|393\/393 slp
|move|p1a: Chansey|Soft-Boiled|p1a: Chansey
|-heal|p1a: Chansey|525\/703
|
|turn|84
|choice|move 2|move 1
|
|cant|p2a: Exeggutor|slp
|move|p1a: Chansey|Seismic Toss|p2a: Exeggutor
|-damage|p2a: Exeggutor|293\/393 slp
|
|turn|85
|choice|move 4|move 4
|
|-curestatus|p2a: Exeggutor|slp
|move|p1a: Chansey|Soft-Boiled|p1a: Chansey
|-heal|p1a: Chansey|703\/703
|
|turn|86
|choice|switch 3|move 4
|
|switch|p1a: Starmie|Starmie|323\/323 par
|move|p2a: Exeggutor|Stun Spore|p1a: Starmie
|-fail|p1a: Starmie|par
|
|turn|87
|choice|move 3|move 1
|
|move|p2a: Exeggutor|Leech Seed|p1a: Starmie
|-start|p1a: Starmie|move: Leech Seed
|move|p1a: Starmie|Thunder Wave|p2a: Exeggutor
|-status|p2a: Exeggutor|par
|-damage|p1a: Starmie|303\/323 par|[from] Leech Seed|[of] p2a: Exeggutor
|-heal|p2a: Exeggutor|313\/393 par|[silent]
|
|turn|88
|choice|move 1|move 3
|
|move|p1a: Starmie|Psychic|p2a: Exeggutor
|-resisted|p2a: Exeggutor
|-damage|p2a: Exeggutor|271\/393 par
|-damage|p1a: Starmie|283\/323 par|[from] Leech Seed|[of] p2a: Exeggutor
|-heal|p2a: Exeggutor|291\/393 par|[silent]
|move|p2a: Exeggutor|Psychic|p1a: Starmie
|-resisted|p1a: Starmie
|-damage|p1a: Starmie|220\/323 par
|
|turn|89
|choice|move 1|move 3
|
|move|p1a: Starmie|Psychic|p2a: Exeggutor
|-resisted|p2a: Exeggutor
|-damage|p2a: Exeggutor|244\/393 par
|-unboost|p2a: Exeggutor|spd|1
|-unboost|p2a: Exeggutor|spa|1
|-damage|p1a: Starmie|200\/323 par|[from] Leech Seed|[of] p2a: Exeggutor
|-heal|p2a: Exeggutor|264\/393 par|[silent]
|move|p2a: Exeggutor|Psychic|p1a: Starmie
|-resisted|p1a: Starmie
|-damage|p1a: Starmie|160\/323 par
|-unboost|p1a: Starmie|spd|1
|-unboost|p1a: Starmie|spa|1
|
|turn|90
|choice|move 4|move 3
|
|move|p1a: Starmie|Recover|p1a: Starmie
|-heal|p1a: Starmie|321\/323 par
|-damage|p1a: Starmie|301\/323 par|[from] Leech Seed|[of] p2a: Exeggutor
|-heal|p2a: Exeggutor|284\/393 par|[silent]
|move|p2a: Exeggutor|Psychic|p1a: Starmie
|-resisted|p1a: Starmie
|-damage|p1a: Starmie|243\/323 par
|
|turn|91
|choice|move 2|switch 3
|
|switch|p2a: Rhydon|Rhydon|413\/413
|move|p1a: Starmie|Thunderbolt|p2a: Rhydon
|-immune|p2a: Rhydon|[msg]
|-damage|p1a: Starmie|223\/323 par|[from] Leech Seed|[of] p2a: Rhydon
|
|turn|92
|choice|move 1|move 4
|
|move|p2a: Rhydon|Substitute|p2a: Rhydon
|-start|p2a: Rhydon|Substitute
|-damage|p2a: Rhydon|310\/413
|cant|p1a: Starmie|par
|-damage|p1a: Starmie|203\/323 par|[from] Leech Seed|[of] p2a: Rhydon
|-heal|p2a: Rhydon|330\/413|[silent]
|
|turn|93
|choice|switch 3|move 1
|
|switch|p1a: Chansey|Chansey|703\/703
|move|p2a: Rhydon|Earthquake|p1a: Chansey
|-damage|p1a: Chansey|319\/703
|
|turn|94
|c|★Alexander|n.n
|choice|move 3|switch 3
|
|switch|p2a: Exeggutor|Exeggutor|284\/393 par
|move|p1a: Chansey|Reflect|p1a: Chansey
|-start|p1a: Chansey|Reflect
|
|turn|95
|choice|move 4|move 1
|
|move|p1a: Chansey|Soft-Boiled|p1a: Chansey
|-heal|p1a: Chansey|670\/703
|cant|p2a: Exeggutor|par
|
|turn|96
|choice|switch 3|move 1
|
|switch|p1a: Starmie|Starmie|203\/323 par
|cant|p2a: Exeggutor|par
|
|turn|97
|choice|move 4|move 1
|
|cant|p1a: Starmie|par
|cant|p2a: Exeggutor|par
|
|turn|98
|choice|move 4|move 1
|
|move|p1a: Starmie|Recover|p1a: Starmie
|-heal|p1a: Starmie|323\/323 par
|move|p2a: Exeggutor|Leech Seed|p1a: Starmie|[miss]
|-miss|p2a: Exeggutor
|
|turn|99
|choice|move 2|move 1
|
|move|p1a: Starmie|Thunderbolt|p2a: Exeggutor
|-crit|p2a: Exeggutor
|-resisted|p2a: Exeggutor
|-damage|p2a: Exeggutor|225\/393 par
|move|p2a: Exeggutor|Leech Seed|p1a: Starmie
|-start|p1a: Starmie|move: Leech Seed
|
|turn|100
|choice|move 2|move 3
|
|move|p1a: Starmie|Thunderbolt|p2a: Exeggutor
|-resisted|p2a: Exeggutor
|-damage|p2a: Exeggutor|194\/393 par
|-damage|p1a: Starmie|303\/323 par|[from] Leech Seed|[of] p2a: Exeggutor
|-heal|p2a: Exeggutor|214\/393 par|[silent]
|move|p2a: Exeggutor|Psychic|p1a: Starmie
|-resisted|p1a: Starmie
|-damage|p1a: Starmie|243\/323 par
|
|turn|101
|L|Coti
|choice|move 1|move 3
|
|move|p1a: Starmie|Psychic|p2a: Exeggutor
|-resisted|p2a: Exeggutor
|-damage|p2a: Exeggutor|170\/393 par
|-unboost|p2a: Exeggutor|spd|1
|-unboost|p2a: Exeggutor|spa|1
|-damage|p1a: Starmie|223\/323 par|[from] Leech Seed|[of] p2a: Exeggutor
|-heal|p2a: Exeggutor|190\/393 par|[silent]
|move|p2a: Exeggutor|Psychic|p1a: Starmie
|-resisted|p1a: Starmie
|-damage|p1a: Starmie|182\/323 par
|
|turn|102
|choice|switch 5|move 2
|
|switch|p1a: Tauros|Tauros|156\/353 par
|move|p2a: Exeggutor|Rest|p2a: Exeggutor
|-status|p2a: Exeggutor|slp
|-heal|p2a: Exeggutor|393\/393 slp|[silent]
|-status|p2a: Exeggutor|slp|[from] move: Rest
|
|turn|103
|choice|move 4|move 3
|
|move|p1a: Tauros|Blizzard|p2a: Exeggutor
|-supereffective|p2a: Exeggutor
|-damage|p2a: Exeggutor|185\/393 slp
|cant|p2a: Exeggutor|slp
|
|turn|104
|choice|move 4|switch 3
|
|switch|p2a: Rhydon|Rhydon|330\/413
|cant|p1a: Tauros|par
|
|turn|105
|c|★SunnyORAS|one timely crit god pls
|J|Coti
|choice|move 2|move 1
|
|move|p2a: Rhydon|Earthquake|p1a: Tauros
|-damage|p1a: Tauros|21\/353 par
|move|p1a: Tauros|Earthquake|p2a: Rhydon
|-supereffective|p2a: Rhydon
|-damage|p2a: Rhydon|196\/413
|
|turn|106
|choice|switch 4|move 1
|
|switch|p1a: Alakazam|Alakazam|92\/313 slp
|move|p2a: Rhydon|Earthquake|p1a: Alakazam
|-crit|p1a: Alakazam
|-damage|p1a: Alakazam|0 fnt
|faint|p1a: Alakazam
|choice|switch 3|
|
|switch|p1a: Chansey|Chansey|670\/703
|turn|107
|choice|move 3|switch 3
|
|switch|p2a: Exeggutor|Exeggutor|185\/393 slp
|move|p1a: Chansey|Reflect|p1a: Chansey
|-start|p1a: Chansey|Reflect
|
|turn|108
|choice|move 2|switch 3
|
|switch|p2a: Rhydon|Rhydon|196\/413
|move|p1a: Chansey|Seismic Toss|p2a: Rhydon
|-damage|p2a: Rhydon|96\/413
|
|turn|109
|choice|move 2|switch 3
|
|switch|p2a: Exeggutor|Exeggutor|185\/393 slp
|move|p1a: Chansey|Seismic Toss|p2a: Exeggutor
|-damage|p2a: Exeggutor|85\/393 slp
|
|turn|110
|choice|move 2|move 2
|
|-curestatus|p2a: Exeggutor|slp
|move|p1a: Chansey|Seismic Toss|p2a: Exeggutor
|-damage|p2a: Exeggutor|0 fnt
|faint|p2a: Exeggutor
|choice||switch 3
|
|switch|p2a: Rhydon|Rhydon|96\/413
|turn|111
|choice|move 2|move 1
|
|move|p1a: Chansey|Seismic Toss|p2a: Rhydon
|-damage|p2a: Rhydon|0 fnt
|faint|p2a: Rhydon
|
|win|Alexander