|J|tamahome
|J|dice
|player|p1|tamahome|265
|player|p2|dice|168
|gametype|singles
|gen|1
|tier|[Gen 1] OU
|seed|15866,12308,12709,32800
|rule|Sleep Clause Mod: Limit one foe put to sleep
|rule|Freeze Clause Mod: Limit one foe frozen
|rule|Species Clause: Limit one of each Pokémon
|rule|OHKO Clause: OHKO moves are banned
|rule|Evasion Moves Clause: Evasion moves are banned
|rule|HP Percentage Mod: HP is shown in percentages
|
|start
|switch|p1a: Jynx|Jynx|333\/333
|switch|p2a: Gengar|Gengar|323\/323
|turn|1
|J|Prankster
|choice|move 3|move 1
|
|move|p2a: Gengar|Hypnosis|p1a: Jynx
|-status|p1a: Jynx|slp
|cant|p1a: Jynx|slp
|
|turn|2
|choice|switch 2|move 4
|
|switch|p1a: Exeggutor|Exeggutor|393\/393
|move|p2a: Gengar|Night Shade|p1a: Exeggutor
|-damage|p1a: Exeggutor|293\/393
|
|turn|3
|choice|move 1|move 3
|
|move|p2a: Gengar|Explosion|p1a: Exeggutor
|-damage|p1a: Exeggutor|79\/393
|faint|p2a: Gengar
|choice||switch 3
|
|switch|p2a: Starmie|Starmie|323\/323
|turn|4
|choice|switch 6|move 1
|
|switch|p1a: Chansey|Chansey|703\/703
|move|p2a: Starmie|Blizzard|p1a: Chansey
|-damage|p1a: Chansey|613\/703
|
|turn|5
|choice|move 2|switch 4
|
|switch|p2a: Chansey|Chansey|703\/703
|move|p1a: Chansey|Thunderbolt|p2a: Chansey
|-damage|p2a: Chansey|630\/703
|
|turn|6
|choice|switch 2|move 2
|
|switch|p1a: Jynx|Jynx|333\/333 slp
|move|p2a: Chansey|Ice Beam|p1a: Jynx
|-resisted|p1a: Jynx
|-damage|p1a: Jynx|297\/333 slp
|
|turn|7
|J|SunnyORAS
|choice|move 1|switch 5
|
|switch|p2a: Tauros|Tauros|353\/353
|cant|p1a: Jynx|slp
|
|turn|8
|choice|switch 4|move 1
|
|switch|p1a: Starmie|Starmie|323\/323
|move|p2a: Tauros|Body Slam|p1a: Starmie
|-damage|p1a: Starmie|210\/323
|-status|p1a: Starmie|par
|
|turn|9
|choice|move 4|switch 5
|
|switch|p2a: Chansey|Chansey|630\/703
|cant|p1a: Starmie|par
|
|turn|10
|choice|move 4|move 3
|
|move|p2a: Chansey|Thunderbolt|p1a: Starmie
|-crit|p1a: Starmie
|-supereffective|p1a: Starmie
|-damage|p1a: Starmie|0 fnt
|faint|p1a: Starmie
|c|★tamahome|ok
|c|★tamahome|u force me to it
|choice|switch 2|
|
|switch|p1a: Chansey|Chansey|613\/703
|turn|11
|choice|move 1|move 2
|
|move|p2a: Chansey|Ice Beam|p1a: Chansey
|-damage|p1a: Chansey|534\/703
|move|p1a: Chansey|Ice Beam|p2a: Chansey
|-damage|p2a: Chansey|552\/703
|
|turn|12
|choice|move 1|move 2
|
|move|p2a: Chansey|Ice Beam|p1a: Chansey
|-damage|p1a: Chansey|457\/703
|move|p1a: Chansey|Ice Beam|p2a: Chansey
|-damage|p2a: Chansey|474\/703
|
|turn|13
|c|★dice|u will never win
|choice|move 1|move 2
|
|move|p1a: Chansey|Ice Beam|p2a: Chansey
|-damage|p2a: Chansey|405\/703
|move|p2a: Chansey|Ice Beam|p1a: Chansey
|-damage|p1a: Chansey|381\/703
|-status|p1a: Chansey|frz
|
|turn|14
|c|★dice|see
|c|★tamahome|fucks sake
|choice|switch 4|move 1
|
|switch|p1a: Jynx|Jynx|297\/333 slp
|move|p2a: Chansey|Soft-Boiled|p2a: Chansey
|-heal|p2a: Chansey|703\/703
|
|turn|15
|choice|move 1|switch 5
|
|switch|p2a: Tauros|Tauros|353\/353
|cant|p1a: Jynx|slp
|
|turn|16
|choice|switch 3|move 1
|
|switch|p1a: Snorlax|Snorlax|523\/523
|move|p2a: Tauros|Body Slam|p1a: Snorlax
|-damage|p1a: Snorlax|395\/523
|
|turn|17
|choice|move 2|switch 6
|
|switch|p2a: Snorlax|Snorlax|523\/523
|move|p1a: Snorlax|Counter|p2a: Snorlax
|-damage|p2a: Snorlax|267\/523
|
|turn|18
|choice|move 3|move 4
|
|move|p1a: Snorlax|Earthquake|p2a: Snorlax
|-damage|p2a: Snorlax|153\/523
|move|p2a: Snorlax|Self-Destruct|p1a: Snorlax
|-damage|p1a: Snorlax|0 fnt
|faint|p1a: Snorlax
|faint|p2a: Snorlax
|choice|switch 6|switch 6
|
|switch|p2a: Tauros|Tauros|353\/353
|switch|p1a: Exeggutor|Exeggutor|79\/393
|turn|19
|choice|switch 4|move 1
|
|switch|p1a: Chansey|Chansey|381\/703 frz
|move|p2a: Tauros|Body Slam|p1a: Chansey
|-damage|p1a: Chansey|113\/703 frz
|
|turn|20
|choice|move 2|move 1
|
|move|p2a: Tauros|Body Slam|p1a: Chansey
|-damage|p1a: Chansey|0 fnt
|faint|p1a: Chansey
|choice|switch 5|
|
|switch|p1a: Tauros|Tauros|353\/353
|turn|21
|choice|move 3|move 1
|
|move|p2a: Tauros|Body Slam|p1a: Tauros
|-damage|p1a: Tauros|253\/353
|move|p1a: Tauros|Blizzard|p2a: Tauros
|-damage|p2a: Tauros|258\/353
|
|turn|22
|choice|move 1|move 1
|
|move|p1a: Tauros|Body Slam|p2a: Tauros
|-damage|p2a: Tauros|162\/353
|move|p2a: Tauros|Body Slam|p1a: Tauros
|-damage|p1a: Tauros|157\/353
|
|turn|23
|choice|move 4|move 4
|
|move|p1a: Tauros|Hyper Beam|p2a: Tauros
|-damage|p2a: Tauros|0 fnt
|faint|p2a: Tauros
|choice||switch 4
|
|switch|p2a: Starmie|Starmie|323\/323
|turn|24
|choice|switch 3|move 3
|
|switch|p1a: Jynx|Jynx|297\/333 slp
|move|p2a: Starmie|Thunder Wave|p1a: Jynx
|-fail|p1a: Jynx
|
|turn|25
|choice|move 3|move 2
|
|move|p2a: Starmie|Psychic|p1a: Jynx
|-resisted|p1a: Jynx
|-damage|p1a: Jynx|243\/333 slp
|-unboost|p1a: Jynx|spd|1
|-unboost|p1a: Jynx|spa|1
|cant|p1a: Jynx|slp
|
|turn|26
|c|★tamahome|dice
|c|★tamahome|my friend
|c|★tamahome|if you lose this
|c|★tamahome|lol
|choice|move 3|move 2
|
|move|p2a: Starmie|Psychic|p1a: Jynx
|-resisted|p1a: Jynx
|-damage|p1a: Jynx|156\/333 slp
|cant|p1a: Jynx|slp
|
|turn|27
|choice|move 3|move 2
|
|move|p2a: Starmie|Psychic|p1a: Jynx
|-resisted|p1a: Jynx
|-damage|p1a: Jynx|70\/333 slp
|-unboost|p1a: Jynx|spd|1
|-unboost|p1a: Jynx|spa|1
|-curestatus|p1a: Jynx|slp
|
|turn|28
|choice|switch 4|move 2
|
|switch|p1a: Exeggutor|Exeggutor|79\/393
|move|p2a: Starmie|Psychic|p1a: Exeggutor
|-resisted|p1a: Exeggutor
|-damage|p1a: Exeggutor|35\/393
|
|turn|29
|choice|move 3|move 2
|
|move|p2a: Starmie|Psychic|p1a: Exeggutor
|-resisted|p1a: Exeggutor
|-damage|p1a: Exeggutor|0 fnt
|faint|p1a: Exeggutor
|choice|switch 4|
|
|switch|p1a: Jynx|Jynx|70\/333
|turn|30
|choice|move 3|move 3
|
|move|p2a: Starmie|Thunder Wave|p1a: Jynx
|-status|p1a: Jynx|par
|move|p1a: Jynx|Lovely Kiss|p2a: Starmie
|-status|p2a: Starmie|slp
|
|turn|31
|choice|move 4|switch 2
|
|switch|p2a: Articuno|Articuno|383\/383
|cant|p1a: Jynx|par
|
|turn|32
|choice|move 2|move 1
|
|move|p2a: Articuno|Blizzard|p1a: Jynx
|-resisted|p1a: Jynx
|-damage|p1a: Jynx|0 fnt
|faint|p1a: Jynx
|choice|switch 3|
|
|switch|p1a: Tauros|Tauros|157\/353
|turn|33
|choice|move 1|move 2
|
|move|p1a: Tauros|Body Slam|p2a: Articuno
|-damage|p2a: Articuno|290\/383
|move|p2a: Articuno|Ice Beam|p1a: Tauros
|-crit|p1a: Tauros
|-damage|p1a: Tauros|0 fnt
|faint|p1a: Tauros
|
|win|dice