|inactive|Battle timer is ON: inactive players will automatically lose when time's up.
|J|Agammemnon
|J|Golden Gyarados
|player|p1|Agammemnon|265
|player|p2|Golden Gyarados|170
|gametype|singles
|gen|1
|tier|[Gen 1] OU
|seed|37340,6523,48379,56540
|rule|Sleep Clause Mod: Limit one foe put to sleep
|rule|Freeze Clause Mod: Limit one foe frozen
|rule|Species Clause: Limit one of each Pokémon
|rule|OHKO Clause: OHKO moves are banned
|rule|Evasion Moves Clause: Evasion moves are banned
|rule|HP Percentage Mod: HP is shown in percentages
|
|start
|switch|p1a: Golden Magikarp|Alakazam|313\/313
|switch|p2a: Jynx|Jynx|333\/333
|turn|1
|J|giara
|J|Isa
|J|fapkingg
|J|Finchinator
|J|Aurious
|J|ReshiRampage
|J|iamgingy
|J|marcoasd
|c|+Finchinator|fuck zebraiken
|J|ABR
|J|verbal assassin
|J|hahaouou
|J|welliou
|J|Evuelf
|J|Fireburn
|J|Dice
|J|Triangles RSE
|J|Cicada
|J|BlueSkiddoWeCanToo
|c|+ReshiRampage|in
|J|Steve Angello
|J|CasedVictory
|J|KratosMana
|J|theurbandear
|J|asgagaa
|J|Maaf
|c|+fapkingg|don't be rude to zeb :'(
|J|LikePGM
|J|BKC
|choice|move 1|move 3
|
|move|p1a: Golden Magikarp|Thunder Wave|p2a: Jynx
|-status|p2a: Jynx|par
|move|p2a: Jynx|Lovely Kiss|p1a: Golden Magikarp
|-status|p1a: Golden Magikarp|slp
|
|turn|2
|J|dadoux
|J|facts is jumpman
|c|%BKC|begin, gl
|J|Lockheeed
|J|j'aime la sauce
|J|Zenadark
|J|xScrimiix
|J|KidChameleon
|c|★Agammemnon|Damn, this Jynx is well trained
|J|pholovvers
|J|Asuya
|J|King Tsunami
|J|GeeMick
|c|★Golden Gyarados|i took him out back and beat her after her sorry performance last round
|J|Lord Mur
|c|★Golden Gyarados|she knows better now
|L|j'aime la sauce
|L|Asuya
|J|metrocel
|J|McMeghan
|c|★Golden Gyarados|:P
|J|Alexander
|J|noname4505
|J|LazerGoesPew
|J|Mr.378
|L|xScrimiix
|J|purrl
|J|Cristal
|L|metrocel
|J|jacob
|choice|switch 4|move 1
|
|switch|p1a: Golden Magikarp|Chansey|703\/703
|move|p2a: Jynx|Blizzard|p1a: Golden Magikarp
|-damage|p1a: Golden Magikarp|561\/703
|
|turn|3
|J|yellownized
|J|Stratos
|J|SOULGAZER
|J|Quite Quiet
|L|verbal assassin
|choice|move 4|switch 2
|
|switch|p2a: Chansey|Chansey|703\/703
|move|p1a: Golden Magikarp|Thunderbolt|p2a: Chansey
|-damage|p2a: Chansey|633\/703
|
|turn|4
|J|N'TimeGoesFriendly
|J|SOLDY
|J|blunderr
|L|N'TimeGoesFriendly
|J|Mounts
|J|Nelson
|J|Jurishit
|J|LeGrosXavier
|choice|move 2|switch 2
|
|switch|p2a: Jynx|Jynx|333\/333 par
|move|p1a: Golden Magikarp|Ice Beam|p2a: Jynx
|-resisted|p2a: Jynx
|-damage|p2a: Jynx|297\/333 par
|
|turn|5
|J|Prankster
|J|Tynamo211
|J|Demerging
|L|CasedVictory
|J|maulhalten&zocken
|choice|move 4|switch 2
|
|switch|p2a: Chansey|Chansey|633\/703
|move|p1a: Golden Magikarp|Thunderbolt|p2a: Chansey
|-damage|p2a: Chansey|557\/703
|
|turn|6
|J|tennisace
|choice|move 2|move 1
|
|move|p2a: Chansey|Ice Beam|p1a: Golden Magikarp
|-damage|p1a: Golden Magikarp|490\/703
|move|p1a: Golden Magikarp|Ice Beam|p2a: Chansey
|-damage|p2a: Chansey|482\/703
|
|turn|7
|choice|move 2|move 1
|
|move|p1a: Golden Magikarp|Ice Beam|p2a: Chansey
|-damage|p2a: Chansey|402\/703
|move|p2a: Chansey|Ice Beam|p1a: Golden Magikarp
|-damage|p1a: Golden Magikarp|421\/703
|
|turn|8
|choice|move 2|move 3
|
|move|p2a: Chansey|Soft-Boiled|p2a: Chansey
|-heal|p2a: Chansey|703\/703
|move|p1a: Golden Magikarp|Ice Beam|p2a: Chansey
|-damage|p2a: Chansey|624\/703
|
|turn|9
|J|Valkyrie10+1
|choice|move 2|switch 2
|
|switch|p2a: Jynx|Jynx|297\/333 par
|move|p1a: Golden Magikarp|Ice Beam|p2a: Jynx
|-resisted|p2a: Jynx
|-damage|p2a: Jynx|256\/333 par
|
|turn|10
|J|Yogiras
|J|dodmen
|choice|move 4|move 1
|
|move|p1a: Golden Magikarp|Thunderbolt|p2a: Jynx
|-damage|p2a: Jynx|179\/333 par
|move|p2a: Jynx|Blizzard|p1a: Golden Magikarp|[miss]
|-miss|p2a: Jynx
|
|turn|11
|J|Biosci
|L|Alexander
|J|Sp00ky Sp0der
|J|yohoE
|J|THEIRONKENYAN
|J|MiltankMilk
|L|THEIRONKENYAN
|choice|move 4|switch 2
|
|switch|p2a: Chansey|Chansey|624\/703
|move|p1a: Golden Magikarp|Thunderbolt|p2a: Chansey
|-damage|p2a: Chansey|550\/703
|-status|p2a: Chansey|par
|
|turn|12
|J|Spl4sh
|J|bro fist
|L|Demerging
|J|MoxieInfinite
|J|ggggd
|J|kylecole
|choice|move 3|move 1
|
|move|p1a: Golden Magikarp|Soft-Boiled|p1a: Golden Magikarp
|-heal|p1a: Golden Magikarp|703\/703
|move|p2a: Chansey|Ice Beam|p1a: Golden Magikarp
|-damage|p1a: Golden Magikarp|625\/703
|
|turn|13
|J|kebabe
|J|Eyan
|choice|switch 5|move 1
|
|switch|p1a: Golden Magikarp|Snorlax|523\/523
|move|p2a: Chansey|Ice Beam|p1a: Golden Magikarp
|-damage|p1a: Golden Magikarp|429\/523
|
|turn|14
|J|H-C
|J|Raiza
|L|ggggd
|J|ottenwein
|J|Quaggsterrr
|J|Alexander
|J|CasedVictory
|J|Demerging
|L|MoxieInfinite
|L|Spl4sh
|J|Teddeh
|L|SOLDY
|L|Demerging
|choice|move 1|move 4
|
|move|p1a: Golden Magikarp|Body Slam|p2a: Chansey
|-damage|p2a: Chansey|270\/703 par
|cant|p2a: Chansey|par
|
|turn|15
|L|kylecole
|L|dadoux
|choice|move 1|switch 4
|
|switch|p2a: Golem|Golem|363\/363
|move|p1a: Golden Magikarp|Body Slam|p2a: Golem
|-resisted|p2a: Golem
|-damage|p2a: Golem|321\/363
|
|turn|16
|choice|switch 6|switch 3
|
|switch|p2a: Exeggutor|Exeggutor|393\/393
|switch|p1a: Golden Magikarp|Exeggutor|393\/393
|
|turn|17
|L|purrl
|J|Hack
|J|purrl
|choice|move 2|switch 2
|
|switch|p2a: Jynx|Jynx|179\/333 par
|move|p1a: Golden Magikarp|Psychic|p2a: Jynx
|-resisted|p2a: Jynx
|-damage|p2a: Jynx|121\/333 par
|
|turn|18
|L|maulhalten&zocken
|choice|move 4|move 1
|
|move|p1a: Golden Magikarp|Double-Edge|p2a: Jynx
|-damage|p2a: Jynx|0 fnt
|-damage|p1a: Golden Magikarp|363\/393|[from] recoil|[of] p2a: Jynx
|faint|p2a: Jynx
|L|Valkyrie10+1
|J|Ezrl
|J|Reymedy
|J|Nintendi
|choice||switch 4
|
|switch|p2a: Chansey|Chansey|270\/703 par
|turn|19
|J|Haibaraa
|L|MiltankMilk
|L|BlueSkiddoWeCanToo
|J|Daylight Slaving
|L|CasedVictory
|choice|move 2|move 3
|
|move|p1a: Golden Magikarp|Psychic|p2a: Chansey
|-crit|p2a: Chansey
|-damage|p2a: Chansey|31\/703 par
|-unboost|p2a: Chansey|spd|1
|-unboost|p2a: Chansey|spa|1
|move|p2a: Chansey|Soft-Boiled|p2a: Chansey
|-heal|p2a: Chansey|382\/703 par
|
|turn|20
|J|SOMALIA
|J|Vileman
|choice|move 2|move 3
|
|move|p1a: Golden Magikarp|Psychic|p2a: Chansey
|-damage|p2a: Chansey|200\/703 par
|cant|p2a: Chansey|par
|
|turn|21
|choice|move 4|move 3
|
|move|p1a: Golden Magikarp|Double-Edge|p2a: Chansey
|-damage|p2a: Chansey|0 fnt
|-damage|p1a: Golden Magikarp|313\/393|[from] recoil|[of] p2a: Chansey
|faint|p2a: Chansey
|J|Mister Tim
|choice||switch 2
|
|switch|p2a: Exeggutor|Exeggutor|393\/393
|turn|22
|J|Suhnnnnnnny
|choice|switch 5|move 4
|
|switch|p1a: Golden Magikarp|Chansey|625\/703
|move|p2a: Exeggutor|Stun Spore|p1a: Golden Magikarp
|-status|p1a: Golden Magikarp|par
|
|turn|23
|choice|move 2|move 1
|
|move|p2a: Exeggutor|Psychic|p1a: Golden Magikarp
|-damage|p1a: Golden Magikarp|499\/703 par
|-unboost|p1a: Golden Magikarp|spd|1
|-unboost|p1a: Golden Magikarp|spa|1
|move|p1a: Golden Magikarp|Ice Beam|p2a: Exeggutor
|-supereffective|p2a: Exeggutor
|-damage|p2a: Exeggutor|309\/393
|
|turn|24
|J|nazonokusa
|L|ABR
|choice|move 3|move 1
|
|move|p2a: Exeggutor|Psychic|p1a: Golden Magikarp
|-damage|p1a: Golden Magikarp|311\/703 par
|-unboost|p1a: Golden Magikarp|spd|1
|-unboost|p1a: Golden Magikarp|spa|1
|cant|p1a: Golden Magikarp|par
|
|turn|25
|J|DennisEG
|J|EdwardElric15
|choice|switch 5|move 1
|
|switch|p1a: Golden Magikarp|Exeggutor|313\/393
|move|p2a: Exeggutor|Psychic|p1a: Golden Magikarp
|-resisted|p1a: Golden Magikarp
|-damage|p1a: Golden Magikarp|263\/393
|-unboost|p1a: Golden Magikarp|spd|1
|-unboost|p1a: Golden Magikarp|spa|1
|
|turn|26
|J|Spitzkopf Larry
|L|Spitzkopf Larry
|choice|move 1|move 4
|
|move|p2a: Exeggutor|Stun Spore|p1a: Golden Magikarp|[miss]
|-miss|p2a: Exeggutor
|move|p1a: Golden Magikarp|Sleep Powder|p2a: Exeggutor
|-status|p2a: Exeggutor|slp
|
|turn|27
|J|Twixtry
|L|Nintendi
|L|Twixtry
|L|hahaouou
|J|hahaouou
|J|CrashinBoomBang
|choice|switch 2|move 1
|
|switch|p1a: Golden Magikarp|Tauros|353\/353
|cant|p2a: Exeggutor|slp
|
|turn|28
|J|GunnerRohan
|L|GunnerRohan
|choice|move 1|switch 5
|
|switch|p2a: Lapras|Lapras|463\/463
|move|p1a: Golden Magikarp|Body Slam|p2a: Lapras
|-damage|p2a: Lapras|342\/463
|
|turn|29
|J|BigBoy038
|L|BigBoy038
|choice|switch 5|move 1
|
|switch|p1a: Golden Magikarp|Chansey|311\/703 par
|move|p2a: Lapras|Blizzard|p1a: Golden Magikarp
|-damage|p1a: Golden Magikarp|174\/703 par
|
|turn|30
|J|Pohjis
|J|metrocel
|choice|switch 6|move 2
|
|switch|p1a: Golden Magikarp|Snorlax|429\/523
|move|p2a: Lapras|Body Slam|p1a: Golden Magikarp
|-damage|p1a: Golden Magikarp|352\/523
|
|turn|31
|L|ReshiRampage
|J|ReshiRampage
|L|blunderr
|J|Addison Russell
|choice|move 1|switch 3
|
|switch|p2a: Golem|Golem|321\/363
|move|p1a: Golden Magikarp|Body Slam|p2a: Golem
|-resisted|p2a: Golem
|-damage|p2a: Golem|275\/363
|-status|p2a: Golem|par
|
|turn|32
|L|LikePGM
|L|Vileman
|J|Vileman
|J|Krahzer
|choice|switch 6|move 1
|
|switch|p1a: Golden Magikarp|Chansey|174\/703 par
|move|p2a: Golem|Body Slam|p1a: Golden Magikarp
|-damage|p1a: Golden Magikarp|0 fnt
|faint|p1a: Golden Magikarp
|L|KidChameleon
|J|GOD MARTH
|L|Haibaraa
|choice|switch 3|
|
|switch|p1a: Golden Magikarp|Golem|363\/363
|turn|33
|J|Lhions
|choice|move 2|move 2
|
|move|p1a: Golden Magikarp|Earthquake|p2a: Golem
|-supereffective|p2a: Golem
|-damage|p2a: Golem|72\/363 par
|move|p2a: Golem|Earthquake|p1a: Golden Magikarp
|-supereffective|p1a: Golden Magikarp
|-damage|p1a: Golden Magikarp|146\/363
|
|turn|34
|choice|move 2|move 3
|
|move|p1a: Golden Magikarp|Earthquake|p2a: Golem
|-supereffective|p2a: Golem
|-damage|p2a: Golem|0 fnt
|faint|p2a: Golem
|J|BIHI
|choice||switch 6
|
|switch|p2a: Tauros|Tauros|353\/353
|turn|35
|J|Sweep
|J|merkin on em
|choice|switch 6|move 4
|
|switch|p1a: Golden Magikarp|Snorlax|352\/523
|move|p2a: Tauros|Blizzard|p1a: Golden Magikarp
|-damage|p1a: Golden Magikarp|250\/523
|
|turn|36
|J|Shubaki
|J|danilo
|choice|move 4|move 1
|
|move|p2a: Tauros|Body Slam|p1a: Golden Magikarp
|-damage|p1a: Golden Magikarp|111\/523
|move|p1a: Golden Magikarp|Self-Destruct|p2a: Tauros
|-damage|p2a: Tauros|17\/353
|faint|p1a: Golden Magikarp
|J|hyogafodex
|choice|switch 2|
|
|switch|p1a: Golden Magikarp|Exeggutor|263\/393
|turn|37
|J|gurgler
|L|nazonokusa
|c|★Agammemnon|No genuine miss so far
|c|★Agammemnon|That's cool
|J|ABR
|L|ABR
|J|petyer
|choice|move 2|move 4
|
|move|p2a: Tauros|Blizzard|p1a: Golden Magikarp
|-crit|p1a: Golden Magikarp
|-supereffective|p1a: Golden Magikarp
|-damage|p1a: Golden Magikarp|0 fnt
|faint|p1a: Golden Magikarp
|J|Twixtry
|J|BlackBloodz
|L|Twixtry
|L|fapkingg
|choice|switch 5|
|
|switch|p1a: Golden Magikarp|Tauros|353\/353
|turn|38
|J|ZNain
|choice|move 1|move 4
|
|move|p2a: Tauros|Blizzard|p1a: Golden Magikarp
|-damage|p1a: Golden Magikarp|259\/353
|move|p1a: Golden Magikarp|Body Slam|p2a: Tauros
|-damage|p2a: Tauros|0 fnt
|faint|p2a: Tauros
|J|Gene Sp
|choice||switch 3
|
|switch|p2a: Lapras|Lapras|342\/463
|turn|39
|J|blunderr
|J|BlueSkiddoWeCanToo
|J|fbc
|J|Freeroamer
|J|RAP GAME BAKEMONO
|J|Rei
|J|Matanza
|J|pokeaim
|J|r0ady
|J|Cory's House
|L|pokeaim
|J|Marky B
|choice|move 1|move 1
|
|move|p1a: Golden Magikarp|Body Slam|p2a: Lapras
|-damage|p2a: Lapras|233\/463
|move|p2a: Lapras|Blizzard|p1a: Golden Magikarp
|-damage|p1a: Golden Magikarp|94\/353
|
|turn|40
|L|Marky B
|J|Stathakis
|J|Christo
|J|Big Chin Bandit
|J|ChillShadow
|J|ibaneful
|L|Teddeh
|J|teal6
|J|microlatios
|J|slurmz
|choice|move 1|move 1
|
|move|p1a: Golden Magikarp|Body Slam|p2a: Lapras
|-damage|p2a: Lapras|124\/463
|-status|p2a: Lapras|par
|cant|p2a: Lapras|par
|
|turn|41
|J|Teddeh
|choice|move 2|move 1
|
|move|p1a: Golden Magikarp|Hyper Beam|p2a: Lapras|[miss]
|-miss|p1a: Golden Magikarp
|cant|p2a: Lapras|par
|
|turn|42
|L|Stratos
|L|Sweep
|J|double01
|J|Sweep
|J|ZoroDark
|J|EG Posho
|J|boudouche
|J|FlamingVictini
|J|Omastar
|J|iTimeTravel
|choice|move 2|move 1
|
|move|p1a: Golden Magikarp|Hyper Beam|p2a: Lapras
|-damage|p2a: Lapras|0 fnt
|faint|p2a: Lapras
|J|Nintendi
|J|qsns
|choice||switch 5
|
|switch|p2a: Exeggutor|Exeggutor|309\/393 slp
|turn|43
|J|ABR
|J|cdumas
|J|Chuppa Cross
|J|Asuya
|J|Stratos
|J|GunnerRohan
|L|Rei
|J|MetalGross
|L|iTimeTravel
|J|Tomahawk
|c|+slurmz|:(
|L|ABR
|L|Christo
|J|MiltankMilk
|J|MattL
|L|kebabe
|choice|move 3|move 1
|
|move|p1a: Golden Magikarp|Blizzard|p2a: Exeggutor
|-supereffective|p2a: Exeggutor
|-damage|p2a: Exeggutor|171\/393 slp
|cant|p2a: Exeggutor|slp
|
|turn|44
|J|rozes
|J|Hootie
|L|yohoE
|choice|move 2|move 1
|
|move|p1a: Golden Magikarp|Hyper Beam|p2a: Exeggutor
|-damage|p2a: Exeggutor|0 fnt
|faint|p2a: Exeggutor
|
|win|Agammemnon
|player|p1
|player|p2
|raw|<div class="broadcast-red"><b>Moderated chat was set to %!<\/b><br \/>Only users of rank % and higher can talk.<\/div>
|c|★Agammemnon|gg!
|L|Daylight Slaving
|L|GeeMick
|L|ReshiRampage
|L|Asuya
|L|King Tsunami
|L|metrocel
|L|petyer
|L|theurbandear
|L|Krahzer
|L|MetalGross
|L|Teddeh
|L|KratosMana
|L|Steve Angello
|L|marcoasd
|L|Zenadark
|L|BlackBloodz
|L|tennisace
|L|BlueSkiddoWeCanToo
|L|Maaf
|L|Nails
|L|Jurishit
|L|Hack
|L|MattL
|L|blunderr
|L|BKC
|L|Vileman
|L|punky funky love
|L|MiltankMilk
|L|r0ady
|L|Hootie
|L|rozes
|L|SOULGAZER
|L|Agammemnon
|L|fbc
|L|slurmz
|L|DennisEG
|L|Yogiras
|L|asgagaa
|L|jacob
|L|hahaouou
|L|Mounts
|L|LazerGoesPew
|L|giara
|L|ibaneful
|L|Nelson
|L|Golden Gyarados
|L|Matanza
|L|Prankster
|L|Fireburn
|L|BIHI
|L|Gene Sp
|L|LeGrosXavier
|L|double01
|L|Mister Tim
|L|boudouche
|L|GunnerRohan
|L|EdwardElric15
|L|ChillShadow
|J|EdwardElric15
|L|Big Chin Bandit