|J|Nails
|J|TDK
|player|p1|Nails|266
|player|p2|TDK|96
|gametype|singles
|gen|1
|tier|[Gen 1] OU
|seed|32353,64836,36348,12277
|rule|Sleep Clause Mod: Limit one foe put to sleep
|rule|Freeze Clause Mod: Limit one foe frozen
|rule|Species Clause: Limit one of each Pokémon
|rule|OHKO Clause: OHKO moves are banned
|rule|Evasion Moves Clause: Evasion moves are banned
|rule|HP Percentage Mod: HP is shown in percentages
|
|start
|switch|p1a: Alakazam|Alakazam|313\/313
|switch|p2a: Alakazam|Alakazam|313\/313
|turn|1
|J|Kingler12345
|choice|move 2|switch 5
|
|switch|p2a: Chansey|Chansey|703\/703
|move|p1a: Alakazam|Thunder Wave|p2a: Chansey
|-status|p2a: Chansey|par
|
|turn|2
|J|KratosMana
|J|The Idiot Ninja
|choice|move 1|move 3
|
|move|p1a: Alakazam|Psychic|p2a: Chansey
|-damage|p2a: Chansey|583\/703 par
|move|p2a: Chansey|Thunder Wave|p1a: Alakazam
|-status|p1a: Alakazam|par
|
|turn|3
|J|clueless
|J|Alexander
|choice|move 1|move 1
|
|cant|p1a: Alakazam|par
|move|p2a: Chansey|Ice Beam|p1a: Alakazam
|-damage|p1a: Alakazam|253\/313 par
|
|turn|4
|L|clueless
|L|Alexander
|L|The Idiot Ninja
|choice|move 1|move 1
|
|move|p1a: Alakazam|Psychic|p2a: Chansey
|-damage|p2a: Chansey|451\/703 par
|cant|p2a: Chansey|par
|
|turn|5
|choice|switch 4|move 2
|
|switch|p1a: Tauros|Tauros|353\/353
|move|p2a: Chansey|Soft-Boiled|p2a: Chansey
|-heal|p2a: Chansey|703\/703 par
|
|turn|6
|J|zdrup
|J|Can
|L|Can
|J|Veni Vidi Victini
|L|zdrup
|J|nbf per la gente
|J|Lana Del seldo
|J|Lady bug
|J|giara
|L|giara
|choice|switch 4|move 4
|
|switch|p1a: Alakazam|Alakazam|253\/313 par
|move|p2a: Chansey|Counter|p1a: Alakazam
|-fail|p2a: Chansey
|
|turn|7
|J|giara
|L|giara
|choice|move 1|switch 5
|
|switch|p2a: Alakazam|Alakazam|313\/313
|move|p1a: Alakazam|Psychic|p2a: Alakazam
|-resisted|p2a: Alakazam
|-damage|p2a: Alakazam|262\/313
|-unboost|p2a: Alakazam|spd|1
|-unboost|p2a: Alakazam|spa|1
|
|turn|8
|choice|move 4|move 2
|
|move|p2a: Alakazam|Seismic Toss|p1a: Alakazam
|-damage|p1a: Alakazam|153\/313 par
|move|p1a: Alakazam|Recover|p1a: Alakazam
|-heal|p1a: Alakazam|309\/313 par
|
|turn|9
|J|IB-irever
|choice|move 2|move 2
|
|move|p2a: Alakazam|Seismic Toss|p1a: Alakazam
|-damage|p1a: Alakazam|209\/313 par
|move|p1a: Alakazam|Thunder Wave|p2a: Alakazam
|-status|p2a: Alakazam|par
|
|turn|10
|choice|move 4|move 2
|
|cant|p2a: Alakazam|par
|move|p1a: Alakazam|Recover|p1a: Alakazam
|-heal|p1a: Alakazam|313\/313 par
|
|turn|11
|J|Tombetoile
|L|Tombetoile
|choice|switch 3|switch 4
|
|switch|p1a: Snorlax|Snorlax|523\/523
|switch|p2a: Snorlax|Snorlax|523\/523
|
|turn|12
|choice|move 3|move 1
|
|move|p2a: Snorlax|Body Slam|p1a: Snorlax
|-damage|p1a: Snorlax|390\/523
|move|p1a: Snorlax|Counter|p2a: Snorlax
|-damage|p2a: Snorlax|257\/523
|
|turn|13
|choice|move 3|move 1
|
|move|p2a: Snorlax|Body Slam|p1a: Snorlax
|-damage|p1a: Snorlax|252\/523
|move|p1a: Snorlax|Counter|p2a: Snorlax
|-damage|p2a: Snorlax|0 fnt
|faint|p2a: Snorlax
|c|★Nails|outplayed
|c|★Nails|af
|choice||switch 3
|
|switch|p2a: Lapras|Lapras|463\/463
|turn|14
|J|Tombetoile
|choice|switch 3|move 2
|
|switch|p1a: Alakazam|Alakazam|313\/313 par
|move|p2a: Lapras|Blizzard|p1a: Alakazam
|-damage|p1a: Alakazam|201\/313 par
|
|turn|15
|L|Tombetoile
|choice|move 2|move 2
|
|move|p2a: Lapras|Blizzard|p1a: Alakazam
|-damage|p1a: Alakazam|93\/313 par
|move|p1a: Alakazam|Thunder Wave|p2a: Lapras
|-status|p2a: Lapras|par
|
|turn|16
|choice|move 4|move 2
|
|move|p1a: Alakazam|Recover|p1a: Alakazam
|-heal|p1a: Alakazam|249\/313 par
|cant|p2a: Lapras|par
|
|turn|17
|choice|move 4|move 2
|
|move|p1a: Alakazam|Recover|p1a: Alakazam
|-heal|p1a: Alakazam|313\/313 par
|cant|p2a: Lapras|par
|
|turn|18
|choice|move 1|switch 4
|
|switch|p2a: Alakazam|Alakazam|262\/313 par
|move|p1a: Alakazam|Psychic|p2a: Alakazam
|-crit|p2a: Alakazam
|-resisted|p2a: Alakazam
|-damage|p2a: Alakazam|160\/313 par
|
|turn|19
|J|ggggd
|choice|move 3|move 4
|
|move|p2a: Alakazam|Recover|p2a: Alakazam
|-heal|p2a: Alakazam|313\/313 par
|move|p1a: Alakazam|Seismic Toss|p2a: Alakazam
|-damage|p2a: Alakazam|213\/313 par
|
|turn|20
|choice|move 3|move 2
|
|move|p2a: Alakazam|Seismic Toss|p1a: Alakazam
|-damage|p1a: Alakazam|213\/313 par
|move|p1a: Alakazam|Seismic Toss|p2a: Alakazam
|-damage|p2a: Alakazam|113\/313 par
|
|turn|21
|choice|move 3|move 4
|
|cant|p1a: Alakazam|par
|move|p2a: Alakazam|Recover|p2a: Alakazam
|-heal|p2a: Alakazam|269\/313 par
|
|turn|22
|choice|move 4|move 2
|
|move|p1a: Alakazam|Recover|p1a: Alakazam
|-heal|p1a: Alakazam|313\/313 par
|cant|p2a: Alakazam|par
|
|turn|23
|choice|move 3|move 2
|
|move|p1a: Alakazam|Seismic Toss|p2a: Alakazam
|-damage|p2a: Alakazam|169\/313 par
|move|p2a: Alakazam|Seismic Toss|p1a: Alakazam
|-damage|p1a: Alakazam|213\/313 par
|
|turn|24
|choice|move 3|move 4
|
|move|p2a: Alakazam|Recover|p2a: Alakazam
|-heal|p2a: Alakazam|313\/313 par
|move|p1a: Alakazam|Seismic Toss|p2a: Alakazam
|-damage|p2a: Alakazam|213\/313 par
|
|turn|25
|choice|move 3|move 2
|
|move|p2a: Alakazam|Seismic Toss|p1a: Alakazam
|-damage|p1a: Alakazam|113\/313 par
|move|p1a: Alakazam|Seismic Toss|p2a: Alakazam
|-damage|p2a: Alakazam|113\/313 par
|
|turn|26
|choice|move 4|move 4
|
|move|p1a: Alakazam|Recover|p1a: Alakazam
|-heal|p1a: Alakazam|269\/313 par
|move|p2a: Alakazam|Recover|p2a: Alakazam
|-heal|p2a: Alakazam|269\/313 par
|
|turn|27
|choice|move 4|move 2
|
|cant|p1a: Alakazam|par
|move|p2a: Alakazam|Seismic Toss|p1a: Alakazam
|-damage|p1a: Alakazam|169\/313 par
|
|turn|28
|choice|move 4|move 2
|
|move|p1a: Alakazam|Recover|p1a: Alakazam
|-heal|p1a: Alakazam|313\/313 par
|move|p2a: Alakazam|Seismic Toss|p1a: Alakazam
|-damage|p1a: Alakazam|213\/313 par
|
|turn|29
|choice|move 3|move 2
|
|cant|p2a: Alakazam|par
|move|p1a: Alakazam|Seismic Toss|p2a: Alakazam
|-damage|p2a: Alakazam|169\/313 par
|
|turn|30
|choice|move 3|move 4
|
|move|p2a: Alakazam|Recover|p2a: Alakazam
|-heal|p2a: Alakazam|313\/313 par
|move|p1a: Alakazam|Seismic Toss|p2a: Alakazam
|-damage|p2a: Alakazam|213\/313 par
|
|turn|31
|choice|move 3|move 2
|
|move|p2a: Alakazam|Seismic Toss|p1a: Alakazam
|-damage|p1a: Alakazam|113\/313 par
|move|p1a: Alakazam|Seismic Toss|p2a: Alakazam
|-damage|p2a: Alakazam|113\/313 par
|
|turn|32
|J|chras001
|L|Lana Del seldo
|choice|move 1|move 2
|
|cant|p1a: Alakazam|par
|move|p2a: Alakazam|Seismic Toss|p1a: Alakazam
|-damage|p1a: Alakazam|13\/313 par
|
|turn|33
|choice|move 4|move 1
|
|move|p2a: Alakazam|Psychic|p1a: Alakazam|[miss]
|-miss|p2a: Alakazam
|move|p1a: Alakazam|Recover|p1a: Alakazam
|-heal|p1a: Alakazam|169\/313 par
|
|turn|34
|J|DGP
|c|★TDK|.
|c|★Nails|easy
|choice|move 4|move 4
|
|move|p1a: Alakazam|Recover|p1a: Alakazam
|-heal|p1a: Alakazam|313\/313 par
|move|p2a: Alakazam|Recover|p2a: Alakazam
|-heal|p2a: Alakazam|269\/313 par
|
|turn|35
|L|DGP
|choice|move 1|move 2
|
|move|p2a: Alakazam|Seismic Toss|p1a: Alakazam
|-damage|p1a: Alakazam|213\/313 par
|move|p1a: Alakazam|Psychic|p2a: Alakazam
|-resisted|p2a: Alakazam
|-damage|p2a: Alakazam|219\/313 par
|-unboost|p2a: Alakazam|spd|1
|-unboost|p2a: Alakazam|spa|1
|
|turn|36
|choice|move 3|switch 5
|
|switch|p2a: Chansey|Chansey|703\/703 par
|move|p1a: Alakazam|Seismic Toss|p2a: Chansey
|-damage|p2a: Chansey|603\/703 par
|
|turn|37
|choice|move 3|move 1
|
|move|p1a: Alakazam|Seismic Toss|p2a: Chansey
|-damage|p2a: Chansey|503\/703 par
|move|p2a: Chansey|Ice Beam|p1a: Alakazam
|-damage|p1a: Alakazam|152\/313 par
|
|turn|38
|choice|move 1|move 2
|
|move|p1a: Alakazam|Psychic|p2a: Chansey
|-damage|p2a: Chansey|386\/703 par
|-unboost|p2a: Chansey|spd|1
|-unboost|p2a: Chansey|spa|1
|move|p2a: Chansey|Soft-Boiled|p2a: Chansey
|-heal|p2a: Chansey|703\/703 par
|
|turn|39
|choice|move 4|switch 5
|
|switch|p2a: Alakazam|Alakazam|219\/313 par
|cant|p1a: Alakazam|par
|
|turn|40
|choice|move 4|move 2
|
|move|p2a: Alakazam|Seismic Toss|p1a: Alakazam
|-damage|p1a: Alakazam|52\/313 par
|move|p1a: Alakazam|Recover|p1a: Alakazam
|-heal|p1a: Alakazam|208\/313 par
|
|turn|41
|choice|move 4|move 2
|
|move|p2a: Alakazam|Seismic Toss|p1a: Alakazam
|-damage|p1a: Alakazam|108\/313 par
|move|p1a: Alakazam|Recover|p1a: Alakazam
|-heal|p1a: Alakazam|264\/313 par
|
|turn|42
|choice|move 3|move 2
|
|move|p1a: Alakazam|Seismic Toss|p2a: Alakazam
|-damage|p2a: Alakazam|119\/313 par
|cant|p2a: Alakazam|par
|
|turn|43
|choice|move 1|move 2
|
|move|p2a: Alakazam|Seismic Toss|p1a: Alakazam
|-damage|p1a: Alakazam|164\/313 par
|cant|p1a: Alakazam|par
|
|turn|44
|choice|move 4|move 2
|
|cant|p2a: Alakazam|par
|move|p1a: Alakazam|Recover|p1a: Alakazam
|-heal|p1a: Alakazam|313\/313 par
|
|turn|45
|choice|move 1|move 4
|
|move|p1a: Alakazam|Psychic|p2a: Alakazam
|-resisted|p2a: Alakazam
|-damage|p2a: Alakazam|68\/313 par
|-unboost|p2a: Alakazam|spd|1
|-unboost|p2a: Alakazam|spa|1
|move|p2a: Alakazam|Recover|p2a: Alakazam
|-heal|p2a: Alakazam|224\/313 par
|
|turn|46
|choice|switch 3|switch 5
|
|switch|p1a: Snorlax|Snorlax|252\/523
|switch|p2a: Chansey|Chansey|703\/703 par
|
|turn|47
|choice|move 2|move 4
|
|move|p1a: Snorlax|Earthquake|p2a: Chansey
|-damage|p2a: Chansey|473\/703 par
|move|p2a: Chansey|Counter|p1a: Snorlax
|-fail|p2a: Chansey
|
|turn|48
|J|Mazary
|choice|move 2|switch 4
|
|switch|p2a: Lapras|Lapras|463\/463 par
|move|p1a: Snorlax|Earthquake|p2a: Lapras
|-damage|p2a: Lapras|370\/463 par
|
|turn|49
|choice|switch 3|move 2
|
|switch|p1a: Alakazam|Alakazam|313\/313 par
|cant|p2a: Lapras|par
|
|turn|50
|choice|switch 3|switch 4
|
|switch|p1a: Snorlax|Snorlax|252\/523
|switch|p2a: Chansey|Chansey|473\/703 par
|
|turn|51
|choice|move 1|switch 4
|
|switch|p2a: Lapras|Lapras|370\/463 par
|move|p1a: Snorlax|Body Slam|p2a: Lapras
|-damage|p2a: Lapras|250\/463 par
|
|turn|52
|L|KratosMana
|choice|switch 3|move 2
|
|switch|p1a: Alakazam|Alakazam|313\/313 par
|move|p2a: Lapras|Blizzard|p1a: Alakazam
|-damage|p1a: Alakazam|200\/313 par
|
|turn|53
|choice|switch 3|move 3
|
|switch|p1a: Snorlax|Snorlax|252\/523
|move|p2a: Lapras|Hyper Beam|p1a: Snorlax
|-damage|p1a: Snorlax|124\/523
|
|turn|54
|-mustrecharge|p2a: Lapras
|-mustrecharge|p2a: Lapras
|choice|move 1|move 1
|
|move|p1a: Snorlax|Body Slam|p2a: Lapras
|-damage|p2a: Lapras|116\/463 par
|cant|p2a: Lapras|recharge
|
|turn|55
|choice|move 1|move 2
|
|move|p1a: Snorlax|Body Slam|p2a: Lapras
|-damage|p2a: Lapras|0 fnt
|faint|p2a: Lapras
|choice||switch 6
|
|switch|p2a: Tauros|Tauros|353\/353
|turn|56
|L|Lady bug
|choice|switch 6|move 2
|
|switch|p1a: Starmie|Starmie|323\/323
|move|p2a: Tauros|Hyper Beam|p1a: Starmie
|-damage|p1a: Starmie|123\/323
|
|turn|57
|-mustrecharge|p2a: Tauros
|-mustrecharge|p2a: Tauros
|choice|move 2|move 1
|
|move|p1a: Starmie|Thunder Wave|p2a: Tauros
|-status|p2a: Tauros|par
|cant|p2a: Tauros|recharge
|
|turn|58
|choice|move 4|switch 4
|
|switch|p2a: Chansey|Chansey|473\/703 par
|move|p1a: Starmie|Recover|p1a: Starmie
|-heal|p1a: Starmie|284\/323
|
|turn|59
|c|★Nails|i shoulda countered
|c|★Nails|on lapras beam
|choice|switch 6|move 2
|
|switch|p1a: Snorlax|Snorlax|124\/523
|move|p2a: Chansey|Soft-Boiled|p2a: Chansey
|-heal|p2a: Chansey|703\/703 par
|
|turn|60
|choice|move 4|move 3
|
|move|p1a: Snorlax|Self-Destruct|p2a: Chansey
|-damage|p2a: Chansey|0 fnt
|faint|p2a: Chansey
|faint|p1a: Snorlax
|choice|switch 3|switch 5
|
|switch|p2a: Alakazam|Alakazam|224\/313 par
|switch|p1a: Alakazam|Alakazam|200\/313 par
|turn|61
|choice|move 4|move 2
|
|move|p2a: Alakazam|Seismic Toss|p1a: Alakazam
|-damage|p1a: Alakazam|100\/313 par
|cant|p1a: Alakazam|par
|
|turn|62
|choice|move 4|move 2
|
|move|p2a: Alakazam|Seismic Toss|p1a: Alakazam
|-damage|p1a: Alakazam|0 fnt
|faint|p1a: Alakazam
|choice|switch 5|
|
|switch|p1a: Golem|Golem|363\/363
|turn|63
|choice|move 2|move 1
|
|move|p1a: Golem|Earthquake|p2a: Alakazam
|-damage|p2a: Alakazam|24\/313 par
|move|p2a: Alakazam|Psychic|p1a: Golem
|-damage|p1a: Golem|182\/363
|-unboost|p1a: Golem|spd|1
|-unboost|p1a: Golem|spa|1
|
|turn|64
|choice|move 1|move 1
|
|move|p1a: Golem|Body Slam|p2a: Alakazam
|-crit|p2a: Alakazam
|-damage|p2a: Alakazam|0 fnt
|faint|p2a: Alakazam
|choice||switch 4
|
|switch|p2a: Tauros|Tauros|353\/353 par
|turn|65
|choice|move 4|move 4
|
|move|p1a: Golem|Explosion|p2a: Tauros
|-damage|p2a: Tauros|40\/353 par
|faint|p1a: Golem
|choice|switch 6|
|
|switch|p1a: Starmie|Starmie|284\/323
|turn|66
|choice|move 3|move 2
|
|move|p1a: Starmie|Psychic|p2a: Tauros
|-crit|p2a: Tauros
|-damage|p2a: Tauros|0 fnt
|faint|p2a: Tauros
|choice||switch 2
|
|switch|p2a: Zapdos|Zapdos|383\/383
|turn|67
|choice|move 2|move 3
|
|move|p1a: Starmie|Thunder Wave|p2a: Zapdos
|-status|p2a: Zapdos|par
|move|p2a: Zapdos|Thunder Wave|p1a: Starmie
|-status|p1a: Starmie|par
|
|turn|68
|L|chras001
|choice|move 3|move 1
|
|cant|p1a: Starmie|par
|move|p2a: Zapdos|Thunderbolt|p1a: Starmie
|-supereffective|p1a: Starmie
|-damage|p1a: Starmie|35\/323 par
|
|turn|69
|choice|move 3|move 1
|
|move|p1a: Starmie|Psychic|p2a: Zapdos
|-damage|p2a: Zapdos|290\/383 par
|-unboost|p2a: Zapdos|spd|1
|-unboost|p2a: Zapdos|spa|1
|move|p2a: Zapdos|Thunderbolt|p1a: Starmie
|-supereffective|p1a: Starmie
|-damage|p1a: Starmie|0 fnt
|faint|p1a: Starmie
|choice|switch 2|
|
|switch|p1a: Zapdos|Zapdos|383\/383
|turn|70
|choice|move 1|move 3
|
|move|p1a: Zapdos|Thunderbolt|p2a: Zapdos
|-damage|p2a: Zapdos|122\/383 par
|move|p2a: Zapdos|Thunder Wave|p1a: Zapdos
|-status|p1a: Zapdos|par
|
|turn|71
|choice|move 1|move 1
|
|move|p1a: Zapdos|Thunderbolt|p2a: Zapdos
|-damage|p2a: Zapdos|0 fnt
|faint|p2a: Zapdos
|
|win|Nails