|J|Nails
|J|Tesung
|player|p1|Nails|282
|player|p2|Tesung|2
|gametype|singles
|gen|1
|tier|[Gen 1] OU
|seed|
|rule|Sleep Clause Mod: Limit one foe put to sleep
|rule|Freeze Clause Mod: Limit one foe frozen
|rule|Species Clause: Limit one of each Pokémon
|rule|OHKO Clause: OHKO moves are banned
|rule|Evasion Moves Clause: Evasion moves are banned
|rule|HP Percentage Mod: HP is shown in percentages
|
|start
|switch|p1a: Starmie|Starmie|100\/100
|switch|p2a: SOULGAZER|Alakazam|100\/100
|turn|1
|choice||
|
|switch|p1a: Chansey|Chansey|100\/100
|move|p2a: SOULGAZER|Thunder Wave|p1a: Chansey
|-status|p1a: Chansey|par
|
|turn|2
|choice||
|
|move|p2a: SOULGAZER|Psychic|p1a: Chansey
|-damage|p1a: Chansey|81\/100 par
|move|p1a: Chansey|Sing|p2a: SOULGAZER|[miss]
|-miss|p1a: Chansey
|
|turn|3
|choice||
|
|move|p2a: SOULGAZER|Psychic|p1a: Chansey
|-damage|p1a: Chansey|62\/100 par
|-unboost|p1a: Chansey|spd|1
|-unboost|p1a: Chansey|spa|1
|move|p1a: Chansey|Sing|p2a: SOULGAZER
|-status|p2a: SOULGAZER|slp
|
|turn|4
|choice||
|
|cant|p2a: SOULGAZER|slp
|cant|p1a: Chansey|par
|
|turn|5
|choice||
|
|cant|p2a: SOULGAZER|slp
|move|p1a: Chansey|Soft-Boiled|p1a: Chansey
|-heal|p1a: Chansey|100\/100 par
|
|turn|6
|choice||
|
|switch|p2a: PDC|Exeggutor|100\/100
|switch|p1a: Snorlax|Snorlax|100\/100
|
|turn|7
|choice||
|
|switch|p1a: Chansey|Chansey|100\/100 par
|move|p2a: PDC|Psychic|p1a: Chansey
|-damage|p1a: Chansey|84\/100 par
|-unboost|p1a: Chansey|spd|1
|-unboost|p1a: Chansey|spa|1
|
|turn|8
|choice||
|
|move|p2a: PDC|Psychic|p1a: Chansey
|-damage|p1a: Chansey|59\/100 par
|cant|p1a: Chansey|par
|
|turn|9
|choice||
|
|move|p2a: PDC|Psychic|p1a: Chansey
|-damage|p1a: Chansey|34\/100 par
|move|p1a: Chansey|Thunder Wave|p2a: PDC
|-status|p2a: PDC|par
|
|turn|10
|choice||
|
|move|p2a: PDC|Psychic|p1a: Chansey
|-damage|p1a: Chansey|8\/100 par
|move|p1a: Chansey|Soft-Boiled|p1a: Chansey
|-heal|p1a: Chansey|58\/100 par
|
|turn|11
|choice||
|
|switch|p1a: Starmie|Starmie|100\/100
|move|p2a: PDC|Psychic|p1a: Starmie
|-resisted|p1a: Starmie
|-damage|p1a: Starmie|82\/100
|-unboost|p1a: Starmie|spd|1
|-unboost|p1a: Starmie|spa|1
|
|turn|12
|choice||
|
|move|p1a: Starmie|Thunder Wave|p2a: PDC
|-fail|p2a: PDC|par
|move|p2a: PDC|Psychic|p1a: Starmie
|-resisted|p1a: Starmie
|-damage|p1a: Starmie|52\/100
|
|turn|13
|choice||
|
|switch|p1a: Chansey|Chansey|58\/100 par
|move|p2a: PDC|Sleep Powder|p1a: Chansey|[miss]
|-miss|p2a: PDC
|
|turn|14
|choice||
|
|cant|p2a: PDC|par
|move|p1a: Chansey|Soft-Boiled|p1a: Chansey
|-heal|p1a: Chansey|100\/100 par
|
|turn|15
|choice||
|
|move|p2a: PDC|Psychic|p1a: Chansey
|-damage|p1a: Chansey|84\/100 par
|-unboost|p1a: Chansey|spd|1
|-unboost|p1a: Chansey|spa|1
|move|p1a: Chansey|Ice Beam|p2a: PDC
|-supereffective|p2a: PDC
|-damage|p2a: PDC|80\/100 par
|
|turn|16
|choice||
|
|cant|p2a: PDC|par
|move|p1a: Chansey|Ice Beam|p2a: PDC
|-supereffective|p2a: PDC
|-damage|p2a: PDC|58\/100 par
|
|turn|17
|choice||
|
|switch|p1a: Starmie|Starmie|52\/100
|cant|p2a: PDC|par
|
|turn|18
|choice||
|
|move|p1a: Starmie|Recover|p1a: Starmie
|-heal|p1a: Starmie|100\/100
|move|p2a: PDC|Sleep Powder|p1a: Starmie
|-status|p1a: Starmie|slp
|
|turn|19
|choice||
|
|cant|p1a: Starmie|slp
|move|p2a: PDC|Mega Drain|p1a: Starmie
|-supereffective|p1a: Starmie
|-damage|p1a: Starmie|64\/100 slp
|-heal|p2a: PDC|73\/100 par|[from] drain|[of] p1a: Starmie
|
|turn|20
|choice||
|
|switch|p1a: Chansey|Chansey|84\/100 par
|move|p2a: PDC|Explosion|p1a: Chansey
|-damage|p1a: Chansey|0 fnt
|faint|p1a: Chansey
|faint|p2a: PDC
|choice||
|
|switch|p1a: Cloyster|Cloyster|100\/100
|switch|p2a: DOPPELSOLDNER|Snorlax|100\/100
|turn|21
|choice||
|
|move|p1a: Cloyster|Clamp|p2a: DOPPELSOLDNER
|-damage|p2a: DOPPELSOLDNER|91\/100
|cant|p2a: DOPPELSOLDNER|partiallytrapped
|
|turn|22
|choice||
|
|switch|p2a: SOULGAZER|Alakazam|100\/100 slp
|move|p1a: Cloyster|Clamp|p2a: SOULGAZER
|-damage|p2a: SOULGAZER|90\/100 slp
|
|turn|23
|choice||
|
|switch|p1a: Snorlax|Snorlax|100\/100
|cant|p2a: SOULGAZER|slp
|
|turn|24
|choice||
|
|switch|p2a: TESUNG|Chansey|100\/100
|move|p1a: Snorlax|Body Slam|p2a: TESUNG
|-damage|p2a: TESUNG|59\/100
|
|turn|25
|choice||
|
|move|p2a: TESUNG|Soft-Boiled|p2a: TESUNG
|-heal|p2a: TESUNG|100\/100
|move|p1a: Snorlax|Hyper Beam|p2a: TESUNG
|-damage|p2a: TESUNG|28\/100
|
|turn|26
|-mustrecharge|p1a: Snorlax
|-mustrecharge|p1a: Snorlax
|choice||
|
|move|p2a: TESUNG|Soft-Boiled|p2a: TESUNG
|-heal|p2a: TESUNG|78\/100
|cant|p1a: Snorlax|recharge
|
|turn|27
|choice||
|
|move|p2a: TESUNG|Thunder Wave|p1a: Snorlax
|-status|p1a: Snorlax|par
|move|p1a: Snorlax|Body Slam|p2a: TESUNG
|-damage|p2a: TESUNG|38\/100
|
|turn|28
|choice||
|
|move|p2a: TESUNG|Soft-Boiled|p2a: TESUNG
|-heal|p2a: TESUNG|88\/100
|cant|p1a: Snorlax|par
|
|turn|29
|choice||
|
|move|p2a: TESUNG|Ice Beam|p1a: Snorlax
|-damage|p1a: Snorlax|80\/100 par
|cant|p1a: Snorlax|par
|
|turn|30
|choice||
|
|move|p2a: TESUNG|Ice Beam|p1a: Snorlax
|-damage|p1a: Snorlax|61\/100 par
|cant|p1a: Snorlax|par
|
|turn|31
|choice||
|
|move|p2a: TESUNG|Ice Beam|p1a: Snorlax
|-crit|p1a: Snorlax
|-damage|p1a: Snorlax|25\/100 par
|move|p1a: Snorlax|Body Slam|p2a: TESUNG
|-damage|p2a: TESUNG|50\/100
|
|turn|32
|choice||
|
|move|p2a: TESUNG|Soft-Boiled|p2a: TESUNG
|-heal|p2a: TESUNG|99\/100
|move|p1a: Snorlax|Self-Destruct|p2a: TESUNG
|-damage|p2a: TESUNG|0 fnt
|faint|p2a: TESUNG
|faint|p1a: Snorlax
|choice||
|
|switch|p1a: Cloyster|Cloyster|100\/100
|switch|p2a: PAPAI NOEL|Lapras|100\/100
|turn|33
|choice||
|
|move|p1a: Cloyster|Clamp|p2a: PAPAI NOEL|[miss]
|-miss|p1a: Cloyster
|move|p2a: PAPAI NOEL|Thunderbolt|p1a: Cloyster
|-crit|p1a: Cloyster
|-supereffective|p1a: Cloyster
|-damage|p1a: Cloyster|0 fnt
|faint|p1a: Cloyster
|c|★Nails|oh..
|choice||
|
|switch|p1a: Tauros|Tauros|100\/100
|turn|34
|c|★Tesung|i did it
|choice||
|
|move|p1a: Tauros|Body Slam|p2a: PAPAI NOEL
|-crit|p2a: PAPAI NOEL
|-damage|p2a: PAPAI NOEL|51\/100
|move|p2a: PAPAI NOEL|Blizzard|p1a: Tauros
|-damage|p1a: Tauros|53\/100
|
|turn|35
|choice||
|
|move|p1a: Tauros|Body Slam|p2a: PAPAI NOEL
|-crit|p2a: PAPAI NOEL
|-damage|p2a: PAPAI NOEL|0 fnt
|faint|p2a: PAPAI NOEL
|c|★Nails|same
|c|★Tesung|shit.
|choice||
|
|switch|p2a: SHAKEITUP|Tauros|100\/100
|turn|36
|choice||
|
|move|p2a: SHAKEITUP|Body Slam|p1a: Tauros
|-damage|p1a: Tauros|22\/100
|move|p1a: Tauros|Body Slam|p2a: SHAKEITUP
|-damage|p2a: SHAKEITUP|70\/100
|
|turn|37
|choice||
|
|move|p1a: Tauros|Hyper Beam|p2a: SHAKEITUP
|-damage|p2a: SHAKEITUP|21\/100
|move|p2a: SHAKEITUP|Body Slam|p1a: Tauros
|-damage|p1a: Tauros|0 fnt
|faint|p1a: Tauros
|choice||
|
|switch|p1a: Golem|Golem|100\/100
|turn|38
|choice||
|
|switch|p2a: DOPPELSOLDNER|Snorlax|91\/100
|move|p1a: Golem|Earthquake|p2a: DOPPELSOLDNER
|-damage|p2a: DOPPELSOLDNER|61\/100
|
|turn|39
|c|★Nails|no surf pls
|choice||
|
|move|p1a: Golem|Earthquake|p2a: DOPPELSOLDNER
|-damage|p2a: DOPPELSOLDNER|31\/100
|move|p2a: DOPPELSOLDNER|Earthquake|p1a: Golem
|-supereffective|p1a: Golem
|-damage|p1a: Golem|59\/100
|
|turn|40
|choice||
|
|move|p1a: Golem|Earthquake|p2a: DOPPELSOLDNER
|-damage|p2a: DOPPELSOLDNER|2\/100
|move|p2a: DOPPELSOLDNER|Earthquake|p1a: Golem
|-supereffective|p1a: Golem
|-damage|p1a: Golem|23\/100
|
|turn|41
|c|★Nails|dam
|c|★Nails|gg
|c|★Tesung|gg
|choice||
|
|move|p1a: Golem|Earthquake|p2a: DOPPELSOLDNER
|-damage|p2a: DOPPELSOLDNER|0 fnt
|faint|p2a: DOPPELSOLDNER
|c|★Nails|jk i can
|c|★Tesung|i think blizz killed
|c|★Nails|wake
|c|★Tesung|from 59
|choice||
|
|switch|p2a: SHAKEITUP|Tauros|21\/100
|turn|42
|c|★Nails|1st turn
|c|★Nails|yea
|choice||
|
|move|p2a: SHAKEITUP|Earthquake|p1a: Golem
|-supereffective|p1a: Golem
|-damage|p1a: Golem|0 fnt
|faint|p1a: Golem
|choice||
|
|switch|p1a: Starmie|Starmie|64\/100 slp
|turn|43
|choice||
|
|cant|p1a: Starmie|slp
|move|p2a: SHAKEITUP|Body Slam|p1a: Starmie
|-damage|p1a: Starmie|29\/100 slp
|
|turn|44
|c|★Nails|ok gg
|c|★Tesung|gg
|choice||
|
|cant|p1a: Starmie|slp
|move|p2a: SHAKEITUP|Body Slam|p1a: Starmie
|-damage|p1a: Starmie|0 fnt
|faint|p1a: Starmie
|
|win|Tesung