|J|Dice
|J|urban soulja
|player|p1|Dice|134
|player|p2|urban soulja|2
|gametype|singles
|gen|1
|tier|[Gen 1] OU
|seed|30724,54885,56938,51335
|rule|Sleep Clause Mod: Limit one foe put to sleep
|rule|Freeze Clause Mod: Limit one foe frozen
|rule|Species Clause: Limit one of each Pokémon
|rule|OHKO Clause: OHKO moves are banned
|rule|Evasion Moves Clause: Evasion moves are banned
|rule|HP Percentage Mod: HP is shown in percentages
|
|start
|switch|p1a: Starmie|Starmie|323\/323
|switch|p2a: Cloyster|Cloyster|303\/303
|turn|1
|c|★Dice|ok just
|c|★urban soulja|what i do
|c|★Dice|calmp
|J|r0ady
|c|★Dice|clamp
|c|★urban soulja|beast
|choice|switch 5|move 1
|
|switch|p1a: Chansey|Chansey|703\/703
|move|p2a: Cloyster|Clamp|p1a: Chansey
|-damage|p1a: Chansey|667\/703
|
|turn|2
|choice|move 2|move 1
|
|move|p2a: Cloyster|Clamp|p1a: Chansey|[from]Clamp
|-damage|p1a: Chansey|631\/703
|cant|p1a: Chansey|partiallytrapped
|
|turn|3
|c|★urban soulja|ok i can click anything now
|J|rozes
|c|★Dice|o so
|c|★Dice|clamps over?
|c|★urban soulja|yh
|c|★Dice|ok
|c|★Dice|do it again
|choice|move 2|move 1
|
|move|p2a: Cloyster|Clamp|p1a: Chansey
|-damage|p1a: Chansey|593\/703
|cant|p1a: Chansey|partiallytrapped
|
|turn|4
|choice|move 2|move 1
|
|move|p2a: Cloyster|Clamp|p1a: Chansey|[from]Clamp
|-damage|p1a: Chansey|555\/703
|cant|p1a: Chansey|partiallytrapped
|
|turn|5
|c|★urban soulja|ima clamp agin
|choice|move 2|move 1
|
|move|p2a: Cloyster|Clamp|p1a: Chansey
|-damage|p1a: Chansey|519\/703
|cant|p1a: Chansey|partiallytrapped
|
|turn|6
|choice|move 2|move 1
|
|move|p2a: Cloyster|Clamp|p1a: Chansey|[from]Clamp
|-damage|p1a: Chansey|483\/703
|cant|p1a: Chansey|partiallytrapped
|
|turn|7
|choice|move 2|move 1
|
|move|p2a: Cloyster|Clamp|p1a: Chansey|[from]Clamp
|-damage|p1a: Chansey|447\/703
|cant|p1a: Chansey|partiallytrapped
|
|turn|8
|choice|move 2|move 1
|
|move|p2a: Cloyster|Clamp|p1a: Chansey|[from]Clamp
|-damage|p1a: Chansey|411\/703
|cant|p1a: Chansey|partiallytrapped
|
|turn|9
|choice|move 2|move 1
|
|move|p2a: Cloyster|Clamp|p1a: Chansey|[from]Clamp
|-damage|p1a: Chansey|375\/703
|cant|p1a: Chansey|partiallytrapped
|
|turn|10
|choice|move 2|move 1
|
|move|p2a: Cloyster|Clamp|p1a: Chansey
|-damage|p1a: Chansey|338\/703
|cant|p1a: Chansey|partiallytrapped
|
|turn|11
|c|★Dice|lol
|c|★Dice|it doesnt tell u
|c|★Dice|when it ends
|c|★Dice|its not a huge deal i guess
|c|★urban soulja|weird
|c|★Dice|not cartridge mechs tho
|c|★Dice|ok thx
|J|Reportings
|-message|Dice forfeited.
|
|win|urban soulja