|J|Nails
|J|Dice
|player|p1|Nails|282
|player|p2|Dice|2
|gametype|singles
|gen|1
|tier|[Gen 1] OU
|seed|35536,41257,39886,29402
|rule|Sleep Clause Mod: Limit one foe put to sleep
|rule|Freeze Clause Mod: Limit one foe frozen
|rule|Species Clause: Limit one of each Pokémon
|rule|OHKO Clause: OHKO moves are banned
|rule|Evasion Moves Clause: Evasion moves are banned
|rule|HP Percentage Mod: HP is shown in percentages
|
|start
|switch|p1a: Gengar|Gengar|323\/323
|switch|p2a: Alakazam|Alakazam|313\/313
|turn|1
|choice|switch 5|move 2
|
|switch|p1a: Exeggutor|Exeggutor|393\/393
|move|p2a: Alakazam|Thunder Wave|p1a: Exeggutor
|-status|p1a: Exeggutor|par
|
|turn|2
|choice|move 1|move 4
|
|move|p2a: Alakazam|Seismic Toss|p1a: Exeggutor
|-damage|p1a: Exeggutor|293\/393 par
|move|p1a: Exeggutor|Sleep Powder|p2a: Alakazam
|-status|p2a: Alakazam|slp
|
|turn|3
|choice|move 3|switch 6
|
|switch|p2a: Exeggutor|Exeggutor|393\/393
|move|p1a: Exeggutor|Psychic|p2a: Exeggutor
|-resisted|p2a: Exeggutor
|-damage|p2a: Exeggutor|337\/393
|-unboost|p2a: Exeggutor|spd|1
|-unboost|p2a: Exeggutor|spa|1
|
|turn|4
|choice|switch 3|move 1
|
|switch|p1a: Snorlax|Snorlax|523\/523
|move|p2a: Exeggutor|Psychic|p1a: Snorlax
|-damage|p1a: Snorlax|408\/523
|
|turn|5
|choice|switch 3|switch 3
|
|switch|p2a: Zapdos|Zapdos|383\/383
|switch|p1a: Exeggutor|Exeggutor|293\/393 par
|
|turn|6
|c|★Nails|neat
|choice|move 4|move 4
|
|move|p2a: Zapdos|Drill Peck|p1a: Exeggutor
|-supereffective|p1a: Exeggutor
|-damage|p1a: Exeggutor|86\/393 par
|move|p1a: Exeggutor|Leech Seed|p2a: Zapdos
|-start|p2a: Zapdos|move: Leech Seed
|
|turn|7
|choice|move 2|switch 3
|
|switch|p2a: Exeggutor|Exeggutor|337\/393
|move|p1a: Exeggutor|Explosion|p2a: Exeggutor
|-crit|p2a: Exeggutor
|-damage|p2a: Exeggutor|0 fnt
|faint|p2a: Exeggutor
|faint|p1a: Exeggutor
|choice|switch 3|switch 4
|
|switch|p2a: Snorlax|Snorlax|523\/523
|switch|p1a: Snorlax|Snorlax|408\/523
|turn|8
|choice|move 3|move 1
|
|move|p2a: Snorlax|Body Slam|p1a: Snorlax
|-damage|p1a: Snorlax|268\/523
|move|p1a: Snorlax|Self-Destruct|p2a: Snorlax
|-damage|p2a: Snorlax|124\/523
|faint|p1a: Snorlax
|choice|switch 4|
|
|switch|p1a: Tauros|Tauros|353\/353
|turn|9
|choice|move 1|switch 3
|
|switch|p2a: Zapdos|Zapdos|383\/383
|move|p1a: Tauros|Body Slam|p2a: Zapdos
|-damage|p2a: Zapdos|268\/383
|-status|p2a: Zapdos|par
|
|turn|10
|choice|switch 2|move 3
|
|switch|p1a: Zapdos|Zapdos|383\/383
|move|p2a: Zapdos|Thunder Wave|p1a: Zapdos
|-status|p1a: Zapdos|par
|
|turn|11
|choice|move 2|move 1
|
|move|p2a: Zapdos|Thunderbolt|p1a: Zapdos
|-damage|p1a: Zapdos|270\/383 par
|cant|p1a: Zapdos|par
|
|turn|12
|choice|move 2|move 1
|
|move|p1a: Zapdos|Thunderbolt|p2a: Zapdos
|-damage|p2a: Zapdos|155\/383 par
|move|p2a: Zapdos|Thunderbolt|p1a: Zapdos
|-damage|p1a: Zapdos|156\/383 par
|
|turn|13
|choice|move 2|move 1
|
|cant|p2a: Zapdos|par
|move|p1a: Zapdos|Thunderbolt|p2a: Zapdos
|-damage|p2a: Zapdos|45\/383 par
|
|turn|14
|choice|move 1|move 1
|
|move|p1a: Zapdos|Agility|p1a: Zapdos
|-boost|p1a: Zapdos|spe|2
|move|p2a: Zapdos|Thunderbolt|p1a: Zapdos
|-damage|p1a: Zapdos|40\/383 par
|
|turn|15
|choice|move 2|move 1
|
|move|p1a: Zapdos|Thunderbolt|p2a: Zapdos
|-damage|p2a: Zapdos|0 fnt
|faint|p2a: Zapdos
|choice||switch 2
|
|switch|p2a: Jolteon|Jolteon|333\/333
|turn|16
|choice|move 4|move 1
|
|cant|p1a: Zapdos|par
|move|p2a: Jolteon|Thunderbolt|p1a: Zapdos
|-crit|p1a: Zapdos
|-damage|p1a: Zapdos|0 fnt
|faint|p1a: Zapdos
|choice|switch 6|
|
|switch|p1a: Alakazam|Alakazam|313\/313
|turn|17
|choice|move 2|move 4
|
|move|p2a: Jolteon|Thunder Wave|p1a: Alakazam
|-status|p1a: Alakazam|par
|move|p1a: Alakazam|Thunder Wave|p2a: Jolteon
|-status|p2a: Jolteon|par
|
|turn|18
|choice|move 1|switch 6
|
|switch|p2a: Alakazam|Alakazam|313\/313 slp
|cant|p1a: Alakazam|par
|
|turn|19
|choice|move 1|switch 6
|
|switch|p2a: Jolteon|Jolteon|333\/333 par
|move|p1a: Alakazam|Psychic|p2a: Jolteon
|-crit|p2a: Jolteon
|-damage|p2a: Jolteon|113\/333 par
|
|turn|20
|c|★Nails|got it
|choice|move 1|move 1
|
|move|p2a: Jolteon|Thunderbolt|p1a: Alakazam
|-damage|p1a: Alakazam|215\/313 par
|move|p1a: Alakazam|Psychic|p2a: Jolteon
|-damage|p2a: Jolteon|0 fnt
|faint|p2a: Jolteon
|choice||switch 3
|
|switch|p2a: Snorlax|Snorlax|124\/523
|turn|21
|choice|switch 2|move 4
|
|switch|p1a: Tauros|Tauros|353\/353
|move|p2a: Snorlax|Hyper Beam|p1a: Tauros
|-damage|p1a: Tauros|158\/353
|
|turn|22
|-mustrecharge|p2a: Snorlax
|-mustrecharge|p2a: Snorlax
|choice|move 1|move 1
|
|move|p1a: Tauros|Body Slam|p2a: Snorlax
|-damage|p2a: Snorlax|0 fnt
|faint|p2a: Snorlax
|choice||switch 5
|
|switch|p2a: Tauros|Tauros|353\/353
|turn|23
|choice|switch 5|move 4
|
|switch|p1a: Gengar|Gengar|323\/323
|move|p2a: Tauros|Hyper Beam|p1a: Gengar
|-immune|p1a: Gengar|[msg]
|
|turn|24
|choice|move 3|switch 6
|
|switch|p2a: Alakazam|Alakazam|313\/313 slp
|move|p1a: Gengar|Thunderbolt|p2a: Alakazam
|-damage|p2a: Alakazam|237\/313 slp
|
|turn|25
|choice|switch 5|switch 6
|
|switch|p2a: Tauros|Tauros|353\/353
|switch|p1a: Tauros|Tauros|158\/353
|
|turn|26
|choice|switch 5|move 3
|
|switch|p1a: Gengar|Gengar|323\/323
|move|p2a: Tauros|Blizzard|p1a: Gengar|[miss]
|-miss|p2a: Tauros
|
|turn|27
|choice|move 2|move 3
|
|move|p1a: Gengar|Explosion|p2a: Tauros
|-damage|p2a: Tauros|151\/353
|faint|p1a: Gengar
|choice|switch 5|
|
|switch|p1a: Tauros|Tauros|158\/353
|turn|28
|choice|move 4|move 4
|
|move|p2a: Tauros|Hyper Beam|p1a: Tauros
|-damage|p1a: Tauros|0 fnt
|faint|p1a: Tauros
|choice|switch 2|
|
|switch|p1a: Alakazam|Alakazam|215\/313 par
|turn|29
|choice|move 2|move 4
|
|move|p2a: Tauros|Hyper Beam|p1a: Alakazam
|-damage|p1a: Alakazam|0 fnt
|faint|p1a: Alakazam
|
|win|Dice