|J|joltage
|J|xJoelituh
|player|p1|joltage|73
|player|p2|xJoelituh|134
|gametype|singles
|gen|1
|tier|[Gen 1] OU
|seed|16077,3602,2307,46377
|rule|Sleep Clause Mod: Limit one foe put to sleep
|rule|Freeze Clause Mod: Limit one foe frozen
|rule|Species Clause: Limit one of each Pokémon
|rule|OHKO Clause: OHKO moves are banned
|rule|Evasion Moves Clause: Evasion moves are banned
|rule|HP Percentage Mod: HP is shown in percentages
|
|start
|switch|p1a: Jynx|Jynx|333\/333
|switch|p2a: Starmie|Starmie|323\/323
|turn|1
|c|★xJoelituh|hf
|c|★joltage|you too man
|choice|move 2|move 4
|
|move|p2a: Starmie|Thunder Wave|p1a: Jynx
|-status|p1a: Jynx|par
|move|p1a: Jynx|Lovely Kiss|p2a: Starmie
|-status|p2a: Starmie|slp
|
|turn|2
|J|Tycoon Prozac
|choice|switch 2|switch 2
|
|switch|p2a: Snorlax|Snorlax|523\/523
|switch|p1a: Starmie|Starmie|323\/323
|
|turn|3
|choice|move 1|move 1
|
|move|p1a: Starmie|Blizzard|p2a: Snorlax
|-damage|p2a: Snorlax|397\/523
|move|p2a: Snorlax|Body Slam|p1a: Starmie
|-damage|p1a: Starmie|211\/323
|
|turn|4
|choice|move 1|move 1
|
|move|p1a: Starmie|Blizzard|p2a: Snorlax
|-crit|p2a: Snorlax
|-damage|p2a: Snorlax|172\/523
|move|p2a: Snorlax|Body Slam|p1a: Starmie
|-crit|p1a: Starmie
|-damage|p1a: Starmie|0 fnt
|faint|p1a: Starmie
|choice|switch 3|
|
|switch|p1a: Tauros|Tauros|353\/353
|turn|5
|choice|move 1|switch 5
|
|switch|p2a: Exeggutor|Exeggutor|393\/393
|move|p1a: Tauros|Body Slam|p2a: Exeggutor
|-damage|p2a: Exeggutor|275\/393
|
|turn|6
|choice|switch 2|move 1
|
|switch|p1a: Jynx|Jynx|333\/333 par
|move|p2a: Exeggutor|Sleep Powder|p1a: Jynx|[miss]
|-miss|p2a: Exeggutor
|
|turn|7
|choice|move 4|switch 5
|
|switch|p2a: Snorlax|Snorlax|172\/523
|move|p1a: Jynx|Blizzard|p2a: Snorlax
|-damage|p2a: Snorlax|0 fnt
|faint|p2a: Snorlax
|choice||switch 3
|
|switch|p2a: Tauros|Tauros|353\/353
|turn|8
|choice|move 4|move 1
|
|move|p2a: Tauros|Body Slam|p1a: Jynx
|-damage|p1a: Jynx|169\/333 par
|move|p1a: Jynx|Blizzard|p2a: Tauros
|-damage|p2a: Tauros|174\/353
|
|turn|9
|choice|switch 5|switch 4
|
|switch|p2a: Chansey|Chansey|703\/703
|switch|p1a: Exeggutor|Exeggutor|393\/393
|
|turn|10
|choice|move 2|move 4
|
|move|p1a: Exeggutor|Sleep Powder|p2a: Chansey|[miss]
|-miss|p1a: Exeggutor
|move|p2a: Chansey|Ice Beam|p1a: Exeggutor
|-crit|p1a: Exeggutor
|-supereffective|p1a: Exeggutor
|-damage|p1a: Exeggutor|131\/393
|
|turn|11
|c|★xJoelituh|ew
|c|★xJoelituh|sorry
|choice|move 3|switch 5
|
|switch|p2a: Exeggutor|Exeggutor|275\/393
|move|p1a: Exeggutor|Explosion|p2a: Exeggutor
|-damage|p2a: Exeggutor|0 fnt
|faint|p2a: Exeggutor
|faint|p1a: Exeggutor
|choice|switch 4|switch 6
|
|switch|p2a: Zapdos|Zapdos|383\/383
|switch|p1a: Snorlax|Snorlax|523\/523
|turn|12
|choice|move 1|move 3
|
|move|p2a: Zapdos|Thunder Wave|p1a: Snorlax
|-status|p1a: Snorlax|par
|move|p1a: Snorlax|Mega Kick|p2a: Zapdos
|-damage|p2a: Zapdos|211\/383
|
|turn|13
|choice|move 1|switch 2
|
|switch|p2a: Starmie|Starmie|323\/323 slp
|cant|p1a: Snorlax|par
|
|turn|14
|choice|move 1|move 3
|
|cant|p2a: Starmie|slp
|cant|p1a: Snorlax|par
|
|turn|15
|choice|move 1|move 2
|
|cant|p2a: Starmie|slp
|move|p1a: Snorlax|Mega Kick|p2a: Starmie|[miss]
|-miss|p1a: Snorlax
|
|turn|16
|choice|switch 2|move 2
|
|switch|p1a: Tauros|Tauros|353\/353
|cant|p2a: Starmie|slp
|
|turn|17
|choice|move 1|move 3
|
|cant|p2a: Starmie|slp
|move|p1a: Tauros|Body Slam|p2a: Starmie
|-damage|p2a: Starmie|221\/323 slp
|
|turn|18
|choice|move 1|move 3
|
|cant|p2a: Starmie|slp
|move|p1a: Tauros|Body Slam|p2a: Starmie
|-damage|p2a: Starmie|115\/323 slp
|
|turn|19
|choice|switch 2|switch 5
|
|switch|p2a: Chansey|Chansey|703\/703
|switch|p1a: Snorlax|Snorlax|523\/523 par
|
|turn|20
|choice|move 1|move 1
|
|move|p2a: Chansey|Soft-Boiled|p2a: Chansey
|-fail|p2a: Chansey
|move|p1a: Snorlax|Mega Kick|p2a: Chansey
|-damage|p2a: Chansey|303\/703
|
|turn|21
|choice|move 1|move 1
|
|move|p2a: Chansey|Soft-Boiled|p2a: Chansey
|-heal|p2a: Chansey|654\/703
|move|p1a: Snorlax|Mega Kick|p2a: Chansey|[miss]
|-miss|p1a: Snorlax
|
|turn|22
|choice|move 4|move 4
|
|move|p2a: Chansey|Ice Beam|p1a: Snorlax
|-crit|p1a: Snorlax
|-damage|p1a: Snorlax|327\/523 par
|move|p1a: Snorlax|Self-Destruct|p2a: Chansey
|-damage|p2a: Chansey|0 fnt
|faint|p2a: Chansey
|faint|p1a: Snorlax
|L|Tycoon Prozac
|choice|switch 2|switch 2
|
|switch|p1a: Tauros|Tauros|353\/353
|switch|p2a: Zapdos|Zapdos|211\/383
|turn|23
|choice|move 4|move 3
|
|move|p1a: Tauros|Hyper Beam|p2a: Zapdos|[miss]
|-miss|p1a: Tauros
|move|p2a: Zapdos|Thunder Wave|p1a: Tauros
|-status|p1a: Tauros|par
|
|turn|24
|choice|move 4|move 2
|
|move|p2a: Zapdos|Thunderbolt|p1a: Tauros
|-damage|p1a: Tauros|178\/353 par
|move|p1a: Tauros|Hyper Beam|p2a: Zapdos
|-damage|p2a: Zapdos|7\/383
|
|turn|25
|-mustrecharge|p1a: Tauros
|-mustrecharge|p1a: Tauros
|choice|move 1|move 2
|
|move|p2a: Zapdos|Thunderbolt|p1a: Tauros
|-damage|p1a: Tauros|16\/353 par
|cant|p1a: Tauros|recharge
|
|turn|26
|choice|move 1|move 2
|
|move|p2a: Zapdos|Thunderbolt|p1a: Tauros
|-damage|p1a: Tauros|0 fnt
|faint|p1a: Tauros
|choice|switch 5|
|
|switch|p1a: Jynx|Jynx|169\/333 par
|turn|27
|choice|move 1|move 1
|
|move|p2a: Zapdos|Drill Peck|p1a: Jynx
|-damage|p1a: Jynx|27\/333 par
|cant|p1a: Jynx|par
|
|turn|28
|choice|move 1|move 1
|
|move|p2a: Zapdos|Drill Peck|p1a: Jynx
|-damage|p1a: Jynx|0 fnt
|faint|p1a: Jynx
|choice|switch 6|
|
|switch|p1a: Chansey|Chansey|703\/703
|turn|29
|choice|move 1|move 1
|
|move|p2a: Zapdos|Drill Peck|p1a: Chansey
|-crit|p1a: Chansey
|-damage|p1a: Chansey|264\/703
|move|p1a: Chansey|Ice Beam|p2a: Zapdos
|-supereffective|p2a: Zapdos
|-damage|p2a: Zapdos|0 fnt
|faint|p2a: Zapdos
|c|★xJoelituh|sigh
|c|★xJoelituh|sorry gg
|choice||switch 4
|
|switch|p2a: Tauros|Tauros|174\/353
|turn|30
|c|★joltage|eh, it's fine gg
|choice|move 2|move 4
|
|move|p2a: Tauros|Hyper Beam|p1a: Chansey
|-damage|p1a: Chansey|0 fnt
|faint|p1a: Chansey
|
|win|xJoelituh