|J|FLCL
|J|xJoelituh
|player|p1|FLCL|#flcl
|player|p2|xJoelituh|#yellow
|gametype|singles
|gen|1
|tier|[Gen 1] OU
|seed|14423,11356,18184,49572
|rule|Sleep Clause Mod: Limit one foe put to sleep
|rule|Freeze Clause Mod: Limit one foe frozen
|rule|Species Clause: Limit one of each Pokémon
|rule|OHKO Clause: OHKO moves are banned
|rule|Evasion Moves Clause: Evasion moves are banned
|rule|HP Percentage Mod: HP is shown in percentages
|
|start
|switch|p1a: Alakazam|Alakazam|313\/313
|switch|p2a: Starmie|Starmie|323\/323
|turn|1
|J|Slurmz
|J|Time Stall
|J|qht
|J|ggggd
|J|Alexander
|c|★FLCL|gl
|c|★xJoelituh|hf
|choice|move 3|move 4
|
|move|p1a: Alakazam|Thunder Wave|p2a: Starmie
|-status|p2a: Starmie|par
|move|p2a: Starmie|Thunder Wave|p1a: Alakazam
|-status|p1a: Alakazam|par
|
|turn|2
|c|+Nails|fooly fite me rby
|c|+Nails|rofl u let your zam get paraed
|c|+Nails|gg
|choice|move 4|move 1
|
|move|p1a: Alakazam|Seismic Toss|p2a: Starmie
|-damage|p2a: Starmie|223\/323 par
|move|p2a: Starmie|Blizzard|p1a: Alakazam
|-crit|p1a: Alakazam
|-damage|p1a: Alakazam|169\/313 par
|
|turn|3
|choice|move 2|switch 3
|
|switch|p2a: Tauros|Tauros|353\/353
|move|p1a: Alakazam|Recover|p1a: Alakazam
|-heal|p1a: Alakazam|313\/313 par
|
|turn|4
|c|+Slurmz|tan rof
|J|KratosMana
|choice|move 3|switch 6
|
|switch|p2a: Rhydon|Rhydon|413\/413
|move|p1a: Alakazam|Thunder Wave|p2a: Rhydon
|-immune|p2a: Rhydon|[msg]
|
|turn|5
|choice|switch 6|move 3
|
|switch|p1a: Exeggutor|Exeggutor|393\/393
|move|p2a: Rhydon|Body Slam|p1a: Exeggutor
|-damage|p1a: Exeggutor|311\/393
|
|turn|6
|J|BlackBloodz
|choice|move 2|switch 3
|
|switch|p2a: Starmie|Starmie|223\/323 par
|move|p1a: Exeggutor|Psychic|p2a: Starmie
|-resisted|p2a: Starmie
|-damage|p2a: Starmie|165\/323 par
|
|turn|7
|c|+Nails|damn this guy revealed his tauros turn 3
|L|BlackBloodz
|choice|move 2|move 1
|
|move|p1a: Exeggutor|Psychic|p2a: Starmie
|-resisted|p2a: Starmie
|-damage|p2a: Starmie|101\/323 par
|-unboost|p2a: Starmie|spd|1
|-unboost|p2a: Starmie|spa|1
|move|p2a: Starmie|Blizzard|p1a: Exeggutor
|-supereffective|p1a: Exeggutor
|-damage|p1a: Exeggutor|199\/393
|
|turn|8
|c|+Nails|what an Amateur
|choice|move 2|switch 2
|
|switch|p2a: Chansey|Chansey|703\/703
|move|p1a: Exeggutor|Psychic|p2a: Chansey
|-damage|p2a: Chansey|577\/703
|
|turn|9
|choice|move 1|switch 3
|
|switch|p2a: Rhydon|Rhydon|413\/413
|move|p1a: Exeggutor|Sleep Powder|p2a: Rhydon
|-status|p2a: Rhydon|slp
|
|turn|10
|c|+Nails|real nigga clicks boom right here
|choice|move 2|move 1
|
|move|p1a: Exeggutor|Psychic|p2a: Rhydon
|-damage|p2a: Rhydon|222\/413 slp
|cant|p2a: Rhydon|slp
|
|turn|11
|c|+Nails|-
|choice|move 2|switch 5
|
|switch|p2a: Articuno|Articuno|383\/383
|move|p1a: Exeggutor|Psychic|p2a: Articuno
|-damage|p2a: Articuno|278\/383
|-unboost|p2a: Articuno|spd|1
|-unboost|p2a: Articuno|spa|1
|
|turn|12
|c|+Slurmz|-
|c|★FLCL|hey nails
|c|★FLCL|stop yapping
|c|+Slurmz|lol
|choice|switch 4|move 1
|
|switch|p1a: Chansey|Chansey|703\/703
|move|p2a: Articuno|Blizzard|p1a: Chansey
|-damage|p1a: Chansey|605\/703
|
|turn|13
|choice|move 2|switch 4
|
|switch|p2a: Exeggutor|Exeggutor|393\/393
|move|p1a: Chansey|Ice Beam|p2a: Exeggutor
|-supereffective|p2a: Exeggutor
|-damage|p2a: Exeggutor|259\/393
|
|turn|14
|choice|switch 6|move 2
|
|switch|p1a: Alakazam|Alakazam|313\/313 par
|move|p2a: Exeggutor|Sleep Powder|p1a: Alakazam
|-fail|p1a: Alakazam
|
|turn|15
|c|+Nails|im sitting in a belle tire waiting room waiting for them to put new tires on my car
|c|+Nails|the fuck else am isupposed to do
|c|+Nails|brb
|choice|move 1|move 3
|
|move|p2a: Exeggutor|Psychic|p1a: Alakazam
|-resisted|p1a: Alakazam
|-damage|p1a: Alakazam|267\/313 par
|move|p1a: Alakazam|Psychic|p2a: Exeggutor
|-crit|p2a: Exeggutor
|-resisted|p2a: Exeggutor
|-damage|p2a: Exeggutor|153\/393
|
|turn|16
|c|+Slurmz|!dt egg bomb
|c|~|\/data-move Egg Bomb
|raw|<font size="1"><font color=#585858>Priority:<\/font> 0&nbsp;|&ThickSpace;<font color=#585858>Gen:<\/font> 1&nbsp;|&ThickSpace;<font color=#585858><font color=black>&#10003; Bullet<\/font><\/font>&nbsp;|&ThickSpace;<font color=#585858>Target:<\/font> One Adjacent Pokémon<\/font>
|choice|move 1|move 3
|
|move|p2a: Exeggutor|Psychic|p1a: Alakazam
|-resisted|p1a: Alakazam
|-damage|p1a: Alakazam|218\/313 par
|-unboost|p1a: Alakazam|spd|1
|-unboost|p1a: Alakazam|spa|1
|move|p1a: Alakazam|Psychic|p2a: Exeggutor
|-crit|p2a: Exeggutor
|-resisted|p2a: Exeggutor
|-damage|p2a: Exeggutor|36\/393
|
|turn|17
|choice|switch 4|switch 3
|
|switch|p2a: Chansey|Chansey|577\/703
|switch|p1a: Exeggutor|Exeggutor|199\/393
|
|turn|18
|choice|move 2|move 1
|
|move|p1a: Exeggutor|Psychic|p2a: Chansey
|-damage|p2a: Chansey|462\/703
|move|p2a: Chansey|Reflect|p2a: Chansey
|-start|p2a: Chansey|Reflect
|
|turn|19
|choice|move 2|move 3
|
|move|p1a: Exeggutor|Psychic|p2a: Chansey
|-damage|p2a: Chansey|334\/703
|-unboost|p2a: Chansey|spd|1
|-unboost|p2a: Chansey|spa|1
|move|p2a: Chansey|Soft-Boiled|p2a: Chansey
|-heal|p2a: Chansey|685\/703
|
|turn|20
|choice|move 2|move 2
|
|move|p1a: Exeggutor|Psychic|p2a: Chansey
|-crit|p2a: Chansey
|-damage|p2a: Chansey|459\/703
|move|p2a: Chansey|Seismic Toss|p1a: Exeggutor
|-damage|p1a: Exeggutor|99\/393
|
|turn|21
|choice|move 2|move 3
|
|move|p1a: Exeggutor|Psychic|p2a: Chansey
|-damage|p2a: Chansey|281\/703
|move|p2a: Chansey|Soft-Boiled|p2a: Chansey
|-heal|p2a: Chansey|632\/703
|
|turn|22
|choice|move 2|move 2
|
|move|p1a: Exeggutor|Psychic|p2a: Chansey
|-damage|p2a: Chansey|436\/703
|-unboost|p2a: Chansey|spd|1
|-unboost|p2a: Chansey|spa|1
|move|p2a: Chansey|Seismic Toss|p1a: Exeggutor
|-damage|p1a: Exeggutor|0 fnt
|faint|p1a: Exeggutor
|choice|switch 4|
|
|switch|p1a: Alakazam|Alakazam|218\/313 par
|turn|23
|choice|move 1|switch 2
|
|switch|p2a: Starmie|Starmie|101\/323 par
|move|p1a: Alakazam|Psychic|p2a: Starmie
|-resisted|p2a: Starmie
|-damage|p2a: Starmie|39\/323 par
|-unboost|p2a: Starmie|spd|1
|-unboost|p2a: Starmie|spa|1
|
|turn|24
|choice|move 1|move 3
|
|move|p1a: Alakazam|Psychic|p2a: Starmie
|-resisted|p2a: Starmie
|-damage|p2a: Starmie|0 fnt
|faint|p2a: Starmie
|choice||switch 3
|
|switch|p2a: Exeggutor|Exeggutor|36\/393
|turn|25
|J|GOSADERA ALL NIGHT
|choice|move 2|move 2
|
|move|p2a: Exeggutor|Sleep Powder|p1a: Alakazam
|-fail|p1a: Alakazam
|move|p1a: Alakazam|Recover|p1a: Alakazam
|-heal|p1a: Alakazam|313\/313 par
|
|turn|26
|c|★xJoelituh|wigh
|c|★xJoelituh|sigh*
|L|GOSADERA ALL NIGHT
|choice|move 1|move 4
|
|move|p2a: Exeggutor|Explosion|p1a: Alakazam
|-damage|p1a: Alakazam|0 fnt
|faint|p1a: Alakazam
|faint|p2a: Exeggutor
|L|ggggd
|choice|switch 2|switch 4
|
|switch|p1a: Tauros|Tauros|353\/353
|switch|p2a: Articuno|Articuno|278\/383
|turn|27
|c|+KratosMana|why do ppl still use articuno
|choice|switch 6|move 1
|
|switch|p1a: Chansey|Chansey|605\/703
|move|p2a: Articuno|Blizzard|p1a: Chansey
|-damage|p1a: Chansey|458\/703
|
|turn|28
|c|+KratosMana|fukkkkkkkkkkkkkkkkkkkkkkkkkkkkkkkkkkkkkkkkkkkkkkkkkkkkkkkkkkkkkkkkkkkkkkkkkkkkkkkkkkkkkkk
|c|+Nails|\/me blizzard KratosMana
|choice|move 1|switch 2
|
|switch|p2a: Chansey|Chansey|436\/703
|move|p1a: Chansey|Soft-Boiled|p1a: Chansey
|-heal|p1a: Chansey|703\/703
|
|turn|29
|choice|move 2|move 3
|
|move|p2a: Chansey|Soft-Boiled|p2a: Chansey
|-heal|p2a: Chansey|703\/703
|move|p1a: Chansey|Ice Beam|p2a: Chansey
|-damage|p2a: Chansey|633\/703
|
|turn|30
|c|+KratosMana|its complete garbage and outclassed by everything -_-
|c|+Nails|whats it outclassed by
|c|+Nails|also wanna fite me rby
|c|★FLCL|ur mom loijhgfdrsew
|c|+Nails|rofl got me
|c|+KratosMana|alsamomlmoaaaa
|choice|move 2|switch 2
|
|switch|p2a: Articuno|Articuno|278\/383
|move|p1a: Chansey|Ice Beam|p2a: Articuno
|-damage|p2a: Articuno|212\/383
|
|turn|31
|choice|move 4|move 1
|
|move|p2a: Articuno|Blizzard|p1a: Chansey
|-damage|p1a: Chansey|552\/703
|move|p1a: Chansey|Counter|p2a: Articuno
|-fail|p1a: Chansey
|
|turn|32
|choice|move 3|move 1
|
|move|p2a: Articuno|Blizzard|p1a: Chansey
|-damage|p1a: Chansey|406\/703
|move|p1a: Chansey|Thunder Wave|p2a: Articuno
|-status|p2a: Articuno|par
|
|turn|33
|choice|move 1|move 4
|
|move|p1a: Chansey|Soft-Boiled|p1a: Chansey
|-heal|p1a: Chansey|703\/703
|move|p2a: Articuno|Agility|p2a: Articuno
|-boost|p2a: Articuno|spe|2
|
|turn|34
|choice|move 2|move 1
|
|cant|p2a: Articuno|par
|move|p1a: Chansey|Ice Beam|p2a: Articuno
|-damage|p2a: Articuno|145\/383 par
|
|turn|35
|choice|move 2|move 1
|
|move|p2a: Articuno|Blizzard|p1a: Chansey
|-damage|p1a: Chansey|534\/703
|move|p1a: Chansey|Ice Beam|p2a: Articuno
|-damage|p2a: Articuno|77\/383 par
|
|turn|36
|choice|move 2|move 1
|
|move|p2a: Articuno|Blizzard|p1a: Chansey
|-damage|p1a: Chansey|381\/703
|move|p1a: Chansey|Ice Beam|p2a: Articuno
|-damage|p2a: Articuno|16\/383 par
|
|turn|37
|choice|move 1|move 1
|
|move|p2a: Articuno|Blizzard|p1a: Chansey
|-damage|p1a: Chansey|226\/703
|move|p1a: Chansey|Soft-Boiled|p1a: Chansey
|-heal|p1a: Chansey|577\/703
|
|turn|38
|choice|move 2|move 1
|
|move|p2a: Articuno|Blizzard|p1a: Chansey
|-damage|p1a: Chansey|422\/703
|move|p1a: Chansey|Ice Beam|p2a: Articuno
|-damage|p2a: Articuno|0 fnt
|faint|p2a: Articuno
|choice||switch 6
|
|switch|p2a: Tauros|Tauros|353\/353
|turn|39
|choice|move 3|move 4
|
|move|p2a: Tauros|Earthquake|p1a: Chansey
|-damage|p1a: Chansey|210\/703
|move|p1a: Chansey|Thunder Wave|p2a: Tauros
|-status|p2a: Tauros|par
|
|turn|40
|choice|move 1|move 3
|
|move|p1a: Chansey|Soft-Boiled|p1a: Chansey
|-heal|p1a: Chansey|561\/703
|move|p2a: Tauros|Hyper Beam|p1a: Chansey
|-damage|p1a: Chansey|101\/703
|
|turn|41
|-mustrecharge|p2a: Tauros
|-mustrecharge|p2a: Tauros
|choice|move 1|move 1
|
|move|p1a: Chansey|Soft-Boiled|p1a: Chansey
|-heal|p1a: Chansey|452\/703
|cant|p2a: Tauros|recharge
|
|turn|42
|c|+Nails|ded bull
|c|+Nails|imo
|choice|move 1|move 4
|
|move|p1a: Chansey|Soft-Boiled|p1a: Chansey
|-heal|p1a: Chansey|703\/703
|move|p2a: Tauros|Earthquake|p1a: Chansey
|-crit|p1a: Chansey
|-damage|p1a: Chansey|306\/703
|
|turn|43
|c|+Nails|why no
|c|+Nails|counter
|c|★xJoelituh|^
|c|+Nails|on the recharge
|c|+Nails|D:
|c|★FLCL|4got
|choice|move 1|move 4
|
|move|p1a: Chansey|Soft-Boiled|p1a: Chansey
|-heal|p1a: Chansey|657\/703
|move|p2a: Tauros|Earthquake|p1a: Chansey
|-damage|p1a: Chansey|449\/703
|
|turn|44
|choice|move 1|move 4
|
|move|p1a: Chansey|Soft-Boiled|p1a: Chansey
|-heal|p1a: Chansey|703\/703
|move|p2a: Tauros|Earthquake|p1a: Chansey
|-damage|p1a: Chansey|500\/703
|
|turn|45
|choice|move 2|switch 2
|
|switch|p2a: Chansey|Chansey|633\/703
|move|p1a: Chansey|Ice Beam|p2a: Chansey
|-damage|p2a: Chansey|560\/703
|
|turn|46
|choice|move 2|move 4
|
|move|p2a: Chansey|Thunder Wave|p1a: Chansey
|-status|p1a: Chansey|par
|cant|p1a: Chansey|par
|
|turn|47
|choice|move 2|switch 2
|
|switch|p2a: Tauros|Tauros|353\/353 par
|move|p1a: Chansey|Ice Beam|p2a: Tauros
|-damage|p2a: Tauros|250\/353 par
|
|turn|48
|choice|switch 5|move 4
|
|switch|p1a: Zapdos|Zapdos|383\/383
|move|p2a: Tauros|Earthquake|p1a: Zapdos
|-immune|p1a: Zapdos|[msg]
|
|turn|49
|c|+Nails|kacaw
|c|+Nails|imo
|choice|move 1|switch 5
|
|switch|p2a: Rhydon|Rhydon|222\/413 slp
|move|p1a: Zapdos|Thunderbolt|p2a: Rhydon
|-immune|p2a: Rhydon|[msg]
|
|turn|50
|choice|switch 6|move 3
|
|switch|p1a: Tauros|Tauros|353\/353
|-curestatus|p2a: Rhydon|slp
|
|turn|51
|choice|move 4|switch 2
|
|switch|p2a: Chansey|Chansey|560\/703
|move|p1a: Tauros|Blizzard|p2a: Chansey
|-damage|p2a: Chansey|486\/703
|
|turn|52
|choice|move 3|move 1
|
|move|p1a: Tauros|Earthquake|p2a: Chansey
|-crit|p2a: Chansey
|-damage|p2a: Chansey|48\/703
|move|p2a: Chansey|Reflect|p2a: Chansey
|-start|p2a: Chansey|Reflect
|
|turn|53
|c|★xJoelituh|sigh
|c|+Nails|rekt
|choice|move 3|switch 2
|
|switch|p2a: Rhydon|Rhydon|222\/413
|move|p1a: Tauros|Earthquake|p2a: Rhydon
|-crit|p2a: Rhydon
|-supereffective|p2a: Rhydon
|-damage|p2a: Rhydon|0 fnt
|faint|p2a: Rhydon
|choice||switch 5
|
|switch|p2a: Tauros|Tauros|250\/353 par
|turn|54
|c|+Nails|go foolE
|choice|move 1|move 1
|
|move|p1a: Tauros|Body Slam|p2a: Tauros
|-damage|p2a: Tauros|148\/353 par
|move|p2a: Tauros|Body Slam|p1a: Tauros
|-damage|p1a: Tauros|254\/353
|
|turn|55
|choice|move 2|move 2
|
|move|p1a: Tauros|Hyper Beam|p2a: Tauros
|-crit|p2a: Tauros
|-damage|p2a: Tauros|0 fnt
|faint|p2a: Tauros
|choice||switch 2
|
|switch|p2a: Chansey|Chansey|48\/703
|turn|56
|c|★xJoelituh|gg xd
|choice|move 1|move 4
|
|move|p1a: Tauros|Body Slam|p2a: Chansey
|-damage|p2a: Chansey|0 fnt
|faint|p2a: Chansey
|
|win|FLCL