|inactive|Battle timer is ON: inactive players will automatically lose when time's up.
|J|Conflict
|J|Dice
|player|p1|Conflict|126
|player|p2|Dice|168
|gametype|singles
|gen|1
|tier|[Gen 1] OU
|seed|63417,19477,45869,24644
|rule|Sleep Clause Mod: Limit one foe put to sleep
|rule|Freeze Clause Mod: Limit one foe frozen
|rule|Species Clause: Limit one of each Pokémon
|rule|OHKO Clause: OHKO moves are banned
|rule|Evasion Moves Clause: Evasion moves are banned
|rule|HP Percentage Mod: HP is shown in percentages
|
|start
|switch|p1a: Starmie|Starmie|323\/323
|switch|p2a: Hypno|Hypno|373\/373
|turn|1
|choice|move 1|move 1
|
|move|p1a: Starmie|Blizzard|p2a: Hypno
|-crit|p2a: Hypno
|-damage|p2a: Hypno|194\/373
|move|p2a: Hypno|Hypnosis|p1a: Starmie
|-status|p1a: Starmie|slp
|
|turn|2
|J|Alexander
|choice|move 1|move 3
|
|cant|p1a: Starmie|slp
|move|p2a: Hypno|Psychic|p1a: Starmie
|-resisted|p1a: Starmie
|-damage|p1a: Starmie|265\/323 slp
|
|turn|3
|choice|move 1|switch 3
|
|switch|p2a: Tauros|Tauros|353\/353
|cant|p1a: Starmie|slp
|
|turn|4
|choice|switch 4|move 3
|
|switch|p1a: Golem|Golem|363\/363
|move|p2a: Tauros|Blizzard|p1a: Golem|[miss]
|-miss|p2a: Tauros
|
|turn|5
|choice|switch 2|switch 6
|
|switch|p2a: Starmie|Starmie|323\/323
|switch|p1a: Chansey|Chansey|703\/703
|
|turn|6
|choice|switch 4|switch 2
|
|switch|p2a: Chansey|Chansey|703\/703
|switch|p1a: Starmie|Starmie|265\/323 slp
|
|turn|7
|choice|switch 3|move 1
|
|switch|p1a: Exeggutor|Exeggutor|393\/393
|move|p2a: Chansey|Ice Beam|p1a: Exeggutor
|-supereffective|p1a: Exeggutor
|-damage|p1a: Exeggutor|269\/393
|
|turn|8
|choice|move 4|switch 3
|
|switch|p2a: Hypno|Hypno|194\/373
|move|p1a: Exeggutor|Sleep Powder|p2a: Hypno
|-status|p2a: Hypno|slp
|
|turn|9
|choice|move 3|switch 2
|
|switch|p2a: Starmie|Starmie|323\/323
|move|p1a: Exeggutor|Psychic|p2a: Starmie
|-resisted|p2a: Starmie
|-damage|p2a: Starmie|264\/323
|-unboost|p2a: Starmie|spd|1
|-unboost|p2a: Starmie|spa|1
|
|turn|10
|choice|move 2|move 1
|
|move|p2a: Starmie|Blizzard|p1a: Exeggutor
|-crit|p1a: Exeggutor
|-supereffective|p1a: Exeggutor
|-damage|p1a: Exeggutor|0 fnt
|faint|p1a: Exeggutor
|c|★Conflict|-.-
|c|★Conflict|hng
|c|★Conflict|damn
|c|★Conflict|that rly sucked
|choice|switch 4|
|
|switch|p1a: Chansey|Chansey|703\/703
|turn|11
|c|★Conflict|!calc
|raw|<div class="infobox">Pok&eacute;mon Showdown! damage calculator. (Courtesy of Honko)<br \/>- <a href="https:\/\/pokemonshowdown.com\/damagecalc\/">Damage Calculator<\/a><\/div>
|choice|move 2|switch 3
|
|switch|p2a: Chansey|Chansey|703\/703
|move|p1a: Chansey|Ice Beam|p2a: Chansey
|-damage|p2a: Chansey|634\/703
|
|turn|12
|choice|move 2|move 3
|
|move|p1a: Chansey|Ice Beam|p2a: Chansey
|-damage|p2a: Chansey|565\/703
|move|p2a: Chansey|Thunder Wave|p1a: Chansey
|-status|p1a: Chansey|par
|
|turn|13
|choice|move 2|switch 5
|
|switch|p2a: Snorlax|Snorlax|523\/523
|move|p1a: Chansey|Ice Beam|p2a: Snorlax
|-damage|p2a: Snorlax|419\/523
|
|turn|14
|choice|switch 2|move 2
|
|switch|p1a: Golem|Golem|363\/363
|move|p2a: Snorlax|Earthquake|p1a: Golem
|-supereffective|p1a: Golem
|-damage|p1a: Golem|231\/363
|
|turn|15
|choice|move 2|switch 3
|
|switch|p2a: Starmie|Starmie|264\/323
|move|p1a: Golem|Earthquake|p2a: Starmie
|-damage|p2a: Starmie|128\/323
|
|turn|16
|c|★Conflict|Exeggutor Explosion vs. Starmie: 266-313 (82.3 - 96.9%) -- guaranteed 2HKO
|c|★Conflict|perfect
|c|★Conflict|range
|c|★Conflict|:(
|c|★Dice|:(
|choice|switch 2|move 2
|
|switch|p1a: Chansey|Chansey|703\/703 par
|move|p2a: Starmie|Recover|p2a: Starmie
|-heal|p2a: Starmie|289\/323
|
|turn|17
|choice|move 2|switch 3
|
|switch|p2a: Snorlax|Snorlax|419\/523
|move|p1a: Chansey|Ice Beam|p2a: Snorlax
|-crit|p2a: Snorlax
|-damage|p2a: Snorlax|212\/523
|
|turn|18
|choice|move 1|move 2
|
|move|p2a: Snorlax|Earthquake|p1a: Chansey
|-damage|p1a: Chansey|485\/703 par
|cant|p1a: Chansey|par
|
|turn|19
|choice|move 3|move 2
|
|move|p2a: Snorlax|Earthquake|p1a: Chansey
|-damage|p1a: Chansey|264\/703 par
|move|p1a: Chansey|Soft-Boiled|p1a: Chansey
|-heal|p1a: Chansey|615\/703 par
|
|turn|20
|choice|move 4|move 1
|
|move|p2a: Snorlax|Body Slam|p1a: Chansey
|-damage|p1a: Chansey|340\/703 par
|move|p1a: Chansey|Thunder Wave|p2a: Snorlax
|-status|p2a: Snorlax|par
|
|turn|21
|choice|switch 2|move 3
|
|switch|p1a: Golem|Golem|231\/363
|move|p2a: Snorlax|Self-Destruct|p1a: Golem
|-resisted|p1a: Golem
|-damage|p1a: Golem|90\/363
|faint|p2a: Snorlax
|choice||switch 4
|
|switch|p2a: Exeggutor|Exeggutor|393\/393
|turn|22
|choice|switch 3|move 1
|
|switch|p1a: Starmie|Starmie|265\/323 slp
|move|p2a: Exeggutor|Psychic|p1a: Starmie
|-resisted|p1a: Starmie
|-damage|p1a: Starmie|208\/323 slp
|
|turn|23
|choice|move 1|move 1
|
|-curestatus|p1a: Starmie|slp
|move|p2a: Exeggutor|Psychic|p1a: Starmie
|-resisted|p1a: Starmie
|-damage|p1a: Starmie|144\/323
|
|turn|24
|choice|move 1|move 4
|
|move|p1a: Starmie|Blizzard|p2a: Exeggutor
|-supereffective|p2a: Exeggutor
|-damage|p2a: Exeggutor|243\/393
|move|p2a: Exeggutor|Sleep Powder|p1a: Starmie|[miss]
|-miss|p2a: Exeggutor
|
|turn|25
|choice|move 1|move 4
|
|move|p1a: Starmie|Blizzard|p2a: Exeggutor
|-supereffective|p2a: Exeggutor
|-damage|p2a: Exeggutor|90\/393
|move|p2a: Exeggutor|Sleep Powder|p1a: Starmie|[miss]
|-miss|p2a: Exeggutor
|
|turn|26
|choice|move 1|switch 5
|
|switch|p2a: Chansey|Chansey|565\/703
|move|p1a: Starmie|Blizzard|p2a: Chansey
|-damage|p2a: Chansey|479\/703
|
|turn|27
|choice|move 1|switch 6
|
|switch|p2a: Tauros|Tauros|353\/353
|move|p1a: Starmie|Blizzard|p2a: Tauros
|-crit|p2a: Tauros
|-damage|p2a: Tauros|123\/353
|
|turn|28
|choice|move 2|switch 6
|
|switch|p2a: Chansey|Chansey|479\/703
|move|p1a: Starmie|Psychic|p2a: Chansey
|-crit|p2a: Chansey
|-damage|p2a: Chansey|295\/703
|
|turn|29
|choice|move 1|move 4
|
|move|p1a: Starmie|Blizzard|p2a: Chansey
|-damage|p2a: Chansey|204\/703
|-status|p2a: Chansey|frz
|cant|p2a: Chansey|frz
|
|turn|30
|choice|move 3|move 2
|
|move|p1a: Starmie|Recover|p1a: Starmie
|-heal|p1a: Starmie|305\/323
|cant|p2a: Chansey|frz
|
|turn|31
|c|★Dice|gg
|c|★Conflict|already
|c|★Conflict|damn
|-message|Dice forfeited.
|
|win|Conflict