|inactive|Battle timer is ON: inactive players will automatically lose when time's up.
|J|Aurious
|J|smilzo
|player|p1|Aurious|56
|player|p2|smilzo|157
|gametype|singles
|gen|1
|tier|[Gen 1] OU
|seed|56887,37277,48280,49503
|rule|Sleep Clause Mod: Limit one foe put to sleep
|rule|Freeze Clause Mod: Limit one foe frozen
|rule|Species Clause: Limit one of each Pokémon
|rule|OHKO Clause: OHKO moves are banned
|rule|Evasion Moves Clause: Evasion moves are banned
|rule|HP Percentage Mod: HP is shown in percentages
|
|start
|switch|p1a: Jynx|Jynx|333\/333
|switch|p2a: Starmie|Starmie|323\/323
|turn|1
|c|★Aurious|hf
|c|★smilzo|hf
|J|GOAO
|choice|switch 3|move 1
|
|switch|p1a: Chansey|Chansey|703\/703
|move|p2a: Starmie|Thunder Wave|p1a: Chansey
|-status|p1a: Chansey|par
|
|turn|2
|choice|move 4|switch 4
|
|switch|p2a: Chansey|Chansey|703\/703
|move|p1a: Chansey|Ice Beam|p2a: Chansey
|-damage|p2a: Chansey|633\/703
|-status|p2a: Chansey|frz
|
|turn|3
|c|★smilzo|lol come on
|c|★Aurious|sigh
|c|★Aurious|dude u wouldve lost that 1v1 anyway
|c|★Aurious|unless u got really lucky
|choice|move 2|switch 5
|
|switch|p2a: Snorlax|Snorlax|523\/523
|cant|p1a: Chansey|par
|
|turn|4
|J|noname4505
|choice|switch 6|move 1
|
|switch|p1a: Snorlax|Snorlax|523\/523
|move|p2a: Snorlax|Body Slam|p1a: Snorlax
|-damage|p1a: Snorlax|380\/523
|
|turn|5
|c|★smilzo|who said i would stay in
|choice|move 3|move 3
|
|move|p1a: Snorlax|Reflect|p1a: Snorlax
|-start|p1a: Snorlax|Reflect
|move|p2a: Snorlax|Earthquake|p1a: Snorlax
|-damage|p1a: Snorlax|321\/523
|
|turn|6
|choice|move 1|move 1
|
|move|p2a: Snorlax|Body Slam|p1a: Snorlax
|-damage|p1a: Snorlax|255\/523
|move|p1a: Snorlax|Body Slam|p2a: Snorlax
|-crit|p2a: Snorlax
|-damage|p2a: Snorlax|248\/523
|
|turn|7
|c|★Aurious|no reason to switch it in and risk the freeze then
|c|★Aurious|ok
|J|Nunno
|c|★Aurious|the laxes are going wild today
|c|★smilzo|yeah 
|choice|move 4|move 2
|
|move|p1a: Snorlax|Rest|p1a: Snorlax
|-status|p1a: Snorlax|slp
|-heal|p1a: Snorlax|523\/523 slp|[silent]
|-status|p1a: Snorlax|slp|[from] move: Rest
|move|p2a: Snorlax|Counter|p1a: Snorlax
|-fail|p2a: Snorlax
|
|turn|8
|choice|move 1|switch 3
|
|switch|p2a: Exeggutor|Exeggutor|393\/393
|cant|p1a: Snorlax|slp
|
|turn|9
|L|Nunno
|choice|switch 3|move 1
|
|switch|p1a: Jynx|Jynx|333\/333
|move|p2a: Exeggutor|Sleep Powder|p1a: Jynx
|-status|p1a: Jynx|slp
|
|turn|10
|choice|switch 2|switch 3
|
|switch|p1a: Starmie|Starmie|323\/323
|switch|p2a: Snorlax|Snorlax|248\/523
|
|turn|11
|choice|move 3|move 4
|
|move|p1a: Starmie|Thunder Wave|p2a: Snorlax
|-status|p2a: Snorlax|par
|move|p2a: Snorlax|Self-Destruct|p1a: Starmie
|-damage|p1a: Starmie|0 fnt
|faint|p1a: Starmie
|faint|p2a: Snorlax
|choice|switch 3|switch 2
|
|switch|p2a: Golem|Golem|363\/363
|switch|p1a: Snorlax|Snorlax|523\/523 slp
|turn|12
|choice|switch 4|move 2
|
|switch|p1a: Exeggutor|Exeggutor|393\/393
|move|p2a: Golem|Earthquake|p1a: Exeggutor
|-crit|p1a: Exeggutor
|-resisted|p1a: Exeggutor
|-damage|p1a: Exeggutor|257\/393
|
|turn|13
|choice|move 1|switch 4
|
|switch|p2a: Starmie|Starmie|323\/323
|move|p1a: Exeggutor|Sleep Powder|p2a: Starmie
|-status|p2a: Starmie|slp
|
|turn|14
|choice|move 3|move 2
|
|-curestatus|p2a: Starmie|slp
|move|p1a: Exeggutor|Psychic|p2a: Starmie
|-resisted|p2a: Starmie
|-damage|p2a: Starmie|261\/323
|
|turn|15
|choice|switch 6|move 1
|
|switch|p1a: Chansey|Chansey|703\/703 par
|move|p2a: Starmie|Thunder Wave|p1a: Chansey
|-fail|p1a: Chansey|par
|
|turn|16
|choice|move 4|switch 5
|
|switch|p2a: Chansey|Chansey|633\/703 frz
|move|p1a: Chansey|Ice Beam|p2a: Chansey
|-damage|p2a: Chansey|559\/703 frz
|
|turn|17
|choice|switch 6|move 3
|
|switch|p1a: Exeggutor|Exeggutor|257\/393
|cant|p2a: Chansey|frz
|
|turn|18
|choice|move 1|switch 5
|
|switch|p2a: Starmie|Starmie|261\/323
|move|p1a: Exeggutor|Sleep Powder|p2a: Starmie
|-status|p2a: Starmie|slp
|
|turn|19
|choice|move 3|move 2
|
|cant|p2a: Starmie|slp
|move|p1a: Exeggutor|Psychic|p2a: Starmie
|-resisted|p2a: Starmie
|-damage|p2a: Starmie|196\/323 slp
|
|turn|20
|choice|move 3|move 3
|
|-curestatus|p2a: Starmie|slp
|move|p1a: Exeggutor|Psychic|p2a: Starmie
|-crit|p2a: Starmie
|-resisted|p2a: Starmie
|-damage|p2a: Starmie|70\/323
|
|turn|21
|choice|move 1|move 4
|
|move|p2a: Starmie|Recover|p2a: Starmie
|-heal|p2a: Starmie|231\/323
|move|p1a: Exeggutor|Sleep Powder|p2a: Starmie
|-status|p2a: Starmie|slp
|
|turn|22
|choice|move 3|move 1
|
|cant|p2a: Starmie|slp
|move|p1a: Exeggutor|Psychic|p2a: Starmie
|-resisted|p2a: Starmie
|-damage|p2a: Starmie|174\/323 slp
|
|turn|23
|choice|move 3|move 3
|
|cant|p2a: Starmie|slp
|move|p1a: Exeggutor|Psychic|p2a: Starmie
|-crit|p2a: Starmie
|-resisted|p2a: Starmie
|-damage|p2a: Starmie|53\/323 slp
|-unboost|p2a: Starmie|spd|1
|-unboost|p2a: Starmie|spa|1
|
|turn|24
|choice|move 3|switch 5
|
|switch|p2a: Chansey|Chansey|559\/703 frz
|move|p1a: Exeggutor|Psychic|p2a: Chansey
|-damage|p2a: Chansey|446\/703 frz
|
|turn|25
|choice|move 3|move 2
|
|move|p1a: Exeggutor|Psychic|p2a: Chansey
|-damage|p2a: Chansey|332\/703 frz
|-unboost|p2a: Chansey|spd|1
|-unboost|p2a: Chansey|spa|1
|cant|p2a: Chansey|frz
|
|turn|26
|choice|move 3|move 3
|
|move|p1a: Exeggutor|Psychic|p2a: Chansey
|-damage|p2a: Chansey|162\/703 frz
|cant|p2a: Chansey|frz
|
|turn|27
|choice|move 3|move 3
|
|move|p1a: Exeggutor|Psychic|p2a: Chansey
|-damage|p2a: Chansey|0 fnt
|faint|p2a: Chansey
|choice||switch 3
|
|switch|p2a: Exeggutor|Exeggutor|393\/393
|turn|28
|choice|move 2|move 2
|
|move|p1a: Exeggutor|Stun Spore|p2a: Exeggutor|[miss]
|-miss|p1a: Exeggutor
|move|p2a: Exeggutor|Stun Spore|p1a: Exeggutor|[miss]
|-miss|p2a: Exeggutor
|
|turn|29
|choice|move 2|move 2
|
|move|p2a: Exeggutor|Stun Spore|p1a: Exeggutor|[miss]
|-miss|p2a: Exeggutor
|move|p1a: Exeggutor|Stun Spore|p2a: Exeggutor
|-status|p2a: Exeggutor|par
|
|turn|30
|J|john my beloved
|L|john my beloved
|choice|switch 4|switch 4
|
|switch|p1a: Snorlax|Snorlax|523\/523 slp
|switch|p2a: Golem|Golem|363\/363
|
|turn|31
|choice|move 3|move 3
|
|move|p2a: Golem|Body Slam|p1a: Snorlax
|-damage|p1a: Snorlax|425\/523 slp
|-curestatus|p1a: Snorlax|slp
|
|turn|32
|choice|move 1|switch 4
|
|switch|p2a: Exeggutor|Exeggutor|393\/393 par
|move|p1a: Snorlax|Body Slam|p2a: Exeggutor
|-crit|p2a: Exeggutor
|-damage|p2a: Exeggutor|151\/393 par
|
|turn|33
|c|★Aurious|lol
|choice|switch 4|move 2
|
|switch|p1a: Exeggutor|Exeggutor|257\/393
|move|p2a: Exeggutor|Stun Spore|p1a: Exeggutor
|-status|p1a: Exeggutor|par
|
|turn|34
|choice|move 3|move 4
|
|move|p2a: Exeggutor|Explosion|p1a: Exeggutor
|-damage|p1a: Exeggutor|0 fnt
|faint|p1a: Exeggutor
|faint|p2a: Exeggutor
|choice|switch 4|switch 4
|
|switch|p2a: Golem|Golem|363\/363
|switch|p1a: Snorlax|Snorlax|425\/523
|turn|35
|choice|move 3|move 2
|
|move|p2a: Golem|Earthquake|p1a: Snorlax
|-damage|p1a: Snorlax|250\/523
|move|p1a: Snorlax|Reflect|p1a: Snorlax
|-start|p1a: Snorlax|Reflect
|
|turn|36
|choice|move 4|move 2
|
|move|p2a: Golem|Earthquake|p1a: Snorlax
|-damage|p1a: Snorlax|168\/523
|move|p1a: Snorlax|Rest|p1a: Snorlax
|-status|p1a: Snorlax|slp
|-heal|p1a: Snorlax|523\/523 slp|[silent]
|-status|p1a: Snorlax|slp|[from] move: Rest
|
|turn|37
|choice|move 1|move 3
|
|move|p2a: Golem|Body Slam|p1a: Snorlax
|-damage|p1a: Snorlax|477\/523 slp
|cant|p1a: Snorlax|slp
|
|turn|38
|choice|move 1|move 3
|
|move|p2a: Golem|Body Slam|p1a: Snorlax
|-damage|p1a: Snorlax|427\/523 slp
|-curestatus|p1a: Snorlax|slp
|
|turn|39
|choice|move 1|move 3
|
|move|p2a: Golem|Body Slam|p1a: Snorlax
|-damage|p1a: Snorlax|377\/523
|move|p1a: Snorlax|Body Slam|p2a: Golem
|-resisted|p2a: Golem
|-damage|p2a: Golem|319\/363
|
|turn|40
|choice|move 1|move 2
|
|move|p2a: Golem|Earthquake|p1a: Snorlax
|-damage|p1a: Snorlax|296\/523
|move|p1a: Snorlax|Body Slam|p2a: Golem
|-resisted|p2a: Golem
|-damage|p2a: Golem|272\/363
|
|turn|41
|choice|move 4|move 2
|
|move|p2a: Golem|Earthquake|p1a: Snorlax
|-damage|p1a: Snorlax|212\/523
|move|p1a: Snorlax|Rest|p1a: Snorlax
|-status|p1a: Snorlax|slp
|-heal|p1a: Snorlax|523\/523 slp|[silent]
|-status|p1a: Snorlax|slp|[from] move: Rest
|
|turn|42
|choice|move 1|switch 6
|
|switch|p2a: Tauros|Tauros|353\/353
|cant|p1a: Snorlax|slp
|
|turn|43
|choice|move 1|move 1
|
|move|p2a: Tauros|Body Slam|p1a: Snorlax
|-damage|p1a: Snorlax|462\/523 slp
|-curestatus|p1a: Snorlax|slp
|
|turn|44
|choice|move 1|move 1
|
|move|p2a: Tauros|Body Slam|p1a: Snorlax
|-crit|p1a: Snorlax
|-damage|p1a: Snorlax|192\/523
|move|p1a: Snorlax|Body Slam|p2a: Tauros
|-damage|p2a: Tauros|238\/353
|
|turn|45
|choice|move 4|move 1
|
|move|p2a: Tauros|Body Slam|p1a: Snorlax
|-crit|p1a: Snorlax
|-damage|p1a: Snorlax|0 fnt
|faint|p1a: Snorlax
|c|★Aurious|o well
|choice|switch 5|
|
|switch|p1a: Tauros|Tauros|353\/353
|turn|46
|choice|move 1|move 1
|
|move|p2a: Tauros|Body Slam|p1a: Tauros
|-damage|p1a: Tauros|251\/353
|move|p1a: Tauros|Body Slam|p2a: Tauros
|-damage|p2a: Tauros|143\/353
|
|turn|47
|choice|move 4|switch 5
|
|switch|p2a: Starmie|Starmie|53\/323 slp
|move|p1a: Tauros|Hyper Beam|p2a: Starmie|[miss]
|-miss|p1a: Tauros
|
|turn|48
|choice|move 1|move 1
|
|-curestatus|p2a: Starmie|slp
|move|p1a: Tauros|Body Slam|p2a: Starmie
|-damage|p2a: Starmie|0 fnt
|faint|p2a: Starmie
|choice||switch 6
|
|switch|p2a: Golem|Golem|272\/363
|turn|49
|choice|switch 2|move 2
|
|switch|p1a: Jynx|Jynx|333\/333 slp
|move|p2a: Golem|Earthquake|p1a: Jynx
|-damage|p1a: Jynx|122\/333 slp
|
|turn|50
|choice|move 1|move 2
|
|cant|p1a: Jynx|slp
|move|p2a: Golem|Earthquake|p1a: Jynx
|-crit|p1a: Jynx
|-damage|p1a: Jynx|0 fnt
|faint|p1a: Jynx
|choice|switch 6|
|
|switch|p1a: Chansey|Chansey|703\/703 par
|turn|51
|choice|move 4|move 2
|
|move|p2a: Golem|Earthquake|p1a: Chansey
|-damage|p1a: Chansey|338\/703 par
|move|p1a: Chansey|Ice Beam|p2a: Golem
|-supereffective|p2a: Golem
|-damage|p2a: Golem|68\/363
|
|turn|52
|choice|move 2|move 2
|
|move|p2a: Golem|Earthquake|p1a: Chansey
|-crit|p1a: Chansey
|-damage|p1a: Chansey|0 fnt
|faint|p1a: Chansey
|choice|switch 2|
|
|switch|p1a: Tauros|Tauros|251\/353
|turn|53
|choice|move 3|move 4
|
|move|p1a: Tauros|Earthquake|p2a: Golem
|-supereffective|p2a: Golem
|-damage|p2a: Golem|0 fnt
|faint|p2a: Golem
|choice||switch 5
|
|switch|p2a: Tauros|Tauros|143\/353
|turn|54
|choice|move 4|move 4
|
|move|p2a: Tauros|Hyper Beam|p1a: Tauros
|-damage|p1a: Tauros|58\/353
|move|p1a: Tauros|Hyper Beam|p2a: Tauros|[miss]
|-miss|p1a: Tauros
|
|turn|55
|-mustrecharge|p2a: Tauros
|c|★smilzo|noo
|c|★Aurious|please
|c|★smilzo|ok miss again
|-mustrecharge|p2a: Tauros
|choice|move 4|move 1
|
|move|p1a: Tauros|Hyper Beam|p2a: Tauros
|-damage|p2a: Tauros|0 fnt
|faint|p2a: Tauros
|
|win|Aurious