|inactive|Battle timer is ON: inactive players will automatically lose when time's up.
|J|smilzo
|J|IMPERATORE NELSON
|player|p1|smilzo|157
|player|p2|IMPERATORE NELSON|153
|gametype|singles
|gen|1
|tier|[Gen 1] OU
|rule|Sleep Clause Mod: Limit one foe put to sleep
|rule|Freeze Clause Mod: Limit one foe frozen
|rule|Species Clause: Limit one of each Pokémon
|rule|OHKO Clause: OHKO moves are banned
|rule|Evasion Moves Clause: Evasion moves are banned
|rule|HP Percentage Mod: HP is shown in percentages
|
|start
|switch|p1a: Alakazam|Alakazam|313\/313
|switch|p2a: IsGar|Gengar|323\/323
|turn|1
|J|Saladist
|
|switch|p2a: Chansey|Chansey|703\/703
|move|p1a: Alakazam|Thunder Wave|p2a: Chansey
|-status|p2a: Chansey|par
|
|turn|2
|
|move|p1a: Alakazam|Psychic|p2a: Chansey
|-crit|p2a: Chansey
|-damage|p2a: Chansey|454\/703 par
|cant|p2a: Chansey|par
|
|turn|3
|
|move|p1a: Alakazam|Psychic|p2a: Chansey
|-crit|p2a: Chansey
|-damage|p2a: Chansey|194\/703 par
|cant|p2a: Chansey|par
|
|turn|4
|c|★IMPERATORE NELSON|lol
|c|★smilzo|lol
|c|★smilzo|:c
|
|move|p1a: Alakazam|Psychic|p2a: Chansey
|-damage|p2a: Chansey|62\/703 par
|-unboost|p2a: Chansey|spd|1
|-unboost|p2a: Chansey|spa|1
|move|p2a: Chansey|Soft-Boiled|p2a: Chansey
|-heal|p2a: Chansey|413\/703 par
|
|turn|5
|
|move|p1a: Alakazam|Psychic|p2a: Chansey
|-damage|p2a: Chansey|203\/703 par
|-unboost|p2a: Chansey|spd|1
|-unboost|p2a: Chansey|spa|1
|move|p2a: Chansey|Soft-Boiled|p2a: Chansey
|-heal|p2a: Chansey|554\/703 par
|
|turn|6
|
|switch|p2a: Starmie|Starmie|323\/323
|move|p1a: Alakazam|Psychic|p2a: Starmie
|-crit|p2a: Starmie
|-resisted|p2a: Starmie
|-damage|p2a: Starmie|193\/323
|
|turn|7
|
|move|p1a: Alakazam|Thunder Wave|p2a: Starmie
|-status|p2a: Starmie|par
|move|p2a: Starmie|Thunder Wave|p1a: Alakazam
|-status|p1a: Alakazam|par
|
|turn|8
|
|move|p1a: Alakazam|Psychic|p2a: Starmie
|-resisted|p2a: Starmie
|-damage|p2a: Starmie|126\/323 par
|-unboost|p2a: Starmie|spd|1
|-unboost|p2a: Starmie|spa|1
|move|p2a: Starmie|Recover|p2a: Starmie
|-heal|p2a: Starmie|287\/323 par
|
|turn|9
|
|switch|p1a: Snorlax|Snorlax|523\/523
|switch|p2a: Chansey|Chansey|554\/703 par
|
|turn|10
|
|move|p1a: Snorlax|Earthquake|p2a: Chansey
|-damage|p2a: Chansey|338\/703 par
|cant|p2a: Chansey|par
|
|turn|11
|c|★IMPERATORE NELSON|..
|
|move|p1a: Snorlax|Body Slam|p2a: Chansey
|-damage|p2a: Chansey|63\/703 par
|move|p2a: Chansey|Soft-Boiled|p2a: Chansey
|-heal|p2a: Chansey|414\/703 par
|
|turn|12
|J|Not Timeless
|J|Tricking
|
|switch|p2a: IsGar|Gengar|323\/323
|move|p1a: Snorlax|Hyper Beam|p2a: IsGar
|-immune|p2a: IsGar|[msg]
|
|turn|13
|
|switch|p1a: Alakazam|Alakazam|313\/313 par
|move|p2a: IsGar|Hypnosis|p1a: Alakazam
|-fail|p1a: Alakazam
|
|turn|14
|
|switch|p2a: Starmie|Starmie|287\/323 par
|cant|p1a: Alakazam|par
|
|turn|15
|
|move|p1a: Alakazam|Psychic|p2a: Starmie
|-resisted|p2a: Starmie
|-damage|p2a: Starmie|216\/323 par
|move|p2a: Starmie|Thunderbolt|p1a: Alakazam
|-damage|p1a: Alakazam|257\/313 par
|
|turn|16
|
|cant|p1a: Alakazam|par
|move|p2a: Starmie|Recover|p2a: Starmie
|-heal|p2a: Starmie|323\/323 par
|
|turn|17
|
|switch|p1a: Snorlax|Snorlax|523\/523
|cant|p2a: Starmie|par
|
|turn|18
|
|switch|p2a: Exeggutor|Exeggutor|393\/393
|move|p1a: Snorlax|Body Slam|p2a: Exeggutor
|-damage|p2a: Exeggutor|268\/393
|
|turn|19
|J|daftmau5
|
|switch|p2a: Snorlax|Snorlax|523\/523
|switch|p1a: Alakazam|Alakazam|257\/313 par
|
|turn|20
|J|Based Scythe
|J|Pomman
|
|switch|p1a: Exeggutor|Exeggutor|393\/393
|move|p2a: Snorlax|Body Slam|p1a: Exeggutor
|-damage|p1a: Exeggutor|277\/393
|-status|p1a: Exeggutor|par
|
|turn|21
|
|switch|p2a: Starmie|Starmie|323\/323 par
|move|p1a: Exeggutor|Psychic|p2a: Starmie
|-resisted|p2a: Starmie
|-damage|p2a: Starmie|266\/323 par
|-unboost|p2a: Starmie|spd|1
|-unboost|p2a: Starmie|spa|1
|
|turn|22
|J|Cosine180
|
|switch|p1a: Snorlax|Snorlax|523\/523
|move|p2a: Starmie|Blizzard|p1a: Snorlax
|-damage|p1a: Snorlax|440\/523
|
|turn|23
|
|switch|p2a: IsGar|Gengar|323\/323
|move|p1a: Snorlax|Body Slam|p2a: IsGar
|-immune|p2a: IsGar|[msg]
|
|turn|24
|
|switch|p2a: Exeggutor|Exeggutor|268\/393
|switch|p1a: Alakazam|Alakazam|257\/313 par
|
|turn|25
|
|move|p2a: Exeggutor|Psychic|p1a: Alakazam
|-resisted|p1a: Alakazam
|-damage|p1a: Alakazam|204\/313 par
|move|p1a: Alakazam|Seismic Toss|p2a: Exeggutor
|-damage|p2a: Exeggutor|168\/393
|
|turn|26
|J|MoxieInfinite
|
|move|p2a: Exeggutor|Psychic|p1a: Alakazam
|-resisted|p1a: Alakazam
|-damage|p1a: Alakazam|153\/313 par
|move|p1a: Alakazam|Seismic Toss|p2a: Exeggutor
|-damage|p2a: Exeggutor|68\/393
|
|turn|27
|
|move|p2a: Exeggutor|Explosion|p1a: Alakazam
|-damage|p1a: Alakazam|0 fnt
|faint|p1a: Alakazam
|faint|p2a: Exeggutor
|
|switch|p2a: Snorlax|Snorlax|523\/523
|switch|p1a: Exeggutor|Exeggutor|277\/393 par
|turn|28
|
|move|p2a: Snorlax|Body Slam|p1a: Exeggutor
|-damage|p1a: Exeggutor|156\/393 par
|move|p1a: Exeggutor|Psychic|p2a: Snorlax
|-crit|p2a: Snorlax
|-damage|p2a: Snorlax|191\/523
|
|turn|29
|
|switch|p1a: Starmie|Starmie|323\/323
|move|p2a: Snorlax|Body Slam|p1a: Starmie
|-damage|p1a: Starmie|201\/323
|
|turn|30
|
|move|p1a: Starmie|Psychic|p2a: Snorlax
|-damage|p2a: Snorlax|46\/523
|-unboost|p2a: Snorlax|spd|1
|-unboost|p2a: Snorlax|spa|1
|move|p2a: Snorlax|Body Slam|p1a: Starmie
|-damage|p1a: Starmie|91\/323
|
|turn|31
|
|switch|p2a: Starmie|Starmie|266\/323 par
|move|p1a: Starmie|Psychic|p2a: Starmie
|-resisted|p2a: Starmie
|-damage|p2a: Starmie|211\/323 par
|
|turn|32
|
|switch|p1a: Snorlax|Snorlax|440\/523
|move|p2a: Starmie|Thunderbolt|p1a: Snorlax
|-damage|p1a: Snorlax|349\/523
|
|turn|33
|
|move|p1a: Snorlax|Earthquake|p2a: Starmie
|-damage|p2a: Starmie|114\/323 par
|cant|p2a: Starmie|par
|
|turn|34
|c|★IMPERATORE NELSON|lol
|
|switch|p2a: IsGar|Gengar|323\/323
|move|p1a: Snorlax|Earthquake|p2a: IsGar
|-supereffective|p2a: IsGar
|-damage|p2a: IsGar|97\/323
|
|turn|35
|
|move|p2a: IsGar|Explosion|p1a: Snorlax
|-damage|p1a: Snorlax|100\/523
|faint|p2a: IsGar
|
|switch|p2a: Tauros|Tauros|353\/353
|turn|36
|
|switch|p1a: Zapdos|Zapdos|383\/383
|move|p2a: Tauros|Body Slam|p1a: Zapdos
|-damage|p1a: Zapdos|277\/383
|
|turn|37
|
|move|p2a: Tauros|Body Slam|p1a: Zapdos
|-damage|p1a: Zapdos|161\/383
|-status|p1a: Zapdos|par
|move|p1a: Zapdos|Thunder|p2a: Tauros
|-damage|p2a: Tauros|132\/353
|
|turn|38
|L|Based Scythe
|
|move|p2a: Tauros|Hyper Beam|p1a: Zapdos
|-crit|p1a: Zapdos
|-damage|p1a: Zapdos|0 fnt
|faint|p1a: Zapdos
|
|switch|p1a: Tauros|Tauros|353\/353
|turn|39
|
|move|p2a: Tauros|Body Slam|p1a: Tauros
|-crit|p1a: Tauros
|-damage|p1a: Tauros|142\/353
|move|p1a: Tauros|Hyper Beam|p2a: Tauros
|-damage|p2a: Tauros|0 fnt
|faint|p2a: Tauros
|
|switch|p2a: Chansey|Chansey|414\/703 par
|turn|40
|
|move|p1a: Tauros|Hyper Beam|p2a: Chansey
|-crit|p2a: Chansey
|-damage|p2a: Chansey|0 fnt
|faint|p2a: Chansey
|
|switch|p2a: Starmie|Starmie|114\/323 par
|turn|41
|c|★IMPERATORE NELSON|gg
|
|move|p1a: Tauros|Hyper Beam|p2a: Starmie
|-damage|p2a: Starmie|0 fnt
|faint|p2a: Starmie
|c|★smilzo|gg
|
|switch|p2a: Snorlax|Snorlax|46\/523
|turn|42
|
|move|p1a: Tauros|Body Slam|p2a: Snorlax
|-damage|p2a: Snorlax|0 fnt
|faint|p2a: Snorlax
|
|win|smilzo