|J|Beds
|J|Dice
|player|p1|Beds|252
|player|p2|Dice|168
|gametype|singles
|gen|1
|tier|[Gen 1] OU
|seed|49822,62626,40742,2465
|rule|Sleep Clause Mod: Limit one foe put to sleep
|rule|Freeze Clause Mod: Limit one foe frozen
|rule|Species Clause: Limit one of each Pokémon
|rule|OHKO Clause: OHKO moves are banned
|rule|Evasion Moves Clause: Evasion moves are banned
|rule|HP Percentage Mod: HP is shown in percentages
|
|start
|switch|p1a: Gengar|Gengar|323\/323
|switch|p2a: Alakazam|Alakazam|313\/313
|turn|1
|choice|move 1|move 2
|
|move|p2a: Alakazam|Thunder Wave|p1a: Gengar
|-status|p1a: Gengar|par
|move|p1a: Gengar|Hypnosis|p2a: Alakazam
|-status|p2a: Alakazam|slp
|
|turn|2
|J|Talenheim
|choice|move 3|switch 6
|
|switch|p2a: Chansey|Chansey|703\/703
|move|p1a: Gengar|Night Shade|p2a: Chansey
|-damage|p2a: Chansey|603\/703
|
|turn|3
|choice|move 4|move 1
|
|move|p2a: Chansey|Ice Beam|p1a: Gengar
|-damage|p1a: Gengar|261\/323 par
|cant|p1a: Gengar|par
|
|turn|4
|choice|move 3|move 1
|
|move|p2a: Chansey|Ice Beam|p1a: Gengar
|-damage|p1a: Gengar|191\/323 par
|cant|p1a: Gengar|par
|
|turn|5
|choice|move 4|move 1
|
|move|p2a: Chansey|Ice Beam|p1a: Gengar
|-damage|p1a: Gengar|125\/323 par
|move|p1a: Gengar|Explosion|p2a: Chansey
|-damage|p2a: Chansey|59\/703
|faint|p1a: Gengar
|J|Zepherox
|choice|switch 5|
|
|switch|p1a: Tauros|Tauros|353\/353
|turn|6
|choice|move 1|switch 3
|
|switch|p2a: Slowbro|Slowbro|393\/393
|move|p1a: Tauros|Body Slam|p2a: Slowbro
|-crit|p2a: Slowbro
|-damage|p2a: Slowbro|211\/393
|
|turn|7
|choice|switch 2|switch 3
|
|switch|p1a: Exeggutor|Exeggutor|393\/393
|switch|p2a: Chansey|Chansey|59\/703
|
|turn|8
|choice|move 2|switch 6
|
|switch|p2a: Alakazam|Alakazam|313\/313 slp
|move|p1a: Exeggutor|Psychic|p2a: Alakazam
|-resisted|p2a: Alakazam
|-damage|p2a: Alakazam|268\/313 slp
|-unboost|p2a: Alakazam|spd|1
|-unboost|p2a: Alakazam|spa|1
|
|turn|9
|choice|move 2|switch 4
|
|switch|p2a: Exeggutor|Exeggutor|393\/393
|move|p1a: Exeggutor|Psychic|p2a: Exeggutor
|-resisted|p2a: Exeggutor
|-damage|p2a: Exeggutor|341\/393
|-unboost|p2a: Exeggutor|spd|1
|-unboost|p2a: Exeggutor|spa|1
|
|turn|10
|choice|move 4|move 2
|
|move|p2a: Exeggutor|Sleep Powder|p1a: Exeggutor
|-status|p1a: Exeggutor|slp
|cant|p1a: Exeggutor|slp
|
|turn|11
|J|boom bye yeah
|L|Talenheim
|choice|switch 3|move 1
|
|switch|p1a: Chansey|Chansey|703\/703
|move|p2a: Exeggutor|Stun Spore|p1a: Chansey|[miss]
|-miss|p2a: Exeggutor
|
|turn|12
|choice|switch 3|move 1
|
|switch|p1a: Exeggutor|Exeggutor|393\/393 slp
|move|p2a: Exeggutor|Stun Spore|p1a: Exeggutor|[miss]
|-miss|p2a: Exeggutor
|
|turn|13
|choice|switch 3|move 1
|
|switch|p1a: Chansey|Chansey|703\/703
|move|p2a: Exeggutor|Stun Spore|p1a: Chansey
|-status|p1a: Chansey|par
|
|turn|14
|choice|move 1|move 3
|
|move|p2a: Exeggutor|Psychic|p1a: Chansey
|-damage|p1a: Chansey|619\/703 par
|cant|p1a: Chansey|par
|
|turn|15
|choice|move 1|move 3
|
|move|p2a: Exeggutor|Psychic|p1a: Chansey
|-crit|p1a: Chansey
|-damage|p1a: Chansey|392\/703 par
|move|p1a: Chansey|Ice Beam|p2a: Exeggutor
|-supereffective|p2a: Exeggutor
|-damage|p2a: Exeggutor|147\/393
|
|turn|16
|choice|switch 3|move 4
|
|switch|p1a: Exeggutor|Exeggutor|393\/393 slp
|move|p2a: Exeggutor|Explosion|p1a: Exeggutor
|-crit|p1a: Exeggutor
|-damage|p1a: Exeggutor|0 fnt
|faint|p1a: Exeggutor
|faint|p2a: Exeggutor
|choice|switch 6|switch 5
|
|switch|p1a: Starmie|Starmie|323\/323
|switch|p2a: Snorlax|Snorlax|523\/523
|turn|17
|choice|move 1|move 1
|
|move|p1a: Starmie|Thunder Wave|p2a: Snorlax
|-status|p2a: Snorlax|par
|move|p2a: Snorlax|Body Slam|p1a: Starmie
|-damage|p1a: Starmie|204\/323
|
|turn|18
|J|Teddeh
|choice|switch 4|move 1
|
|switch|p1a: Snorlax|Snorlax|523\/523
|move|p2a: Snorlax|Body Slam|p1a: Snorlax
|-damage|p1a: Snorlax|382\/523
|
|turn|19
|choice|move 1|switch 2
|
|switch|p2a: Rhydon|Rhydon|413\/413
|move|p1a: Snorlax|Body Slam|p2a: Rhydon
|-resisted|p2a: Rhydon
|-damage|p2a: Rhydon|362\/413
|
|turn|20
|choice|move 2|move 3
|
|move|p2a: Rhydon|Earthquake|p1a: Snorlax
|-damage|p1a: Snorlax|210\/523
|move|p1a: Snorlax|Earthquake|p2a: Rhydon
|-supereffective|p2a: Rhydon
|-damage|p2a: Rhydon|202\/413
|
|turn|21
|choice|switch 4|move 1
|
|switch|p1a: Starmie|Starmie|204\/323
|move|p2a: Rhydon|Body Slam|p1a: Starmie
|-damage|p1a: Starmie|122\/323
|-status|p1a: Starmie|par
|
|turn|22
|c|★Beds|fuck
|c|★Beds|i am gotten
|choice|move 2|move 3
|
|move|p2a: Rhydon|Earthquake|p1a: Starmie
|-damage|p1a: Starmie|0 fnt
|faint|p1a: Starmie
|choice|switch 2|
|
|switch|p1a: Tauros|Tauros|353\/353
|turn|23
|choice|move 2|move 1
|
|move|p1a: Tauros|Blizzard|p2a: Rhydon
|-supereffective|p2a: Rhydon
|-damage|p2a: Rhydon|0 fnt
|faint|p2a: Rhydon
|choice||switch 2
|
|switch|p2a: Snorlax|Snorlax|523\/523 par
|turn|24
|choice|switch 4|move 1
|
|switch|p1a: Snorlax|Snorlax|210\/523
|move|p2a: Snorlax|Body Slam|p1a: Snorlax
|-damage|p1a: Snorlax|63\/523
|
|turn|25
|choice|move 1|switch 6
|
|switch|p2a: Chansey|Chansey|59\/703
|move|p1a: Snorlax|Body Slam|p2a: Chansey
|-crit|p2a: Chansey
|-damage|p2a: Chansey|0 fnt
|faint|p2a: Chansey
|choice||switch 3
|
|switch|p2a: Slowbro|Slowbro|211\/393
|turn|26
|c|★Beds|can't get me kid
|choice|switch 3|move 3
|
|switch|p1a: Chansey|Chansey|392\/703 par
|move|p2a: Slowbro|Psychic|p1a: Chansey
|-damage|p1a: Chansey|298\/703 par
|
|turn|27
|choice|move 3|move 2
|
|move|p2a: Slowbro|Amnesia|p2a: Slowbro
|-boost|p2a: Slowbro|spd|2
|-boost|p2a: Slowbro|spa|2
|move|p1a: Chansey|Thunderbolt|p2a: Slowbro
|-supereffective|p2a: Slowbro
|-damage|p2a: Slowbro|123\/393
|
|turn|28
|choice|move 2|move 1
|
|move|p2a: Slowbro|Withdraw|p2a: Slowbro
|-boost|p2a: Slowbro|def|1
|move|p1a: Chansey|Thunder Wave|p2a: Slowbro
|-status|p2a: Slowbro|par
|
|turn|29
|choice|move 3|move 4
|
|cant|p2a: Slowbro|par
|move|p1a: Chansey|Thunderbolt|p2a: Slowbro
|-supereffective|p2a: Slowbro
|-damage|p2a: Slowbro|36\/393 par
|
|turn|30
|choice|move 3|move 4
|
|move|p2a: Slowbro|Rest|p2a: Slowbro
|-status|p2a: Slowbro|slp
|-heal|p2a: Slowbro|393\/393 slp|[silent]
|-status|p2a: Slowbro|slp|[from] move: Rest
|move|p1a: Chansey|Thunderbolt|p2a: Slowbro
|-supereffective|p2a: Slowbro
|-damage|p2a: Slowbro|309\/393 slp
|
|turn|31
|choice|move 3|move 4
|
|cant|p2a: Slowbro|slp
|move|p1a: Chansey|Thunderbolt|p2a: Slowbro
|-supereffective|p2a: Slowbro
|-damage|p2a: Slowbro|226\/393 slp
|
|turn|32
|choice|move 3|move 1
|
|-curestatus|p2a: Slowbro|slp
|move|p1a: Chansey|Thunderbolt|p2a: Slowbro
|-supereffective|p2a: Slowbro
|-damage|p2a: Slowbro|130\/393
|
|turn|33
|choice|move 2|move 1
|
|move|p2a: Slowbro|Withdraw|p2a: Slowbro
|-boost|p2a: Slowbro|def|1
|cant|p1a: Chansey|par
|
|turn|34
|J|KratosMana
|choice|switch 4|move 2
|
|switch|p1a: Tauros|Tauros|353\/353
|move|p2a: Slowbro|Amnesia|p2a: Slowbro
|-boost|p2a: Slowbro|spd|2
|-boost|p2a: Slowbro|spa|2
|
|turn|35
|choice|move 1|move 4
|
|move|p1a: Tauros|Body Slam|p2a: Slowbro
|-crit|p2a: Slowbro
|-damage|p2a: Slowbro|0 fnt
|faint|p2a: Slowbro
|c|★Beds|lellers
|choice||switch 6
|
|switch|p2a: Snorlax|Snorlax|523\/523 par
|turn|36
|choice|move 1|move 1
|
|move|p1a: Tauros|Body Slam|p2a: Snorlax
|-damage|p2a: Snorlax|391\/523 par
|move|p2a: Snorlax|Body Slam|p1a: Tauros
|-damage|p1a: Tauros|250\/353
|
|turn|37
|choice|move 1|move 1
|
|move|p1a: Tauros|Body Slam|p2a: Snorlax
|-damage|p2a: Snorlax|261\/523 par
|move|p2a: Snorlax|Body Slam|p1a: Tauros
|-damage|p1a: Tauros|148\/353
|
|turn|38
|choice|move 1|move 2
|
|move|p1a: Tauros|Body Slam|p2a: Snorlax
|-damage|p2a: Snorlax|133\/523 par
|move|p2a: Snorlax|Hyper Beam|p1a: Tauros|[miss]
|-miss|p2a: Snorlax
|
|turn|39
|choice|move 4|move 2
|
|move|p1a: Tauros|Hyper Beam|p2a: Snorlax
|-damage|p2a: Snorlax|0 fnt
|faint|p2a: Snorlax
|choice||switch 4
|
|switch|p2a: Alakazam|Alakazam|268\/313 slp
|turn|40
|choice|move 1|move 1
|
|cant|p2a: Alakazam|slp
|move|p1a: Tauros|Body Slam|p2a: Alakazam
|-damage|p2a: Alakazam|106\/313 slp
|
|turn|41
|choice|move 1|move 1
|
|cant|p2a: Alakazam|slp
|move|p1a: Tauros|Body Slam|p2a: Alakazam
|-damage|p2a: Alakazam|0 fnt
|faint|p2a: Alakazam
|
|win|Beds