|inactive|Battle timer is ON: inactive players will automatically lose when time's up.
|J|Dice
|J|Purrl
|player|p1|Dice|168
|player|p2|Purrl|239
|gametype|singles
|gen|1
|tier|[Gen 1] OU
|seed|45477,33035,42393,8510
|rule|Sleep Clause Mod: Limit one foe put to sleep
|rule|Freeze Clause Mod: Limit one foe frozen
|rule|Species Clause: Limit one of each Pokémon
|rule|OHKO Clause: OHKO moves are banned
|rule|Evasion Moves Clause: Evasion moves are banned
|rule|HP Percentage Mod: HP is shown in percentages
|
|start
|switch|p1a: Starmie|Starmie|323\/323
|switch|p2a: Alakazam|Alakazam|313\/313
|turn|1
|J|Nails
|choice|move 2|switch 3
|
|switch|p2a: Chansey|Chansey|703\/703
|move|p1a: Starmie|Blizzard|p2a: Chansey
|-damage|p2a: Chansey|619\/703
|
|turn|2
|choice|switch 3|move 1
|
|switch|p1a: Exeggutor|Exeggutor|393\/393
|move|p2a: Chansey|Thunder Wave|p1a: Exeggutor
|-status|p1a: Exeggutor|par
|
|turn|3
|choice|move 3|switch 3
|
|switch|p2a: Alakazam|Alakazam|313\/313
|cant|p1a: Exeggutor|par
|
|turn|4
|J|Spl4sh
|choice|move 3|move 3
|
|move|p2a: Alakazam|Seismic Toss|p1a: Exeggutor
|-damage|p1a: Exeggutor|293\/393 par
|move|p1a: Exeggutor|Sleep Powder|p2a: Alakazam
|-status|p2a: Alakazam|slp
|
|turn|5
|choice|move 2|switch 3
|
|switch|p2a: Chansey|Chansey|619\/703
|move|p1a: Exeggutor|Mega Drain|p2a: Chansey
|-damage|p2a: Chansey|565\/703
|-heal|p1a: Exeggutor|320\/393 par|[from] drain|[of] p2a: Chansey
|
|turn|6
|choice|move 4|switch 2
|
|switch|p2a: Exeggutor|Exeggutor|393\/393
|move|p1a: Exeggutor|Explosion|p2a: Exeggutor
|-damage|p2a: Exeggutor|106\/393
|faint|p1a: Exeggutor
|choice|switch 5|
|
|switch|p1a: Tauros|Tauros|353\/353
|turn|7
|choice|move 1|switch 4
|
|switch|p2a: Slowbro|Slowbro|393\/393
|move|p1a: Tauros|Body Slam|p2a: Slowbro
|-damage|p2a: Slowbro|301\/393
|
|turn|8
|J|Umlaug
|choice|switch 3|move 1
|
|switch|p1a: Starmie|Starmie|323\/323
|move|p2a: Slowbro|Thunder Wave|p1a: Starmie
|-status|p1a: Starmie|par
|
|turn|9
|L|Umlaug
|choice|move 2|switch 2
|
|switch|p2a: Chansey|Chansey|565\/703
|move|p1a: Starmie|Blizzard|p2a: Chansey
|-damage|p2a: Chansey|471\/703
|
|turn|10
|choice|switch 4|move 4
|
|switch|p1a: Chansey|Chansey|703\/703
|move|p2a: Chansey|Soft-Boiled|p2a: Chansey
|-heal|p2a: Chansey|703\/703
|
|turn|11
|choice|move 2|move 2
|
|move|p1a: Chansey|Ice Beam|p2a: Chansey
|-damage|p2a: Chansey|634\/703
|move|p2a: Chansey|Ice Beam|p1a: Chansey
|-damage|p1a: Chansey|633\/703
|
|turn|12
|J|Hyssou
|L|Hyssou
|choice|move 2|move 2
|
|move|p2a: Chansey|Ice Beam|p1a: Chansey
|-damage|p1a: Chansey|553\/703
|move|p1a: Chansey|Ice Beam|p2a: Chansey
|-damage|p2a: Chansey|562\/703
|
|turn|13
|choice|move 2|move 2
|
|move|p2a: Chansey|Ice Beam|p1a: Chansey
|-damage|p1a: Chansey|479\/703
|-status|p1a: Chansey|frz
|cant|p1a: Chansey|frz
|
|turn|14
|choice|switch 4|move 1
|
|switch|p1a: Starmie|Starmie|323\/323 par
|move|p2a: Chansey|Thunder Wave|p1a: Starmie
|-fail|p1a: Starmie|par
|
|turn|15
|choice|move 4|move 3
|
|move|p2a: Chansey|Thunderbolt|p1a: Starmie
|-supereffective|p1a: Starmie
|-damage|p1a: Starmie|165\/323 par
|move|p1a: Starmie|Thunder Wave|p2a: Chansey
|-status|p2a: Chansey|par
|
|turn|16
|J|BKC
|J|Nunno
|choice|move 1|move 4
|
|move|p1a: Starmie|Recover|p1a: Starmie
|-heal|p1a: Starmie|323\/323 par
|cant|p2a: Chansey|par
|
|turn|17
|J|empoleonlove
|c|%BKC|Hey Dice --
|c|%BKC|Fuuuuuuuuuuuuuuuuuuuuuck you
|choice|move 3|move 1
|
|move|p1a: Starmie|Psychic|p2a: Chansey
|-damage|p2a: Chansey|455\/703 par
|cant|p2a: Chansey|par
|
|turn|18
|choice|switch 6|move 4
|
|switch|p1a: Snorlax|Snorlax|523\/523
|move|p2a: Chansey|Soft-Boiled|p2a: Chansey
|-heal|p2a: Chansey|703\/703 par
|
|turn|19
|choice|move 1|move 1
|
|move|p1a: Snorlax|Body Slam|p2a: Chansey
|-damage|p2a: Chansey|414\/703 par
|cant|p2a: Chansey|par
|
|turn|20
|choice|move 1|switch 2
|
|switch|p2a: Slowbro|Slowbro|301\/393
|move|p1a: Snorlax|Body Slam|p2a: Slowbro
|-damage|p2a: Slowbro|199\/393
|-status|p2a: Slowbro|par
|
|turn|21
|choice|move 1|move 4
|
|move|p1a: Snorlax|Body Slam|p2a: Slowbro
|-damage|p2a: Slowbro|101\/393 par
|move|p2a: Slowbro|Rest|p2a: Slowbro
|-status|p2a: Slowbro|slp
|-heal|p2a: Slowbro|393\/393 slp|[silent]
|-status|p2a: Slowbro|slp|[from] move: Rest
|
|turn|22
|choice|move 1|move 1
|
|move|p1a: Snorlax|Body Slam|p2a: Slowbro
|-damage|p2a: Slowbro|287\/393 slp
|cant|p2a: Slowbro|slp
|
|turn|23
|choice|move 1|move 1
|
|move|p1a: Snorlax|Body Slam|p2a: Slowbro
|-damage|p2a: Slowbro|184\/393 slp
|-curestatus|p2a: Slowbro|slp
|
|turn|24
|L|BKC
|choice|move 1|move 1
|
|move|p1a: Snorlax|Body Slam|p2a: Slowbro
|-damage|p2a: Slowbro|90\/393
|move|p2a: Slowbro|Thunder Wave|p1a: Snorlax
|-status|p1a: Snorlax|par
|
|turn|25
|choice|move 1|switch 2
|
|switch|p2a: Chansey|Chansey|414\/703 par
|move|p1a: Snorlax|Body Slam|p2a: Chansey
|-damage|p2a: Chansey|127\/703 par
|
|turn|26
|choice|move 3|move 4
|
|move|p2a: Chansey|Soft-Boiled|p2a: Chansey
|-heal|p2a: Chansey|478\/703 par
|move|p1a: Snorlax|Hyper Beam|p2a: Chansey
|-damage|p2a: Chansey|0 fnt
|faint|p2a: Chansey
|J|Mount Average
|L|Mount Average
|choice||switch 2
|
|switch|p2a: Slowbro|Slowbro|90\/393
|turn|27
|choice|move 1|move 4
|
|move|p2a: Slowbro|Rest|p2a: Slowbro
|-status|p2a: Slowbro|slp
|-heal|p2a: Slowbro|393\/393 slp|[silent]
|-status|p2a: Slowbro|slp|[from] move: Rest
|move|p1a: Snorlax|Body Slam|p2a: Slowbro
|-damage|p2a: Slowbro|296\/393 slp
|
|turn|28
|choice|move 1|move 4
|
|cant|p2a: Slowbro|slp
|move|p1a: Snorlax|Body Slam|p2a: Slowbro
|-damage|p2a: Slowbro|187\/393 slp
|
|turn|29
|choice|move 1|move 4
|
|-curestatus|p2a: Slowbro|slp
|cant|p1a: Snorlax|par
|
|turn|30
|choice|move 1|move 2
|
|move|p2a: Slowbro|Amnesia|p2a: Slowbro
|-boost|p2a: Slowbro|spd|2
|-boost|p2a: Slowbro|spa|2
|move|p1a: Snorlax|Body Slam|p2a: Slowbro
|-damage|p2a: Slowbro|81\/393
|
|turn|31
|choice|switch 3|move 4
|
|switch|p1a: Tauros|Tauros|353\/353
|move|p2a: Slowbro|Rest|p2a: Slowbro
|-status|p2a: Slowbro|slp
|-heal|p2a: Slowbro|393\/393 slp|[silent]
|-status|p2a: Slowbro|slp|[from] move: Rest
|
|turn|32
|choice|move 1|move 1
|
|move|p1a: Tauros|Body Slam|p2a: Slowbro
|-damage|p2a: Slowbro|294\/393 slp
|cant|p2a: Slowbro|slp
|
|turn|33
|choice|move 1|move 1
|
|move|p1a: Tauros|Body Slam|p2a: Slowbro
|-damage|p2a: Slowbro|197\/393 slp
|-curestatus|p2a: Slowbro|slp
|
|turn|34
|choice|switch 3|move 1
|
|switch|p1a: Snorlax|Snorlax|523\/523 par
|move|p2a: Slowbro|Thunder Wave|p1a: Snorlax
|-fail|p1a: Snorlax|par
|
|turn|35
|choice|move 1|move 3
|
|move|p2a: Slowbro|Psychic|p1a: Snorlax
|-damage|p1a: Snorlax|283\/523 par
|move|p1a: Snorlax|Body Slam|p2a: Slowbro
|-damage|p2a: Slowbro|89\/393
|
|turn|36
|choice|move 1|move 4
|
|move|p2a: Slowbro|Rest|p2a: Slowbro
|-status|p2a: Slowbro|slp
|-heal|p2a: Slowbro|393\/393 slp|[silent]
|-status|p2a: Slowbro|slp|[from] move: Rest
|move|p1a: Snorlax|Body Slam|p2a: Slowbro
|-damage|p2a: Slowbro|299\/393 slp
|
|turn|37
|choice|move 1|move 2
|
|cant|p2a: Slowbro|slp
|move|p1a: Snorlax|Body Slam|p2a: Slowbro
|-damage|p2a: Slowbro|196\/393 slp
|
|turn|38
|choice|move 1|move 3
|
|-curestatus|p2a: Slowbro|slp
|move|p1a: Snorlax|Body Slam|p2a: Slowbro
|-damage|p2a: Slowbro|92\/393
|-status|p2a: Slowbro|par
|
|turn|39
|choice|move 1|move 4
|
|move|p2a: Slowbro|Rest|p2a: Slowbro
|-status|p2a: Slowbro|slp
|-heal|p2a: Slowbro|393\/393 slp|[silent]
|-status|p2a: Slowbro|slp|[from] move: Rest
|move|p1a: Snorlax|Body Slam|p2a: Slowbro
|-damage|p2a: Slowbro|293\/393 slp
|
|turn|40
|J|hahaouou
|choice|move 1|move 4
|
|cant|p2a: Slowbro|slp
|move|p1a: Snorlax|Body Slam|p2a: Slowbro
|-damage|p2a: Slowbro|190\/393 slp
|
|turn|41
|choice|move 1|move 4
|
|move|p1a: Snorlax|Body Slam|p2a: Slowbro
|-damage|p2a: Slowbro|98\/393 slp
|-curestatus|p2a: Slowbro|slp
|
|turn|42
|choice|move 1|move 4
|
|move|p1a: Snorlax|Body Slam|p2a: Slowbro
|-damage|p2a: Slowbro|0 fnt
|faint|p2a: Slowbro
|choice||switch 4
|
|switch|p2a: Exeggutor|Exeggutor|106\/393
|turn|43
|choice|switch 6|move 3
|
|switch|p1a: Starmie|Starmie|323\/323 par
|move|p2a: Exeggutor|Psychic|p1a: Starmie
|-resisted|p1a: Starmie
|-damage|p1a: Starmie|258\/323 par
|
|turn|44
|choice|switch 4|move 3
|
|switch|p1a: Chansey|Chansey|479\/703 frz
|move|p2a: Exeggutor|Psychic|p1a: Chansey
|-damage|p1a: Chansey|361\/703 frz
|
|turn|45
|choice|move 2|move 3
|
|move|p2a: Exeggutor|Psychic|p1a: Chansey
|-damage|p1a: Chansey|236\/703 frz
|-unboost|p1a: Chansey|spd|1
|-unboost|p1a: Chansey|spa|1
|cant|p1a: Chansey|frz
|
|turn|46
|choice|move 2|move 3
|
|move|p2a: Exeggutor|Psychic|p1a: Chansey
|-crit|p1a: Chansey
|-damage|p1a: Chansey|0 fnt
|faint|p1a: Chansey
|choice|switch 3|
|
|switch|p1a: Tauros|Tauros|353\/353
|turn|47
|choice|move 1|switch 3
|
|switch|p2a: Alakazam|Alakazam|313\/313 slp
|move|p1a: Tauros|Body Slam|p2a: Alakazam
|-damage|p2a: Alakazam|152\/313 slp
|
|turn|48
|choice|move 1|move 1
|
|cant|p2a: Alakazam|slp
|move|p1a: Tauros|Body Slam|p2a: Alakazam
|-crit|p2a: Alakazam
|-damage|p2a: Alakazam|0 fnt
|faint|p2a: Alakazam
|choice||switch 6
|
|switch|p2a: Zapdos|Zapdos|383\/383
|turn|49
|choice|switch 2|move 1
|
|switch|p1a: Golem|Golem|363\/363
|move|p2a: Zapdos|Thunderbolt|p1a: Golem
|-immune|p1a: Golem|[msg]
|
|turn|50
|choice|move 4|switch 5
|
|switch|p2a: Tauros|Tauros|353\/353
|move|p1a: Golem|Rock Slide|p2a: Tauros
|-damage|p2a: Tauros|257\/353
|
|turn|51
|J|Low Ladder Heroes
|choice|switch 4|move 4
|
|switch|p1a: Starmie|Starmie|258\/323 par
|move|p2a: Tauros|Blizzard|p1a: Starmie
|-resisted|p1a: Starmie
|-damage|p1a: Starmie|222\/323 par
|
|turn|52
|choice|move 4|switch 5
|
|switch|p2a: Zapdos|Zapdos|383\/383
|move|p1a: Starmie|Thunder Wave|p2a: Zapdos
|-status|p2a: Zapdos|par
|
|turn|53
|choice|switch 4|switch 5
|
|switch|p1a: Golem|Golem|363\/363
|switch|p2a: Tauros|Tauros|257\/353
|
|turn|54
|choice|move 2|move 2
|
|move|p2a: Tauros|Earthquake|p1a: Golem
|-supereffective|p1a: Golem
|-damage|p1a: Golem|243\/363
|move|p1a: Golem|Explosion|p2a: Tauros
|-damage|p2a: Tauros|0 fnt
|faint|p2a: Tauros
|faint|p1a: Golem
|choice|switch 6|switch 3
|
|switch|p2a: Exeggutor|Exeggutor|106\/393
|switch|p1a: Snorlax|Snorlax|283\/523 par
|turn|55
|choice|switch 4|move 4
|
|switch|p1a: Starmie|Starmie|222\/323 par
|move|p2a: Exeggutor|Explosion|p1a: Starmie
|-damage|p1a: Starmie|0 fnt
|faint|p1a: Starmie
|faint|p2a: Exeggutor
|choice|switch 4|switch 5
|
|switch|p2a: Zapdos|Zapdos|383\/383 par
|switch|p1a: Snorlax|Snorlax|283\/523 par
|turn|56
|choice|move 4|move 1
|
|move|p2a: Zapdos|Thunderbolt|p1a: Snorlax
|-damage|p1a: Snorlax|102\/523 par
|move|p1a: Snorlax|Self-Destruct|p2a: Zapdos
|-damage|p2a: Zapdos|0 fnt
|faint|p2a: Zapdos
|faint|p1a: Snorlax
|
|win|Dice