|J|Nails
|J|papai noel
|player|p1|Nails|170
|player|p2|papai noel|161
|gametype|singles
|gen|1
|tier|[Gen 1] OU
|seed|46654,34465,4433,48088
|rule|Sleep Clause Mod: Limit one foe put to sleep
|rule|Freeze Clause Mod: Limit one foe frozen
|rule|Species Clause: Limit one of each Pokémon
|rule|OHKO Clause: OHKO moves are banned
|rule|Evasion Moves Clause: Evasion moves are banned
|rule|HP Percentage Mod: HP is shown in percentages
|
|start
|switch|p1a: Jynx|Jynx|333\/333
|switch|p2a: Gengar|Gengar|323\/323
|turn|1
|J|owari rosu
|J|SOMALIA
|J|Shabaduh
|J|hyogafodex
|choice|move 3|move 2
|
|move|p2a: Gengar|Hypnosis|p1a: Jynx
|-status|p1a: Jynx|slp
|cant|p1a: Jynx|slp
|
|turn|2
|choice|move 3|move 1
|
|move|p2a: Gengar|Night Shade|p1a: Jynx
|-damage|p1a: Jynx|233\/333 slp
|cant|p1a: Jynx|slp
|
|turn|3
|L|hyogafodex
|choice|switch 5|move 1
|
|switch|p1a: Alakazam|Alakazam|313\/313
|move|p2a: Gengar|Night Shade|p1a: Alakazam
|-damage|p1a: Alakazam|213\/313
|
|turn|4
|choice|move 1|switch 3
|
|switch|p2a: Snorlax|Snorlax|523\/523
|move|p1a: Alakazam|Psychic|p2a: Snorlax
|-damage|p2a: Snorlax|356\/523
|-unboost|p2a: Snorlax|spd|1
|-unboost|p2a: Snorlax|spa|1
|
|turn|5
|choice|switch 6|move 1
|
|switch|p1a: Rhydon|Rhydon|413\/413
|move|p2a: Snorlax|Body Slam|p1a: Rhydon
|-resisted|p1a: Rhydon
|-damage|p1a: Rhydon|367\/413
|
|turn|6
|choice|move 1|switch 5
|
|switch|p2a: Exeggutor|Exeggutor|393\/393
|move|p1a: Rhydon|Earthquake|p2a: Exeggutor
|-crit|p2a: Exeggutor
|-resisted|p2a: Exeggutor
|-damage|p2a: Exeggutor|250\/393
|
|turn|7
|choice|switch 5|move 1
|
|switch|p1a: Jynx|Jynx|233\/333 slp
|move|p2a: Exeggutor|Psychic|p1a: Jynx
|-resisted|p1a: Jynx
|-damage|p1a: Jynx|174\/333 slp
|
|turn|8
|choice|switch 6|switch 2
|
|switch|p1a: Alakazam|Alakazam|213\/313
|switch|p2a: Tauros|Tauros|353\/353
|
|turn|9
|choice|move 2|move 2
|
|move|p1a: Alakazam|Thunder Wave|p2a: Tauros
|-status|p2a: Tauros|par
|move|p2a: Tauros|Hyper Beam|p1a: Alakazam
|-damage|p1a: Alakazam|0 fnt
|faint|p1a: Alakazam
|choice|switch 2|
|
|switch|p1a: Snorlax|Snorlax|523\/523
|turn|10
|choice|move 3|move 1
|
|move|p1a: Snorlax|Earthquake|p2a: Tauros
|-damage|p2a: Tauros|265\/353 par
|move|p2a: Tauros|Body Slam|p1a: Snorlax
|-damage|p1a: Snorlax|396\/523
|
|turn|11
|choice|move 1|move 2
|
|move|p1a: Snorlax|Body Slam|p2a: Tauros
|-damage|p2a: Tauros|161\/353 par
|move|p2a: Tauros|Hyper Beam|p1a: Snorlax
|-crit|p1a: Snorlax
|-damage|p1a: Snorlax|0 fnt
|faint|p1a: Snorlax
|c|★Nails|rude
|c|★papai noel|im so good
|c|★papai noel|lol
|choice|switch 5|
|
|switch|p1a: Rhydon|Rhydon|367\/413
|turn|12
|choice|move 1|move 4
|
|move|p1a: Rhydon|Earthquake|p2a: Tauros
|-damage|p2a: Tauros|28\/353 par
|move|p2a: Tauros|Blizzard|p1a: Rhydon
|-crit|p1a: Rhydon
|-supereffective|p1a: Rhydon
|-damage|p1a: Rhydon|0 fnt
|faint|p1a: Rhydon
|choice|switch 3|
|
|switch|p1a: Tauros|Tauros|353\/353
|turn|13
|choice|move 1|move 2
|
|move|p1a: Tauros|Body Slam|p2a: Tauros
|-damage|p2a: Tauros|0 fnt
|faint|p2a: Tauros
|c|★Nails|man
|c|★Nails|that is
|c|★Nails|a bull
|choice||switch 5
|
|switch|p2a: Snorlax|Snorlax|356\/523
|turn|14
|choice|move 1|move 3
|
|move|p1a: Tauros|Body Slam|p2a: Snorlax
|-crit|p2a: Snorlax
|-damage|p2a: Snorlax|120\/523
|move|p2a: Snorlax|Self-Destruct|p1a: Tauros
|-damage|p1a: Tauros|28\/353
|faint|p2a: Snorlax
|choice||switch 6
|
|switch|p2a: Persian|Persian|333\/333
|turn|15
|choice|switch 4|move 1
|
|switch|p1a: Cloyster|Cloyster|303\/303
|move|p2a: Persian|Slash|p1a: Cloyster
|-crit|p1a: Cloyster
|-damage|p1a: Cloyster|215\/303
|
|turn|16
|choice|move 2|move 4
|
|move|p2a: Persian|Thunderbolt|p1a: Cloyster
|-supereffective|p1a: Cloyster
|-damage|p1a: Cloyster|81\/303
|move|p1a: Cloyster|Blizzard|p2a: Persian
|-damage|p2a: Persian|179\/333
|
|turn|17
|-message|Nails forfeited.
|
|win|papai noel