|J|marcoasd
|J|teal6
|player|p1|marcoasd|265
|player|p2|teal6|138
|gametype|singles
|gen|1
|tier|[Gen 1] OU
|seed|41358,44525,58540,19293
|rule|Sleep Clause Mod: Limit one foe put to sleep
|rule|Freeze Clause Mod: Limit one foe frozen
|rule|Species Clause: Limit one of each Pokémon
|rule|OHKO Clause: OHKO moves are banned
|rule|Evasion Moves Clause: Evasion moves are banned
|rule|HP Percentage Mod: HP is shown in percentages
|
|start
|switch|p1a: Gengar|Gengar|323\/323
|switch|p2a: Jynx|Jynx|333\/333
|turn|1
|J|Funkasaurus
|J|TheEnder
|L|Funkasaurus
|J|Vileman
|J|KratosMana
|J|Omfuga
|J|slurmz
|c|+slurmz|is this
|c|+slurmz|for a tour
|c|+slurmz|??
|J|Mattster321
|c|★teal6|yeah
|c|★marcoasd|pokemon perfect
|choice|move 1|move 1
|
|move|p1a: Gengar|Hypnosis|p2a: Jynx|[miss]
|-miss|p1a: Gengar
|move|p2a: Jynx|Psychic|p1a: Gengar
|-supereffective|p1a: Gengar
|-damage|p1a: Gengar|141\/323
|
|turn|2
|c|+slurmz|oh pp
|c|+slurmz|cute
|choice|move 4|move 1
|
|move|p1a: Gengar|Explosion|p2a: Jynx
|-damage|p2a: Jynx|0 fnt
|faint|p2a: Jynx
|faint|p1a: Gengar
|c|+slurmz|my opp is johning me
|c|★teal6|you are
|choice|switch 2|switch 4
|
|switch|p2a: Exeggutor|Exeggutor|393\/393
|switch|p1a: Exeggutor|Exeggutor|393\/393
|turn|3
|J|SoulWind
|c|+slurmz|heh
|choice|move 1|move 2
|
|move|p1a: Exeggutor|Sleep Powder|p2a: Exeggutor|[miss]
|-miss|p1a: Exeggutor
|move|p2a: Exeggutor|Sleep Powder|p1a: Exeggutor
|-status|p1a: Exeggutor|slp
|
|turn|4
|choice|move 3|switch 3
|
|switch|p2a: Snorlax|Snorlax|523\/523
|cant|p1a: Exeggutor|slp
|
|turn|5
|choice|switch 6|move 1
|
|switch|p1a: Snorlax|Snorlax|523\/523
|move|p2a: Snorlax|Body Slam|p1a: Snorlax
|-crit|p1a: Snorlax
|-damage|p1a: Snorlax|264\/523
|
|turn|6
|choice|move 2|move 1
|
|move|p2a: Snorlax|Body Slam|p1a: Snorlax
|-crit|p1a: Snorlax
|-damage|p1a: Snorlax|0 fnt
|faint|p1a: Snorlax
|L|Mattster321
|c|★teal6|wtf
|c|★teal6|sorry man
|J|Honoka Kurai
|c|★marcoasd|help
|c|★marcoasd|lol
|c|★teal6|i can't control that
|c|★teal6|but ive never seen a lax
|choice|switch 3|
|
|switch|p1a: Chansey|Chansey|703\/703
|turn|7
|c|★teal6|crit two times in a row
|choice|move 1|move 1
|
|move|p1a: Chansey|Thunder Wave|p2a: Snorlax
|-status|p2a: Snorlax|par
|move|p2a: Snorlax|Body Slam|p1a: Chansey
|-damage|p1a: Chansey|423\/703
|
|turn|8
|choice|move 4|move 1
|
|move|p1a: Chansey|Soft-Boiled|p1a: Chansey
|-heal|p1a: Chansey|703\/703
|move|p2a: Snorlax|Body Slam|p1a: Chansey
|-damage|p1a: Chansey|414\/703
|
|turn|9
|choice|move 4|move 4
|
|move|p1a: Chansey|Soft-Boiled|p1a: Chansey
|-heal|p1a: Chansey|703\/703
|cant|p2a: Snorlax|par
|
|turn|10
|choice|switch 4|move 1
|
|switch|p1a: Golem|Golem|363\/363
|move|p2a: Snorlax|Body Slam|p1a: Golem
|-resisted|p1a: Golem
|-damage|p1a: Golem|322\/363
|
|turn|11
|choice|move 1|switch 3
|
|switch|p2a: Exeggutor|Exeggutor|393\/393
|move|p1a: Golem|Earthquake|p2a: Exeggutor
|-resisted|p2a: Exeggutor
|-damage|p2a: Exeggutor|330\/393
|
|turn|12
|choice|switch 4|move 1
|
|switch|p1a: Chansey|Chansey|703\/703
|move|p2a: Exeggutor|Psychic|p1a: Chansey
|-damage|p1a: Chansey|589\/703
|
|turn|13
|choice|move 2|switch 3
|
|switch|p2a: Snorlax|Snorlax|523\/523 par
|move|p1a: Chansey|Ice Beam|p2a: Snorlax
|-damage|p2a: Snorlax|419\/523 par
|
|turn|14
|choice|move 2|move 1
|
|move|p1a: Chansey|Ice Beam|p2a: Snorlax
|-damage|p2a: Snorlax|310\/523 par
|cant|p2a: Snorlax|par
|
|turn|15
|choice|switch 4|move 4
|
|switch|p1a: Golem|Golem|322\/363
|cant|p2a: Snorlax|par
|
|turn|16
|choice|move 2|switch 3
|
|switch|p2a: Exeggutor|Exeggutor|330\/393
|move|p1a: Golem|Body Slam|p2a: Exeggutor
|-damage|p2a: Exeggutor|250\/393
|
|turn|17
|choice|switch 6|move 1
|
|switch|p1a: Exeggutor|Exeggutor|393\/393 slp
|move|p2a: Exeggutor|Psychic|p1a: Exeggutor
|-resisted|p1a: Exeggutor
|-damage|p1a: Exeggutor|340\/393 slp
|
|turn|18
|choice|switch 4|switch 2
|
|switch|p2a: Tauros|Tauros|353\/353
|switch|p1a: Chansey|Chansey|589\/703
|
|turn|19
|choice|move 2|switch 3
|
|switch|p2a: Snorlax|Snorlax|310\/523 par
|move|p1a: Chansey|Ice Beam|p2a: Snorlax
|-crit|p2a: Snorlax
|-damage|p2a: Snorlax|101\/523 par
|
|turn|20
|choice|switch 6|switch 6
|
|switch|p1a: Golem|Golem|322\/363
|switch|p2a: Slowbro|Slowbro|393\/393
|
|turn|21
|choice|switch 4|move 2
|
|switch|p1a: Exeggutor|Exeggutor|340\/393 slp
|move|p2a: Slowbro|Surf|p1a: Exeggutor
|-resisted|p1a: Exeggutor
|-damage|p1a: Exeggutor|301\/393 slp
|
|turn|22
|choice|switch 6|switch 6
|
|switch|p1a: Chansey|Chansey|589\/703
|switch|p2a: Snorlax|Snorlax|101\/523 par
|
|turn|23
|choice|switch 4|switch 5
|
|switch|p1a: Golem|Golem|322\/363
|switch|p2a: Chansey|Chansey|703\/703
|
|turn|24
|choice|switch 4|move 1
|
|switch|p1a: Chansey|Chansey|589\/703
|move|p2a: Chansey|Ice Beam|p1a: Chansey
|-damage|p1a: Chansey|511\/703
|
|turn|25
|choice|move 2|move 3
|
|move|p1a: Chansey|Ice Beam|p2a: Chansey
|-damage|p2a: Chansey|622\/703
|move|p2a: Chansey|Thunder Wave|p1a: Chansey
|-status|p1a: Chansey|par
|
|turn|26
|choice|move 2|move 1
|
|move|p2a: Chansey|Ice Beam|p1a: Chansey
|-damage|p1a: Chansey|442\/703 par
|move|p1a: Chansey|Ice Beam|p2a: Chansey
|-damage|p2a: Chansey|546\/703
|
|turn|27
|choice|move 4|switch 5
|
|switch|p2a: Snorlax|Snorlax|101\/523 par
|move|p1a: Chansey|Soft-Boiled|p1a: Chansey
|-heal|p1a: Chansey|703\/703 par
|
|turn|28
|L|Vileman
|choice|switch 4|switch 6
|
|switch|p1a: Golem|Golem|322\/363
|switch|p2a: Slowbro|Slowbro|393\/393
|
|turn|29
|choice|switch 6|move 1
|
|switch|p1a: Exeggutor|Exeggutor|301\/393 slp
|move|p2a: Slowbro|Amnesia|p2a: Slowbro
|-boost|p2a: Slowbro|spd|2
|-boost|p2a: Slowbro|spa|2
|
|turn|30
|choice|move 1|switch 6
|
|switch|p2a: Snorlax|Snorlax|101\/523 par
|cant|p1a: Exeggutor|slp
|
|turn|31
|choice|switch 6|move 2
|
|switch|p1a: Golem|Golem|322\/363
|move|p2a: Snorlax|Earthquake|p1a: Golem
|-supereffective|p1a: Golem
|-damage|p1a: Golem|178\/363
|
|turn|32
|choice|move 3|switch 2
|
|switch|p2a: Exeggutor|Exeggutor|250\/393
|move|p1a: Golem|Rock Slide|p2a: Exeggutor
|-damage|p2a: Exeggutor|151\/393
|
|turn|33
|choice|switch 6|move 1
|
|switch|p1a: Exeggutor|Exeggutor|301\/393 slp
|move|p2a: Exeggutor|Psychic|p1a: Exeggutor
|-resisted|p1a: Exeggutor
|-damage|p1a: Exeggutor|250\/393 slp
|
|turn|34
|choice|move 3|move 3
|
|cant|p1a: Exeggutor|slp
|move|p2a: Exeggutor|Explosion|p1a: Exeggutor
|-damage|p1a: Exeggutor|0 fnt
|faint|p1a: Exeggutor
|faint|p2a: Exeggutor
|choice|switch 5|switch 2
|
|switch|p1a: Tauros|Tauros|353\/353
|switch|p2a: Snorlax|Snorlax|101\/523 par
|turn|35
|choice|move 1|move 4
|
|move|p1a: Tauros|Body Slam|p2a: Snorlax
|-damage|p2a: Snorlax|0 fnt
|faint|p2a: Snorlax
|choice||switch 6
|
|switch|p2a: Slowbro|Slowbro|393\/393
|turn|36
|choice|switch 6|move 3
|
|switch|p1a: Golem|Golem|178\/363
|move|p2a: Slowbro|Thunder Wave|p1a: Golem
|-immune|p1a: Golem|[msg]
|
|turn|37
|choice|move 4|switch 5
|
|switch|p2a: Chansey|Chansey|546\/703
|move|p1a: Golem|Explosion|p2a: Chansey
|-damage|p2a: Chansey|0 fnt
|faint|p2a: Chansey
|faint|p1a: Golem
|choice|switch 4|switch 5
|
|switch|p2a: Slowbro|Slowbro|393\/393
|switch|p1a: Chansey|Chansey|703\/703 par
|turn|38
|choice|move 1|move 1
|
|move|p2a: Slowbro|Amnesia|p2a: Slowbro
|-boost|p2a: Slowbro|spd|2
|-boost|p2a: Slowbro|spa|2
|move|p1a: Chansey|Thunder Wave|p2a: Slowbro
|-status|p2a: Slowbro|par
|
|turn|39
|choice|move 3|move 1
|
|move|p2a: Slowbro|Amnesia|p2a: Slowbro
|-boost|p2a: Slowbro|spd|2
|-boost|p2a: Slowbro|spa|2
|cant|p1a: Chansey|par
|
|turn|40
|choice|move 3|move 1
|
|move|p2a: Slowbro|Amnesia|p2a: Slowbro
|-boost|p2a: Slowbro|spd|2
|-boost|p2a: Slowbro|spa|2
|move|p1a: Chansey|Thunderbolt|p2a: Slowbro
|-supereffective|p2a: Slowbro
|-damage|p2a: Slowbro|342\/393 par
|
|turn|41
|choice|move 3|move 2
|
|move|p2a: Slowbro|Surf|p1a: Chansey
|-damage|p1a: Chansey|362\/703 par
|move|p1a: Chansey|Thunderbolt|p2a: Slowbro
|-supereffective|p2a: Slowbro
|-damage|p2a: Slowbro|297\/393 par
|
|turn|42
|choice|move 3|move 2
|
|move|p2a: Slowbro|Surf|p1a: Chansey
|-crit|p1a: Chansey
|-damage|p1a: Chansey|187\/703 par
|cant|p1a: Chansey|par
|
|turn|43
|c|+Omfuga|LOLOL
|c|★teal6|haha
|choice|move 4|move 2
|
|cant|p2a: Slowbro|par
|cant|p1a: Chansey|par
|
|turn|44
|choice|move 3|move 2
|
|move|p2a: Slowbro|Surf|p1a: Chansey
|-damage|p1a: Chansey|0 fnt
|faint|p1a: Chansey
|choice|switch 6|
|
|switch|p1a: Tauros|Tauros|353\/353
|turn|45
|choice|move 3|move 2
|
|move|p1a: Tauros|Hyper Beam|p2a: Slowbro
|-damage|p2a: Slowbro|128\/393 par
|move|p2a: Slowbro|Surf|p1a: Tauros
|-damage|p1a: Tauros|0 fnt
|faint|p1a: Tauros
|
|win|teal6