|J|teal6
|J|Beds
|player|p1|teal6|102
|player|p2|Beds|252
|gametype|singles
|gen|1
|tier|[Gen 1] OU
|seed|25470,14275,25385,57589
|rule|Sleep Clause Mod: Limit one foe put to sleep
|rule|Freeze Clause Mod: Limit one foe frozen
|rule|Species Clause: Limit one of each Pokémon
|rule|OHKO Clause: OHKO moves are banned
|rule|Evasion Moves Clause: Evasion moves are banned
|rule|HP Percentage Mod: HP is shown in percentages
|
|start
|switch|p1a: Alakazam|Alakazam|313\/313
|switch|p2a: Jynx|Jynx|333\/333
|turn|1
|J|troll safe doors
|J|LT1A Like me
|J|ceraa
|J|choollio
|L|LT1A Like me
|J|Fortune
|J|kektus
|choice|move 3|move 1
|
|move|p1a: Alakazam|Thunder Wave|p2a: Jynx
|-status|p2a: Jynx|par
|move|p2a: Jynx|Lovely Kiss|p1a: Alakazam
|-status|p1a: Alakazam|slp
|
|turn|2
|J|Alexander
|J|Crzyzyko
|J|Abgesang
|L|ceraa
|J|Lady Katherine
|choice|move 1|move 3
|
|cant|p1a: Alakazam|slp
|move|p2a: Jynx|Blizzard|p1a: Alakazam
|-damage|p1a: Alakazam|198\/313 slp
|
|turn|3
|J|f apkin gg
|choice|switch 6|move 3
|
|switch|p1a: Chansey|Chansey|703\/703
|move|p2a: Jynx|Blizzard|p1a: Chansey
|-crit|p1a: Chansey
|-damage|p1a: Chansey|464\/703
|
|turn|4
|choice|move 2|move 3
|
|move|p1a: Chansey|Soft-Boiled|p1a: Chansey
|-heal|p1a: Chansey|703\/703
|move|p2a: Jynx|Blizzard|p1a: Chansey
|-damage|p1a: Chansey|575\/703
|
|turn|5
|choice|move 4|move 3
|
|move|p1a: Chansey|Thunderbolt|p2a: Jynx
|-damage|p2a: Jynx|250\/333 par
|cant|p2a: Jynx|par
|
|turn|6
|L|Crzyzyko
|choice|move 4|move 3
|
|move|p1a: Chansey|Thunderbolt|p2a: Jynx
|-damage|p2a: Jynx|168\/333 par
|move|p2a: Jynx|Blizzard|p1a: Chansey
|-damage|p1a: Chansey|453\/703
|-status|p1a: Chansey|frz
|
|turn|7
|J|aqqq
|choice|switch 3|move 2
|
|switch|p1a: Tauros|Tauros|353\/353
|move|p2a: Jynx|Psychic|p1a: Tauros
|-crit|p1a: Tauros
|-damage|p1a: Tauros|109\/353
|
|turn|8
|J|jacob
|J|Onehunch-man
|choice|move 1|move 2
|
|move|p1a: Tauros|Body Slam|p2a: Jynx
|-damage|p2a: Jynx|0 fnt
|faint|p2a: Jynx
|L|Lady Katherine
|L|Onehunch-man
|choice||switch 2
|
|switch|p2a: Snorlax|Snorlax|523\/523
|turn|9
|choice|switch 5|move 2
|
|switch|p1a: Exeggutor|Exeggutor|393\/393
|move|p2a: Snorlax|Reflect|p2a: Snorlax
|-start|p2a: Snorlax|Reflect
|
|turn|10
|choice|move 2|move 1
|
|move|p1a: Exeggutor|Sleep Powder|p2a: Snorlax
|-status|p2a: Snorlax|slp
|cant|p2a: Snorlax|slp
|
|turn|11
|choice|move 1|move 1
|
|move|p1a: Exeggutor|Psychic|p2a: Snorlax|[miss]
|-miss|p1a: Exeggutor
|cant|p2a: Snorlax|slp
|
|turn|12
|choice|move 1|switch 3
|
|switch|p2a: Exeggutor|Exeggutor|393\/393
|move|p1a: Exeggutor|Psychic|p2a: Exeggutor
|-resisted|p2a: Exeggutor
|-damage|p2a: Exeggutor|341\/393
|-unboost|p2a: Exeggutor|spd|1
|-unboost|p2a: Exeggutor|spa|1
|
|turn|13
|J|stanefix
|L|stanefix
|choice|move 4|move 3
|
|move|p2a: Exeggutor|Stun Spore|p1a: Exeggutor
|-status|p1a: Exeggutor|par
|cant|p1a: Exeggutor|par
|
|turn|14
|choice|move 4|switch 4
|
|switch|p2a: Chansey|Chansey|703\/703
|move|p1a: Exeggutor|Stun Spore|p2a: Chansey
|-status|p2a: Chansey|par
|
|turn|15
|L|jacob
|choice|move 1|switch 3
|
|switch|p2a: Snorlax|Snorlax|523\/523 slp
|move|p1a: Exeggutor|Psychic|p2a: Snorlax
|-crit|p2a: Snorlax
|-damage|p2a: Snorlax|218\/523 slp
|-unboost|p2a: Snorlax|spd|1
|-unboost|p2a: Snorlax|spa|1
|
|turn|16
|choice|move 1|switch 3
|
|switch|p2a: Chansey|Chansey|703\/703 par
|move|p1a: Exeggutor|Psychic|p2a: Chansey
|-damage|p2a: Chansey|589\/703 par
|-unboost|p2a: Chansey|spd|1
|-unboost|p2a: Chansey|spa|1
|
|turn|17
|J|wish klller
|choice|move 1|move 3
|
|move|p1a: Exeggutor|Psychic|p2a: Chansey
|-damage|p2a: Chansey|405\/703 par
|move|p2a: Chansey|Ice Beam|p1a: Exeggutor
|-supereffective|p1a: Exeggutor
|-damage|p1a: Exeggutor|305\/393 par
|
|turn|18
|choice|move 1|move 4
|
|move|p1a: Exeggutor|Psychic|p2a: Chansey
|-damage|p2a: Chansey|214\/703 par
|-unboost|p2a: Chansey|spd|1
|-unboost|p2a: Chansey|spa|1
|move|p2a: Chansey|Soft-Boiled|p2a: Chansey
|-heal|p2a: Chansey|565\/703 par
|
|turn|19
|choice|move 1|switch 3
|
|switch|p2a: Snorlax|Snorlax|218\/523 slp
|move|p1a: Exeggutor|Psychic|p2a: Snorlax|[miss]
|-miss|p1a: Exeggutor
|
|turn|20
|choice|move 1|switch 3
|
|switch|p2a: Chansey|Chansey|565\/703 par
|cant|p1a: Exeggutor|par
|
|turn|21
|choice|move 1|move 3
|
|move|p1a: Exeggutor|Psychic|p2a: Chansey
|-crit|p2a: Chansey
|-damage|p2a: Chansey|334\/703 par
|move|p2a: Chansey|Ice Beam|p1a: Exeggutor
|-supereffective|p1a: Exeggutor
|-damage|p1a: Exeggutor|177\/393 par
|
|turn|22
|J|friend for hire
|choice|move 1|switch 3
|
|switch|p2a: Snorlax|Snorlax|218\/523 slp
|cant|p1a: Exeggutor|par
|
|turn|23
|L|friend for hire
|L|Fortune
|choice|move 1|switch 3
|
|switch|p2a: Chansey|Chansey|334\/703 par
|move|p1a: Exeggutor|Psychic|p2a: Chansey
|-damage|p2a: Chansey|221\/703 par
|
|turn|24
|J|fran17
|choice|move 1|move 4
|
|move|p1a: Exeggutor|Psychic|p2a: Chansey
|-damage|p2a: Chansey|109\/703 par
|-unboost|p2a: Chansey|spd|1
|-unboost|p2a: Chansey|spa|1
|move|p2a: Chansey|Soft-Boiled|p2a: Chansey
|-heal|p2a: Chansey|460\/703 par
|
|turn|25
|choice|move 1|move 4
|
|cant|p1a: Exeggutor|par
|move|p2a: Chansey|Soft-Boiled|p2a: Chansey
|-heal|p2a: Chansey|703\/703 par
|
|turn|26
|choice|move 1|switch 3
|
|switch|p2a: Snorlax|Snorlax|218\/523 slp
|cant|p1a: Exeggutor|par
|
|turn|27
|J|Pat Labor
|choice|move 1|switch 6
|
|switch|p2a: Starmie|Starmie|323\/323
|move|p1a: Exeggutor|Psychic|p2a: Starmie
|-crit|p2a: Starmie
|-resisted|p2a: Starmie
|-damage|p2a: Starmie|196\/323
|-unboost|p2a: Starmie|spd|1
|-unboost|p2a: Starmie|spa|1
|
|turn|28
|choice|move 4|switch 3
|
|switch|p2a: Chansey|Chansey|703\/703 par
|move|p1a: Exeggutor|Stun Spore|p2a: Chansey
|-fail|p2a: Chansey|par
|
|turn|29
|choice|move 1|move 3
|
|cant|p1a: Exeggutor|par
|move|p2a: Chansey|Ice Beam|p1a: Exeggutor
|-supereffective|p1a: Exeggutor
|-damage|p1a: Exeggutor|53\/393 par
|
|turn|30
|choice|move 3|switch 6
|
|switch|p2a: Snorlax|Snorlax|218\/523 slp
|cant|p1a: Exeggutor|par
|
|turn|31
|choice|move 1|move 1
|
|cant|p2a: Snorlax|slp
|move|p1a: Exeggutor|Psychic|p2a: Snorlax
|-damage|p2a: Snorlax|54\/523 slp
|
|turn|32
|choice|move 1|move 1
|
|-curestatus|p2a: Snorlax|slp
|move|p1a: Exeggutor|Psychic|p2a: Snorlax
|-damage|p2a: Snorlax|0 fnt
|faint|p2a: Snorlax
|choice||switch 3
|
|switch|p2a: Starmie|Starmie|196\/323
|turn|33
|J|jacob
|choice|switch 3|move 1
|
|switch|p1a: Chansey|Chansey|453\/703 frz
|move|p2a: Starmie|Blizzard|p1a: Chansey
|-damage|p1a: Chansey|356\/703 frz
|
|turn|34
|choice|move 4|move 4
|
|move|p2a: Starmie|Recover|p2a: Starmie
|-heal|p2a: Starmie|323\/323
|cant|p1a: Chansey|frz
|
|turn|35
|choice|switch 6|move 2
|
|switch|p1a: Alakazam|Alakazam|198\/313 slp
|move|p2a: Starmie|Thunderbolt|p1a: Alakazam
|-damage|p1a: Alakazam|141\/313 slp
|
|turn|36
|choice|move 1|move 1
|
|cant|p1a: Alakazam|slp
|move|p2a: Starmie|Blizzard|p1a: Alakazam
|-damage|p1a: Alakazam|62\/313 slp
|
|turn|37
|choice|switch 6|move 1
|
|switch|p1a: Chansey|Chansey|356\/703 frz
|move|p2a: Starmie|Blizzard|p1a: Chansey
|-damage|p1a: Chansey|270\/703 frz
|
|turn|38
|choice|move 1|move 2
|
|move|p2a: Starmie|Thunderbolt|p1a: Chansey
|-damage|p1a: Chansey|202\/703 frz
|cant|p1a: Chansey|frz
|
|turn|39
|J|Articuno I
|choice|move 2|move 2
|
|move|p2a: Starmie|Thunderbolt|p1a: Chansey
|-crit|p1a: Chansey
|-damage|p1a: Chansey|60\/703 frz
|cant|p1a: Chansey|frz
|
|turn|40
|L|Articuno I
|choice|move 2|move 2
|
|move|p2a: Starmie|Thunderbolt|p1a: Chansey
|-damage|p1a: Chansey|0 fnt
|faint|p1a: Chansey
|choice|switch 2|
|
|switch|p1a: Zapdos|Zapdos|383\/383
|turn|41
|L|jacob
|choice|move 4|switch 4
|
|switch|p2a: Exeggutor|Exeggutor|341\/393
|move|p1a: Zapdos|Thunder Wave|p2a: Exeggutor
|-status|p2a: Exeggutor|par
|
|turn|42
|choice|move 3|move 1
|
|move|p1a: Zapdos|Drill Peck|p2a: Exeggutor
|-supereffective|p2a: Exeggutor
|-damage|p2a: Exeggutor|143\/393 par
|move|p2a: Exeggutor|Psychic|p1a: Zapdos
|-damage|p1a: Zapdos|278\/383
|
|turn|43
|choice|move 3|move 1
|
|move|p1a: Zapdos|Drill Peck|p2a: Exeggutor
|-supereffective|p2a: Exeggutor
|-damage|p2a: Exeggutor|0 fnt
|faint|p2a: Exeggutor
|choice||switch 6
|
|switch|p2a: Chansey|Chansey|703\/703 par
|turn|44
|choice|switch 6|move 3
|
|switch|p1a: Alakazam|Alakazam|62\/313 slp
|move|p2a: Chansey|Ice Beam|p1a: Alakazam
|-damage|p1a: Alakazam|0 fnt
|faint|p1a: Alakazam
|choice|switch 4|
|
|switch|p1a: Dragonite|Dragonite|385\/385
|turn|45
|choice|move 2|move 3
|
|move|p1a: Dragonite|Wrap|p2a: Chansey
|-damage|p2a: Chansey|662\/703 par
|-activate|p2a: Chansey|move: Wrap|[of] p1a: Dragonite
|cant|p2a: Chansey|partiallytrapped
|
|turn|46
|choice|switch 6|move 3
|
|switch|p1a: Zapdos|Zapdos|278\/383
|cant|p2a: Chansey|partiallytrapped
|
|-end|p2a: Chansey|Wrap|[partiallytrapped]
|turn|47
|choice|move 3|move 3
|
|move|p1a: Zapdos|Drill Peck|p2a: Chansey
|-damage|p2a: Chansey|412\/703 par
|move|p2a: Chansey|Ice Beam|p1a: Zapdos
|-supereffective|p1a: Zapdos
|-damage|p1a: Zapdos|145\/383
|
|turn|48
|choice|switch 3|move 3
|
|switch|p1a: Exeggutor|Exeggutor|53\/393 par
|move|p2a: Chansey|Ice Beam|p1a: Exeggutor
|-supereffective|p1a: Exeggutor
|-damage|p1a: Exeggutor|0 fnt
|faint|p1a: Exeggutor
|choice|switch 5|
|
|switch|p1a: Tauros|Tauros|109\/353
|turn|49
|choice|move 4|move 2
|
|move|p1a: Tauros|Hyper Beam|p2a: Chansey
|-damage|p2a: Chansey|0 fnt
|faint|p2a: Chansey
|choice||switch 4
|
|switch|p2a: Starmie|Starmie|323\/323
|turn|50
|choice|move 1|move 1
|
|move|p2a: Starmie|Blizzard|p1a: Tauros
|-crit|p1a: Tauros
|-damage|p1a: Tauros|0 fnt
|faint|p1a: Tauros
|choice|switch 3|
|
|switch|p1a: Zapdos|Zapdos|145\/383
|turn|51
|choice|move 4|move 1
|
|move|p2a: Starmie|Blizzard|p1a: Zapdos
|-supereffective|p1a: Zapdos
|-damage|p1a: Zapdos|0 fnt
|faint|p1a: Zapdos
|choice|switch 6|
|
|switch|p1a: Dragonite|Dragonite|385\/385
|turn|52
|choice|move 1|move 1
|
|move|p2a: Starmie|Blizzard|p1a: Dragonite
|-crit|p1a: Dragonite
|-supereffective|p1a: Dragonite
|-damage|p1a: Dragonite|0 fnt
|faint|p1a: Dragonite
|
|win|Beds