|inactive|Battle timer is ON: inactive players will automatically lose when time's up.
|J|Confide
|J|Beds
|player|p1|Confide|94
|player|p2|Beds|252
|gametype|singles
|gen|1
|tier|[Gen 1] OU
|seed|48908,29516,34615,17242
|rule|Sleep Clause Mod: Limit one foe put to sleep
|rule|Freeze Clause Mod: Limit one foe frozen
|rule|Species Clause: Limit one of each Pokémon
|rule|OHKO Clause: OHKO moves are banned
|rule|Evasion Moves Clause: Evasion moves are banned
|rule|HP Percentage Mod: HP is shown in percentages
|
|start
|switch|p1a: Exeggutor|Exeggutor|393\/393
|switch|p2a: Starmie|Starmie|323\/323
|turn|1
|J|Rei
|J|BlazeShadowthorn
|c|★Confide|gl
|c|★Beds|hf hf
|J|Prophete
|c|★Confide|wait
|c|★Confide|no
|c|★Confide|hf
|J|Lockheeed
|L|Lockheeed
|J|Paleo
|J|hyogafodex
|J|LJDarkrai
|choice|switch 3|move 1
|
|switch|p1a: Chansey|Chansey|703\/703
|move|p2a: Starmie|Thunder Wave|p1a: Chansey
|-status|p1a: Chansey|par
|
|turn|2
|choice|move 1|switch 5
|
|switch|p2a: Snorlax|Snorlax|523\/523
|move|p1a: Chansey|Thunder Wave|p2a: Snorlax
|-status|p2a: Snorlax|par
|
|turn|3
|J|lc ladder hero
|J|rozes
|choice|switch 4|move 2
|
|switch|p1a: Golem|Golem|363\/363
|cant|p2a: Snorlax|par
|
|turn|4
|choice|move 2|switch 2
|
|switch|p2a: Exeggutor|Exeggutor|393\/393
|move|p1a: Golem|Earthquake|p2a: Exeggutor
|-crit|p2a: Exeggutor
|-resisted|p2a: Exeggutor
|-damage|p2a: Exeggutor|264\/393
|
|turn|5
|choice|switch 3|move 3
|
|switch|p1a: Exeggutor|Exeggutor|393\/393
|move|p2a: Exeggutor|Psychic|p1a: Exeggutor
|-resisted|p1a: Exeggutor
|-damage|p1a: Exeggutor|343\/393
|-unboost|p1a: Exeggutor|spd|1
|-unboost|p1a: Exeggutor|spa|1
|
|turn|6
|J|Holiano
|choice|move 4|switch 2
|
|switch|p2a: Snorlax|Snorlax|523\/523 par
|move|p1a: Exeggutor|Stun Spore|p2a: Snorlax
|-fail|p2a: Snorlax|par
|
|turn|7
|choice|switch 3|move 3
|
|switch|p1a: Golem|Golem|363\/363
|move|p2a: Snorlax|Blizzard|p1a: Golem
|-supereffective|p1a: Golem
|-damage|p1a: Golem|166\/363
|
|turn|8
|choice|move 2|switch 5
|
|switch|p2a: Starmie|Starmie|323\/323
|move|p1a: Golem|Earthquake|p2a: Starmie
|-crit|p2a: Starmie
|-damage|p2a: Starmie|67\/323
|
|turn|9
|choice|switch 3|move 2
|
|switch|p1a: Exeggutor|Exeggutor|343\/393
|move|p2a: Starmie|Blizzard|p1a: Exeggutor
|-crit|p1a: Exeggutor
|-supereffective|p1a: Exeggutor
|-damage|p1a: Exeggutor|45\/393
|
|turn|10
|choice|move 2|move 3
|
|move|p2a: Starmie|Psychic|p1a: Exeggutor
|-resisted|p1a: Exeggutor
|-damage|p1a: Exeggutor|0 fnt
|faint|p1a: Exeggutor
|choice|switch 4|
|
|switch|p1a: Chansey|Chansey|703\/703 par
|turn|11
|choice|move 3|move 4
|
|move|p2a: Starmie|Recover|p2a: Starmie
|-heal|p2a: Starmie|228\/323
|cant|p1a: Chansey|par
|
|turn|12
|choice|move 4|switch 5
|
|switch|p2a: Snorlax|Snorlax|523\/523 par
|cant|p1a: Chansey|par
|
|turn|13
|choice|switch 3|move 2
|
|switch|p1a: Golem|Golem|166\/363
|move|p2a: Snorlax|Amnesia|p2a: Snorlax
|-boost|p2a: Snorlax|spd|2
|-boost|p2a: Snorlax|spa|2
|
|turn|14
|choice|move 3|switch 5
|
|switch|p2a: Starmie|Starmie|228\/323
|move|p1a: Golem|Explosion|p2a: Starmie
|-damage|p2a: Starmie|0 fnt
|faint|p2a: Starmie
|faint|p1a: Golem
|choice|switch 2|switch 2
|
|switch|p1a: Tauros|Tauros|353\/353
|switch|p2a: Exeggutor|Exeggutor|264\/393
|turn|15
|choice|switch 3|move 1
|
|switch|p1a: Chansey|Chansey|703\/703 par
|move|p2a: Exeggutor|Sleep Powder|p1a: Chansey
|-fail|p1a: Chansey
|
|turn|16
|choice|move 3|move 4
|
|move|p2a: Exeggutor|Explosion|p1a: Chansey
|-damage|p1a: Chansey|23\/703 par
|faint|p2a: Exeggutor
|choice||switch 4
|
|switch|p2a: Tauros|Tauros|353\/353
|turn|17
|choice|move 4|move 1
|
|move|p2a: Tauros|Body Slam|p1a: Chansey
|-damage|p1a: Chansey|0 fnt
|faint|p1a: Chansey
|choice|switch 6|
|
|switch|p1a: Alakazam|Alakazam|313\/313
|turn|18
|choice|move 3|switch 3
|
|switch|p2a: Chansey|Chansey|703\/703
|move|p1a: Alakazam|Psychic|p2a: Chansey
|-damage|p2a: Chansey|586\/703
|
|turn|19
|choice|switch 5|move 1
|
|switch|p1a: Snorlax|Snorlax|523\/523
|move|p2a: Chansey|Thunder Wave|p1a: Snorlax
|-status|p1a: Snorlax|par
|
|turn|20
|choice|move 1|switch 6
|
|switch|p2a: Slowbro|Slowbro|393\/393
|move|p1a: Snorlax|Body Slam|p2a: Slowbro
|-damage|p2a: Slowbro|291\/393
|
|turn|21
|choice|move 1|move 2
|
|move|p2a: Slowbro|Amnesia|p2a: Slowbro
|-boost|p2a: Slowbro|spd|2
|-boost|p2a: Slowbro|spa|2
|move|p1a: Snorlax|Body Slam|p2a: Slowbro
|-damage|p2a: Slowbro|192\/393
|
|turn|22
|choice|move 1|move 3
|
|move|p2a: Slowbro|Surf|p1a: Snorlax|[miss]
|-miss|p2a: Slowbro
|move|p1a: Snorlax|Body Slam|p2a: Slowbro
|-damage|p2a: Slowbro|86\/393
|
|turn|23
|c|★Confide|huh
|choice|move 1|move 4
|
|move|p2a: Slowbro|Rest|p2a: Slowbro
|-status|p2a: Slowbro|slp
|-heal|p2a: Slowbro|393\/393 slp|[silent]
|-status|p2a: Slowbro|slp|[from] move: Rest
|move|p1a: Snorlax|Body Slam|p2a: Slowbro|[miss]
|-miss|p1a: Snorlax
|
|turn|24
|c|★Beds|no good rby series without a miss
|c|★Confide|how
|c|★Beds|or 2
|c|★Confide|did that miss
|c|★Confide|man
|c|★Confide|idg this tier lol
|c|★Beds|there is a 1\/25something chance
|c|★Beds|that every move misses
|choice|move 1|move 3
|
|cant|p2a: Slowbro|slp
|cant|p1a: Snorlax|par
|
|turn|25
|choice|move 1|move 2
|
|-curestatus|p2a: Slowbro|slp
|move|p1a: Snorlax|Body Slam|p2a: Slowbro
|-damage|p2a: Slowbro|286\/393
|
|turn|26
|choice|move 1|move 3
|
|move|p2a: Slowbro|Surf|p1a: Snorlax
|-damage|p1a: Snorlax|260\/523 par
|move|p1a: Snorlax|Body Slam|p2a: Slowbro
|-damage|p2a: Slowbro|191\/393
|-status|p2a: Slowbro|par
|
|turn|27
|choice|move 1|move 3
|
|move|p2a: Slowbro|Surf|p1a: Snorlax
|-damage|p1a: Snorlax|0 fnt
|faint|p1a: Snorlax
|choice|switch 3|
|
|switch|p1a: Tauros|Tauros|353\/353
|turn|28
|choice|move 1|move 1
|
|move|p1a: Tauros|Body Slam|p2a: Slowbro
|-crit|p2a: Slowbro
|-damage|p2a: Slowbro|0 fnt
|faint|p2a: Slowbro
|choice||switch 6
|
|switch|p2a: Chansey|Chansey|586\/703
|turn|29
|choice|move 1|move 1
|
|move|p1a: Tauros|Body Slam|p2a: Chansey
|-crit|p2a: Chansey
|-damage|p2a: Chansey|81\/703
|move|p2a: Chansey|Thunder Wave|p1a: Tauros
|-status|p1a: Tauros|par
|
|turn|30
|J|Ary
|choice|move 1|move 4
|
|move|p2a: Chansey|Soft-Boiled|p2a: Chansey
|-heal|p2a: Chansey|432\/703
|cant|p1a: Tauros|par
|
|turn|31
|choice|move 1|move 4
|
|move|p2a: Chansey|Soft-Boiled|p2a: Chansey
|-heal|p2a: Chansey|703\/703
|move|p1a: Tauros|Body Slam|p2a: Chansey
|-damage|p2a: Chansey|414\/703
|
|turn|32
|c|+Ary|ready2go20gay
|choice|move 1|move 4
|
|move|p2a: Chansey|Soft-Boiled|p2a: Chansey
|-heal|p2a: Chansey|703\/703
|move|p1a: Tauros|Body Slam|p2a: Chansey
|-crit|p2a: Chansey
|-damage|p2a: Chansey|188\/703
|
|turn|33
|c|★Confide|this tiers gay
|c|★Confide|not me
|choice|move 1|move 4
|
|move|p2a: Chansey|Soft-Boiled|p2a: Chansey
|-heal|p2a: Chansey|539\/703
|move|p1a: Tauros|Body Slam|p2a: Chansey
|-crit|p2a: Chansey
|-damage|p2a: Chansey|20\/703
|
|turn|34
|J|fapkingg
|c|+Ary|we're all a little gay my dude
|c|★Confide|what the fuck
|choice|move 1|move 4
|
|move|p2a: Chansey|Soft-Boiled|p2a: Chansey
|-heal|p2a: Chansey|371\/703
|move|p1a: Tauros|Body Slam|p2a: Chansey
|-crit|p2a: Chansey
|-damage|p2a: Chansey|0 fnt
|faint|p2a: Chansey
|c|+fapkingg|ah worlds
|c|★Confide|HUH
|choice||switch 3
|
|switch|p2a: Tauros|Tauros|353\/353
|turn|35
|choice|move 3|move 1
|
|move|p2a: Tauros|Body Slam|p1a: Tauros
|-damage|p1a: Tauros|255\/353 par
|move|p1a: Tauros|Hyper Beam|p2a: Tauros
|-damage|p2a: Tauros|176\/353
|
|turn|36
|-mustrecharge|p1a: Tauros
|-mustrecharge|p1a: Tauros
|choice|move 1|move 1
|
|move|p2a: Tauros|Body Slam|p1a: Tauros
|-damage|p1a: Tauros|153\/353 par
|cant|p1a: Tauros|recharge
|
|turn|37
|choice|move 3|move 4
|
|move|p2a: Tauros|Hyper Beam|p1a: Tauros
|-crit|p1a: Tauros
|-damage|p1a: Tauros|0 fnt
|faint|p1a: Tauros
|choice|switch 5|
|
|switch|p1a: Alakazam|Alakazam|313\/313
|turn|38
|choice|move 4|move 1
|
|move|p1a: Alakazam|Reflect|p1a: Alakazam
|-start|p1a: Alakazam|Reflect
|move|p2a: Tauros|Body Slam|p1a: Alakazam
|-damage|p1a: Alakazam|230\/313
|-status|p1a: Alakazam|par
|
|turn|39
|J|Agammemnon
|L|Agammemnon
|c|★Confide|what
|c|★Confide|ohh
|choice|move 3|move 1
|
|move|p2a: Tauros|Body Slam|p1a: Alakazam
|-crit|p1a: Alakazam
|-damage|p1a: Alakazam|0 fnt
|faint|p1a: Alakazam
|
|win|Beds