|J|tamahome
|J|Disenchanted
|player|p1|tamahome|1
|player|p2|Disenchanted|#yellow
|gametype|singles
|gen|1
|tier|[Gen 1] OU
|seed|47130,18468,2590,41149
|rule|Sleep Clause Mod: Limit one foe put to sleep
|rule|Freeze Clause Mod: Limit one foe frozen
|rule|Species Clause: Limit one of each Pokémon
|rule|OHKO Clause: OHKO moves are banned
|rule|Evasion Moves Clause: Evasion moves are banned
|rule|HP Percentage Mod: HP is shown in percentages
|
|start
|switch|p1a: Gengar|Gengar|323\/323
|switch|p2a: MoP|Gengar|323\/323
|turn|1
|choice|move 1|move 2
|
|move|p1a: Gengar|Hypnosis|p2a: MoP
|-status|p2a: MoP|slp
|cant|p2a: MoP|slp
|
|turn|2
|J|Slurmz
|choice|move 2|switch 3
|
|switch|p2a: BORIS|Snorlax|523\/523
|move|p1a: Gengar|Night Shade|p2a: BORIS
|-damage|p2a: BORIS|423\/523
|
|turn|3
|choice|switch 2|move 3
|
|switch|p1a: Exeggutor|Exeggutor|393\/393
|move|p2a: BORIS|Earthquake|p1a: Exeggutor
|-resisted|p1a: Exeggutor
|-damage|p1a: Exeggutor|349\/393
|
|turn|4
|J|GOAO
|choice|move 2|switch 4
|
|switch|p2a: Lucky Star|Starmie|323\/323
|move|p1a: Exeggutor|Psychic|p2a: Lucky Star
|-resisted|p2a: Lucky Star
|-damage|p2a: Lucky Star|260\/323
|
|turn|5
|choice|switch 5|move 3
|
|switch|p1a: Alakazam|Alakazam|313\/313
|move|p2a: Lucky Star|Thunder Wave|p1a: Alakazam
|-status|p1a: Alakazam|par
|
|turn|6
|choice|move 3|switch 4
|
|switch|p2a: BORIS|Snorlax|423\/523
|move|p1a: Alakazam|Thunder Wave|p2a: BORIS
|-status|p2a: BORIS|par
|
|turn|7
|choice|move 1|move 1
|
|cant|p1a: Alakazam|par
|cant|p2a: BORIS|par
|
|turn|8
|choice|switch 3|move 1
|
|switch|p1a: Snorlax|Snorlax|523\/523
|move|p2a: BORIS|Body Slam|p1a: Snorlax
|-damage|p1a: Snorlax|383\/523
|
|turn|9
|choice|move 2|move 1
|
|move|p2a: BORIS|Body Slam|p1a: Snorlax
|-damage|p1a: Snorlax|242\/523
|move|p1a: Snorlax|Counter|p2a: BORIS
|-damage|p2a: BORIS|141\/523 par
|
|turn|10
|choice|switch 2|move 3
|
|switch|p1a: Gengar|Gengar|323\/323
|cant|p2a: BORIS|par
|
|turn|11
|J|JandeJ
|J|Isa
|choice|move 2|move 3
|
|move|p1a: Gengar|Night Shade|p2a: BORIS
|-damage|p2a: BORIS|41\/523 par
|move|p2a: BORIS|Earthquake|p1a: Gengar
|-supereffective|p1a: Gengar
|-damage|p1a: Gengar|98\/323
|
|turn|12
|c|&Isa|a counter in its natural habitat
|choice|move 2|move 3
|
|move|p1a: Gengar|Night Shade|p2a: BORIS
|-damage|p2a: BORIS|0 fnt
|faint|p2a: BORIS
|choice||switch 4
|
|switch|p2a: Lucky Star|Starmie|260\/323
|turn|13
|choice|switch 3|move 1
|
|switch|p1a: Alakazam|Alakazam|313\/313 par
|move|p2a: Lucky Star|Blizzard|p1a: Alakazam
|-damage|p1a: Alakazam|237\/313 par
|
|turn|14
|choice|move 3|switch 2
|
|switch|p2a: Megidolaon|Exeggutor|393\/393
|move|p1a: Alakazam|Thunder Wave|p2a: Megidolaon
|-status|p2a: Megidolaon|par
|
|turn|15
|choice|move 2|move 2
|
|move|p1a: Alakazam|Seismic Toss|p2a: Megidolaon
|-damage|p2a: Megidolaon|293\/393 par
|cant|p2a: Megidolaon|par
|
|turn|16
|choice|move 2|move 3
|
|move|p1a: Alakazam|Seismic Toss|p2a: Megidolaon
|-damage|p2a: Megidolaon|193\/393 par
|move|p2a: Megidolaon|Mega Drain|p1a: Alakazam
|-damage|p1a: Alakazam|190\/313 par
|-heal|p2a: Megidolaon|216\/393 par|[from] drain|[of] p1a: Alakazam
|
|turn|17
|choice|move 2|move 4
|
|move|p1a: Alakazam|Seismic Toss|p2a: Megidolaon
|-damage|p2a: Megidolaon|116\/393 par
|move|p2a: Megidolaon|Explosion|p1a: Alakazam
|-damage|p1a: Alakazam|0 fnt
|faint|p1a: Alakazam
|faint|p2a: Megidolaon
|choice|switch 2|switch 5
|
|switch|p2a: MASTERMUNE|Tauros|353\/353
|switch|p1a: Snorlax|Snorlax|242\/523
|turn|18
|choice|move 4|move 2
|
|move|p2a: MASTERMUNE|Earthquake|p1a: Snorlax
|-damage|p1a: Snorlax|147\/523
|move|p1a: Snorlax|Self-Destruct|p2a: MASTERMUNE
|-damage|p2a: MASTERMUNE|45\/353
|faint|p1a: Snorlax
|choice|switch 4|
|
|switch|p1a: Starmie|Starmie|323\/323
|turn|19
|c|&Isa|damn i hoped for counter on the switch to gengar
|choice|move 2|switch 2
|
|switch|p2a: Lucky Star|Starmie|260\/323
|move|p1a: Starmie|Thunderbolt|p2a: Lucky Star
|-crit|p2a: Lucky Star
|-supereffective|p2a: Lucky Star
|-damage|p2a: Lucky Star|0 fnt
|faint|p2a: Lucky Star
|choice||switch 6
|
|switch|p2a: CHONSEY|Chansey|703\/703
|turn|20
|choice|switch 3|move 2
|
|switch|p1a: Gengar|Gengar|98\/323
|move|p2a: CHONSEY|Thunderbolt|p1a: Gengar
|-damage|p1a: Gengar|32\/323
|
|turn|21
|choice|move 2|switch 3
|
|switch|p2a: MoP|Gengar|323\/323 slp
|move|p1a: Gengar|Night Shade|p2a: MoP
|-damage|p2a: MoP|223\/323 slp
|
|turn|22
|choice|move 2|move 2
|
|cant|p2a: MoP|slp
|move|p1a: Gengar|Night Shade|p2a: MoP
|-damage|p2a: MoP|123\/323 slp
|
|turn|23
|choice|move 2|move 2
|
|move|p1a: Gengar|Night Shade|p2a: MoP
|-damage|p2a: MoP|23\/323 slp
|cant|p2a: MoP|slp
|
|turn|24
|choice|move 2|move 2
|
|cant|p2a: MoP|slp
|move|p1a: Gengar|Night Shade|p2a: MoP
|-damage|p2a: MoP|0 fnt
|faint|p2a: MoP
|choice||switch 2
|
|switch|p2a: MASTERMUNE|Tauros|45\/353
|turn|25
|choice|switch 5|move 2
|
|switch|p1a: Exeggutor|Exeggutor|349\/393
|move|p2a: MASTERMUNE|Earthquake|p1a: Exeggutor
|-resisted|p1a: Exeggutor
|-damage|p1a: Exeggutor|303\/393
|
|turn|26
|choice|move 2|move 3
|
|move|p2a: MASTERMUNE|Blizzard|p1a: Exeggutor
|-supereffective|p1a: Exeggutor
|-damage|p1a: Exeggutor|181\/393
|move|p1a: Exeggutor|Psychic|p2a: MASTERMUNE
|-damage|p2a: MASTERMUNE|0 fnt
|faint|p2a: MASTERMUNE
|c|★tamahome|gg
|choice||switch 3
|
|switch|p2a: CHONSEY|Chansey|703\/703
|turn|27
|c|★Disenchanted|gg
|L|Isa
|choice|move 4|move 1
|
|move|p1a: Exeggutor|Explosion|p2a: CHONSEY
|-damage|p2a: CHONSEY|0 fnt
|faint|p2a: CHONSEY
|faint|p1a: Exeggutor
|
|win|tamahome