|inactive|Battle timer is ON: inactive players will automatically lose when time's up.
|J|teal6
|J|Mister Tim
|player|p1|teal6|115
|player|p2|Mister Tim|169
|gametype|singles
|gen|1
|tier|[Gen 1] OU
|seed|25731,1275,57729,11468
|rule|Sleep Clause Mod: Limit one foe put to sleep
|rule|Freeze Clause Mod: Limit one foe frozen
|rule|Species Clause: Limit one of each Pokémon
|rule|OHKO Clause: OHKO moves are banned
|rule|Evasion Moves Clause: Evasion moves are banned
|rule|HP Percentage Mod: HP is shown in percentages
|
|start
|switch|p1a: Jynx|Jynx|333\/333
|switch|p2a: FV13 PAPA|Starmie|323\/323
|turn|1
|choice|move 2|move 3
|
|move|p2a: FV13 PAPA|Thunder Wave|p1a: Jynx
|-status|p1a: Jynx|par
|move|p1a: Jynx|Lovely Kiss|p2a: FV13 PAPA
|-status|p2a: FV13 PAPA|slp
|
|turn|2
|choice|switch 4|move 2
|
|switch|p1a: Snorlax|Snorlax|523\/523
|cant|p2a: FV13 PAPA|slp
|
|turn|3
|choice|move 1|switch 3
|
|switch|p2a: Hruschev|Exeggutor|393\/393
|move|p1a: Snorlax|Body Slam|p2a: Hruschev
|-crit|p2a: Hruschev
|-damage|p2a: Hruschev|173\/393
|-status|p2a: Hruschev|par
|
|turn|4
|choice|move 3|switch 4
|
|switch|p2a: Brezhnev|Snorlax|523\/523
|move|p1a: Snorlax|Hyper Beam|p2a: Brezhnev
|-damage|p2a: Brezhnev|274\/523
|
|turn|5
|-mustrecharge|p1a: Snorlax
|-mustrecharge|p1a: Snorlax
|choice|move 1|move 3
|
|move|p2a: Brezhnev|Body Slam|p1a: Snorlax
|-damage|p1a: Snorlax|377\/523
|cant|p1a: Snorlax|recharge
|
|turn|6
|choice|move 1|move 4
|
|move|p1a: Snorlax|Body Slam|p2a: Brezhnev
|-damage|p2a: Brezhnev|142\/523
|move|p2a: Brezhnev|Self-Destruct|p1a: Snorlax
|-damage|p1a: Snorlax|0 fnt
|faint|p1a: Snorlax
|faint|p2a: Brezhnev
|choice|switch 4|switch 6
|
|switch|p2a: CoupeDeBoule|Chansey|703\/703
|switch|p1a: Jynx|Jynx|333\/333 par
|turn|7
|choice|move 4|move 3
|
|move|p2a: CoupeDeBoule|Thunderbolt|p1a: Jynx
|-damage|p1a: Jynx|250\/333 par
|cant|p1a: Jynx|par
|
|turn|8
|choice|move 4|move 3
|
|move|p2a: CoupeDeBoule|Thunderbolt|p1a: Jynx
|-damage|p1a: Jynx|168\/333 par
|cant|p1a: Jynx|par
|
|turn|9
|choice|move 3|move 3
|
|move|p2a: CoupeDeBoule|Thunderbolt|p1a: Jynx
|-damage|p1a: Jynx|94\/333 par
|move|p1a: Jynx|Rest|p1a: Jynx
|-status|p1a: Jynx|slp
|-heal|p1a: Jynx|333\/333 slp|[silent]
|-status|p1a: Jynx|slp|[from] move: Rest
|
|turn|10
|choice|switch 6|switch 5
|
|switch|p2a: Beria|Tauros|353\/353
|switch|p1a: Chansey|Chansey|703\/703
|
|turn|11
|choice|move 1|switch 5
|
|switch|p2a: CoupeDeBoule|Chansey|703\/703
|move|p1a: Chansey|Ice Beam|p2a: CoupeDeBoule
|-damage|p2a: CoupeDeBoule|625\/703
|
|turn|12
|choice|move 1|move 1
|
|move|p2a: CoupeDeBoule|Ice Beam|p1a: Chansey
|-damage|p1a: Chansey|627\/703
|move|p1a: Chansey|Ice Beam|p2a: CoupeDeBoule
|-damage|p2a: CoupeDeBoule|553\/703
|
|turn|13
|choice|move 1|move 1
|
|move|p1a: Chansey|Ice Beam|p2a: CoupeDeBoule
|-damage|p2a: CoupeDeBoule|484\/703
|move|p2a: CoupeDeBoule|Ice Beam|p1a: Chansey
|-damage|p1a: Chansey|557\/703
|
|turn|14
|choice|move 1|move 1
|
|move|p2a: CoupeDeBoule|Ice Beam|p1a: Chansey
|-damage|p1a: Chansey|485\/703
|move|p1a: Chansey|Ice Beam|p2a: CoupeDeBoule
|-damage|p2a: CoupeDeBoule|413\/703
|
|turn|15
|choice|move 1|move 2
|
|move|p1a: Chansey|Ice Beam|p2a: CoupeDeBoule
|-damage|p2a: CoupeDeBoule|343\/703
|-status|p2a: CoupeDeBoule|frz
|cant|p2a: CoupeDeBoule|frz
|
|turn|16
|choice|move 3|switch 3
|
|switch|p2a: FV13 PAPA|Starmie|323\/323 slp
|move|p1a: Chansey|Thunder Wave|p2a: FV13 PAPA
|-fail|p2a: FV13 PAPA
|
|turn|17
|choice|move 4|move 3
|
|cant|p2a: FV13 PAPA|slp
|move|p1a: Chansey|Thunderbolt|p2a: FV13 PAPA
|-crit|p2a: FV13 PAPA
|-supereffective|p2a: FV13 PAPA
|-damage|p2a: FV13 PAPA|42\/323 slp
|
|turn|18
|choice|move 2|switch 4
|
|switch|p2a: Hruschev|Exeggutor|173\/393 par
|move|p1a: Chansey|Soft-Boiled|p1a: Chansey
|-heal|p1a: Chansey|703\/703
|
|turn|19
|choice|switch 6|switch 5
|
|switch|p1a: Jynx|Jynx|333\/333 slp
|switch|p2a: Beria|Tauros|353\/353
|
|turn|20
|choice|move 1|move 1
|
|move|p2a: Beria|Body Slam|p1a: Jynx
|-crit|p1a: Jynx
|-damage|p1a: Jynx|0 fnt
|faint|p1a: Jynx
|choice|switch 2|
|
|switch|p1a: Zapdos|Zapdos|383\/383
|turn|21
|choice|move 4|move 1
|
|move|p2a: Beria|Body Slam|p1a: Zapdos
|-damage|p1a: Zapdos|267\/383
|move|p1a: Zapdos|Thunder Wave|p2a: Beria
|-status|p2a: Beria|par
|
|turn|22
|choice|move 3|move 1
|
|move|p1a: Zapdos|Drill Peck|p2a: Beria
|-damage|p2a: Beria|257\/353 par
|cant|p2a: Beria|par
|
|turn|23
|choice|move 1|move 3
|
|move|p1a: Zapdos|Thunderbolt|p2a: Beria
|-damage|p2a: Beria|87\/353 par
|cant|p2a: Beria|par
|
|turn|24
|choice|move 3|switch 3
|
|switch|p2a: CoupeDeBoule|Chansey|343\/703 frz
|move|p1a: Zapdos|Drill Peck|p2a: CoupeDeBoule
|-damage|p2a: CoupeDeBoule|121\/703 frz
|
|turn|25
|choice|move 2|move 3
|
|move|p1a: Zapdos|Agility|p1a: Zapdos
|-boost|p1a: Zapdos|spe|2
|cant|p2a: CoupeDeBoule|frz
|
|turn|26
|choice|move 3|move 3
|
|move|p1a: Zapdos|Drill Peck|p2a: CoupeDeBoule
|-damage|p2a: CoupeDeBoule|0 fnt
|faint|p2a: CoupeDeBoule
|choice||switch 5
|
|switch|p2a: Hruschev|Exeggutor|173\/393 par
|turn|27
|choice|move 3|move 1
|
|move|p1a: Zapdos|Drill Peck|p2a: Hruschev
|-crit|p2a: Hruschev
|-supereffective|p2a: Hruschev
|-damage|p2a: Hruschev|0 fnt
|faint|p2a: Hruschev
|-message|Mister Tim forfeited.
|
|win|teal6