|J|teal6
|J|Dice
|player|p1|teal6|102
|player|p2|Dice|168
|gametype|singles
|gen|1
|tier|[Gen 1] OU
|seed|27820,52686,57449,23484
|rule|Sleep Clause Mod: Limit one foe put to sleep
|rule|Freeze Clause Mod: Limit one foe frozen
|rule|Species Clause: Limit one of each Pokémon
|rule|OHKO Clause: OHKO moves are banned
|rule|Evasion Moves Clause: Evasion moves are banned
|rule|HP Percentage Mod: HP is shown in percentages
|
|start
|switch|p1a: Jynx|Jynx|333\/333
|switch|p2a: Jolteon|Jolteon|333\/333
|turn|1
|J|smurfer
|choice|switch 6|move 2
|
|switch|p1a: Chansey|Chansey|703\/703
|move|p2a: Jolteon|Thunderbolt|p1a: Chansey
|-damage|p1a: Chansey|581\/703
|
|turn|2
|choice|move 3|switch 6
|
|switch|p2a: Chansey|Chansey|703\/703
|move|p1a: Chansey|Thunder Wave|p2a: Chansey
|-status|p2a: Chansey|par
|
|turn|3
|choice|switch 6|move 1
|
|switch|p1a: Jynx|Jynx|333\/333
|move|p2a: Chansey|Ice Beam|p1a: Jynx
|-resisted|p1a: Jynx
|-damage|p1a: Jynx|293\/333
|
|turn|4
|L|smurfer
|choice|move 1|move 4
|
|move|p1a: Jynx|Psychic|p2a: Chansey
|-damage|p2a: Chansey|598\/703 par
|-unboost|p2a: Chansey|spd|1
|-unboost|p2a: Chansey|spa|1
|cant|p2a: Chansey|par
|
|turn|5
|choice|move 1|move 2
|
|move|p1a: Jynx|Psychic|p2a: Chansey
|-damage|p2a: Chansey|452\/703 par
|move|p2a: Chansey|Soft-Boiled|p2a: Chansey
|-heal|p2a: Chansey|703\/703 par
|
|turn|6
|choice|move 1|switch 4
|
|switch|p2a: Starmie|Starmie|323\/323
|move|p1a: Jynx|Psychic|p2a: Starmie
|-crit|p2a: Starmie
|-resisted|p2a: Starmie
|-damage|p2a: Starmie|221\/323
|-unboost|p2a: Starmie|spd|1
|-unboost|p2a: Starmie|spa|1
|
|turn|7
|choice|switch 6|switch 4
|
|switch|p2a: Chansey|Chansey|703\/703 par
|switch|p1a: Chansey|Chansey|581\/703
|
|turn|8
|choice|switch 6|move 3
|
|switch|p1a: Jynx|Jynx|293\/333
|move|p2a: Chansey|Thunder Wave|p1a: Jynx
|-status|p1a: Jynx|par
|
|turn|9
|choice|move 1|move 4
|
|move|p1a: Jynx|Psychic|p2a: Chansey
|-damage|p2a: Chansey|611\/703 par
|cant|p2a: Chansey|par
|
|turn|10
|choice|move 1|move 4
|
|move|p1a: Jynx|Psychic|p2a: Chansey
|-damage|p2a: Chansey|517\/703 par
|cant|p2a: Chansey|par
|
|turn|11
|choice|move 1|move 4
|
|cant|p1a: Jynx|par
|move|p2a: Chansey|Thunderbolt|p1a: Jynx
|-damage|p1a: Jynx|209\/333 par
|
|turn|12
|choice|switch 4|move 1
|
|switch|p1a: Snorlax|Snorlax|523\/523
|move|p2a: Chansey|Ice Beam|p1a: Snorlax
|-damage|p1a: Snorlax|422\/523
|
|turn|13
|choice|move 1|switch 2
|
|switch|p2a: Exeggutor|Exeggutor|393\/393
|move|p1a: Snorlax|Body Slam|p2a: Exeggutor
|-damage|p2a: Exeggutor|278\/393
|
|turn|14
|choice|switch 4|move 2
|
|switch|p1a: Jynx|Jynx|209\/333 par
|move|p2a: Exeggutor|Psychic|p1a: Jynx
|-resisted|p1a: Jynx
|-damage|p1a: Jynx|144\/333 par
|-unboost|p1a: Jynx|spd|1
|-unboost|p1a: Jynx|spa|1
|
|turn|15
|choice|move 3|move 4
|
|move|p2a: Exeggutor|Hyper Beam|p1a: Jynx
|-damage|p1a: Jynx|0 fnt
|faint|p1a: Jynx
|choice|switch 5|
|
|switch|p1a: Exeggutor|Exeggutor|393\/393
|turn|16
|choice|move 2|switch 2
|
|switch|p2a: Chansey|Chansey|517\/703 par
|move|p1a: Exeggutor|Sleep Powder|p2a: Chansey|[miss]
|-miss|p1a: Exeggutor
|
|turn|17
|choice|move 3|move 3
|
|move|p1a: Exeggutor|Explosion|p2a: Chansey
|-damage|p2a: Chansey|0 fnt
|faint|p2a: Chansey
|faint|p1a: Exeggutor
|choice|switch 3|switch 2
|
|switch|p1a: Tauros|Tauros|353\/353
|switch|p2a: Exeggutor|Exeggutor|278\/393
|turn|18
|choice|switch 6|move 1
|
|switch|p1a: Chansey|Chansey|581\/703
|move|p2a: Exeggutor|Sleep Powder|p1a: Chansey
|-status|p1a: Chansey|slp
|
|turn|19
|choice|switch 4|move 2
|
|switch|p1a: Snorlax|Snorlax|422\/523
|move|p2a: Exeggutor|Psychic|p1a: Snorlax
|-damage|p1a: Snorlax|261\/523
|
|turn|20
|choice|move 4|switch 6
|
|switch|p2a: Jolteon|Jolteon|333\/333
|move|p1a: Snorlax|Self-Destruct|p2a: Jolteon
|-damage|p2a: Jolteon|0 fnt
|faint|p2a: Jolteon
|faint|p1a: Snorlax
|choice|switch 2|switch 4
|
|switch|p2a: Starmie|Starmie|221\/323
|switch|p1a: Zapdos|Zapdos|383\/383
|turn|21
|choice|move 1|move 4
|
|move|p2a: Starmie|Thunder Wave|p1a: Zapdos
|-status|p1a: Zapdos|par
|move|p1a: Zapdos|Thunderbolt|p2a: Starmie
|-supereffective|p2a: Starmie
|-damage|p2a: Starmie|0 fnt
|faint|p2a: Starmie
|choice||switch 3
|
|switch|p2a: Snorlax|Snorlax|523\/523
|turn|22
|choice|move 4|move 1
|
|move|p2a: Snorlax|Body Slam|p1a: Zapdos
|-damage|p1a: Zapdos|254\/383 par
|move|p1a: Zapdos|Thunder Wave|p2a: Snorlax
|-status|p2a: Snorlax|par
|
|turn|23
|choice|move 3|move 1
|
|move|p1a: Zapdos|Drill Peck|p2a: Snorlax
|-damage|p2a: Snorlax|413\/523 par
|move|p2a: Snorlax|Body Slam|p1a: Zapdos
|-damage|p1a: Zapdos|130\/383 par
|
|turn|24
|choice|move 3|move 1
|
|move|p1a: Zapdos|Drill Peck|p2a: Snorlax
|-damage|p2a: Snorlax|293\/523 par
|move|p2a: Snorlax|Body Slam|p1a: Zapdos
|-damage|p1a: Zapdos|18\/383 par
|
|turn|25
|choice|move 3|move 1
|
|move|p1a: Zapdos|Drill Peck|p2a: Snorlax
|-damage|p2a: Snorlax|169\/523 par
|move|p2a: Snorlax|Body Slam|p1a: Zapdos
|-damage|p1a: Zapdos|0 fnt
|faint|p1a: Zapdos
|choice|switch 6|
|
|switch|p1a: Tauros|Tauros|353\/353
|turn|26
|choice|move 4|move 2
|
|move|p1a: Tauros|Hyper Beam|p2a: Snorlax|[miss]
|-miss|p1a: Tauros
|cant|p2a: Snorlax|par
|
|turn|27
|choice|move 1|move 4
|
|move|p1a: Tauros|Body Slam|p2a: Snorlax
|-damage|p2a: Snorlax|43\/523 par
|cant|p2a: Snorlax|par
|
|turn|28
|choice|move 1|move 4
|
|move|p1a: Tauros|Body Slam|p2a: Snorlax
|-damage|p2a: Snorlax|0 fnt
|faint|p2a: Snorlax
|choice||switch 6
|
|switch|p2a: Exeggutor|Exeggutor|278\/393
|turn|29
|choice|switch 4|switch 5
|
|switch|p1a: Chansey|Chansey|581\/703 slp
|switch|p2a: Tauros|Tauros|353\/353
|
|turn|30
|choice|move 3|move 1
|
|move|p2a: Tauros|Body Slam|p1a: Chansey
|-damage|p1a: Chansey|305\/703 slp
|cant|p1a: Chansey|slp
|
|turn|31
|choice|move 3|move 1
|
|move|p2a: Tauros|Body Slam|p1a: Chansey
|-damage|p1a: Chansey|43\/703 slp
|cant|p1a: Chansey|slp
|
|turn|32
|choice|move 3|move 4
|
|move|p2a: Tauros|Earthquake|p1a: Chansey
|-damage|p1a: Chansey|0 fnt
|faint|p1a: Chansey
|choice|switch 4|
|
|switch|p1a: Tauros|Tauros|353\/353
|turn|33
|choice|move 1|move 1
|
|move|p2a: Tauros|Body Slam|p1a: Tauros
|-damage|p1a: Tauros|253\/353
|move|p1a: Tauros|Body Slam|p2a: Tauros
|-damage|p2a: Tauros|258\/353
|
|turn|34
|choice|move 1|move 2
|
|move|p2a: Tauros|Hyper Beam|p1a: Tauros
|-crit|p1a: Tauros
|-damage|p1a: Tauros|0 fnt
|faint|p1a: Tauros
|
|win|Dice