|inactive|Battle timer is ON: inactive players will automatically lose when time's up.
|J|Beds
|J|FAFUS
|player|p1|Beds|252
|player|p2|FAFUS|266
|gametype|singles
|gen|1
|tier|[Gen 1] OU
|rule|Sleep Clause Mod: Limit one foe put to sleep
|rule|Freeze Clause Mod: Limit one foe frozen
|rule|Species Clause: Limit one of each Pokémon
|rule|OHKO Clause: OHKO moves are banned
|rule|Evasion Moves Clause: Evasion moves are banned
|rule|HP Percentage Mod: HP is shown in percentages
|
|start
|switch|p1a: Alakazam|Alakazam|313\/313
|switch|p2a: Jynx|Jynx|333\/333
|turn|1
|J|raseri
|J|Sapientia
|J|Jirachee
|J|Ruminator
|J|iamgingE
|raw|<div class="broadcast-red"><b>Moderated chat was set to %!<\/b><br \/>Only users of rank % and higher can talk.<\/div>
|J|toshino kyouko
|J|badfbv
|J|Isoflurane
|c|★Beds|gl hf
|J|Cynthia's Chomp
|J|Aurious
|J|Yogiras
|J|Kingler12345
|J|y4
|J|Fire Drone
|J|notvidya
|J|Jim E. Russler
|
|move|p1a: Alakazam|Thunder Wave|p2a: Jynx
|-status|p2a: Jynx|par
|move|p2a: Jynx|Lovely Kiss|p1a: Alakazam
|-status|p1a: Alakazam|slp
|
|turn|2
|J|yuy
|L|Fire Drone
|J|fleggumfl
|J|suspectous
|J|Da Raikage
|J|choollio
|J|Freeroamer
|J|hairy toenail
|J|SOULWIND
|
|switch|p1a: Chansey|Chansey|703\/703
|move|p2a: Jynx|Blizzard|p1a: Chansey
|-damage|p1a: Chansey|571\/703
|
|turn|3
|J|Bughouse
|J|Fluffeon
|J|Mael oo
|J|Natural Talents
|
|move|p1a: Chansey|Thunderbolt|p2a: Jynx
|-damage|p2a: Jynx|251\/333 par
|move|p2a: Jynx|Blizzard|p1a: Chansey|[miss]
|-miss|p2a: Jynx
|
|turn|4
|J|Wings of Lorde
|J|Steve Angello
|
|move|p1a: Chansey|Thunderbolt|p2a: Jynx
|-damage|p2a: Jynx|169\/333 par
|move|p2a: Jynx|Blizzard|p1a: Chansey
|-damage|p1a: Chansey|438\/703
|
|turn|5
|J|Praj.pran
|J|Lanculus
|J|reiku
|J|Jimmy Turtwig
|J|Serpi386
|J|Caught In the Rain
|J|ceraa
|J|Sloth4Lyfe
|
|move|p1a: Chansey|Thunderbolt|p2a: Jynx
|-damage|p2a: Jynx|86\/333 par
|move|p2a: Jynx|Rest|p2a: Jynx
|-status|p2a: Jynx|slp
|-heal|p2a: Jynx|333\/333 slp|[silent]
|-status|p2a: Jynx|slp|[from] move: Rest
|
|turn|6
|J|Pokebasket
|
|switch|p1a: Snorlax|Snorlax|523\/523
|cant|p2a: Jynx|slp
|
|turn|7
|J|wish klller
|J|Deckline
|J|Century Express
|L|Wings of Lorde
|J|New Born Wembley
|J|rob
|J|Mizuhime
|J|edgar
|J|BouffTheCreation
|J|tesung
|
|switch|p2a: Golem|Golem|363\/363
|move|p1a: Snorlax|Body Slam|p2a: Golem
|-resisted|p2a: Golem
|-damage|p2a: Golem|317\/363
|
|turn|8
|J|wandering star
|L|Sloth4Lyfe
|
|move|p2a: Golem|Earthquake|p1a: Snorlax
|-damage|p1a: Snorlax|359\/523
|move|p1a: Snorlax|Earthquake|p2a: Golem
|-supereffective|p2a: Golem
|-damage|p2a: Golem|168\/363
|
|turn|9
|L|Praj.pran
|J|Meru
|
|switch|p2a: Snorlax|Snorlax|523\/523
|switch|p1a: Exeggutor|Exeggutor|393\/393
|
|turn|10
|L|New Born Wembley
|
|switch|p2a: Jynx|Jynx|333\/333 slp
|move|p1a: Exeggutor|Psychic|p2a: Jynx
|-resisted|p2a: Jynx
|-damage|p2a: Jynx|272\/333 slp
|
|turn|11
|J|ChoiceBnddUmbreon
|L|ChoiceBnddUmbreon
|
|switch|p1a: Snorlax|Snorlax|359\/523
|-curestatus|p2a: Jynx|slp
|
|turn|12
|J|Praj.pran
|J|Generic Weeb Name
|
|move|p2a: Jynx|Blizzard|p1a: Snorlax
|-damage|p1a: Snorlax|176\/523
|move|p1a: Snorlax|Body Slam|p2a: Jynx
|-crit|p2a: Jynx
|-damage|p2a: Jynx|0 fnt
|faint|p2a: Jynx
|J|Texas Cloverleaf
|L|wish klller
|J|wish klller
|L|wish klller
|J|wish klller
|L|wish klller
|J|wish klller
|L|wish klller
|J|wish klller
|
|switch|p2a: Golem|Golem|168\/363
|turn|13
|J|100 Man Slayer
|L|wish klller
|J|wish klller
|L|wish klller
|
|switch|p1a: Exeggutor|Exeggutor|393\/393
|move|p2a: Golem|Earthquake|p1a: Exeggutor
|-resisted|p1a: Exeggutor
|-damage|p1a: Exeggutor|328\/393
|
|turn|14
|J|Gualino
|J|anTEmorTEM
|J|sline
|
|switch|p2a: Starmie|Starmie|323\/323
|move|p1a: Exeggutor|Psychic|p2a: Starmie
|-resisted|p2a: Starmie
|-damage|p2a: Starmie|262\/323
|
|turn|15
|
|move|p2a: Starmie|Blizzard|p1a: Exeggutor
|-supereffective|p1a: Exeggutor
|-damage|p1a: Exeggutor|174\/393
|move|p1a: Exeggutor|Sleep Powder|p2a: Starmie|[miss]
|-miss|p1a: Exeggutor
|
|turn|16
|J|wish klller
|J|Luispeikou
|
|switch|p1a: Chansey|Chansey|438\/703
|move|p2a: Starmie|Blizzard|p1a: Chansey
|-crit|p1a: Chansey
|-damage|p1a: Chansey|265\/703
|
|turn|17
|
|switch|p1a: Exeggutor|Exeggutor|174\/393
|move|p2a: Starmie|Blizzard|p1a: Exeggutor
|-supereffective|p1a: Exeggutor
|-damage|p1a: Exeggutor|18\/393
|
|turn|18
|
|switch|p1a: Chansey|Chansey|265\/703
|move|p2a: Starmie|Thunderbolt|p1a: Chansey
|-damage|p1a: Chansey|197\/703
|-status|p1a: Chansey|par
|
|turn|19
|J|TV-Rocka
|L|anTEmorTEM
|
|move|p2a: Starmie|Blizzard|p1a: Chansey
|-crit|p1a: Chansey
|-damage|p1a: Chansey|11\/703 par
|cant|p1a: Chansey|par
|
|turn|20
|J|Subject 18
|J|Dad's Dad
|
|move|p2a: Starmie|Thunderbolt|p1a: Chansey
|-damage|p1a: Chansey|0 fnt
|faint|p1a: Chansey
|J|Sinnoh Myths
|J|august
|
|switch|p1a: Snorlax|Snorlax|176\/523
|turn|21
|J|Fakkesi
|J|Nido-Rus
|
|move|p2a: Starmie|Blizzard|p1a: Snorlax
|-damage|p1a: Snorlax|47\/523
|move|p1a: Snorlax|Body Slam|p2a: Starmie
|-damage|p2a: Starmie|138\/323
|
|turn|22
|J|Anyro
|J|683ogitreV
|
|move|p2a: Starmie|Thunderbolt|p1a: Snorlax
|-damage|p1a: Snorlax|0 fnt
|faint|p1a: Snorlax
|
|switch|p1a: Tauros|Tauros|353\/353
|turn|23
|
|move|p2a: Starmie|Thunder Wave|p1a: Tauros
|-status|p1a: Tauros|par
|cant|p1a: Tauros|par
|
|turn|24
|L|Freeroamer
|
|move|p2a: Starmie|Recover|p2a: Starmie
|-heal|p2a: Starmie|299\/323
|move|p1a: Tauros|Body Slam|p2a: Starmie
|-damage|p2a: Starmie|190\/323
|
|turn|25
|L|683ogitreV
|
|switch|p2a: Snorlax|Snorlax|523\/523
|move|p1a: Tauros|Body Slam|p2a: Snorlax
|-crit|p2a: Snorlax
|-damage|p2a: Snorlax|263\/523
|
|turn|26
|J|683ogitreV
|J|I ♥ Cole Mohr
|J|fifa14 god
|
|switch|p1a: Alakazam|Alakazam|313\/313 slp
|move|p2a: Snorlax|Body Slam|p1a: Alakazam
|-damage|p1a: Alakazam|138\/313 slp
|
|turn|27
|J|MonoConvergence
|L|Kingler12345
|L|MonoConvergence
|L|Subject 18
|J|Alloy1
|
|switch|p2a: Tauros|Tauros|353\/353
|-curestatus|p1a: Alakazam|slp
|
|turn|28
|
|move|p1a: Alakazam|Thunder Wave|p2a: Tauros
|-status|p2a: Tauros|par
|cant|p2a: Tauros|par
|
|turn|29
|J|Kefky
|
|move|p1a: Alakazam|Recover|p1a: Alakazam
|-heal|p1a: Alakazam|294\/313
|move|p2a: Tauros|Body Slam|p1a: Alakazam
|-damage|p1a: Alakazam|146\/313
|
|turn|30
|
|move|p1a: Alakazam|Recover|p1a: Alakazam
|-heal|p1a: Alakazam|302\/313
|move|p2a: Tauros|Body Slam|p1a: Alakazam
|-damage|p1a: Alakazam|134\/313
|
|turn|31
|
|move|p1a: Alakazam|Recover|p1a: Alakazam
|-heal|p1a: Alakazam|290\/313
|move|p2a: Tauros|Body Slam|p1a: Alakazam
|-damage|p1a: Alakazam|144\/313
|
|turn|32
|L|Natural Talents
|J|RainPB
|
|move|p1a: Alakazam|Recover|p1a: Alakazam
|-heal|p1a: Alakazam|300\/313
|move|p2a: Tauros|Body Slam|p1a: Alakazam
|-crit|p1a: Alakazam
|-damage|p1a: Alakazam|0 fnt
|faint|p1a: Alakazam
|J|MonoConvergence
|
|switch|p1a: Tauros|Tauros|353\/353 par
|turn|33
|J|dlskjf
|J|ImSNT
|
|move|p1a: Tauros|Body Slam|p2a: Tauros
|-damage|p2a: Tauros|255\/353 par
|move|p2a: Tauros|Body Slam|p1a: Tauros
|-damage|p1a: Tauros|247\/353 par
|
|turn|34
|L|Alloy1
|J|EG Posho
|
|move|p2a: Tauros|Body Slam|p1a: Tauros
|-crit|p1a: Tauros
|-damage|p1a: Tauros|59\/353 par
|move|p1a: Tauros|Body Slam|p2a: Tauros
|-damage|p2a: Tauros|159\/353 par
|
|turn|35
|L|fleggumfl
|J|fleggumfl
|J|DestinyUnknown
|J|galbia
|
|move|p2a: Tauros|Body Slam|p1a: Tauros
|-damage|p1a: Tauros|0 fnt
|faint|p1a: Tauros
|
|switch|p1a: Zapdos|Zapdos|383\/383
|turn|36
|L|raseri
|L|Dad's Dad
|L|august
|
|switch|p1a: Exeggutor|Exeggutor|18\/393
|cant|p2a: Tauros|par
|
|turn|37
|J|august
|J|Dominatio
|
|move|p1a: Exeggutor|Psychic|p2a: Tauros
|-damage|p2a: Tauros|0 fnt
|faint|p2a: Tauros
|L|Dominatio
|L|fleggumfl
|J|Hecty
|
|switch|p2a: Zapdos|Zapdos|383\/383
|turn|38
|J|dedic
|
|switch|p1a: Zapdos|Zapdos|383\/383
|move|p2a: Zapdos|Thunderbolt|p1a: Zapdos
|-damage|p1a: Zapdos|278\/383
|
|turn|39
|
|move|p2a: Zapdos|Thunder Wave|p1a: Zapdos
|-status|p1a: Zapdos|par
|move|p1a: Zapdos|Thunder Wave|p2a: Zapdos
|-status|p2a: Zapdos|par
|
|turn|40
|
|move|p2a: Zapdos|Agility|p2a: Zapdos
|-boost|p2a: Zapdos|spe|2
|move|p1a: Zapdos|Thunderbolt|p2a: Zapdos
|-damage|p2a: Zapdos|262\/383 par
|
|turn|41
|
|cant|p2a: Zapdos|par
|move|p1a: Zapdos|Thunderbolt|p2a: Zapdos
|-damage|p2a: Zapdos|144\/383 par
|
|turn|42
|
|move|p2a: Zapdos|Thunderbolt|p1a: Zapdos
|-damage|p1a: Zapdos|160\/383 par
|cant|p1a: Zapdos|par
|
|turn|43
|
|move|p2a: Zapdos|Thunderbolt|p1a: Zapdos
|-damage|p1a: Zapdos|43\/383 par
|move|p1a: Zapdos|Thunder|p2a: Zapdos|[miss]
|-miss|p1a: Zapdos
|
|turn|44
|L|EG Posho
|J|Medza
|
|move|p2a: Zapdos|Thunderbolt|p1a: Zapdos
|-crit|p1a: Zapdos
|-damage|p1a: Zapdos|0 fnt
|faint|p1a: Zapdos
|
|switch|p1a: Exeggutor|Exeggutor|18\/393
|turn|45
|
|cant|p2a: Zapdos|par
|move|p1a: Exeggutor|Psychic|p2a: Zapdos
|-damage|p2a: Zapdos|37\/383 par
|
|turn|46
|
|move|p2a: Zapdos|Thunderbolt|p1a: Exeggutor
|-resisted|p1a: Exeggutor
|-damage|p1a: Exeggutor|0 fnt
|faint|p1a: Exeggutor
|
|win|FAFUS