|J|fleggumfl
|J|Beds
|player|p1|fleggumfl|217
|player|p2|Beds|252
|gametype|singles
|gen|1
|tier|[Gen 1] OU
|rule|Sleep Clause Mod: Limit one foe put to sleep
|rule|Freeze Clause Mod: Limit one foe frozen
|rule|Species Clause: Limit one of each Pokémon
|rule|OHKO Clause: OHKO moves are banned
|rule|Evasion Moves Clause: Evasion moves are banned
|rule|HP Percentage Mod: HP is shown in percentages
|
|start
|switch|p1a: Jynx|Jynx|333\/333
|switch|p2a: Jynx|Jynx|333\/333
|turn|1
|
|move|p2a: Jynx|Lovely Kiss|p1a: Jynx
|-status|p1a: Jynx|slp
|-curestatus|p1a: Jynx|slp
|
|turn|2
|J|LJDarkrai
|
|move|p1a: Jynx|Lovely Kiss|p2a: Jynx
|-status|p2a: Jynx|slp
|cant|p2a: Jynx|slp
|
|turn|3
|c|★Beds|ok
|J|Rhayader
|
|switch|p2a: Chansey|Chansey|703\/703
|switch|p1a: Tauros|Tauros|353\/353
|
|turn|4
|c|★fleggumfl|the man with the memes
|
|switch|p1a: Snorlax|Snorlax|523\/523
|move|p2a: Chansey|Thunder Wave|p1a: Snorlax
|-status|p1a: Snorlax|par
|
|turn|5
|c|+Rhayader|those arent random teams
|c|+Rhayader|right
|c|★fleggumfl|they are
|c|★fleggumfl|kidding
|
|move|p2a: Chansey|Ice Beam|p1a: Snorlax
|-damage|p1a: Snorlax|420\/523 par
|cant|p1a: Snorlax|par
|
|turn|6
|J|OnecroGamer
|
|move|p2a: Chansey|Ice Beam|p1a: Snorlax
|-damage|p1a: Snorlax|314\/523 par
|move|p1a: Snorlax|Earthquake|p2a: Chansey
|-damage|p2a: Chansey|461\/703
|
|turn|7
|
|move|p2a: Chansey|Soft-Boiled|p2a: Chansey
|-heal|p2a: Chansey|703\/703
|move|p1a: Snorlax|Body Slam|p2a: Chansey
|-damage|p2a: Chansey|398\/703
|
|turn|8
|
|switch|p2a: Snorlax|Snorlax|523\/523
|cant|p1a: Snorlax|par
|
|turn|9
|
|move|p1a: Snorlax|Body Slam|p2a: Snorlax
|-damage|p2a: Snorlax|376\/523
|move|p2a: Snorlax|Counter|p1a: Snorlax
|-damage|p1a: Snorlax|20\/523 par
|
|turn|10
|c|★fleggumfl|counter always gets me
|
|switch|p1a: Zapdos|Zapdos|383\/383
|move|p2a: Snorlax|Body Slam|p1a: Zapdos
|-damage|p1a: Zapdos|258\/383
|
|turn|11
|
|move|p1a: Zapdos|Thunder|p2a: Snorlax
|-crit|p2a: Snorlax
|-damage|p2a: Snorlax|0 fnt
|faint|p2a: Snorlax
|c|★Beds|dude
|c|★Beds|that's apoore
|
|switch|p2a: Exeggutor|Exeggutor|393\/393
|turn|12
|c|★fleggumfl|dude
|c|★fleggumfl|wheres my car
|c|★Beds|dude
|c|★Beds|weed
|c|★Beds|lmao
|c|★fleggumfl|true
|
|switch|p1a: Jynx|Jynx|333\/333
|move|p2a: Exeggutor|Sleep Powder|p1a: Jynx
|-status|p1a: Jynx|slp
|
|turn|13
|
|switch|p1a: Zapdos|Zapdos|258\/383
|move|p2a: Exeggutor|Stun Spore|p1a: Zapdos|[miss]
|-miss|p2a: Exeggutor
|
|turn|14
|c|★Beds|APOORE
|
|move|p1a: Zapdos|Rest|p1a: Zapdos
|-status|p1a: Zapdos|slp
|-heal|p1a: Zapdos|383\/383 slp|[silent]
|-status|p1a: Zapdos|slp|[from] move: Rest
|move|p2a: Exeggutor|Stun Spore|p1a: Zapdos|[miss]
|-miss|p2a: Exeggutor
|
|turn|15
|c|★Beds|rest thunder?!
|c|★Beds|like
|c|★Beds|why
|c|★fleggumfl|its actually
|
|cant|p1a: Zapdos|slp
|move|p2a: Exeggutor|Psychic|p1a: Zapdos
|-crit|p1a: Zapdos
|-damage|p1a: Zapdos|175\/383 slp
|-unboost|p1a: Zapdos|spd|1
|-unboost|p1a: Zapdos|spa|1
|
|turn|16
|c|★fleggumfl|rest thunder tbolt drill
|c|★fleggumfl|i keep forgetting to change to twave
|c|★Beds|you need twave you nigger
|c|★Beds|lmao
|c|★fleggumfl|because
|c|★fleggumfl|rest blows
|
|switch|p1a: Chansey|Chansey|703\/703
|move|p2a: Exeggutor|Psychic|p1a: Chansey
|-damage|p1a: Chansey|579\/703
|-unboost|p1a: Chansey|spd|1
|-unboost|p1a: Chansey|spa|1
|
|turn|17
|c|★Beds|yea
|
|move|p2a: Exeggutor|Explosion|p1a: Chansey
|-damage|p1a: Chansey|0 fnt
|faint|p1a: Chansey
|faint|p2a: Exeggutor
|c|★fleggumfl|FUCK my ass
|
|switch|p2a: Tauros|Tauros|353\/353
|switch|p1a: Exeggutor|Exeggutor|393\/393
|turn|18
|c|+Rhayader|i will fuck it
|c|+Rhayader|jk im not gay
|c|★fleggumfl|dude thats gay
|
|switch|p2a: Chansey|Chansey|398\/703
|move|p1a: Exeggutor|Psychic|p2a: Chansey
|-damage|p2a: Chansey|272\/703
|-unboost|p2a: Chansey|spd|1
|-unboost|p2a: Chansey|spa|1
|
|turn|19
|c|★Beds|^lol
|
|move|p1a: Exeggutor|Hyper Beam|p2a: Chansey|[miss]
|-miss|p1a: Exeggutor
|move|p2a: Chansey|Soft-Boiled|p2a: Chansey
|-heal|p2a: Chansey|623\/703
|
|turn|20
|c|★Beds|easy
|c|★fleggumfl|true
|
|move|p1a: Exeggutor|Psychic|p2a: Chansey
|-damage|p2a: Chansey|435\/703
|-unboost|p2a: Chansey|spd|1
|-unboost|p2a: Chansey|spa|1
|move|p2a: Chansey|Thunder Wave|p1a: Exeggutor
|-status|p1a: Exeggutor|par
|
|turn|21
|
|move|p2a: Chansey|Soft-Boiled|p2a: Chansey
|-heal|p2a: Chansey|703\/703
|move|p1a: Exeggutor|Psychic|p2a: Chansey
|-damage|p2a: Chansey|462\/703
|-unboost|p2a: Chansey|spd|1
|-unboost|p2a: Chansey|spa|1
|
|turn|22
|
|switch|p2a: Jynx|Jynx|333\/333 slp
|move|p1a: Exeggutor|Explosion|p2a: Jynx
|-crit|p2a: Jynx
|-damage|p2a: Jynx|0 fnt
|faint|p2a: Jynx
|faint|p1a: Exeggutor
|
|switch|p2a: Tauros|Tauros|353\/353
|switch|p1a: Tauros|Tauros|353\/353
|turn|23
|
|move|p1a: Tauros|Body Slam|p2a: Tauros
|-damage|p2a: Tauros|257\/353
|move|p2a: Tauros|Body Slam|p1a: Tauros
|-damage|p1a: Tauros|258\/353
|
|turn|24
|
|move|p1a: Tauros|Blizzard|p2a: Tauros
|-damage|p2a: Tauros|159\/353
|move|p2a: Tauros|Body Slam|p1a: Tauros
|-crit|p1a: Tauros
|-damage|p1a: Tauros|46\/353
|
|turn|25
|c|★fleggumfl|i win the 3rd tie in a row
|
|move|p2a: Tauros|Body Slam|p1a: Tauros
|-crit|p1a: Tauros
|-damage|p1a: Tauros|0 fnt
|faint|p1a: Tauros
|
|switch|p1a: Zapdos|Zapdos|175\/383 slp
|turn|26
|
|move|p2a: Tauros|Body Slam|p1a: Zapdos
|-crit|p1a: Zapdos
|-damage|p1a: Zapdos|0 fnt
|faint|p1a: Zapdos
|
|switch|p1a: Jynx|Jynx|333\/333 slp
|turn|27
|c|★fleggumfl|hella epic
|c|★Beds|i had the matchwinner in the back anyways
|
|move|p2a: Tauros|Body Slam|p1a: Jynx
|-crit|p1a: Jynx
|-damage|p1a: Jynx|17\/333 slp
|cant|p1a: Jynx|slp
|
|turn|28
|c|★fleggumfl|amnesia mewtwo????
|c|★fleggumfl|get 4 crits
|
|switch|p2a: Persian|Persian|333\/333
|cant|p1a: Jynx|slp
|
|turn|29
|c|★fleggumfl|do it
|
|move|p2a: Persian|Bubble Beam|p1a: Jynx
|-damage|p1a: Jynx|0 fnt
|faint|p1a: Jynx
|
|switch|p1a: Snorlax|Snorlax|20\/523 par
|turn|30
|
|switch|p2a: Chansey|Chansey|462\/703
|move|p1a: Snorlax|Hyper Beam|p2a: Chansey
|-damage|p2a: Chansey|0 fnt
|faint|p2a: Chansey
|
|switch|p2a: Tauros|Tauros|159\/353
|turn|31
|c|★fleggumfl|is bubble beam even good
|c|★Beds|well
|c|★fleggumfl|arent rocks like dead
|c|★Beds|you need it
|
|move|p2a: Tauros|Blizzard|p1a: Snorlax
|-damage|p1a: Snorlax|0 fnt
|faint|p1a: Snorlax
|
|win|Beds