|J|Nails
|J|Dice
|player|p1|Nails|282
|player|p2|Dice|266
|gametype|singles
|gen|1
|tier|[Gen 1] OU
|seed|31545,52672,2662,37999
|rule|Sleep Clause Mod: Limit one foe put to sleep
|rule|Freeze Clause Mod: Limit one foe frozen
|rule|Species Clause: Limit one of each Pokémon
|rule|OHKO Clause: OHKO moves are banned
|rule|Evasion Moves Clause: Evasion moves are banned
|rule|HP Percentage Mod: HP is shown in percentages
|
|start
|switch|p1a: Alakazam|Alakazam, M|313\/313
|switch|p2a: Alakazam|Alakazam, M|313\/313
|turn|1
|J|alex galchenyuk
|J|CHOA THE PRINCESS
|choice|move 1|move 2
|
|move|p2a: Alakazam|Thunder Wave|p1a: Alakazam
|-status|p1a: Alakazam|par
|move|p1a: Alakazam|Thunder Wave|p2a: Alakazam
|-status|p2a: Alakazam|par
|
|turn|2
|L|alex galchenyuk
|choice|move 2|move 1
|
|move|p2a: Alakazam|Psychic|p1a: Alakazam
|-resisted|p1a: Alakazam
|-damage|p1a: Alakazam|260\/313 par
|-unboost|p1a: Alakazam|spd|1
|-unboost|p1a: Alakazam|spa|1
|move|p1a: Alakazam|Seismic Toss|p2a: Alakazam
|-damage|p2a: Alakazam|213\/313 par
|
|turn|3
|J|reeeeeeeeeweeeee
|choice|move 2|move 3
|
|move|p2a: Alakazam|Seismic Toss|p1a: Alakazam
|-damage|p1a: Alakazam|160\/313 par
|move|p1a: Alakazam|Seismic Toss|p2a: Alakazam
|-damage|p2a: Alakazam|113\/313 par
|
|turn|4
|choice|move 4|move 4
|
|move|p2a: Alakazam|Recover|p2a: Alakazam
|-heal|p2a: Alakazam|269\/313 par
|cant|p1a: Alakazam|par
|
|turn|5
|choice|move 4|move 3
|
|move|p2a: Alakazam|Seismic Toss|p1a: Alakazam
|-damage|p1a: Alakazam|60\/313 par
|move|p1a: Alakazam|Recover|p1a: Alakazam
|-heal|p1a: Alakazam|216\/313 par
|
|turn|6
|choice|switch 4|switch 2
|
|switch|p2a: Snorlax|Snorlax|523\/523
|switch|p1a: Starmie|Starmie|323\/323
|
|turn|7
|choice|move 3|move 1
|
|move|p1a: Starmie|Thunder Wave|p2a: Snorlax
|-status|p2a: Snorlax|par
|move|p2a: Snorlax|Body Slam|p1a: Starmie
|-damage|p1a: Starmie|206\/323
|
|turn|8
|choice|move 1|move 1
|
|move|p1a: Starmie|Psychic|p2a: Snorlax
|-damage|p2a: Snorlax|389\/523 par
|move|p2a: Snorlax|Body Slam|p1a: Starmie
|-damage|p1a: Starmie|83\/323
|-status|p1a: Starmie|par
|
|turn|9
|choice|move 4|move 1
|
|cant|p1a: Starmie|par
|cant|p2a: Snorlax|par
|
|turn|10
|choice|move 4|move 1
|
|move|p1a: Starmie|Recover|p1a: Starmie
|-heal|p1a: Starmie|244\/323 par
|cant|p2a: Snorlax|par
|
|turn|11
|choice|move 1|switch 2
|
|switch|p2a: Alakazam|Alakazam, M|269\/313 par
|move|p1a: Starmie|Psychic|p2a: Alakazam
|-resisted|p2a: Alakazam
|-damage|p2a: Alakazam|227\/313 par
|-unboost|p2a: Alakazam|spd|1
|-unboost|p2a: Alakazam|spa|1
|
|turn|12
|choice|move 1|move 4
|
|move|p1a: Starmie|Psychic|p2a: Alakazam
|-crit|p2a: Alakazam
|-resisted|p2a: Alakazam
|-damage|p2a: Alakazam|150\/313 par
|move|p2a: Alakazam|Recover|p2a: Alakazam
|-heal|p2a: Alakazam|306\/313 par
|
|turn|13
|choice|move 1|switch 4
|
|switch|p2a: Chansey|Chansey|703\/703
|move|p1a: Starmie|Psychic|p2a: Chansey
|-damage|p2a: Chansey|592\/703
|
|turn|14
|choice|switch 6|switch 4
|
|switch|p2a: Alakazam|Alakazam, M|306\/313 par
|switch|p1a: Exeggutor|Exeggutor, M|393\/393
|
|turn|15
|choice|switch 4|move 3
|
|switch|p1a: Alakazam|Alakazam, M|216\/313 par
|move|p2a: Alakazam|Seismic Toss|p1a: Alakazam
|-damage|p1a: Alakazam|116\/313 par
|
|turn|16
|choice|move 4|move 1
|
|move|p1a: Alakazam|Recover|p1a: Alakazam
|-heal|p1a: Alakazam|272\/313 par
|move|p2a: Alakazam|Psychic|p1a: Alakazam
|-resisted|p1a: Alakazam
|-damage|p1a: Alakazam|220\/313 par
|
|turn|17
|choice|move 3|move 3
|
|move|p1a: Alakazam|Psychic|p2a: Alakazam
|-resisted|p2a: Alakazam
|-damage|p2a: Alakazam|253\/313 par
|cant|p2a: Alakazam|par
|
|turn|18
|choice|move 2|move 3
|
|cant|p2a: Alakazam|par
|move|p1a: Alakazam|Seismic Toss|p2a: Alakazam
|-damage|p2a: Alakazam|153\/313 par
|
|turn|19
|choice|move 2|move 4
|
|move|p2a: Alakazam|Recover|p2a: Alakazam
|-heal|p2a: Alakazam|309\/313 par
|move|p1a: Alakazam|Seismic Toss|p2a: Alakazam
|-damage|p2a: Alakazam|209\/313 par
|
|turn|20
|choice|move 2|move 1
|
|move|p1a: Alakazam|Seismic Toss|p2a: Alakazam
|-damage|p2a: Alakazam|109\/313 par
|move|p2a: Alakazam|Psychic|p1a: Alakazam
|-resisted|p1a: Alakazam
|-damage|p1a: Alakazam|171\/313 par
|
|turn|21
|choice|move 2|move 4
|
|move|p2a: Alakazam|Recover|p2a: Alakazam
|-heal|p2a: Alakazam|265\/313 par
|cant|p1a: Alakazam|par
|
|turn|22
|choice|move 4|move 3
|
|move|p2a: Alakazam|Seismic Toss|p1a: Alakazam
|-damage|p1a: Alakazam|71\/313 par
|move|p1a: Alakazam|Recover|p1a: Alakazam
|-heal|p1a: Alakazam|227\/313 par
|
|turn|23
|choice|move 2|move 3
|
|move|p2a: Alakazam|Seismic Toss|p1a: Alakazam
|-damage|p1a: Alakazam|127\/313 par
|move|p1a: Alakazam|Seismic Toss|p2a: Alakazam
|-damage|p2a: Alakazam|165\/313 par
|
|turn|24
|choice|move 4|move 3
|
|move|p1a: Alakazam|Recover|p1a: Alakazam
|-heal|p1a: Alakazam|283\/313 par
|move|p2a: Alakazam|Seismic Toss|p1a: Alakazam
|-damage|p1a: Alakazam|183\/313 par
|
|turn|25
|choice|move 4|move 4
|
|cant|p1a: Alakazam|par
|cant|p2a: Alakazam|par
|
|turn|26
|choice|move 4|move 4
|
|move|p1a: Alakazam|Recover|p1a: Alakazam
|-heal|p1a: Alakazam|313\/313 par
|cant|p2a: Alakazam|par
|
|turn|27
|choice|switch 3|move 4
|
|switch|p1a: Snorlax|Snorlax, M|523\/523
|move|p2a: Alakazam|Recover|p2a: Alakazam
|-heal|p2a: Alakazam|313\/313 par
|
|turn|28
|choice|switch 3|move 2
|
|switch|p1a: Alakazam|Alakazam, M|313\/313 par
|move|p2a: Alakazam|Thunder Wave|p1a: Alakazam
|-fail|p1a: Alakazam|par
|
|turn|29
|choice|move 2|move 1
|
|move|p1a: Alakazam|Seismic Toss|p2a: Alakazam
|-damage|p2a: Alakazam|213\/313 par
|cant|p2a: Alakazam|par
|
|turn|30
|choice|move 2|move 1
|
|move|p1a: Alakazam|Seismic Toss|p2a: Alakazam
|-damage|p2a: Alakazam|113\/313 par
|cant|p2a: Alakazam|par
|
|turn|31
|choice|switch 3|move 4
|
|switch|p1a: Snorlax|Snorlax, M|523\/523
|cant|p2a: Alakazam|par
|
|turn|32
|c|★Nails|i did it
|choice|move 1|switch 6
|
|switch|p2a: Victreebel|Victreebel, M|363\/363
|move|p1a: Snorlax|Body Slam|p2a: Victreebel
|-damage|p2a: Victreebel|220\/363
|
|turn|33
|choice|switch 6|move 4
|
|switch|p1a: Starmie|Starmie|244\/323 par
|move|p2a: Victreebel|Wrap|p1a: Starmie
|-damage|p1a: Starmie|230\/323 par
|-activate|p1a: Starmie|move: Wrap|[of] p2a: Victreebel
|
|turn|34
|choice|switch 5|move 4
|
|switch|p1a: Tauros|Tauros|353\/353
|move|p2a: Victreebel|Wrap|p1a: Tauros|[miss]
|-miss|p2a: Victreebel
|
|turn|35
|choice|move 4|move 3
|
|move|p1a: Tauros|Blizzard|p2a: Victreebel
|-supereffective|p2a: Victreebel
|-damage|p2a: Victreebel|71\/363
|move|p2a: Victreebel|Sleep Powder|p1a: Tauros
|-status|p1a: Tauros|slp
|
|turn|36
|choice|switch 4|move 1
|
|switch|p1a: Exeggutor|Exeggutor, M|393\/393
|move|p2a: Victreebel|Razor Leaf|p1a: Exeggutor
|-crit|p1a: Exeggutor
|-resisted|p1a: Exeggutor
|-damage|p1a: Exeggutor|338\/393
|
|turn|37
|choice|move 3|switch 6
|
|switch|p2a: Alakazam|Alakazam, M|113\/313 par
|move|p1a: Exeggutor|Psychic|p2a: Alakazam
|-resisted|p2a: Alakazam
|-damage|p2a: Alakazam|62\/313 par
|-unboost|p2a: Alakazam|spd|1
|-unboost|p2a: Alakazam|spa|1
|
|turn|38
|choice|move 3|switch 4
|
|switch|p2a: Chansey|Chansey|592\/703
|move|p1a: Exeggutor|Psychic|p2a: Chansey
|-damage|p2a: Chansey|480\/703
|-unboost|p2a: Chansey|spd|1
|-unboost|p2a: Chansey|spa|1
|
|turn|39
|choice|move 1|move 4
|
|move|p1a: Exeggutor|Sleep Powder|p2a: Chansey
|-status|p2a: Chansey|slp
|cant|p2a: Chansey|slp
|
|turn|40
|choice|move 3|move 4
|
|move|p1a: Exeggutor|Psychic|p2a: Chansey
|-crit|p2a: Chansey
|-damage|p2a: Chansey|240\/703 slp
|cant|p2a: Chansey|slp
|
|turn|41
|choice|move 3|switch 2
|
|switch|p2a: Snorlax|Snorlax|389\/523 par
|move|p1a: Exeggutor|Psychic|p2a: Snorlax
|-damage|p2a: Snorlax|228\/523 par
|
|turn|42
|choice|switch 5|move 4
|
|switch|p1a: Starmie|Starmie|230\/323 par
|cant|p2a: Snorlax|par
|
|turn|43
|choice|move 2|move 4
|
|move|p1a: Starmie|Hyper Beam|p2a: Snorlax
|-damage|p2a: Snorlax|94\/523 par
|move|p2a: Snorlax|Self-Destruct|p1a: Starmie
|-damage|p1a: Starmie|0 fnt
|faint|p1a: Starmie
|faint|p2a: Snorlax
|choice|switch 5|switch 6
|
|switch|p2a: Victreebel|Victreebel, M|71\/363
|switch|p1a: Exeggutor|Exeggutor, M|338\/393
|turn|44
|choice|move 3|move 4
|
|move|p2a: Victreebel|Wrap|p1a: Exeggutor
|-damage|p1a: Exeggutor|324\/393
|-activate|p1a: Exeggutor|move: Wrap|[of] p2a: Victreebel
|cant|p1a: Exeggutor|partiallytrapped
|
|turn|45
|choice|switch 4|move 4
|
|switch|p1a: Tauros|Tauros|353\/353 slp
|move|p2a: Victreebel|Wrap|p1a: Tauros
|-damage|p1a: Tauros|340\/353 slp
|-activate|p1a: Tauros|move: Wrap|[of] p2a: Victreebel
|
|turn|46
|choice|switch 4|switch 5
|
|switch|p1a: Exeggutor|Exeggutor, M|324\/393
|switch|p2a: Cloyster|Cloyster, M|303\/303
|
|turn|47
|choice|switch 2|move 2
|
|switch|p1a: Jolteon|Jolteon, M|333\/333
|move|p2a: Cloyster|Blizzard|p1a: Jolteon
|-damage|p1a: Jolteon|222\/333
|
|turn|48
|choice|move 1|move 4
|
|move|p1a: Jolteon|Thunderbolt|p2a: Cloyster
|-supereffective|p2a: Cloyster
|-damage|p2a: Cloyster|53\/303
|move|p2a: Cloyster|Explosion|p1a: Jolteon
|-crit|p1a: Jolteon
|-damage|p1a: Jolteon|0 fnt
|faint|p1a: Jolteon
|faint|p2a: Cloyster
|c|★Nails|of course you got the crit
|choice|switch 6|switch 5
|
|switch|p2a: Victreebel|Victreebel, M|71\/363
|switch|p1a: Snorlax|Snorlax, M|523\/523
|turn|49
|J|IBIREVER
|choice|switch 2|move 2
|
|switch|p1a: Exeggutor|Exeggutor, M|324\/393
|move|p2a: Victreebel|Stun Spore|p1a: Exeggutor|[miss]
|-miss|p2a: Victreebel
|
|turn|50
|L|IBIREVER
|choice|move 3|move 2
|
|move|p2a: Victreebel|Stun Spore|p1a: Exeggutor
|-status|p1a: Exeggutor|par
|cant|p1a: Exeggutor|par
|
|turn|51
|choice|switch 4|move 4
|
|switch|p1a: Tauros|Tauros|340\/353 slp
|move|p2a: Victreebel|Wrap|p1a: Tauros
|-damage|p1a: Tauros|327\/353 slp
|-activate|p1a: Tauros|move: Wrap|[of] p2a: Victreebel
|
|turn|52
|choice|move 1|switch 3
|
|switch|p2a: Dragonite|Dragonite|385\/385
|-curestatus|p1a: Tauros|slp
|
|-end|p1a: Tauros|Wrap|[partiallytrapped]
|turn|53
|choice|move 4|move 2
|
|move|p1a: Tauros|Blizzard|p2a: Dragonite
|-crit|p2a: Dragonite
|-supereffective|p2a: Dragonite
|-damage|p2a: Dragonite|0 fnt
|faint|p2a: Dragonite
|c|★Nails|im a god
|c|★Dice|hmm
|c|★Dice|yea i couldnt catch a break this game
|-message|Dice forfeited.
|
|win|Nails