|J|Isa
|J|Nails
|player|p1|Isa|2
|player|p2|Nails|282
|gametype|singles
|gen|1
|tier|[Gen 1] OU
|seed|
|rule|Sleep Clause Mod: Limit one foe put to sleep
|rule|Freeze Clause Mod: Limit one foe frozen
|rule|Species Clause: Limit one of each Pokémon
|rule|OHKO Clause: OHKO moves are banned
|rule|Evasion Moves Clause: Evasion moves are banned
|rule|HP Percentage Mod: HP is shown in percentages
|
|start
|switch|p1a: Starmie|Starmie|100\/100
|switch|p2a: Gengar|Gengar|100\/100
|turn|1
|J|ABR
|J|shaian
|J|Pohjis
|J|xRay~
|J|KratosMana
|L|ABR
|choice||
|
|switch|p1a: Exeggutor|Exeggutor|100\/100
|switch|p2a: Alakazam|Alakazam|100\/100
|
|turn|2
|choice||
|
|switch|p2a: Gengar|Gengar|100\/100
|move|p1a: Exeggutor|Sleep Powder|p2a: Gengar
|-status|p2a: Gengar|slp
|
|turn|3
|choice||
|
|switch|p2a: Alakazam|Alakazam|100\/100
|move|p1a: Exeggutor|Stun Spore|p2a: Alakazam
|-status|p2a: Alakazam|par
|
|turn|4
|J|Tesung
|J|TrueGodsLeftUs
|choice||
|
|switch|p1a: Chansey|Chansey|100\/100
|move|p2a: Alakazam|Thunder Wave|p1a: Chansey
|-status|p1a: Chansey|par
|
|turn|5
|choice||
|
|move|p2a: Alakazam|Psychic|p1a: Chansey
|-damage|p1a: Chansey|82\/100 par
|move|p1a: Chansey|Ice Beam|p2a: Alakazam
|-crit|p2a: Alakazam
|-damage|p2a: Alakazam|60\/100 par
|
|turn|6
|choice||
|
|switch|p1a: Snorlax|Snorlax|100\/100
|move|p2a: Alakazam|Recover|p2a: Alakazam
|-heal|p2a: Alakazam|100\/100 par
|
|turn|7
|choice||
|
|switch|p2a: Snorlax|Snorlax|100\/100
|move|p1a: Snorlax|Body Slam|p2a: Snorlax
|-damage|p2a: Snorlax|74\/100
|
|turn|8
|choice||
|
|move|p2a: Snorlax|Reflect|p2a: Snorlax
|-start|p2a: Snorlax|Reflect
|move|p1a: Snorlax|Body Slam|p2a: Snorlax
|-crit|p2a: Snorlax
|-damage|p2a: Snorlax|19\/100
|
|turn|9
|c|★Nails|rude
|c|★Isa|crot 
|c|★Nails|bet you win the tie too.
|c|★Nails|and have beam.
|L|TrueGodsLeftUs
|choice||
|
|switch|p1a: Exeggutor|Exeggutor|100\/100
|move|p2a: Snorlax|Rest|p2a: Snorlax
|-status|p2a: Snorlax|slp
|-heal|p2a: Snorlax|100\/100 slp|[silent]
|-status|p2a: Snorlax|slp|[from] move: Rest
|
|turn|10
|choice||
|
|switch|p1a: Snorlax|Snorlax|100\/100
|switch|p2a: Alakazam|Alakazam|100\/100 par
|
|turn|11
|choice||
|
|switch|p2a: Gengar|Gengar|100\/100 slp
|move|p1a: Snorlax|Body Slam|p2a: Gengar
|-immune|p2a: Gengar|[msg]
|
|turn|12
|choice||
|
|switch|p2a: Dragonite|Dragonite|100\/100
|move|p1a: Snorlax|Body Slam|p2a: Dragonite
|-damage|p2a: Dragonite|71\/100
|
|turn|13
|c|★Isa|ew
|c|★Nails|stop pls
|choice||
|
|move|p2a: Dragonite|Wrap|p1a: Snorlax
|-damage|p1a: Snorlax|97\/100
|cant|p1a: Snorlax|partiallytrapped
|
|turn|14
|choice||
|
|switch|p1a: Starmie|Starmie|100\/100
|move|p2a: Dragonite|Wrap|p1a: Starmie
|-damage|p1a: Starmie|95\/100
|
|turn|15
|choice||
|
|switch|p1a: Snorlax|Snorlax|97\/100
|move|p2a: Dragonite|Wrap|p1a: Snorlax
|-damage|p1a: Snorlax|93\/100
|
|turn|16
|choice||
|
|switch|p1a: Starmie|Starmie|95\/100
|move|p2a: Dragonite|Wrap|p1a: Starmie
|-crit|p1a: Starmie
|-damage|p1a: Starmie|85\/100
|
|turn|17
|c|★Nails|whyd you switch starmie out of gengar
|c|★Nails|turn 1
|c|★Nails|btw.
|c|★Isa|predix
|choice||
|
|cant|p1a: Starmie|partiallytrapped
|move|p2a: Dragonite|Wrap|p1a: Starmie|[from]Wrap
|-damage|p1a: Starmie|75\/100
|
|turn|18
|choice||
|
|switch|p2a: Alakazam|Alakazam|100\/100 par
|move|p1a: Starmie|Thunder Wave|p2a: Alakazam
|-fail|p2a: Alakazam|par
|
|turn|19
|choice||
|
|switch|p1a: Snorlax|Snorlax|93\/100
|switch|p2a: Dragonite|Dragonite|71\/100
|
|turn|20
|choice||
|
|move|p2a: Dragonite|Wrap|p1a: Snorlax
|-damage|p1a: Snorlax|89\/100
|cant|p1a: Snorlax|partiallytrapped
|
|turn|21
|choice||
|
|switch|p1a: Starmie|Starmie|75\/100
|move|p2a: Dragonite|Wrap|p1a: Starmie
|-damage|p1a: Starmie|70\/100
|
|turn|22
|c|★Isa|why do you wanna play friendlies
|L|Pohjis
|c|★Isa|with wrap
|choice||
|
|cant|p1a: Starmie|partiallytrapped
|move|p2a: Dragonite|Wrap|p1a: Starmie|[from]Wrap
|-damage|p1a: Starmie|65\/100
|
|turn|23
|c|★Nails|because i want to
|c|★Nails|learn how to build with it
|c|★Nails|instead of it just being stigmatized
|c|★Nails|and not explored
|choice||
|
|switch|p1a: Snorlax|Snorlax|89\/100
|switch|p2a: Alakazam|Alakazam|100\/100 par
|
|turn|24
|choice||
|
|move|p1a: Snorlax|Body Slam|p2a: Alakazam
|-damage|p2a: Alakazam|45\/100 par
|move|p2a: Alakazam|Thunder Wave|p1a: Snorlax
|-status|p1a: Snorlax|par
|
|turn|25
|choice||
|
|cant|p2a: Alakazam|par
|cant|p1a: Snorlax|par
|
|turn|26
|choice||
|
|move|p2a: Alakazam|Recover|p2a: Alakazam
|-heal|p2a: Alakazam|95\/100 par
|move|p1a: Snorlax|Body Slam|p2a: Alakazam
|-damage|p2a: Alakazam|45\/100 par
|
|turn|27
|choice||
|
|cant|p2a: Alakazam|par
|move|p1a: Snorlax|Body Slam|p2a: Alakazam
|-damage|p2a: Alakazam|0 fnt
|faint|p2a: Alakazam
|choice||
|
|switch|p2a: Snorlax|Snorlax|100\/100 slp
|turn|28
|choice||
|
|switch|p1a: Exeggutor|Exeggutor|100\/100
|cant|p2a: Snorlax|slp
|
|turn|29
|choice||
|
|move|p1a: Exeggutor|Psychic|p2a: Snorlax
|-damage|p2a: Snorlax|71\/100 slp
|-unboost|p2a: Snorlax|spd|1
|-unboost|p2a: Snorlax|spa|1
|-curestatus|p2a: Snorlax|slp
|
|turn|30
|choice||
|
|move|p1a: Exeggutor|Psychic|p2a: Snorlax
|-damage|p2a: Snorlax|26\/100
|-unboost|p2a: Snorlax|spd|1
|-unboost|p2a: Snorlax|spa|1
|move|p2a: Snorlax|Body Slam|p1a: Exeggutor
|-damage|p1a: Exeggutor|73\/100
|-status|p1a: Exeggutor|par
|
|turn|31
|J|Quaggsterrr
|choice||
|
|switch|p2a: Dragonite|Dragonite|71\/100
|move|p1a: Exeggutor|Psychic|p2a: Dragonite
|-damage|p2a: Dragonite|37\/100
|
|turn|32
|choice||
|
|move|p2a: Dragonite|Wrap|p1a: Exeggutor
|-damage|p1a: Exeggutor|68\/100 par
|cant|p1a: Exeggutor|partiallytrapped
|
|turn|33
|choice||
|
|switch|p1a: Starmie|Starmie|65\/100
|move|p2a: Dragonite|Wrap|p1a: Starmie
|-damage|p1a: Starmie|60\/100
|
|turn|34
|choice||
|
|cant|p1a: Starmie|partiallytrapped
|move|p2a: Dragonite|Wrap|p1a: Starmie|[from]Wrap
|-damage|p1a: Starmie|55\/100
|
|turn|35
|choice||
|
|switch|p1a: Tauros|Tauros|100\/100
|switch|p2a: Jolteon|Jolteon|100\/100
|
|turn|36
|choice||
|
|switch|p2a: Dragonite|Dragonite|37\/100
|move|p1a: Tauros|Earthquake|p2a: Dragonite
|-immune|p2a: Dragonite|[msg]
|
|turn|37
|c|★Nails|interessant
|choice||
|
|switch|p2a: Tauros|Tauros|100\/100
|move|p1a: Tauros|Blizzard|p2a: Tauros|[miss]
|-miss|p1a: Tauros
|
|turn|38
|c|★Nails|k i did it
|c|★Isa|rude
|choice||
|
|move|p1a: Tauros|Body Slam|p2a: Tauros
|-damage|p2a: Tauros|71\/100
|move|p2a: Tauros|Body Slam|p1a: Tauros
|-damage|p1a: Tauros|72\/100
|
|turn|39
|choice||
|
|move|p2a: Tauros|Body Slam|p1a: Tauros
|-crit|p1a: Tauros
|-damage|p1a: Tauros|12\/100
|move|p1a: Tauros|Body Slam|p2a: Tauros
|-damage|p2a: Tauros|42\/100
|
|turn|40
|choice||
|
|move|p2a: Tauros|Body Slam|p1a: Tauros
|-damage|p1a: Tauros|0 fnt
|faint|p1a: Tauros
|choice||
|
|switch|p1a: Snorlax|Snorlax|89\/100 par
|turn|41
|c|★Nails|ok nice.
|choice||
|
|switch|p2a: Gengar|Gengar|100\/100 slp
|cant|p1a: Snorlax|par
|
|turn|42
|choice||
|
|cant|p2a: Gengar|slp
|move|p1a: Snorlax|Body Slam|p2a: Gengar
|-immune|p2a: Gengar|[msg]
|
|turn|43
|choice||
|
|cant|p2a: Gengar|slp
|move|p1a: Snorlax|Earthquake|p2a: Gengar
|-supereffective|p2a: Gengar
|-damage|p2a: Gengar|30\/100 slp
|
|turn|44
|choice||
|
|-curestatus|p2a: Gengar|slp
|move|p1a: Snorlax|Body Slam|p2a: Gengar
|-immune|p2a: Gengar|[msg]
|
|turn|45
|choice||
|
|switch|p2a: Dragonite|Dragonite|37\/100
|cant|p1a: Snorlax|par
|
|turn|46
|choice||
|
|move|p2a: Dragonite|Wrap|p1a: Snorlax
|-damage|p1a: Snorlax|85\/100 par
|cant|p1a: Snorlax|partiallytrapped
|
|turn|47
|c|★Isa|man
|c|★Isa|i can spend my time
|c|★Isa|doing more fun things
|-message|Isa forfeited.
|
|win|Nails