|J|marcoasd
|J|Agammemnon
|player|p1|marcoasd|1
|player|p2|Agammemnon|220
|gametype|singles
|gen|1
|tier|[Gen 1] OU
|seed|
|rule|Sleep Clause Mod: Limit one foe put to sleep
|rule|Freeze Clause Mod: Limit one foe frozen
|rule|Species Clause: Limit one of each Pokémon
|rule|OHKO Clause: OHKO moves are banned
|rule|Evasion Moves Clause: Evasion moves are banned
|rule|HP Percentage Mod: HP is shown in percentages
|
|start
|switch|p1a: Starmie|Starmie|100\/100
|switch|p2a: Tauros|Tauros|100\/100
|turn|1
|J|Tiba
|J|Soulgazer
|J|bro fist
|J|xMarth
|J|sugarhigh
|J|ReshiRampage
|J|AGuyWithPants
|J|blunderr
|J|amduat
|J|T D K
|J|KyleCole
|J|Alexander
|c|+AGuyWithPants|-
|J|Icey Tea
|J|Reportings
|J|ChillShadow
|J|mael
|J|Aurious
|J|the pdc show
|J|Gleyber Torres
|J|WECAMEASROMANS
|J|King Tsunami
|c|★Agammemnon|gl hf
|J|majaspic22
|J|CasedVictory
|J|iamgingy
|J|kingmidas
|J|Despotar274
|J|BKC
|J|The Life of Hugo
|J|zzygg
|J|CrashinBoomBang
|J|FLCL
|J|Dice
|J|Triangles RSE
|J|GunnerRohan
|J|ABR
|c|★marcoasd|u2 beautiful day
|J|Jayde
|J|Shubaki
|J|windsong
|J|yunggucci06
|J|SEEME
|L|GunnerRohan
|J|Ciele
|L|SEEME
|J|tamahome
|J|Pohjis
|choice||
|
|move|p1a: Starmie|Blizzard|p2a: Tauros
|-damage|p2a: Tauros|67\/100
|move|p2a: Tauros|Body Slam|p1a: Starmie
|-damage|p1a: Starmie|69\/100
|-status|p1a: Starmie|par
|
|turn|2
|J|Lusch
|J|bouff
|J|SEEME
|J|xRay~
|L|windsong
|J|Itsyos
|choice||
|
|switch|p2a: Alakazam|Alakazam|100\/100
|cant|p1a: Starmie|par
|
|turn|3
|J|Purrl
|J|Madoka
|J|Genesis7
|J|EG Posho
|J|Evuelf
|choice||
|
|move|p2a: Alakazam|Psychic|p1a: Starmie
|-resisted|p1a: Starmie
|-damage|p1a: Starmie|50\/100 par
|move|p1a: Starmie|Recover|p1a: Starmie
|-heal|p1a: Starmie|99\/100 par
|
|turn|4
|J|Mizuhime
|J|Clueless
|J|Omfuga
|J|atomicllamas
|choice||
|
|switch|p1a: Exeggutor|Exeggutor|100\/100
|move|p2a: Alakazam|Psychic|p1a: Exeggutor
|-resisted|p1a: Exeggutor
|-damage|p1a: Exeggutor|87\/100
|
|turn|5
|J|LUCKSKILL
|choice||
|
|move|p2a: Alakazam|Thunder Wave|p1a: Exeggutor
|-status|p1a: Exeggutor|par
|move|p1a: Exeggutor|Sleep Powder|p2a: Alakazam|[miss]
|-miss|p1a: Exeggutor
|
|turn|6
|J|rozes
|J|Stratos
|J|Funkasaurus
|choice||
|
|move|p2a: Alakazam|Seismic Toss|p1a: Exeggutor
|-damage|p1a: Exeggutor|62\/100 par
|cant|p1a: Exeggutor|par
|
|turn|7
|J|DennisEG
|J|Zamrock
|choice||
|
|move|p2a: Alakazam|Seismic Toss|p1a: Exeggutor
|-damage|p1a: Exeggutor|36\/100 par
|move|p1a: Exeggutor|Sleep Powder|p2a: Alakazam|[miss]
|-miss|p1a: Exeggutor
|
|turn|8
|J|qsns
|J|Quaggsterrr
|choice||
|
|move|p2a: Alakazam|Seismic Toss|p1a: Exeggutor
|-damage|p1a: Exeggutor|11\/100 par
|move|p1a: Exeggutor|Explosion|p2a: Alakazam
|-damage|p2a: Alakazam|0 fnt
|faint|p2a: Alakazam
|faint|p1a: Exeggutor
|J|Vileman
|J|Tricking
|J|powersollar
|J|SparksBlade
|J|Sharpedo sweeps
|J|Void
|choice||
|
|switch|p1a: Chansey|Chansey|100\/100
|switch|p2a: Snorlax|Snorlax|100\/100
|turn|9
|L|LUCKSKILL
|J|Tokyo Tom
|J|Anty
|J|Ernes
|L|Tokyo Tom
|J|Ary
|J|Le Austin
|choice||
|
|move|p1a: Chansey|Thunder Wave|p2a: Snorlax
|-status|p2a: Snorlax|par
|move|p2a: Snorlax|Self-Destruct|p1a: Chansey
|-damage|p1a: Chansey|0 fnt
|faint|p1a: Chansey
|faint|p2a: Snorlax
|J|Crestfall
|J|mccauley
|J|iplaytennislol
|J|teal6
|J|Masterclass
|L|Itsyos
|L|Masterclass
|J|Rampecker
|J|reiku
|J|Lutra
|J|Bloody Rabbit
|choice||
|
|switch|p1a: Starmie|Starmie|99\/100 par
|switch|p2a: Zapdos|Zapdos|100\/100
|turn|10
|J|cat cafe
|choice||
|
|switch|p1a: Golem|Golem, M|100\/100
|move|p2a: Zapdos|Thunderbolt|p1a: Golem
|-immune|p1a: Golem|[msg]
|
|turn|11
|J|liberty32
|J|blapperl
|J|Bughouse
|choice||
|
|switch|p2a: Starmie|Starmie|100\/100
|move|p1a: Golem|Earthquake|p2a: Starmie
|-damage|p2a: Starmie|55\/100
|
|turn|12
|L|Bughouse
|J|windsong
|J|Steve Angello
|L|AGuyWithPants
|L|SparksBlade
|L|qsns
|choice||
|
|switch|p2a: Exeggutor|Exeggutor|100\/100
|switch|p1a: Snorlax|Snorlax, M|100\/100
|
|turn|13
|J|qsns
|J|haveabitaboutyou
|J|jvl101993
|J|r0ady
|J|Barian
|choice||
|
|switch|p1a: Starmie|Starmie|99\/100 par
|move|p2a: Exeggutor|Sleep Powder|p1a: Starmie|[miss]
|-miss|p2a: Exeggutor
|
|turn|14
|L|Sharpedo sweeps
|J|dEnIsSsS
|L|Barian
|J|Storyer
|J|AGuyWithPants
|choice||
|
|move|p2a: Exeggutor|Psychic|p1a: Starmie
|-resisted|p1a: Starmie
|-damage|p1a: Starmie|81\/100 par
|-unboost|p1a: Starmie|spd|1
|-unboost|p1a: Starmie|spa|1
|move|p1a: Starmie|Thunder Wave|p2a: Exeggutor
|-status|p2a: Exeggutor|par
|
|turn|15
|J|central learning
|J|aimless oo
|J|Gtcha
|choice||
|
|move|p2a: Exeggutor|Psychic|p1a: Starmie
|-resisted|p1a: Starmie
|-damage|p1a: Starmie|52\/100 par
|-unboost|p1a: Starmie|spd|1
|-unboost|p1a: Starmie|spa|1
|move|p1a: Starmie|Blizzard|p2a: Exeggutor
|-crit|p2a: Exeggutor
|-supereffective|p2a: Exeggutor
|-damage|p2a: Exeggutor|26\/100 par
|
|turn|16
|J|michaeloche
|J|ibaneful
|J|Bad Ass
|J|BahaWin
|J|Praj.pran
|J|GOAO
|choice||
|
|cant|p2a: Exeggutor|par
|move|p1a: Starmie|Recover|p1a: Starmie
|-heal|p1a: Starmie|100\/100 par
|
|turn|17
|J|Masterclass
|J|double01
|J|all falls down
|J|Starmaster
|choice||
|
|move|p2a: Exeggutor|Psychic|p1a: Starmie
|-resisted|p1a: Starmie
|-damage|p1a: Starmie|64\/100 par
|-unboost|p1a: Starmie|spd|1
|-unboost|p1a: Starmie|spa|1
|move|p1a: Starmie|Blizzard|p2a: Exeggutor
|-crit|p2a: Exeggutor
|-supereffective|p2a: Exeggutor
|-damage|p2a: Exeggutor|0 fnt
|faint|p2a: Exeggutor
|J|hingo
|L|cat cafe
|J|MiltankMilk
|L|MiltankMilk
|L|Mizuhime
|J|celebi kevin
|choice||
|
|switch|p2a: Tauros|Tauros|67\/100
|turn|18
|J|Mizuhime
|choice||
|
|move|p2a: Tauros|Body Slam|p1a: Starmie
|-damage|p1a: Starmie|32\/100 par
|move|p1a: Starmie|Thunder Wave|p2a: Tauros
|-status|p2a: Tauros|par
|
|turn|19
|J|Efoie Woge
|choice||
|
|cant|p2a: Tauros|par
|cant|p1a: Starmie|par
|
|turn|20
|L|BahaWin
|choice||
|
|move|p2a: Tauros|Body Slam|p1a: Starmie
|-damage|p1a: Starmie|0 fnt
|faint|p1a: Starmie
|L|powersollar
|L|Starmaster
|L|r0ady
|J|powersollar
|choice||
|
|switch|p1a: Tauros|Tauros|100\/100
|turn|21
|J|cat cafe
|J|nappy boy radio
|L|Tricking
|choice||
|
|move|p1a: Tauros|Body Slam|p2a: Tauros
|-damage|p2a: Tauros|36\/100 par
|move|p2a: Tauros|Hyper Beam|p1a: Tauros
|-damage|p1a: Tauros|46\/100
|
|turn|22
|-mustrecharge|p2a: Tauros
|L|Omfuga
|-mustrecharge|p2a: Tauros
|choice||
|
|move|p1a: Tauros|Hyper Beam|p2a: Tauros
|-damage|p2a: Tauros|0 fnt
|faint|p2a: Tauros
|J|Starmaster
|L|hingo
|J|Ren-chon
|L|Quaggsterrr
|J|W3K
|J|assisted
|J|Urban Hang Suite
|L|qsns
|J|flowsociety
|L|flowsociety
|J|qsns
|L|qsns
|choice||
|
|switch|p2a: Zapdos|Zapdos|100\/100
|turn|23
|c|★Agammemnon|gg
|L|rozes
|c|★marcoasd|gg
|choice||
|
|move|p1a: Tauros|Hyper Beam|p2a: Zapdos
|-damage|p2a: Zapdos|52\/100
|move|p2a: Zapdos|Drill Peck|p1a: Tauros
|-damage|p1a: Tauros|18\/100
|
|turn|24
|-mustrecharge|p1a: Tauros
|-mustrecharge|p1a: Tauros
|choice||
|
|cant|p1a: Tauros|recharge
|move|p2a: Zapdos|Agility|p2a: Zapdos
|-boost|p2a: Zapdos|spe|2
|
|turn|25
|J|GOD MARTH
|c|%GOD MARTH|score?
|choice||
|
|switch|p1a: Golem|Golem, M|100\/100
|move|p2a: Zapdos|Drill Peck|p1a: Golem
|-resisted|p1a: Golem
|-damage|p1a: Golem|91\/100
|
|turn|26
|c|+windsong|1 - 1 
|c|%BKC|.
|c|%BKC|0-1
|c|+Jayde|LOL
|c|★marcoasd|not yet
|c|%BKC|shut up windsong
|c|+Soulgazer|lmao
|c|+CasedVictory|LOL
|choice||
|
|move|p2a: Zapdos|Drill Peck|p1a: Golem
|-resisted|p1a: Golem
|-damage|p1a: Golem|80\/100
|move|p1a: Golem|Body Slam|p2a: Zapdos
|-damage|p2a: Zapdos|32\/100
|-status|p2a: Zapdos|par
|
|turn|27
|c|%GOD MARTH|lets go scooters
|c|%GOD MARTH|first off fuck soulgazer and the clique he claims
|choice||
|
|move|p1a: Golem|Rock Slide|p2a: Zapdos
|-supereffective|p2a: Zapdos
|-damage|p2a: Zapdos|0 fnt
|faint|p2a: Zapdos
|L|yunggucci06
|choice||
|
|switch|p2a: Starmie|Starmie|55\/100
|turn|28
|L|Starmaster
|J|yunggucci06
|J|beatiful
|choice||
|
|move|p2a: Starmie|Reflect|p2a: Starmie
|-start|p2a: Starmie|Reflect
|move|p1a: Golem|Explosion|p2a: Starmie
|-damage|p2a: Starmie|5\/100
|faint|p1a: Golem
|choice||
|
|switch|p1a: Snorlax|Snorlax, M|100\/100
|turn|29
|L|mccauley
|L|stathakis
|J|Shadestep
|choice||
|
|move|p2a: Starmie|Recover|p2a: Starmie
|-heal|p2a: Starmie|54\/100
|move|p1a: Snorlax|Body Slam|p2a: Starmie
|-damage|p2a: Starmie|35\/100
|
|turn|30
|J|Testingweirdoffens
|J|Heysup
|choice||
|
|move|p2a: Starmie|Recover|p2a: Starmie
|-heal|p2a: Starmie|85\/100
|move|p1a: Snorlax|Body Slam|p2a: Starmie
|-damage|p2a: Starmie|66\/100
|
|turn|31
|c|%GOD MARTH|that awkward moment when you forget to run a curse snorlax in rby
|choice||
|
|move|p2a: Starmie|Psychic|p1a: Snorlax
|-damage|p1a: Snorlax|73\/100
|move|p1a: Snorlax|Body Slam|p2a: Starmie
|-damage|p2a: Starmie|48\/100
|-status|p2a: Starmie|par
|
|turn|32
|J|in_search9
|J|Starmei
|c|+windsong|thele it is
|J|Cicada
|L|Shadestep
|choice||
|
|move|p1a: Snorlax|Body Slam|p2a: Starmie
|-damage|p2a: Starmie|28\/100 par
|move|p2a: Starmie|Recover|p2a: Starmie
|-heal|p2a: Starmie|78\/100 par
|
|turn|33
|L|Starmei
|c|%GOD MARTH|is this starmie going to win?
|J|deoxys speed lol
|choice||
|
|move|p1a: Snorlax|Amnesia|p1a: Snorlax
|-boost|p1a: Snorlax|spd|2
|-boost|p1a: Snorlax|spa|2
|move|p2a: Starmie|Psychic|p1a: Snorlax
|-damage|p1a: Snorlax|60\/100
|
|turn|34
|L|EG Posho
|choice||
|
|move|p1a: Snorlax|Amnesia|p1a: Snorlax
|-boost|p1a: Snorlax|spd|2
|-boost|p1a: Snorlax|spa|2
|move|p2a: Starmie|Blizzard|p1a: Snorlax
|-crit|p1a: Snorlax
|-damage|p1a: Snorlax|11\/100
|
|turn|35
|J|BlackOblivion
|c|★Agammemnon|:o
|L|BlackOblivion
|choice||
|
|move|p1a: Snorlax|Rest|p1a: Snorlax
|-status|p1a: Snorlax|slp
|-heal|p1a: Snorlax|100\/100 slp|[silent]
|-status|p1a: Snorlax|slp|[from] move: Rest
|cant|p2a: Starmie|par
|
|turn|36
|J|songs about jane
|L|beatiful
|choice||
|
|cant|p1a: Snorlax|slp
|move|p2a: Starmie|Recover|p2a: Starmie
|-heal|p2a: Starmie|100\/100 par
|
|turn|37
|L|Urban Hang Suite
|L|Cicada
|J|LUCKSKILL
|choice||
|
|-curestatus|p1a: Snorlax|slp
|move|p2a: Starmie|Psychic|p1a: Snorlax
|-damage|p1a: Snorlax|91\/100
|
|turn|38
|J|GrilledClawitzer
|choice||
|
|move|p1a: Snorlax|Body Slam|p2a: Starmie
|-damage|p2a: Starmie|83\/100 par
|move|p2a: Starmie|Blizzard|p1a: Snorlax
|-damage|p1a: Snorlax|84\/100
|
|turn|39
|J|rozes
|choice||
|
|move|p1a: Snorlax|Body Slam|p2a: Starmie
|-damage|p2a: Starmie|65\/100 par
|cant|p2a: Starmie|par
|
|turn|40
|choice||
|
|move|p1a: Snorlax|Body Slam|p2a: Starmie
|-damage|p2a: Starmie|48\/100 par
|cant|p2a: Starmie|par
|
|turn|41
|choice||
|
|move|p1a: Snorlax|Body Slam|p2a: Starmie
|-damage|p2a: Starmie|30\/100 par
|move|p2a: Starmie|Recover|p2a: Starmie
|-heal|p2a: Starmie|79\/100 par
|
|turn|42
|J|ZNain
|J|thecrystalonix
|L|ZNain
|choice||
|
|move|p1a: Snorlax|Body Slam|p2a: Starmie
|-damage|p2a: Starmie|60\/100 par
|cant|p2a: Starmie|par
|
|turn|43
|J|EG Posho
|J|mccauley
|choice||
|
|move|p1a: Snorlax|Body Slam|p2a: Starmie
|-damage|p2a: Starmie|42\/100 par
|cant|p2a: Starmie|par
|
|turn|44
|choice||
|
|move|p1a: Snorlax|Body Slam|p2a: Starmie
|-damage|p2a: Starmie|23\/100 par
|move|p2a: Starmie|Recover|p2a: Starmie
|-heal|p2a: Starmie|73\/100 par
|
|turn|45
|choice||
|
|move|p1a: Snorlax|Body Slam|p2a: Starmie
|-crit|p2a: Starmie
|-damage|p2a: Starmie|6\/100 par
|move|p2a: Starmie|Recover|p2a: Starmie
|-heal|p2a: Starmie|56\/100 par
|
|turn|46
|J|Urban Hang Suite
|choice||
|
|move|p1a: Snorlax|Body Slam|p2a: Starmie
|-damage|p2a: Starmie|36\/100 par
|move|p2a: Starmie|Recover|p2a: Starmie
|-heal|p2a: Starmie|86\/100 par
|
|turn|47
|J|New Attitude
|J|Mister Tim
|choice||
|
|move|p1a: Snorlax|Body Slam|p2a: Starmie
|-damage|p2a: Starmie|66\/100 par
|move|p2a: Starmie|Blizzard|p1a: Snorlax
|-damage|p1a: Snorlax|76\/100
|
|turn|48
|choice||
|
|move|p1a: Snorlax|Body Slam|p2a: Starmie
|-damage|p2a: Starmie|47\/100 par
|cant|p2a: Starmie|par
|
|turn|49
|choice||
|
|move|p1a: Snorlax|Body Slam|p2a: Starmie
|-damage|p2a: Starmie|29\/100 par
|cant|p2a: Starmie|par
|
|turn|50
|choice||
|
|move|p1a: Snorlax|Body Slam|p2a: Starmie
|-damage|p2a: Starmie|11\/100 par
|move|p2a: Starmie|Recover|p2a: Starmie
|-heal|p2a: Starmie|61\/100 par
|
|turn|51
|choice||
|
|move|p1a: Snorlax|Body Slam|p2a: Starmie
|-damage|p2a: Starmie|42\/100 par
|move|p2a: Starmie|Recover|p2a: Starmie
|-heal|p2a: Starmie|92\/100 par
|
|turn|52
|choice||
|
|move|p1a: Snorlax|Rest|p1a: Snorlax
|-status|p1a: Snorlax|slp
|-heal|p1a: Snorlax|100\/100 slp|[silent]
|-status|p1a: Snorlax|slp|[from] move: Rest
|move|p2a: Starmie|Blizzard|p1a: Snorlax
|-crit|p1a: Snorlax
|-damage|p1a: Snorlax|54\/100 slp
|
|turn|53
|L|Gtcha
|J|Vinc2612
|choice||
|
|cant|p1a: Snorlax|slp
|move|p2a: Starmie|Psychic|p1a: Snorlax
|-damage|p1a: Snorlax|45\/100 slp
|
|turn|54
|choice||
|
|-curestatus|p1a: Snorlax|slp
|move|p2a: Starmie|Blizzard|p1a: Snorlax
|-damage|p1a: Snorlax|37\/100
|-status|p1a: Snorlax|frz
|
|turn|55
|J|mysteriia
|J|MrAldoPls
|J|Confide
|J|jpw234
|J|GO MATTYBROLLIC
|J|ZNain
|J|MiltankMilk
|L|ZNain
|J|beatiful
|J|LEGA NORD
|J|Tesung
|J|Strucker
|J|bforrester16
|L|LEGA NORD
|L|bforrester16
|choice||
|
|cant|p1a: Snorlax|frz
|move|p2a: Starmie|Psychic|p1a: Snorlax
|-damage|p1a: Snorlax|28\/100 frz
|
|turn|56
|choice||
|
|cant|p1a: Snorlax|frz
|move|p2a: Starmie|Recover|p2a: Starmie
|-heal|p2a: Starmie|100\/100 par
|
|turn|57
|choice||
|
|cant|p1a: Snorlax|frz
|move|p2a: Starmie|Psychic|p1a: Snorlax
|-damage|p1a: Snorlax|18\/100 frz
|-unboost|p1a: Snorlax|spd|1
|-unboost|p1a: Snorlax|spa|1
|
|turn|58
|choice||
|
|cant|p1a: Snorlax|frz
|move|p2a: Starmie|Psychic|p1a: Snorlax
|-damage|p1a: Snorlax|8\/100 frz
|-unboost|p1a: Snorlax|spd|1
|-unboost|p1a: Snorlax|spa|1
|
|turn|59
|L|Rampecker
|choice||
|
|cant|p1a: Snorlax|frz
|cant|p2a: Starmie|par
|
|turn|60
|choice||
|
|cant|p1a: Snorlax|frz
|cant|p2a: Starmie|par
|
|turn|61
|choice||
|
|cant|p1a: Snorlax|frz
|move|p2a: Starmie|Psychic|p1a: Snorlax
|-damage|p1a: Snorlax|0 fnt
|faint|p1a: Snorlax
|J|LEGA NORD
|choice||
|
|switch|p1a: Tauros|Tauros|18\/100
|turn|62
|c|★marcoasd|ggs
|J|Bughouse
|choice||
|
|move|p1a: Tauros|Hyper Beam|p2a: Starmie
|-damage|p2a: Starmie|68\/100 par
|cant|p2a: Starmie|par
|
|turn|63
|-mustrecharge|p1a: Tauros
|c|★Agammemnon|ggs
|J|Not Troller
|J|vakatalesau
|-mustrecharge|p1a: Tauros
|choice||
|
|cant|p1a: Tauros|recharge
|move|p2a: Starmie|Psychic|p1a: Tauros
|-damage|p1a: Tauros|0 fnt
|faint|p1a: Tauros
|
|win|Agammemnon
|player|p1
|player|p2
|J|flowsociety
|J|FlamingVictini
|J|bforrester16
|L|flowsociety
|L|mael
|L|mccauley
|L|WECAMEASROMANS
|L|the pdc show
|L|windsong
|L|ABR
|L|Tesung
|L|xMarth
|L|ReshiRampage
|L|ChillShadow
|J|Baxstenias
|L|Lutra
|L|tamahome
|L|aimless oo
|L|liberty32
|L|cat cafe
|L|Genesis7
|L|Bughouse
|L|LEGA NORD
|L|CasedVictory
|L|W3K
|L|rozes
|L|Ciele
|L|jvl101993
|L|DennisEG
|L|Masterclass
|L|Dice
|L|michaeloche
|J|MattL
|L|GrilledClawitzer
|L|reiku
|L|Strucker
|L|bforrester16
|L|Testingweirdoffens
|L|Mizuhime
|L|blapperl
|L|Vinc2612
|L|FlamingVictini
|L|Baxstenias
|L|thecrystalonix
|L|MattL
|L|Anty
|L|Triangles RSE
|L|atomicllamas
|J|Xopi
|L|jpw234
|L|EG Posho
|L|vakatalesau
|L|marcoasd
|L|Urban Hang Suite
|J|FlamingVictini
|J|Henry
|L|CrashinBoomBang
|L|songs about jane
|L|Agammemnon
|L|Heysup
|L|Void
|L|Mister Tim
|L|LUCKSKILL
|L|Henry
|L|MiltankMilk
|L|FLCL
|J|Anty
|L|haveabitaboutyou
|L|MrAldoPls
|L|Aurious
|L|Anty
|L|AGuyWithPants
|J|xShiba
|L|Not Troller
|L|BKC
|L|zzygg
|L|xShiba
|L|kingmidas
|L|majaspic22
|L|Ary
|L|Soulgazer
|L|iamgingy
|J|NotFalse
|L|Despotar274
|L|Bad Ass
|L|NotFalse
|L|double01
|L|Pohjis
|L|Madoka
|L|ibaneful
|L|Zamrock
|L|T D K
|L|Reportings
|L|Evuelf
|L|Le Austin
|L|powersollar
|L|mysteriia
|L|iplaytennislol
|L|Bloody Rabbit
|L|Icey Tea
|L|in_search9
|L|GOAO
|L|Ernes
|L|bouff
|L|GO MATTYBROLLIC
|J|atomicllamas
|L|Stratos
|L|Storyer
|L|atomicllamas
|L|FlamingVictini
|L|yunggucci06
|L|Shubaki
|L|The Life of Hugo
|J|r0ady
|L|Confide
|L|r0ady
|L|bro fist
|J|Madoka
|L|Madoka
|J|powersollar
|L|powersollar
|L|welliou
|L|deoxys speed lol
|L|teal6
|L|assisted
|L|Vileman
|L|Clueless
|L|Xopi
|L|xRay~
|L|SEEME
|L|all falls down
|L|blunderr
|L|Gleyber Torres
|L|Crestfall
|L|KyleCole
|L|Purrl
|J|aimless oo
|L|aimless oo
|L|Efoie Woge
|J|csisl
|L|New Attitude
|J|ReshiRampage
|L|Steve Angello
|L|Alexander
|L|ReshiRampage
|J|powersollar
|L|powersollar
|L|King Tsunami
|J|Finchinator
|L|Finchinator
|J|MiltankMilk
|L|MiltankMilk
|L|Jayde
|L|Ren-chon
|L|Lusch
|L|Tiba
|L|GOD MARTH
|L|beatiful
|L|csisl
|L|nappy boy radio
|J|charizard93maggle