|inactive|Battle timer is ON: inactive players will automatically lose when time's up.
|J|Kanbe Kotori
|J|Nails
|player|p1|Kanbe Kotori|78
|player|p2|Nails|1
|gametype|singles
|gen|1
|tier|[Gen 1] Random Battle
|seed|10439,5619,60322,37285
|rule|Sleep Clause Mod: Limit one foe put to sleep
|rule|Freeze Clause Mod: Limit one foe frozen
|rule|HP Percentage Mod: HP is shown in percentages
|
|start
|switch|p1a: Primeape|Primeape, L90|300\/300
|switch|p2a: Dratini|Dratini, L96|274\/274
|turn|1
|J|Vileman
|J|r0ady
|c|+Vileman|tryouts??
|J|Not A Gym Ldr
|c|+Vileman|yn
|c|★Nails|ya
|L|Not A Gym Ldr
|c|★Kanbe Kotori|y
|c|+Vileman|sike
|c|★Kanbe Kotori|assman tryouts
|choice|move 4|switch 6
|
|switch|p2a: Kingler|Kingler, L85|267\/267
|move|p1a: Primeape|Submission|p2a: Kingler
|-damage|p2a: Kingler|187\/267
|-damage|p1a: Primeape|280\/300|[from] recoil|[of] p2a: Kingler
|
|turn|2
|c|+Vileman|good luck xD
|J|aqqq
|c|+Vileman|leading with tele
|c|★Nails|ok kinglernumeros
|c|+Vileman|wise.
|L|aqqq
|c|★Nails|let's see what you've got
|c|★Kanbe Kotori|tele vs kinglernumeros
|choice|move 4|move 3
|
|move|p1a: Primeape|Submission|p2a: Kingler
|-damage|p2a: Kingler|95\/267
|-damage|p1a: Primeape|257\/300|[from] recoil|[of] p2a: Kingler
|move|p2a: Kingler|Body Slam|p1a: Primeape
|-damage|p1a: Primeape|174\/300
|
|turn|3
|choice|move 2|move 2
|
|move|p1a: Primeape|Hyper Beam|p2a: Kingler
|-damage|p2a: Kingler|0 fnt
|faint|p2a: Kingler
|choice||switch 5
|
|switch|p2a: Mewtwo|Mewtwo, L70|293\/293
|turn|4
|c|★Kanbe Kotori|bs
|choice|switch 5|move 1
|
|switch|p1a: Wigglytuff|Wigglytuff, L90|435\/435
|move|p2a: Mewtwo|Psychic|p1a: Wigglytuff
|-damage|p1a: Wigglytuff|320\/435
|-unboost|p1a: Wigglytuff|spd|1
|-unboost|p1a: Wigglytuff|spa|1
|
|turn|5
|choice|move 1|switch 2
|
|switch|p2a: Wigglytuff|Wigglytuff, L90|435\/435
|move|p1a: Wigglytuff|Sing|p2a: Wigglytuff|[miss]
|-miss|p1a: Wigglytuff
|
|turn|6
|choice|move 1|move 1
|
|move|p1a: Wigglytuff|Sing|p2a: Wigglytuff|[miss]
|-miss|p1a: Wigglytuff
|move|p2a: Wigglytuff|Blizzard|p1a: Wigglytuff|[miss]
|-miss|p2a: Wigglytuff
|
|turn|7
|choice|move 1|move 4
|
|move|p1a: Wigglytuff|Sing|p2a: Wigglytuff|[miss]
|-miss|p1a: Wigglytuff
|move|p2a: Wigglytuff|Sing|p1a: Wigglytuff|[miss]
|-miss|p2a: Wigglytuff
|
|turn|8
|choice|move 1|move 4
|
|move|p1a: Wigglytuff|Sing|p2a: Wigglytuff
|-status|p2a: Wigglytuff|slp
|cant|p2a: Wigglytuff|slp
|
|turn|9
|choice|switch 5|move 4
|
|switch|p1a: Primeape|Primeape, L90|174\/300
|cant|p2a: Wigglytuff|slp
|
|turn|10
|choice|move 4|switch 3
|
|switch|p2a: Gloom|Gloom, L90|291\/291
|move|p1a: Primeape|Submission|p2a: Gloom
|-crit|p2a: Gloom
|-resisted|p2a: Gloom
|-damage|p2a: Gloom|184\/291
|-damage|p1a: Primeape|148\/300|[from] recoil|[of] p2a: Gloom
|
|turn|11
|choice|move 1|move 1
|
|move|p1a: Primeape|Body Slam|p2a: Gloom
|-crit|p2a: Gloom
|-damage|p2a: Gloom|32\/291
|move|p2a: Gloom|Sleep Powder|p1a: Primeape|[miss]
|-miss|p2a: Gloom
|
|turn|12
|c|★Kanbe Kotori|hax
|choice|move 2|move 1
|
|move|p1a: Primeape|Hyper Beam|p2a: Gloom|[miss]
|-miss|p1a: Primeape
|move|p2a: Gloom|Sleep Powder|p1a: Primeape|[miss]
|-miss|p2a: Gloom
|
|turn|13
|c|★Nails|lmao
|c|★Kanbe Kotori|...
|choice|move 1|switch 2
|
|switch|p2a: Mewtwo|Mewtwo, L70|293\/293
|move|p1a: Primeape|Body Slam|p2a: Mewtwo
|-damage|p2a: Mewtwo|211\/293
|
|turn|14
|choice|switch 5|move 1
|
|switch|p1a: Wigglytuff|Wigglytuff, L90|320\/435
|move|p2a: Mewtwo|Psychic|p1a: Wigglytuff
|-damage|p1a: Wigglytuff|206\/435
|
|turn|15
|choice|move 4|move 1
|
|move|p2a: Mewtwo|Psychic|p1a: Wigglytuff
|-crit|p1a: Wigglytuff
|-damage|p1a: Wigglytuff|0 fnt
|faint|p1a: Wigglytuff
|choice|switch 6|
|
|switch|p1a: Persian|Persian, L79|265\/265
|turn|16
|c|★Nails|that was a planned crit btw
|choice|move 1|move 1
|
|move|p1a: Persian|Slash|p2a: Mewtwo
|-crit|p2a: Mewtwo
|-damage|p2a: Mewtwo|92\/293
|move|p2a: Mewtwo|Psychic|p1a: Persian
|-crit|p1a: Persian
|-damage|p1a: Persian|21\/265
|-unboost|p1a: Persian|spd|1
|-unboost|p1a: Persian|spa|1
|
|turn|17
|c|★Nails|oh right i'm slower
|choice|move 1|switch 4
|
|switch|p2a: Nidorina|Nidorina, L90|309\/309
|move|p1a: Persian|Slash|p2a: Nidorina
|-crit|p2a: Nidorina
|-damage|p2a: Nidorina|197\/309
|
|turn|18
|c|★Kanbe Kotori|persian is .fast
|choice|switch 4|move 2
|
|switch|p1a: Dugtrio|Dugtrio, L85|233\/233
|move|p2a: Nidorina|Body Slam|p1a: Dugtrio
|-damage|p1a: Dugtrio|158\/233
|
|turn|19
|c|★Kanbe Kotori|trapped
|c|★Kanbe Kotori|y\/n
|choice|move 2|switch 2
|
|switch|p2a: Gloom|Gloom, L90|32\/291
|move|p1a: Dugtrio|Substitute|p1a: Dugtrio
|-start|p1a: Dugtrio|Substitute
|-damage|p1a: Dugtrio|100\/233
|
|turn|20
|choice|move 1|move 1
|
|move|p1a: Dugtrio|Earthquake|p2a: Gloom
|-damage|p2a: Gloom|0 fnt
|faint|p2a: Gloom
|choice||switch 6
|
|switch|p2a: Dratini|Dratini, L96|274\/274
|turn|21
|choice|move 4|move 4
|
|move|p1a: Dugtrio|Sand Attack|p2a: Dratini
|-unboost|p2a: Dratini|accuracy|1
|move|p2a: Dratini|Agility|p2a: Dratini
|-boost|p2a: Dratini|spe|2
|
|turn|22
|choice|move 1|move 1
|
|move|p2a: Dratini|Ice Beam|p1a: Dugtrio
|-supereffective|p1a: Dugtrio
|-end|p1a: Dugtrio|Substitute
|move|p1a: Dugtrio|Earthquake|p2a: Dratini
|-damage|p2a: Dratini|143\/274
|
|turn|23
|c|★Nails|im not missin
|choice|move 1|move 1
|
|move|p2a: Dratini|Ice Beam|p1a: Dugtrio
|-supereffective|p1a: Dugtrio
|-damage|p1a: Dugtrio|0 fnt
|faint|p1a: Dugtrio
|choice|switch 2|
|
|switch|p1a: Charizard|Charizard, L85|306\/306
|turn|24
|choice|move 3|move 3
|
|move|p2a: Dratini|Thunder|p1a: Charizard|[miss]
|-miss|p2a: Dratini
|move|p1a: Charizard|Swords Dance|p1a: Charizard
|-boost|p1a: Charizard|atk|2
|
|turn|25
|choice|move 2|move 3
|
|move|p2a: Dratini|Thunder|p1a: Charizard|[miss]
|-miss|p2a: Dratini
|move|p1a: Charizard|Earthquake|p2a: Dratini
|-damage|p2a: Dratini|0 fnt
|faint|p2a: Dratini
|c|★Kanbe Kotori|nice
|choice||switch 2
|
|switch|p2a: Nidorina|Nidorina, L90|197\/309
|turn|26
|choice|move 1|move 3
|
|move|p1a: Charizard|Hyper Beam|p2a: Nidorina
|-damage|p2a: Nidorina|0 fnt
|faint|p2a: Nidorina
|L|r0ady
|choice||switch 4
|
|switch|p2a: Mewtwo|Mewtwo, L70|92\/293
|turn|27
|choice|move 2|move 2
|
|move|p1a: Charizard|Earthquake|p2a: Mewtwo
|-damage|p2a: Mewtwo|0 fnt
|faint|p2a: Mewtwo
|choice||switch 3
|
|switch|p2a: Wigglytuff|Wigglytuff, L90|435\/435 slp
|turn|28
|choice|move 2|move 3
|
|move|p1a: Charizard|Earthquake|p2a: Wigglytuff
|-damage|p2a: Wigglytuff|267\/435 slp
|cant|p2a: Wigglytuff|slp
|
|turn|29
|choice|move 1|move 3
|
|move|p1a: Charizard|Hyper Beam|p2a: Wigglytuff
|-damage|p2a: Wigglytuff|8\/435 slp
|-curestatus|p2a: Wigglytuff|slp
|
|turn|30
|-mustrecharge|p1a: Charizard
|-mustrecharge|p1a: Charizard
|choice|move 1|move 4
|
|cant|p1a: Charizard|recharge
|move|p2a: Wigglytuff|Sing|p1a: Charizard
|-status|p1a: Charizard|slp
|
|turn|31
|choice|switch 3|move 2
|
|switch|p1a: Koffing|Koffing, L96|272\/272
|move|p2a: Wigglytuff|Hyper Beam|p1a: Koffing
|-damage|p1a: Koffing|154\/272
|
|turn|32
|-mustrecharge|p2a: Wigglytuff
|c|★Kanbe Kotori|i have
|-mustrecharge|p2a: Wigglytuff
|c|★Kanbe Kotori|smogon
|choice|move 1|move 1
|
|cant|p2a: Wigglytuff|recharge
|move|p1a: Koffing|Explosion|p2a: Wigglytuff
|-damage|p2a: Wigglytuff|0 fnt
|faint|p2a: Wigglytuff
|faint|p1a: Koffing
|
|win|Kanbe Kotori