|J|qht
|J|hodor
|player|p1|qht|2
|player|p2|hodor|2
|gametype|singles
|gen|1
|tier|[Gen 1] Challenge Cup
|seed|19107,14229,14277,26407
|rule|Sleep Clause Mod: Limit one foe put to sleep
|rule|Freeze Clause Mod: Limit one foe frozen
|rule|HP Percentage Mod: HP is shown in percentages
|
|start
|switch|p1a: Butterfree|Butterfree, L73|222\/222
|switch|p2a: Spearow|Spearow, L82|220\/220
|turn|1
|c|★qht|ofc you get the matchup
|choice|switch 3|move 4
|
|switch|p1a: Rhydon|Rhydon, L68|269\/269
|move|p2a: Spearow|Fly|p1a: Rhydon|[still]
|-prepare|p2a: Spearow|Fly|p1a: Rhydon
|
|turn|2
|c|★hodor|oh shit
|c|★hodor|i shouldnt have done that
|c|★hodor|i forgot fly is bugged
|c|★qht|time to
|c|★hodor|in rby
|choice|move 3|move 1
|
|move|p2a: Spearow|Fly|p1a: Rhydon|[from]Fly
|-resisted|p1a: Rhydon
|-damage|p1a: Rhydon|246\/269
|move|p1a: Rhydon|Rock Slide|p2a: Spearow
|-supereffective|p2a: Spearow
|-damage|p2a: Spearow|0 fnt
|faint|p2a: Spearow
|c|★qht|slide some rocks
|choice||switch 4
|
|switch|p2a: Vileplume|Vileplume, L68|235\/235
|turn|3
|choice|switch 3|move 4
|
|switch|p1a: Butterfree|Butterfree, L73|222\/222
|move|p2a: Vileplume|Sleep Powder|p1a: Butterfree|[miss]
|-miss|p2a: Vileplume
|
|turn|4
|c|★hodor|whore
|c|★qht|got it
|choice|move 3|move 4
|
|move|p1a: Butterfree|Sleep Powder|p2a: Vileplume
|-status|p2a: Vileplume|slp
|cant|p2a: Vileplume|slp
|
|turn|5
|choice|move 4|move 4
|
|move|p1a: Butterfree|Take Down|p2a: Vileplume
|-damage|p2a: Vileplume|199\/235 slp
|-damage|p1a: Butterfree|213\/222|[from] recoil|[of] p2a: Vileplume
|cant|p2a: Vileplume|slp
|
|turn|6
|choice|move 4|switch 5
|
|switch|p2a: Shellder|Shellder, L77|190\/190
|move|p1a: Butterfree|Take Down|p2a: Shellder
|-damage|p2a: Shellder|160\/190
|-damage|p1a: Butterfree|206\/222|[from] recoil|[of] p2a: Shellder
|
|turn|7
|c|★hodor|want to play a game
|choice|move 1|move 3
|
|move|p1a: Butterfree|Poison Powder|p2a: Shellder
|-status|p2a: Shellder|psn
|move|p2a: Shellder|Clamp|p1a: Butterfree
|-damage|p1a: Butterfree|182\/222
|-activate|p1a: Butterfree|move: Clamp|[of] p2a: Shellder
|-damage|p2a: Shellder|149\/190 psn|[from] psn|[of] p1a: Butterfree
|
|turn|8
|c|★hodor|FUCK
|c|★hodor|NO
|c|★qht|xD
|c|★hodor|MY TOBES IS RUINED
|choice|switch 4|move 3
|
|switch|p1a: Gloom|Gloom, L72|232\/232
|move|p2a: Shellder|Clamp|p1a: Gloom
|-resisted|p1a: Gloom
|-damage|p1a: Gloom|221\/232
|-activate|p1a: Gloom|move: Clamp|[of] p2a: Shellder
|-damage|p2a: Shellder|138\/190 psn|[from] psn|[of] p1a: Gloom
|
|turn|9
|choice|move 4|switch 3
|
|switch|p2a: Snorlax|Snorlax, L68|345\/345
|cant|p1a: Gloom|partiallytrapped
|
|-end|p1a: Gloom|Clamp|[partiallytrapped]
|turn|10
|choice|move 3|move 1
|
|move|p1a: Gloom|Poison Powder|p2a: Snorlax
|-status|p2a: Snorlax|psn
|move|p2a: Snorlax|Psywave|p1a: Gloom
|-damage|p1a: Gloom|189\/232
|-damage|p2a: Snorlax|324\/345 psn|[from] psn|[of] p1a: Gloom
|
|turn|11
|choice|switch 3|move 4
|
|switch|p1a: Rhydon|Rhydon, L68|246\/269
|move|p2a: Snorlax|Mega Kick|p1a: Rhydon
|-resisted|p1a: Rhydon
|-damage|p1a: Rhydon|205\/269
|-damage|p2a: Snorlax|303\/345 psn|[from] psn|[of] p1a: Rhydon
|
|turn|12
|c|★hodor|i dont think i can win
|choice|move 4|switch 2
|
|switch|p2a: Ivysaur|Ivysaur, L72|231\/231
|move|p1a: Rhydon|Submission|p2a: Ivysaur
|-resisted|p2a: Ivysaur
|-damage|p2a: Ivysaur|200\/231
|-damage|p1a: Rhydon|198\/269|[from] recoil|[of] p2a: Ivysaur
|
|turn|13
|choice|switch 4|move 2
|
|switch|p1a: Butterfree|Butterfree, L73|182\/222
|move|p2a: Ivysaur|Leech Seed|p1a: Butterfree
|-start|p1a: Butterfree|move: Leech Seed
|
|turn|14
|c|★qht|yea thats what most of my opponents say
|c|★hodor|sleep powder miss
|c|★hodor|decided it
|c|★hodor|i think
|c|★qht|y
|c|★qht|but i had sleep on gloom
|c|★qht|anyways
|choice|move 4|move 4
|
|move|p1a: Butterfree|Take Down|p2a: Ivysaur|[miss]
|-miss|p1a: Butterfree
|-damage|p1a: Butterfree|169\/222|[from] Leech Seed|[of] p2a: Ivysaur
|-heal|p2a: Ivysaur|213\/231|[silent]
|move|p2a: Ivysaur|Mimic|p1a: Butterfree
|-start|p2a: Ivysaur|Mimic|Whirlwind
|
|turn|15
|c|★hodor|...
|c|★hodor|whirlwind
|c|★hodor|rip
|c|★hodor|lmao
|c|★qht|useful.
|choice|switch 6|switch 6
|
|switch|p1a: Psyduck|Psyduck, L78|229\/229
|switch|p2a: Arcanine|Arcanine, L66|244\/244
|
|turn|16
|choice|move 2|switch 6
|
|switch|p2a: Ivysaur|Ivysaur, L72|213\/231
|move|p1a: Psyduck|Surf|p2a: Ivysaur
|-resisted|p2a: Ivysaur
|-damage|p2a: Ivysaur|177\/231
|
|turn|17
|choice|move 4|move 3
|
|move|p2a: Ivysaur|Razor Leaf|p1a: Psyduck
|-crit|p1a: Psyduck
|-supereffective|p1a: Psyduck
|-damage|p1a: Psyduck|20\/229
|move|p1a: Psyduck|Blizzard|p2a: Ivysaur
|-supereffective|p2a: Ivysaur
|-damage|p2a: Ivysaur|61\/231
|
|turn|18
|choice|switch 6|move 3
|
|switch|p1a: Butterfree|Butterfree, L73|169\/222
|move|p2a: Ivysaur|Razor Leaf|p1a: Butterfree
|-crit|p1a: Butterfree
|-resisted|p1a: Butterfree
|-damage|p1a: Butterfree|148\/222
|
|turn|19
|choice|move 4|move 2
|
|move|p1a: Butterfree|Take Down|p2a: Ivysaur
|-damage|p2a: Ivysaur|25\/231
|-damage|p1a: Butterfree|139\/222|[from] recoil|[of] p2a: Ivysaur
|move|p2a: Ivysaur|Leech Seed|p1a: Butterfree
|-start|p1a: Butterfree|move: Leech Seed
|
|turn|20
|choice|move 4|move 4
|
|move|p1a: Butterfree|Take Down|p2a: Ivysaur
|-crit|p2a: Ivysaur
|-damage|p2a: Ivysaur|0 fnt
|-damage|p1a: Butterfree|133\/222|[from] recoil|[of] p2a: Ivysaur
|faint|p2a: Ivysaur
|choice||switch 6
|
|switch|p2a: Arcanine|Arcanine, L66|244\/244
|turn|21
|choice|move 1|move 1
|
|move|p2a: Arcanine|Fire Blast|p1a: Butterfree|[miss]
|-miss|p2a: Arcanine
|move|p1a: Butterfree|Poison Powder|p2a: Arcanine
|-status|p2a: Arcanine|psn
|-damage|p1a: Butterfree|120\/222|[from] Leech Seed|[of] p2a: Arcanine
|
|turn|22
|c|★hodor|gg
|c|★qht|got it
|c|★qht|gg
|-message|hodor forfeited.
|
|win|qht