|J|CasedVictory
|J|teal6
|player|p1|CasedVictory|3
|player|p2|teal6|280
|gametype|singles
|gen|1
|tier|[Gen 1] OU
|seed|
|rule|Sleep Clause Mod: Limit one foe put to sleep
|rule|Freeze Clause Mod: Limit one foe frozen
|rule|Species Clause: Limit one of each Pokémon
|rule|OHKO Clause: OHKO moves are banned
|rule|Evasion Moves Clause: Evasion moves are banned
|rule|HP Percentage Mod: HP is shown in percentages
|
|start
|switch|p1a: Alakazam|Alakazam, M|100\/100
|switch|p2a: Jynx|Jynx|100\/100
|turn|1
|choice||
|
|move|p1a: Alakazam|Thunder Wave|p2a: Jynx
|-status|p2a: Jynx|par
|move|p2a: Jynx|Lovely Kiss|p1a: Alakazam
|-status|p1a: Alakazam|slp
|
|turn|2
|choice||
|
|switch|p1a: Chansey|Chansey|100\/100
|switch|p2a: Snorlax|Snorlax, M|100\/100
|
|turn|3
|J|Finchinator
|choice||
|
|move|p1a: Chansey|Thunder Wave|p2a: Snorlax
|-status|p2a: Snorlax|par
|move|p2a: Snorlax|Body Slam|p1a: Chansey
|-damage|p1a: Chansey|58\/100
|
|turn|4
|choice||
|
|move|p1a: Chansey|Soft-Boiled|p1a: Chansey
|-heal|p1a: Chansey|100\/100
|cant|p2a: Snorlax|par
|
|turn|5
|choice||
|
|switch|p1a: Snorlax|Snorlax, M|100\/100
|move|p2a: Snorlax|Self-Destruct|p1a: Snorlax
|-damage|p1a: Snorlax|18\/100
|faint|p2a: Snorlax
|choice||
|
|switch|p2a: Tauros|Tauros|100\/100
|turn|6
|J|Dice
|choice||
|
|switch|p1a: Exeggutor|Exeggutor, M|100\/100
|move|p2a: Tauros|Body Slam|p1a: Exeggutor
|-damage|p1a: Exeggutor|72\/100
|
|turn|7
|choice||
|
|switch|p2a: Jynx|Jynx|100\/100 par
|move|p1a: Exeggutor|Sleep Powder|p2a: Jynx
|-fail|p2a: Jynx
|
|turn|8
|J|Steve Angello
|J|Aurious
|choice||
|
|switch|p1a: Chansey|Chansey|100\/100
|move|p2a: Jynx|Blizzard|p1a: Chansey
|-damage|p1a: Chansey|81\/100
|-status|p1a: Chansey|frz
|
|turn|9
|choice||
|
|switch|p1a: Alakazam|Alakazam, M|100\/100 slp
|switch|p2a: Tauros|Tauros|100\/100
|
|turn|10
|c|★teal6|first try, sorry man
|choice||
|
|switch|p1a: Golem|Golem, M|100\/100
|move|p2a: Tauros|Body Slam|p1a: Golem
|-resisted|p1a: Golem
|-damage|p1a: Golem|90\/100
|-status|p1a: Golem|par
|
|turn|11
|choice||
|
|switch|p2a: Exeggutor|Exeggutor, M|100\/100
|cant|p1a: Golem|par
|
|turn|12
|choice||
|
|switch|p2a: Jynx|Jynx|100\/100 par
|switch|p1a: Exeggutor|Exeggutor, M|72\/100
|
|turn|13
|choice||
|
|switch|p1a: Chansey|Chansey|81\/100 frz
|move|p2a: Jynx|Blizzard|p1a: Chansey
|-damage|p1a: Chansey|61\/100 frz
|
|turn|14
|choice||
|
|switch|p1a: Exeggutor|Exeggutor, M|72\/100
|cant|p2a: Jynx|par
|
|turn|15
|choice||
|
|move|p1a: Exeggutor|Explosion|p2a: Jynx
|-damage|p2a: Jynx|0 fnt
|faint|p2a: Jynx
|faint|p1a: Exeggutor
|J|3584O
|choice||
|
|switch|p2a: Exeggutor|Exeggutor, M|100\/100
|switch|p1a: Golem|Golem, M|90\/100 par
|turn|16
|L|3584O
|choice||
|
|move|p2a: Exeggutor|Psychic|p1a: Golem
|-damage|p1a: Golem|43\/100 par
|move|p1a: Golem|Explosion|p2a: Exeggutor
|-damage|p2a: Exeggutor|25\/100
|faint|p1a: Golem
|choice||
|
|switch|p1a: Tauros|Tauros|100\/100
|turn|17
|choice||
|
|move|p1a: Tauros|Body Slam|p2a: Exeggutor
|-crit|p2a: Exeggutor
|-damage|p2a: Exeggutor|0 fnt
|faint|p2a: Exeggutor
|choice||
|
|switch|p2a: Tauros|Tauros|100\/100
|turn|18
|choice||
|
|move|p2a: Tauros|Body Slam|p1a: Tauros
|-damage|p1a: Tauros|72\/100
|move|p1a: Tauros|Body Slam|p2a: Tauros
|-damage|p2a: Tauros|71\/100
|
|turn|19
|choice||
|
|move|p1a: Tauros|Body Slam|p2a: Tauros
|-crit|p2a: Tauros
|-damage|p2a: Tauros|15\/100
|move|p2a: Tauros|Hyper Beam|p1a: Tauros|[miss]
|-miss|p2a: Tauros
|
|turn|20
|c|★CasedVictory|rofl
|c|★CasedVictory|notlikethis
|choice||
|
|move|p2a: Tauros|Body Slam|p1a: Tauros
|-damage|p1a: Tauros|44\/100
|move|p1a: Tauros|Body Slam|p2a: Tauros
|-damage|p2a: Tauros|0 fnt
|faint|p2a: Tauros
|c|★teal6|heh
|choice||
|
|switch|p2a: Chansey|Chansey|100\/100
|turn|21
|choice||
|
|switch|p1a: Alakazam|Alakazam, M|100\/100 slp
|move|p2a: Chansey|Ice Beam|p1a: Alakazam
|-damage|p1a: Alakazam|80\/100 slp
|
|turn|22
|choice||
|
|switch|p2a: Slowbro|Slowbro|100\/100
|cant|p1a: Alakazam|slp
|
|turn|23
|choice||
|
|cant|p1a: Alakazam|slp
|move|p2a: Slowbro|Amnesia|p2a: Slowbro
|-boost|p2a: Slowbro|spd|2
|-boost|p2a: Slowbro|spa|2
|
|turn|24
|choice||
|
|cant|p1a: Alakazam|slp
|move|p2a: Slowbro|Surf|p1a: Alakazam
|-damage|p1a: Alakazam|27\/100 slp
|
|turn|25
|choice||
|
|cant|p1a: Alakazam|slp
|move|p2a: Slowbro|Surf|p1a: Alakazam
|-damage|p1a: Alakazam|0 fnt
|faint|p1a: Alakazam
|choice||
|
|switch|p1a: Snorlax|Snorlax, M|18\/100
|turn|26
|choice||
|
|move|p2a: Slowbro|Surf|p1a: Snorlax
|-damage|p1a: Snorlax|0 fnt
|faint|p1a: Snorlax
|c|★CasedVictory|darn
|choice||
|
|switch|p1a: Tauros|Tauros|44\/100
|turn|27
|c|★teal6|boom\/
|choice||
|
|move|p1a: Tauros|Hyper Beam|p2a: Slowbro
|-damage|p2a: Slowbro|59\/100
|move|p2a: Slowbro|Surf|p1a: Tauros
|-damage|p1a: Tauros|0 fnt
|faint|p1a: Tauros
|c|★CasedVictory|ya
|c|★CasedVictory|gg
|c|★teal6|gg
|L|CasedVictory
|player|p1
|L|Steve Angello
|L|Aurious
|-message|CasedVictory lost due to inactivity.
|
|win|teal6