|J|Nails
|J|papai noel
|player|p1|Nails|101
|player|p2|papai noel|161
|gametype|singles
|gen|1
|tier|[Gen 1] OU
|seed|22205,171,9047,63889
|rule|Sleep Clause Mod: Limit one foe put to sleep
|rule|Freeze Clause Mod: Limit one foe frozen
|rule|Species Clause: Limit one of each Pokémon
|rule|OHKO Clause: OHKO moves are banned
|rule|Evasion Moves Clause: Evasion moves are banned
|rule|HP Percentage Mod: HP is shown in percentages
|
|start
|switch|p1a: Starmie|Starmie|323\/323
|switch|p2a: Alakazam|Alakazam|313\/313
|turn|1
|J|fapkingg
|choice|move 1|move 4
|
|move|p2a: Alakazam|Seismic Toss|p1a: Starmie
|-damage|p1a: Starmie|223\/323
|move|p1a: Starmie|Thunder Wave|p2a: Alakazam
|-status|p2a: Alakazam|par
|
|turn|2
|choice|move 2|move 1
|
|move|p1a: Starmie|Hydro Pump|p2a: Alakazam
|-damage|p2a: Alakazam|206\/313 par
|move|p2a: Alakazam|Psychic|p1a: Starmie
|-resisted|p1a: Starmie
|-damage|p1a: Starmie|156\/323
|-unboost|p1a: Starmie|spd|1
|-unboost|p1a: Starmie|spa|1
|
|turn|3
|choice|move 4|move 3
|
|move|p1a: Starmie|Recover|p1a: Starmie
|-heal|p1a: Starmie|317\/323
|move|p2a: Alakazam|Recover|p2a: Alakazam
|-heal|p2a: Alakazam|313\/313 par
|
|turn|4
|choice|switch 4|move 1
|
|switch|p1a: Alakazam|Alakazam|313\/313
|move|p2a: Alakazam|Psychic|p1a: Alakazam
|-resisted|p1a: Alakazam
|-damage|p1a: Alakazam|261\/313
|
|turn|5
|choice|switch 4|move 4
|
|switch|p1a: Starmie|Starmie|317\/323
|move|p2a: Alakazam|Seismic Toss|p1a: Starmie
|-damage|p1a: Starmie|217\/323
|
|turn|6
|L|fapkingg
|choice|move 3|move 2
|
|move|p1a: Starmie|Psychic|p2a: Alakazam
|-resisted|p2a: Alakazam
|-damage|p2a: Alakazam|269\/313 par
|cant|p2a: Alakazam|par
|
|turn|7
|choice|move 3|move 2
|
|move|p1a: Starmie|Psychic|p2a: Alakazam
|-resisted|p2a: Alakazam
|-damage|p2a: Alakazam|230\/313 par
|move|p2a: Alakazam|Thunder Wave|p1a: Starmie
|-status|p1a: Starmie|par
|
|turn|8
|J|Triangles RSE
|choice|move 3|move 4
|
|move|p2a: Alakazam|Seismic Toss|p1a: Starmie
|-damage|p1a: Starmie|117\/323 par
|cant|p1a: Starmie|par
|
|turn|9
|choice|move 4|move 4
|
|cant|p2a: Alakazam|par
|move|p1a: Starmie|Recover|p1a: Starmie
|-heal|p1a: Starmie|278\/323 par
|
|turn|10
|choice|move 3|move 4
|
|move|p2a: Alakazam|Seismic Toss|p1a: Starmie
|-damage|p1a: Starmie|178\/323 par
|move|p1a: Starmie|Psychic|p2a: Alakazam
|-resisted|p2a: Alakazam
|-damage|p2a: Alakazam|187\/313 par
|
|turn|11
|choice|move 4|move 3
|
|move|p2a: Alakazam|Recover|p2a: Alakazam
|-heal|p2a: Alakazam|313\/313 par
|move|p1a: Starmie|Recover|p1a: Starmie
|-heal|p1a: Starmie|323\/323 par
|
|turn|12
|choice|move 3|move 4
|
|move|p2a: Alakazam|Seismic Toss|p1a: Starmie
|-damage|p1a: Starmie|223\/323 par
|move|p1a: Starmie|Psychic|p2a: Alakazam
|-crit|p2a: Alakazam
|-resisted|p2a: Alakazam
|-damage|p2a: Alakazam|231\/313 par
|
|turn|13
|choice|move 4|move 4
|
|move|p2a: Alakazam|Seismic Toss|p1a: Starmie
|-damage|p1a: Starmie|123\/323 par
|move|p1a: Starmie|Recover|p1a: Starmie
|-heal|p1a: Starmie|284\/323 par
|
|turn|14
|choice|switch 2|move 4
|
|switch|p1a: Snorlax|Snorlax|523\/523
|cant|p2a: Alakazam|par
|
|turn|15
|choice|move 1|switch 4
|
|switch|p2a: Exeggutor|Exeggutor|393\/393
|move|p1a: Snorlax|Body Slam|p2a: Exeggutor
|-damage|p2a: Exeggutor|271\/393
|
|turn|16
|choice|switch 2|move 1
|
|switch|p1a: Starmie|Starmie|284\/323 par
|move|p2a: Exeggutor|Sleep Powder|p1a: Starmie|[miss]
|-miss|p2a: Exeggutor
|
|turn|17
|choice|switch 2|move 3
|
|switch|p1a: Snorlax|Snorlax|523\/523
|move|p2a: Exeggutor|Mega Drain|p1a: Snorlax
|-damage|p1a: Snorlax|452\/523
|-heal|p2a: Exeggutor|306\/393|[from] drain|[of] p1a: Snorlax
|
|turn|18
|choice|switch 2|move 1
|
|switch|p1a: Starmie|Starmie|284\/323 par
|move|p2a: Exeggutor|Sleep Powder|p1a: Starmie
|-fail|p1a: Starmie
|
|turn|19
|choice|move 1|move 3
|
|move|p2a: Exeggutor|Mega Drain|p1a: Starmie
|-supereffective|p1a: Starmie
|-damage|p1a: Starmie|165\/323 par
|-heal|p2a: Exeggutor|365\/393|[from] drain|[of] p1a: Starmie
|move|p1a: Starmie|Thunder Wave|p2a: Exeggutor
|-status|p2a: Exeggutor|par
|
|turn|20
|choice|move 4|move 3
|
|move|p1a: Starmie|Recover|p1a: Starmie
|-heal|p1a: Starmie|323\/323 par
|move|p2a: Exeggutor|Mega Drain|p1a: Starmie
|-supereffective|p1a: Starmie
|-damage|p1a: Starmie|211\/323 par
|-heal|p2a: Exeggutor|393\/393 par|[from] drain|[of] p1a: Starmie
|
|turn|21
|J|MoxieInfinite
|L|MoxieInfinite
|choice|move 3|move 2
|
|move|p1a: Starmie|Psychic|p2a: Exeggutor
|-resisted|p2a: Exeggutor
|-damage|p2a: Exeggutor|350\/393 par
|move|p2a: Exeggutor|Psychic|p1a: Starmie
|-resisted|p1a: Starmie
|-damage|p1a: Starmie|149\/323 par
|
|turn|22
|choice|move 4|move 2
|
|move|p1a: Starmie|Recover|p1a: Starmie
|-heal|p1a: Starmie|310\/323 par
|move|p2a: Exeggutor|Psychic|p1a: Starmie
|-resisted|p1a: Starmie
|-damage|p1a: Starmie|247\/323 par
|
|turn|23
|choice|move 3|move 3
|
|move|p1a: Starmie|Psychic|p2a: Exeggutor
|-crit|p2a: Exeggutor
|-resisted|p2a: Exeggutor
|-damage|p2a: Exeggutor|268\/393 par
|-unboost|p2a: Exeggutor|spd|1
|-unboost|p2a: Exeggutor|spa|1
|move|p2a: Exeggutor|Mega Drain|p1a: Starmie
|-supereffective|p1a: Starmie
|-damage|p1a: Starmie|178\/323 par
|-heal|p2a: Exeggutor|302\/393 par|[from] drain|[of] p1a: Starmie
|
|turn|24
|choice|move 4|switch 4
|
|switch|p2a: Alakazam|Alakazam|231\/313 par
|cant|p1a: Starmie|par
|
|turn|25
|choice|move 4|move 4
|
|move|p2a: Alakazam|Seismic Toss|p1a: Starmie
|-damage|p1a: Starmie|78\/323 par
|cant|p1a: Starmie|par
|
|turn|26
|choice|switch 2|move 1
|
|switch|p1a: Snorlax|Snorlax|452\/523
|move|p2a: Alakazam|Psychic|p1a: Snorlax
|-damage|p1a: Snorlax|272\/523
|
|turn|27
|choice|move 2|switch 6
|
|switch|p2a: Chansey|Chansey|703\/703
|move|p1a: Snorlax|Hyper Beam|p2a: Chansey
|-damage|p2a: Chansey|185\/703
|
|turn|28
|-mustrecharge|p1a: Snorlax
|-mustrecharge|p1a: Snorlax
|choice|move 1|move 3
|
|move|p2a: Chansey|Sing|p1a: Snorlax
|-status|p1a: Snorlax|slp
|cant|p1a: Snorlax|recharge
|
|turn|29
|choice|switch 2|move 4
|
|switch|p1a: Starmie|Starmie|78\/323 par
|move|p2a: Chansey|Soft-Boiled|p2a: Chansey
|-heal|p2a: Chansey|536\/703
|
|turn|30
|choice|move 4|move 2
|
|move|p2a: Chansey|Thunderbolt|p1a: Starmie
|-supereffective|p1a: Starmie
|-damage|p1a: Starmie|0 fnt
|faint|p1a: Starmie
|choice|switch 5|
|
|switch|p1a: Exeggutor|Exeggutor|393\/393
|turn|31
|choice|move 2|switch 6
|
|switch|p2a: Alakazam|Alakazam|231\/313 par
|move|p1a: Exeggutor|Psychic|p2a: Alakazam
|-resisted|p2a: Alakazam
|-damage|p2a: Alakazam|178\/313 par
|
|turn|32
|choice|move 3|move 3
|
|move|p1a: Exeggutor|Hyper Beam|p2a: Alakazam
|-damage|p2a: Alakazam|4\/313 par
|move|p2a: Alakazam|Recover|p2a: Alakazam
|-heal|p2a: Alakazam|160\/313 par
|
|turn|33
|-mustrecharge|p1a: Exeggutor
|c|★Nails|f*Ck
|-mustrecharge|p1a: Exeggutor
|choice|move 1|move 3
|
|cant|p1a: Exeggutor|recharge
|move|p2a: Alakazam|Recover|p2a: Alakazam
|-heal|p2a: Alakazam|313\/313 par
|
|turn|34
|c|★Nails|low af roll
|c|★papai noel|nah g
|c|★papai noel|i got def investment
|c|★Nails|o
|c|★Nails|didnt plan
|c|★Nails|4 that
|c|★Nails|:\/
|c|★papai noel|i hear that often 
|c|★papai noel|:ç
|choice|switch 4|move 4
|
|switch|p1a: Alakazam|Alakazam|261\/313
|move|p2a: Alakazam|Seismic Toss|p1a: Alakazam
|-damage|p1a: Alakazam|161\/313
|
|turn|35
|choice|move 4|move 2
|
|move|p1a: Alakazam|Recover|p1a: Alakazam
|-heal|p1a: Alakazam|313\/313
|move|p2a: Alakazam|Thunder Wave|p1a: Alakazam
|-status|p1a: Alakazam|par
|
|turn|36
|choice|move 1|move 4
|
|move|p2a: Alakazam|Seismic Toss|p1a: Alakazam
|-damage|p1a: Alakazam|213\/313 par
|move|p1a: Alakazam|Psychic|p2a: Alakazam
|-resisted|p2a: Alakazam
|-damage|p2a: Alakazam|263\/313 par
|
|turn|37
|choice|move 4|move 4
|
|move|p2a: Alakazam|Seismic Toss|p1a: Alakazam
|-damage|p1a: Alakazam|113\/313 par
|cant|p1a: Alakazam|par
|
|turn|38
|choice|move 4|switch 5
|
|switch|p2a: Tauros|Tauros|353\/353
|move|p1a: Alakazam|Recover|p1a: Alakazam
|-heal|p1a: Alakazam|269\/313 par
|
|turn|39
|choice|move 2|move 2
|
|move|p2a: Tauros|Blizzard|p1a: Alakazam
|-damage|p1a: Alakazam|206\/313 par
|cant|p1a: Alakazam|par
|
|turn|40
|c|★Nails|bs
|c|★Nails|imo
|c|★papai noel|yn
|c|★Nails|Y
|choice|switch 4|move 1
|
|switch|p1a: Exeggutor|Exeggutor|393\/393
|move|p2a: Tauros|Body Slam|p1a: Exeggutor
|-damage|p1a: Exeggutor|276\/393
|-status|p1a: Exeggutor|par
|
|turn|41
|choice|move 2|switch 2
|
|switch|p2a: Starmie|Starmie|323\/323
|cant|p1a: Exeggutor|par
|
|turn|42
|choice|move 1|move 1
|
|move|p2a: Starmie|Blizzard|p1a: Exeggutor
|-crit|p1a: Exeggutor
|-supereffective|p1a: Exeggutor
|-damage|p1a: Exeggutor|0 fnt
|faint|p1a: Exeggutor
|c|★Nails|rude
|c|★papai noel|i own
|c|★papai noel|at rby
|c|★papai noel|omg
|choice|switch 6|
|
|switch|p1a: Zapdos|Zapdos|383\/383
|turn|43
|choice|move 1|move 1
|
|move|p2a: Starmie|Blizzard|p1a: Zapdos
|-crit|p1a: Zapdos
|-supereffective|p1a: Zapdos
|-damage|p1a: Zapdos|79\/383
|move|p1a: Zapdos|Thunderbolt|p2a: Starmie
|-supereffective|p2a: Starmie
|-damage|p2a: Starmie|64\/323
|-status|p2a: Starmie|par
|
|turn|44
|c|★Nails|ok time to
|c|★Nails|stop playing you with nails teams
|c|★papai noel|i'll
|c|★papai noel|preserve
|c|★Nails|and use real teams
|choice|move 2|switch 3
|
|switch|p2a: Snorlax|Snorlax|523\/523
|move|p1a: Zapdos|Drill Peck|p2a: Snorlax
|-damage|p2a: Snorlax|418\/523
|
|turn|45
|c|★papai noel|the sh*t out of you
|choice|move 1|move 1
|
|move|p1a: Zapdos|Thunderbolt|p2a: Snorlax
|-damage|p2a: Snorlax|242\/523
|move|p2a: Snorlax|Body Slam|p1a: Zapdos
|-damage|p1a: Zapdos|0 fnt
|faint|p1a: Zapdos
|choice|switch 3|
|
|switch|p1a: Tauros|Tauros|353\/353
|turn|46
|choice|move 1|switch 2
|
|switch|p2a: Tauros|Tauros|353\/353
|move|p1a: Tauros|Body Slam|p2a: Tauros
|-damage|p2a: Tauros|258\/353
|
|turn|47
|choice|move 3|move 2
|
|move|p2a: Tauros|Blizzard|p1a: Tauros
|-damage|p1a: Tauros|266\/353
|move|p1a: Tauros|Blizzard|p2a: Tauros
|-crit|p2a: Tauros
|-damage|p2a: Tauros|64\/353
|-status|p2a: Tauros|frz
|
|turn|48
|c|★papai noel|LOL
|c|★papai noel|shit
|choice|move 1|move 4
|
|move|p1a: Tauros|Body Slam|p2a: Tauros
|-damage|p2a: Tauros|0 fnt
|faint|p2a: Tauros
|choice||switch 4
|
|switch|p2a: Exeggutor|Exeggutor|302\/393 par
|turn|49
|choice|switch 4|move 4
|
|switch|p1a: Alakazam|Alakazam|206\/313 par
|move|p2a: Exeggutor|Explosion|p1a: Alakazam
|-damage|p1a: Alakazam|0 fnt
|faint|p1a: Alakazam
|faint|p2a: Exeggutor
|choice|switch 4|switch 6
|
|switch|p1a: Tauros|Tauros|266\/353
|switch|p2a: Chansey|Chansey|536\/703
|turn|50
|choice|move 4|move 4
|
|move|p1a: Tauros|Hyper Beam|p2a: Chansey
|-damage|p2a: Chansey|21\/703
|move|p2a: Chansey|Soft-Boiled|p2a: Chansey
|-heal|p2a: Chansey|372\/703
|
|turn|51
|-mustrecharge|p1a: Tauros
|-mustrecharge|p1a: Tauros
|c|★Nails|drats
|choice|move 1|move 1
|
|cant|p1a: Tauros|recharge
|move|p2a: Chansey|Ice Beam|p1a: Tauros
|-damage|p1a: Tauros|173\/353
|-status|p1a: Tauros|frz
|
|turn|52
|c|★papai noel|YES
|c|★papai noel|CHONSEY
|c|★Nails|ah u got me
|c|★Nails|right i didnt need to play for the beam crit
|c|★Nails|cuz you are no twave
|c|★Nails|im bad
|c|★papai noel|im worse tho
|-message|Nails forfeited.
|
|win|papai noel