|J|RainPB
|J|Enigami
|player|p1|RainPB|233
|player|p2|Enigami|1
|gametype|singles
|gen|1
|tier|[Gen 1] OU (tradeback)
|seed|53092,37214,25458,3834
|rule|Sleep Clause Mod: Limit one foe put to sleep
|rule|Freeze Clause Mod: Limit one foe frozen
|rule|Species Clause: Limit one of each Pokémon
|rule|OHKO Clause: OHKO moves are banned
|rule|Evasion Moves Clause: Evasion moves are banned
|rule|HP Percentage Mod: HP is shown in percentages
|
|start
|switch|p1a: Starmie|Starmie|323\/323
|switch|p2a: Alakazam|Alakazam|313\/313
|turn|1
|c|★RainPB|hf
|c|★Enigami|gl hf
|choice|move 1|move 3
|
|move|p2a: Alakazam|Thunder Wave|p1a: Starmie
|-status|p1a: Starmie|par
|move|p1a: Starmie|Blizzard|p2a: Alakazam
|-crit|p2a: Alakazam
|-damage|p2a: Alakazam|175\/313
|
|turn|2
|choice|move 1|move 4
|
|move|p2a: Alakazam|Recover|p2a: Alakazam
|-heal|p2a: Alakazam|313\/313
|move|p1a: Starmie|Blizzard|p2a: Alakazam
|-damage|p2a: Alakazam|236\/313
|
|turn|3
|choice|move 1|switch 4
|
|switch|p2a: Chansey|Chansey|703\/703
|move|p1a: Starmie|Blizzard|p2a: Chansey
|-damage|p2a: Chansey|616\/703
|-status|p2a: Chansey|frz
|
|turn|4
|c|★Enigami|Welp
|choice|move 3|switch 4
|
|switch|p2a: Alakazam|Alakazam|236\/313
|move|p1a: Starmie|Thunder Wave|p2a: Alakazam
|-status|p2a: Alakazam|par
|
|turn|5
|choice|move 2|move 1
|
|move|p2a: Alakazam|Psychic|p1a: Starmie
|-resisted|p1a: Starmie
|-damage|p1a: Starmie|263\/323 par
|move|p1a: Starmie|Psychic|p2a: Alakazam
|-resisted|p2a: Alakazam
|-damage|p2a: Alakazam|195\/313 par
|
|turn|6
|choice|switch 4|move 1
|
|switch|p1a: Snorlax|Snorlax|523\/523
|cant|p2a: Alakazam|par
|
|turn|7
|choice|move 1|switch 3
|
|switch|p2a: Exeggutor|Exeggutor|393\/393
|move|p1a: Snorlax|Body Slam|p2a: Exeggutor
|-damage|p2a: Exeggutor|281\/393
|
|turn|8
|choice|switch 4|move 3
|
|switch|p1a: Starmie|Starmie|263\/323 par
|move|p2a: Exeggutor|Mega Drain|p1a: Starmie
|-supereffective|p1a: Starmie
|-damage|p1a: Starmie|153\/323 par
|-heal|p2a: Exeggutor|336\/393|[from] drain|[of] p1a: Starmie
|
|turn|9
|choice|switch 3|switch 3
|
|switch|p2a: Alakazam|Alakazam|195\/313 par
|switch|p1a: Exeggutor|Exeggutor|393\/393
|
|turn|10
|choice|move 2|move 2
|
|move|p1a: Exeggutor|Psychic|p2a: Alakazam
|-resisted|p2a: Alakazam
|-damage|p2a: Alakazam|143\/313 par
|move|p2a: Alakazam|Fire Punch|p1a: Exeggutor
|-supereffective|p1a: Exeggutor
|-damage|p1a: Exeggutor|273\/393
|
|turn|11
|choice|move 3|switch 5
|
|switch|p2a: Snorlax|Snorlax|523\/523
|move|p1a: Exeggutor|Hyper Beam|p2a: Snorlax
|-damage|p2a: Snorlax|366\/523
|
|turn|12
|-mustrecharge|p1a: Exeggutor
|-mustrecharge|p1a: Exeggutor
|choice|move 1|move 1
|
|cant|p1a: Exeggutor|recharge
|move|p2a: Snorlax|Body Slam|p1a: Exeggutor
|-damage|p1a: Exeggutor|149\/393
|
|turn|13
|choice|move 3|switch 5
|
|switch|p2a: Alakazam|Alakazam|143\/313 par
|move|p1a: Exeggutor|Hyper Beam|p2a: Alakazam
|-damage|p2a: Alakazam|0 fnt
|faint|p2a: Alakazam
|choice||switch 2
|
|switch|p2a: Tauros|Tauros|353\/353
|turn|14
|choice|switch 6|move 4
|
|switch|p1a: Chansey|Chansey|703\/703
|move|p2a: Tauros|Blizzard|p1a: Chansey
|-damage|p1a: Chansey|636\/703
|
|turn|15
|choice|switch 6|switch 4
|
|switch|p2a: Chansey|Chansey|616\/703 frz
|switch|p1a: Exeggutor|Exeggutor|149\/393
|
|turn|16
|choice|move 1|move 3
|
|move|p1a: Exeggutor|Sleep Powder|p2a: Chansey|[miss]
|-miss|p1a: Exeggutor
|cant|p2a: Chansey|frz
|
|turn|17
|choice|move 1|move 3
|
|move|p1a: Exeggutor|Sleep Powder|p2a: Chansey
|-fail|p2a: Chansey
|cant|p2a: Chansey|frz
|
|turn|18
|choice|move 1|move 3
|
|move|p1a: Exeggutor|Sleep Powder|p2a: Chansey
|-fail|p2a: Chansey
|cant|p2a: Chansey|frz
|
|turn|19
|choice|move 1|move 3
|
|move|p1a: Exeggutor|Sleep Powder|p2a: Chansey
|-fail|p2a: Chansey
|cant|p2a: Chansey|frz
|
|turn|20
|choice|move 1|move 3
|
|move|p1a: Exeggutor|Sleep Powder|p2a: Chansey
|-fail|p2a: Chansey
|cant|p2a: Chansey|frz
|
|turn|21
|choice|move 1|move 3
|
|move|p1a: Exeggutor|Sleep Powder|p2a: Chansey
|-fail|p2a: Chansey
|cant|p2a: Chansey|frz
|
|turn|22
|choice|move 2|move 3
|
|move|p1a: Exeggutor|Psychic|p2a: Chansey
|-damage|p2a: Chansey|496\/703 frz
|cant|p2a: Chansey|frz
|
|turn|23
|choice|move 2|move 3
|
|move|p1a: Exeggutor|Psychic|p2a: Chansey
|-damage|p2a: Chansey|368\/703 frz
|cant|p2a: Chansey|frz
|
|turn|24
|choice|move 2|switch 4
|
|switch|p2a: Tauros|Tauros|353\/353
|move|p1a: Exeggutor|Psychic|p2a: Tauros
|-damage|p2a: Tauros|186\/353
|
|turn|25
|choice|move 1|move 1
|
|move|p2a: Tauros|Body Slam|p1a: Exeggutor
|-damage|p1a: Exeggutor|44\/393
|-status|p1a: Exeggutor|par
|move|p1a: Exeggutor|Sleep Powder|p2a: Tauros
|-status|p2a: Tauros|slp
|
|turn|26
|choice|move 4|move 1
|
|-curestatus|p2a: Tauros|slp
|cant|p1a: Exeggutor|par
|
|turn|27
|choice|move 4|move 1
|
|move|p2a: Tauros|Body Slam|p1a: Exeggutor
|-damage|p1a: Exeggutor|0 fnt
|faint|p1a: Exeggutor
|choice|switch 5|
|
|switch|p1a: Tauros|Tauros|353\/353
|turn|28
|choice|move 2|switch 4
|
|switch|p2a: Chansey|Chansey|368\/703 frz
|move|p1a: Tauros|Body Slam|p2a: Chansey
|-damage|p2a: Chansey|116\/703 frz
|
|turn|29
|choice|switch 2|move 2
|
|switch|p1a: Hypno|Hypno|373\/373
|cant|p2a: Chansey|frz
|
|turn|30
|choice|move 1|switch 3
|
|switch|p2a: Exeggutor|Exeggutor|336\/393
|move|p1a: Hypno|Amnesia|p1a: Hypno
|-boost|p1a: Hypno|spd|2
|-boost|p1a: Hypno|spa|2
|
|turn|31
|choice|move 3|move 1
|
|move|p1a: Hypno|Ice Punch|p2a: Exeggutor
|-crit|p2a: Exeggutor
|-supereffective|p2a: Exeggutor
|-damage|p2a: Exeggutor|103\/393
|move|p2a: Exeggutor|Sleep Powder|p1a: Hypno
|-status|p1a: Hypno|slp
|
|turn|32
|choice|move 3|move 2
|
|cant|p1a: Hypno|slp
|move|p2a: Exeggutor|Explosion|p1a: Hypno
|-damage|p1a: Hypno|29\/373 slp
|faint|p2a: Exeggutor
|choice||switch 6
|
|switch|p2a: Pinsir|Pinsir|333\/333
|turn|33
|c|★RainPB|ah
|c|★RainPB|hm
|choice|switch 4|move 4
|
|switch|p1a: Snorlax|Snorlax|523\/523
|move|p2a: Pinsir|Swords Dance|p2a: Pinsir
|-boost|p2a: Pinsir|atk|2
|
|turn|34
|choice|move 4|move 1
|
|move|p2a: Pinsir|Slash|p1a: Snorlax
|-crit|p1a: Snorlax
|-damage|p1a: Snorlax|367\/523
|move|p1a: Snorlax|Self-Destruct|p2a: Pinsir
|-damage|p2a: Pinsir|0 fnt
|faint|p2a: Pinsir
|faint|p1a: Snorlax
|choice|switch 2|switch 5
|
|switch|p1a: Tauros|Tauros|353\/353
|switch|p2a: Snorlax|Snorlax|366\/523
|turn|35
|choice|switch 4|move 4
|
|switch|p1a: Hypno|Hypno|29\/373 slp
|move|p2a: Snorlax|Self-Destruct|p1a: Hypno
|-damage|p1a: Hypno|0 fnt
|faint|p1a: Hypno
|faint|p2a: Snorlax
|c|★Enigami|FRICK
|choice|switch 4|switch 4
|
|switch|p1a: Tauros|Tauros|353\/353
|switch|p2a: Tauros|Tauros|186\/353
|turn|36
|c|★Enigami|All up to HP crits now...
|choice|move 2|move 2
|
|move|p2a: Tauros|Hyper Beam|p1a: Tauros
|-damage|p1a: Tauros|184\/353
|move|p1a: Tauros|Body Slam|p2a: Tauros
|-crit|p2a: Tauros
|-damage|p2a: Tauros|0 fnt
|faint|p2a: Tauros
|c|★RainPB|welp
|c|★RainPB|gg
|c|★Enigami|Darn it.
|c|★RainPB|i guess
|c|★Enigami|Really screwed up with Lax.
|c|★RainPB|i almost stayed in too
|c|★Enigami|I thought you'd actually stay in.
|-message|Enigami forfeited.
|
|win|RainPB
|c|★RainPB|gg
|L|Enigami
|player|p2
|J|Sapientia
|L|Sapientia
|L|RainPB
|player|p1
|J|giara