|inactive|Battle timer is ON: inactive players will automatically lose when time's up.
|J|BKC
|J|Dice
|player|p1|BKC|#bkc
|player|p2|Dice|168
|gametype|singles
|gen|1
|tier|[Gen 1] OU
|seed|41565,13625,41257,33858
|rule|Sleep Clause Mod: Limit one foe put to sleep
|rule|Freeze Clause Mod: Limit one foe frozen
|rule|Species Clause: Limit one of each Pokémon
|rule|OHKO Clause: OHKO moves are banned
|rule|Evasion Moves Clause: Evasion moves are banned
|rule|HP Percentage Mod: HP is shown in percentages
|
|start
|switch|p1a: eyesland|Gengar|323\/323
|switch|p2a: Starmie|Starmie|323\/323
|turn|1
|J|Tesung
|J|Omfuga
|choice|switch 4|switch 5
|
|switch|p2a: Exeggutor|Exeggutor|393\/393
|switch|p1a: depths of my soul|Chansey|703\/703
|
|turn|2
|c|★BKC|nice move, tiba
|c|★Dice|._.
|J|smurfer
|choice|switch 4|move 4
|
|switch|p1a: eyesland|Gengar|323\/323
|move|p2a: Exeggutor|Sleep Powder|p1a: eyesland
|-status|p1a: eyesland|slp
|
|turn|3
|choice|switch 3|move 1
|
|switch|p1a: ethereal forest|Exeggutor|393\/393
|move|p2a: Exeggutor|Psychic|p1a: ethereal forest
|-resisted|p1a: ethereal forest
|-damage|p1a: ethereal forest|343\/393
|
|turn|4
|choice|move 1|switch 5
|
|switch|p2a: Starmie|Starmie|323\/323
|move|p1a: ethereal forest|Sleep Powder|p2a: Starmie
|-status|p2a: Starmie|slp
|
|turn|5
|c|★BKC|isnt it a great feeling
|c|★BKC|when you use a move with less than 100 acc
|c|★BKC|and see it connect
|c|★Dice|yes!
|choice|switch 5|switch 5
|
|switch|p2a: Exeggutor|Exeggutor|393\/393
|switch|p1a: as the tears fall|Snorlax|523\/523
|
|turn|6
|choice|move 1|move 1
|
|move|p2a: Exeggutor|Psychic|p1a: as the tears fall
|-damage|p1a: as the tears fall|366\/523
|move|p1a: as the tears fall|Body Slam|p2a: Exeggutor
|-damage|p2a: Exeggutor|277\/393
|
|turn|7
|choice|switch 5|move 1
|
|switch|p1a: ethereal forest|Exeggutor|343\/393
|move|p2a: Exeggutor|Psychic|p1a: ethereal forest
|-resisted|p1a: ethereal forest
|-damage|p1a: ethereal forest|291\/393
|-unboost|p1a: ethereal forest|spd|1
|-unboost|p1a: ethereal forest|spa|1
|
|turn|8
|choice|move 3|move 1
|
|move|p2a: Exeggutor|Psychic|p1a: ethereal forest
|-resisted|p1a: ethereal forest
|-damage|p1a: ethereal forest|216\/393
|move|p1a: ethereal forest|Psychic|p2a: Exeggutor
|-resisted|p2a: Exeggutor
|-damage|p2a: Exeggutor|245\/393
|
|turn|9
|choice|move 4|move 1
|
|move|p2a: Exeggutor|Psychic|p1a: ethereal forest
|-resisted|p1a: ethereal forest
|-damage|p1a: ethereal forest|136\/393
|move|p1a: ethereal forest|Explosion|p2a: Exeggutor
|-damage|p2a: Exeggutor|0 fnt
|faint|p2a: Exeggutor
|faint|p1a: ethereal forest
|choice|switch 5|switch 6
|
|switch|p2a: Chansey|Chansey|703\/703
|switch|p1a: as the tears fall|Snorlax|366\/523
|turn|10
|choice|move 3|move 3
|
|move|p2a: Chansey|Thunder Wave|p1a: as the tears fall
|-status|p1a: as the tears fall|par
|move|p1a: as the tears fall|Self-Destruct|p2a: Chansey
|-damage|p2a: Chansey|0 fnt
|faint|p2a: Chansey
|faint|p1a: as the tears fall
|c|★BKC|satan!
|choice|switch 4|switch 3
|
|switch|p1a: depths of my soul|Chansey|703\/703
|switch|p2a: Snorlax|Snorlax|523\/523
|turn|11
|choice|move 4|move 3
|
|move|p1a: depths of my soul|Ice Beam|p2a: Snorlax
|-damage|p2a: Snorlax|419\/523
|move|p2a: Snorlax|Self-Destruct|p1a: depths of my soul
|-damage|p1a: depths of my soul|0 fnt
|faint|p1a: depths of my soul
|faint|p2a: Snorlax
|c|★BKC|satan?
|c|★Dice|satan!
|L|smurfer
|c|★BKC|satan! lol
|choice|switch 2|switch 2
|
|switch|p1a: diabolical beauty|Starmie|323\/323
|switch|p2a: Cloyster|Cloyster|303\/303
|turn|12
|choice|switch 3|move 2
|
|switch|p1a: eyesland|Gengar|323\/323 slp
|move|p2a: Cloyster|Explosion|p1a: eyesland
|-immune|p1a: eyesland|[msg]
|faint|p2a: Cloyster
|c|★Dice|fuck
|c|★Dice|no.
|c|★BKC|satan!!!!!!!!!!!!!
|choice||switch 4
|
|switch|p2a: Tauros|Tauros|353\/353
|turn|13
|choice|move 1|move 2
|
|move|p2a: Tauros|Earthquake|p1a: eyesland
|-supereffective|p1a: eyesland
|-damage|p1a: eyesland|115\/323 slp
|cant|p1a: eyesland|slp
|
|turn|14
|choice|move 1|move 1
|
|cant|p1a: eyesland|slp
|move|p2a: Tauros|Body Slam|p1a: eyesland
|-immune|p1a: eyesland|[msg]
|
|turn|15
|choice|move 1|move 2
|
|move|p2a: Tauros|Earthquake|p1a: eyesland
|-supereffective|p1a: eyesland
|-damage|p1a: eyesland|0 fnt
|faint|p1a: eyesland
|choice|switch 3|
|
|switch|p1a: diabolical beauty|Starmie|323\/323
|turn|16
|choice|move 1|move 1
|
|move|p1a: diabolical beauty|Hydro Pump|p2a: Tauros
|-crit|p2a: Tauros
|-damage|p2a: Tauros|19\/353
|move|p2a: Tauros|Body Slam|p1a: diabolical beauty
|-damage|p1a: diabolical beauty|218\/323
|
|turn|17
|choice|move 3|move 1
|
|move|p1a: diabolical beauty|Thunderbolt|p2a: Tauros
|-crit|p2a: Tauros
|-damage|p2a: Tauros|0 fnt
|faint|p2a: Tauros
|choice||switch 5
|
|switch|p2a: Starmie|Starmie|323\/323 slp
|turn|18
|choice|move 3|move 2
|
|cant|p2a: Starmie|slp
|move|p1a: diabolical beauty|Thunderbolt|p2a: Starmie
|-supereffective|p2a: Starmie
|-damage|p2a: Starmie|182\/323 slp
|
|turn|19
|c|★Dice|nice hax lozl
|choice|move 3|move 2
|
|move|p1a: diabolical beauty|Thunderbolt|p2a: Starmie
|-supereffective|p2a: Starmie
|-damage|p2a: Starmie|43\/323 slp
|cant|p2a: Starmie|slp
|
|turn|20
|c|★Dice|gg
|c|★BKC|satan! gg! lol
|choice|move 3|move 2
|
|cant|p2a: Starmie|slp
|move|p1a: diabolical beauty|Thunderbolt|p2a: Starmie
|-supereffective|p2a: Starmie
|-damage|p2a: Starmie|0 fnt
|faint|p2a: Starmie
|
|win|BKC