|inactive|Battle timer is ON: inactive players will automatically lose when time's up.
|J|RainPB
|J|Lutra
|player|p1|RainPB|137
|player|p2|Lutra|281
|gametype|singles
|gen|1
|tier|[Gen 1] Ubers
|rule|Sleep Clause Mod: Limit one foe put to sleep
|rule|Freeze Clause Mod: Limit one foe frozen
|rule|Species Clause: Limit one of each Pokémon
|rule|OHKO Clause: OHKO moves are banned
|rule|Evasion Moves Clause: Evasion moves are banned
|rule|HP Percentage Mod: HP is shown in percentages
|
|start
|switch|p1a: Hypno|Hypno|373\/373
|switch|p2a: Jynx|Jynx|333\/333
|turn|1
|c|★Lutra|I'll go to mew
|
|switch|p2a: No Warrantee|Mew|403\/403
|switch|p1a: Mew|Mew|403\/403
|
|turn|2
|c|★Lutra|I think you can do what you want
|c|★Lutra|twave maybe
|J|SunnyORAS
|
|move|p2a: No Warrantee|Swords Dance|p2a: No Warrantee
|-boost|p2a: No Warrantee|atk|2
|move|p1a: Mew|Soft-Boiled|p1a: Mew
|-fail|p1a: Mew
|
|turn|3
|c|★Lutra|I'll sd to full
|c|★RainPB|should i transform now?
|
|move|p2a: No Warrantee|Swords Dance|p2a: No Warrantee
|-boost|p2a: No Warrantee|atk|2
|move|p1a: Mew|Soft-Boiled|p1a: Mew
|-fail|p1a: Mew
|
|turn|4
|c|★RainPB|ah ok
|c|★Lutra|you can
|c|★Lutra|doesn't matter
|
|move|p1a: Mew|Transform|p2a: No Warrantee
|-transform|p1a: Mew|p2a: No Warrantee
|move|p2a: No Warrantee|Swords Dance|p2a: No Warrantee
|-boost|p2a: No Warrantee|atk|2
|
|turn|5
|J|Icey Tea
|c|★RainPB|ill attack
|c|★Lutra|ok
|
|move|p2a: No Warrantee|Earthquake|p1a: Mew
|-damage|p1a: Mew|133\/403
|move|p1a: Mew|Earthquake|p2a: No Warrantee
|-damage|p2a: No Warrantee|320\/403
|
|turn|6
|c|★RainPB|hm
|c|★Lutra|yeah that's the bug
|c|★Lutra|0 boosts
|c|★RainPB|yeah i had to sd
|c|★Lutra|try boosting now I guess
|c|★RainPB|but idk if it was +2
|c|★RainPB|or +4
|c|★Lutra|I'll recover
|
|move|p2a: No Warrantee|Soft-Boiled|p2a: No Warrantee
|-heal|p2a: No Warrantee|403\/403
|move|p1a: Mew|Swords Dance|p1a: Mew
|-boost|p1a: Mew|atk|2
|
|turn|7
|
|move|p2a: No Warrantee|Swords Dance|p2a: No Warrantee
|-boost|p2a: No Warrantee|atk|2
|move|p1a: Mew|Earthquake|p2a: No Warrantee
|-damage|p2a: No Warrantee|122\/403
|
|turn|8
|c|★Lutra|wow
|c|★Lutra|lol
|c|★RainPB|it just goes to +4
|c|★Lutra|interesting
|J|Lord Alphose
|c|★Lutra|let's switch out
|c|★RainPB|yeah we should report this
|c|★Lutra|and try with +4
|c|★RainPB|k
|c|★Lutra|recover actually
|c|★Lutra|first
|
|move|p1a: Mew|Soft-Boiled|p1a: Mew
|-heal|p1a: Mew|334\/403
|move|p2a: No Warrantee|Soft-Boiled|p2a: No Warrantee
|-heal|p2a: No Warrantee|323\/403
|
|turn|9
|
|move|p1a: Mew|Soft-Boiled|p1a: Mew
|-heal|p1a: Mew|403\/403
|move|p2a: No Warrantee|Soft-Boiled|p2a: No Warrantee
|-heal|p2a: No Warrantee|403\/403
|
|turn|10
|
|switch|p1a: Hypno|Hypno|373\/373
|switch|p2a: Jynx|Jynx|333\/333
|
|turn|11
|
|switch|p2a: No Warrantee|Mew|403\/403
|switch|p1a: Mew|Mew|403\/403
|
|turn|12
|
|move|p2a: No Warrantee|Swords Dance|p2a: No Warrantee
|-boost|p2a: No Warrantee|atk|2
|move|p1a: Mew|Soft-Boiled|p1a: Mew
|-fail|p1a: Mew
|
|turn|13
|
|move|p2a: No Warrantee|Swords Dance|p2a: No Warrantee
|-boost|p2a: No Warrantee|atk|2
|move|p1a: Mew|Soft-Boiled|p1a: Mew
|-fail|p1a: Mew
|
|turn|14
|
|move|p1a: Mew|Soft-Boiled|p1a: Mew
|-fail|p1a: Mew
|move|p2a: No Warrantee|Swords Dance|p2a: No Warrantee
|-boost|p2a: No Warrantee|atk|2
|
|turn|15
|c|★RainPB|lets see
|c|★Lutra|k
|
|move|p2a: No Warrantee|Swords Dance|p2a: No Warrantee
|-boost|p2a: No Warrantee|atk|2
|move|p1a: Mew|Transform|p2a: No Warrantee
|-transform|p1a: Mew|p2a: No Warrantee
|
|turn|16
|
|move|p2a: No Warrantee|Soft-Boiled|p2a: No Warrantee
|-fail|p2a: No Warrantee
|move|p1a: Mew|Earthquake|p2a: No Warrantee
|-damage|p2a: No Warrantee|324\/403
|
|turn|17
|c|★Lutra|sd then
|c|★RainPB|i'll sd
|
|move|p1a: Mew|Swords Dance|p1a: Mew
|-boost|p1a: Mew|atk|2
|move|p2a: No Warrantee|Body Slam|p1a: Mew
|-damage|p1a: Mew|197\/403
|
|turn|18
|L|Lord Alphose
|
|move|p1a: Mew|Earthquake|p2a: No Warrantee
|-damage|p2a: No Warrantee|40\/403
|move|p2a: No Warrantee|Soft-Boiled|p2a: No Warrantee
|-heal|p2a: No Warrantee|241\/403
|
|turn|19
|c|★RainPB|lol
|J|LJDarkrai
|c|★Lutra|k so it works with +4 too
|c|★Lutra|thx
|c|★RainPB|np
|-message|RainPB forfeited.
|
|win|Lutra
|L|RainPB
|player|p1