|J|Tobes
|J|marcoasd
|player|p1|Tobes|#tobes
|player|p2|marcoasd|169
|gametype|singles
|gen|1
|tier|[Gen 1] OU
|seed|
|rule|Sleep Clause Mod: Limit one foe put to sleep
|rule|Freeze Clause Mod: Limit one foe frozen
|rule|Species Clause: Limit one of each Pokémon
|rule|OHKO Clause: OHKO moves are banned
|rule|Evasion Moves Clause: Evasion moves are banned
|rule|HP Percentage Mod: HP is shown in percentages
|
|start
|switch|p1a: Anguilla|Jynx|100\/100
|switch|p2a: Alakazam|Alakazam, M|100\/100
|turn|1
|J|smilzo
|J|DennisEG
|c|★Tobes|gl
|J|Esteemed User
|J|bro fist
|J|CrashinBoomBang
|J|boudouche
|J|windsong
|J|nbf per la gente
|J|Mr.378
|raw|<div class="broadcast-red"><b>Moderated chat was set to @!<\/b><br \/>Only users of rank @ and higher can talk.<\/div>
|J|FLCL
|J|Purrl
|J|KratosMana
|J|the pdc show
|J|Can
|J|iplaytennislol
|J|Bomber
|J|Beds
|J|scheisse
|J|iamgingy
|J|mael
|J|Icey Tea
|J|deoxys speed lol
|choice||
|
|move|p2a: Alakazam|Thunder Wave|p1a: Anguilla
|-status|p1a: Anguilla|par
|move|p1a: Anguilla|Lovely Kiss|p2a: Alakazam|[miss]
|-miss|p1a: Anguilla
|
|turn|2
|J|JabbaTheGriffin
|choice||
|
|move|p2a: Alakazam|Seismic Toss|p1a: Anguilla
|-damage|p1a: Anguilla|70\/100 par
|cant|p1a: Anguilla|par
|
|turn|3
|J|Ratdoto Bestdoto
|J|LuckSkill
|choice||
|
|move|p2a: Alakazam|Psychic|p1a: Anguilla
|-resisted|p1a: Anguilla
|-damage|p1a: Anguilla|49\/100 par
|-unboost|p1a: Anguilla|spd|1
|-unboost|p1a: Anguilla|spa|1
|cant|p1a: Anguilla|par
|
|turn|4
|J|dEnIsSsS
|J|King Tsunami
|J|Draciel RC
|J|Hikari
|J|xMarth
|J|SoulWind
|choice||
|
|move|p2a: Alakazam|Psychic|p1a: Anguilla
|-resisted|p1a: Anguilla
|-damage|p1a: Anguilla|20\/100 par
|move|p1a: Anguilla|Lovely Kiss|p2a: Alakazam
|-status|p2a: Alakazam|slp
|
|turn|5
|J|Bouff
|choice||
|
|switch|p2a: Snorlax|Snorlax, M|100\/100
|cant|p1a: Anguilla|par
|
|turn|6
|J|blunderr
|J|Nails
|J|ludicrousman
|J|Bughouse
|J|Bloody Rabbit
|choice||
|
|switch|p1a: Lepus|Exeggutor|100\/100
|move|p2a: Snorlax|Body Slam|p1a: Lepus
|-damage|p1a: Lepus|73\/100
|
|turn|7
|L|Bughouse
|J|Teddeh
|J|W3K
|L|W3K
|choice||
|
|move|p1a: Lepus|Stun Spore|p2a: Snorlax
|-status|p2a: Snorlax|par
|move|p2a: Snorlax|Body Slam|p1a: Lepus
|-damage|p1a: Lepus|43\/100
|
|turn|8
|J|W3K
|L|W3K
|J|ElyasTheGreat
|choice||
|
|switch|p1a: Porcus|Snorlax|100\/100
|switch|p2a: Exeggutor|Exeggutor, M|100\/100
|
|turn|9
|J|Kiyo
|choice||
|
|move|p2a: Exeggutor|Sleep Powder|p1a: Porcus
|-status|p1a: Porcus|slp
|cant|p1a: Porcus|slp
|
|turn|10
|J|Jarii
|J|MetalGro$$
|L|Jarii
|J|Bughouse
|J|Da Skywalker
|J|xRay~
|choice||
|
|switch|p1a: Canis|Chansey|100\/100
|move|p2a: Exeggutor|Double-Edge|p1a: Canis
|-crit|p1a: Canis
|-damage|p1a: Canis|44\/100
|-damage|p2a: Exeggutor|76\/100|[from] recoil|[of] p1a: Canis
|
|turn|11
|J|SparksBlade
|J|Reportings
|choice||
|
|switch|p1a: Anguilla|Jynx|20\/100 par
|move|p2a: Exeggutor|Explosion|p1a: Anguilla
|-damage|p1a: Anguilla|0 fnt
|faint|p1a: Anguilla
|faint|p2a: Exeggutor
|J|drake meme
|J|Mizuhime
|J|qsns
|J|Sken
|J|Zika Dengue
|J|myfrensandi
|choice||
|
|switch|p2a: Tauros|Tauros|100\/100
|switch|p1a: Mus|Tauros|100\/100
|turn|12
|J|rozes
|J|Fairy Peak!
|J|0kay
|J|aimless oo
|J|Nintendi
|choice||
|
|move|p2a: Tauros|Body Slam|p1a: Mus
|-damage|p1a: Mus|74\/100
|move|p1a: Mus|Blizzard|p2a: Tauros
|-damage|p2a: Tauros|74\/100
|
|turn|13
|choice||
|
|move|p2a: Tauros|Body Slam|p1a: Mus
|-damage|p1a: Mus|43\/100
|move|p1a: Mus|Body Slam|p2a: Tauros
|-damage|p2a: Tauros|46\/100
|
|turn|14
|J|Omfuga
|J|ZoroDark
|J|Deaga
|J|YABO
|J|sample size 13
|J|yunggucci06
|J|jira
|J|hyogafodex
|J|peli
|J|Bad Ass
|J|MKOften
|J|Lady bug
|J|Soulraiser
|choice||
|
|switch|p2a: Zapdos|Zapdos|100\/100
|move|p1a: Mus|Hyper Beam|p2a: Zapdos
|-damage|p2a: Zapdos|47\/100
|
|turn|15
|-mustrecharge|p1a: Mus
|-mustrecharge|p1a: Mus
|J|Prankster
|choice||
|
|cant|p1a: Mus|recharge
|move|p2a: Zapdos|Thunderbolt|p1a: Mus
|-damage|p1a: Mus|0 fnt
|faint|p1a: Mus
|L|YABO
|J|Void
|J|PttP
|J|Doyen
|J|Quite Quiet
|J|Zamrock
|J|AlastorLaw
|J|Century Express
|L|Zamrock
|choice||
|
|switch|p1a: Canis|Chansey|44\/100
|turn|16
|choice||
|
|switch|p2a: Chansey|Chansey|100\/100
|move|p1a: Canis|Soft-Boiled|p1a: Canis
|-heal|p1a: Canis|94\/100
|
|turn|17
|J|Hyperflume
|choice||
|
|move|p2a: Chansey|Thunder Wave|p1a: Canis
|-status|p1a: Canis|par
|move|p1a: Canis|Ice Beam|p2a: Chansey
|-damage|p2a: Chansey|89\/100
|
|turn|18
|J|august
|J|BlackBulletKisara
|L|august
|choice||
|
|move|p2a: Chansey|Seismic Toss|p1a: Canis
|-damage|p1a: Canis|80\/100 par
|cant|p1a: Canis|par
|
|turn|19
|choice||
|
|switch|p2a: Snorlax|Snorlax, M|100\/100 par
|cant|p1a: Canis|par
|
|turn|20
|J|Steve Angello
|choice||
|
|switch|p1a: Lepus|Exeggutor|43\/100
|move|p2a: Snorlax|Reflect|p2a: Snorlax
|-start|p2a: Snorlax|Reflect
|
|turn|21
|J|mikv
|choice||
|
|switch|p2a: Chansey|Chansey|89\/100
|move|p1a: Lepus|Psychic|p2a: Chansey
|-damage|p2a: Chansey|71\/100
|
|turn|22
|L|mikv
|choice||
|
|switch|p1a: Canis|Chansey|80\/100 par
|move|p2a: Chansey|Seismic Toss|p1a: Canis
|-damage|p1a: Canis|66\/100 par
|
|turn|23
|L|King Tsunami
|choice||
|
|switch|p2a: Snorlax|Snorlax, M|100\/100 par
|move|p1a: Canis|Soft-Boiled|p1a: Canis
|-heal|p1a: Canis|100\/100 par
|
|turn|24
|J|King Tsunami
|J|beatiful
|L|beatiful
|L|Hyperflume
|choice||
|
|move|p1a: Canis|Ice Beam|p2a: Snorlax
|-damage|p2a: Snorlax|81\/100 par
|move|p2a: Snorlax|Reflect|p2a: Snorlax
|-start|p2a: Snorlax|Reflect
|
|turn|25
|J|GOAO
|J|The Goomy
|choice||
|
|move|p1a: Canis|Thunderbolt|p2a: Snorlax
|-damage|p2a: Snorlax|61\/100 par
|move|p2a: Snorlax|Body Slam|p1a: Canis
|-crit|p1a: Canis
|-damage|p1a: Canis|26\/100 par
|
|turn|26
|J|seeme
|J|Syncrasy
|choice||
|
|move|p1a: Canis|Soft-Boiled|p1a: Canis
|-heal|p1a: Canis|76\/100 par
|move|p2a: Snorlax|Body Slam|p1a: Canis
|-damage|p1a: Canis|33\/100 par
|
|turn|27
|J|Ernes
|choice||
|
|move|p1a: Canis|Soft-Boiled|p1a: Canis
|-heal|p1a: Canis|82\/100 par
|cant|p2a: Snorlax|par
|
|turn|28
|J|mikv
|choice||
|
|move|p1a: Canis|Thunderbolt|p2a: Snorlax
|-crit|p2a: Snorlax
|-damage|p2a: Snorlax|21\/100 par
|move|p2a: Snorlax|Body Slam|p1a: Canis
|-damage|p1a: Canis|42\/100 par
|
|turn|29
|choice||
|
|cant|p1a: Canis|par
|move|p2a: Snorlax|Rest|p2a: Snorlax
|-status|p2a: Snorlax|slp
|-heal|p2a: Snorlax|100\/100 slp|[silent]
|-status|p2a: Snorlax|slp|[from] move: Rest
|
|turn|30
|choice||
|
|move|p1a: Canis|Soft-Boiled|p1a: Canis
|-heal|p1a: Canis|92\/100 par
|cant|p2a: Snorlax|slp
|
|turn|31
|choice||
|
|switch|p1a: Lepus|Exeggutor|43\/100
|-curestatus|p2a: Snorlax|slp
|
|turn|32
|J|dracaufeu669
|choice||
|
|move|p1a: Lepus|Psychic|p2a: Snorlax
|-crit|p2a: Snorlax
|-damage|p2a: Snorlax|42\/100
|move|p2a: Snorlax|Body Slam|p1a: Lepus
|-damage|p1a: Lepus|11\/100
|-status|p1a: Lepus|par
|
|turn|33
|choice||
|
|switch|p2a: Alakazam|Alakazam, M|100\/100 slp
|move|p1a: Lepus|Explosion|p2a: Alakazam
|-damage|p2a: Alakazam|0 fnt
|faint|p2a: Alakazam
|faint|p1a: Lepus
|J|giara
|choice||
|
|switch|p1a: Gallus|Zapdos|100\/100
|switch|p2a: Snorlax|Snorlax, M|42\/100
|turn|34
|J|hkmn
|choice||
|
|move|p1a: Gallus|Thunderbolt|p2a: Snorlax
|-damage|p2a: Snorlax|8\/100
|move|p2a: Snorlax|Self-Destruct|p1a: Gallus
|-damage|p1a: Gallus|6\/100
|faint|p2a: Snorlax
|J|Hyperflume
|choice||
|
|switch|p2a: Tauros|Tauros|46\/100
|turn|35
|L|King Tsunami
|J|King Tsunami
|choice||
|
|switch|p1a: Porcus|Snorlax|100\/100 slp
|move|p2a: Tauros|Body Slam|p1a: Porcus
|-damage|p1a: Porcus|76\/100 slp
|
|turn|36
|J|Zamrock
|J|Zepherox
|choice||
|
|move|p2a: Tauros|Body Slam|p1a: Porcus
|-damage|p1a: Porcus|49\/100 slp
|cant|p1a: Porcus|slp
|
|turn|37
|choice||
|
|move|p2a: Tauros|Body Slam|p1a: Porcus
|-damage|p1a: Porcus|23\/100 slp
|cant|p1a: Porcus|slp
|
|turn|38
|J|Eternaal Spirit
|choice||
|
|move|p2a: Tauros|Body Slam|p1a: Porcus
|-damage|p1a: Porcus|0 fnt
|faint|p1a: Porcus
|choice||
|
|switch|p1a: Canis|Chansey|92\/100 par
|turn|39
|J|Leiteng
|choice||
|
|switch|p1a: Gallus|Zapdos|6\/100
|move|p2a: Tauros|Earthquake|p1a: Gallus
|-immune|p1a: Gallus|[msg]
|
|turn|40
|J|Eveling
|L|peli
|L|GOAO
|J|magical words
|J|WECAMEASROMANS
|choice||
|
|move|p2a: Tauros|Body Slam|p1a: Gallus
|-crit|p1a: Gallus
|-damage|p1a: Gallus|0 fnt
|faint|p1a: Gallus
|choice||
|
|switch|p1a: Canis|Chansey|92\/100 par
|turn|41
|choice||
|
|move|p2a: Tauros|Earthquake|p1a: Canis
|-damage|p1a: Canis|64\/100 par
|move|p1a: Canis|Ice Beam|p2a: Tauros
|-damage|p2a: Tauros|17\/100
|
|turn|42
|L|hkmn
|J|BlackBloodz
|choice||
|
|move|p2a: Tauros|Hyper Beam|p1a: Canis
|-damage|p1a: Canis|1\/100 par
|move|p1a: Canis|Thunderbolt|p2a: Tauros
|-damage|p2a: Tauros|0 fnt
|faint|p2a: Tauros
|J|ReshiRampage
|choice||
|
|switch|p2a: Zapdos|Zapdos|47\/100
|turn|43
|L|DennisEG
|choice||
|
|move|p2a: Zapdos|Drill Peck|p1a: Canis
|-damage|p1a: Canis|0 fnt
|faint|p1a: Canis
|
|win|marcoasd
|player|p1
|player|p2
|c|★marcoasd|gg
|L|Zamrock
|L|BlackBulletKisara
|L|magical words
|c|★Tobes|gg
|L|mael
|L|aimless oo
|L|nbf per la gente
|L|WECAMEASROMANS
|L|boudouche
|L|hyogafodex
|L|Steve Angello
|L|0kay
|L|iplaytennislol
|L|PttP
|L|Eternaal Spirit
|L|FLCL
|L|King Tsunami
|L|Mr.378
|L|windsong
|L|smilzo
|L|JabbaTheGriffin
|L|Sken
|L|Hikari
|L|SparksBlade
|J|Shubaki
|c|★Tobes|need five minutes before the next one
|L|Purrl
|L|BlackBloodz
|L|MKOften
|L|LUCKSKILL
|L|Ernes
|L|Kiyo
|L|bro fist
|L|Bloody Rabbit
|L|iamgingy
|L|MetalGro$$
|L|scheisse
|c|★marcoasd|ok
|L|ReshiRampage
|L|Shubaki
|L|Quite Quiet
|L|rozes
|L|Reportings
|L|Hyperflume
|L|Lady bug
|L|xRay~
|L|KratosMana
|L|xMarth
|J|rozes
|c|★marcoasd|idk if i'm going to dinner then
|L|ElyasTheGreat
|L|rozes
|c|★marcoasd|:S
|L|ZoroDark
|L|Bughouse
|c|★marcoasd|well, later at some point
|L|qsns
|L|marcoasd
|L|Eveling
|L|Fairy Peak!
|L|Esteemed User
|J|bro fist
|L|bro fist
|L|jira
|L|Bouff
|L|Prankster
|J|DennisEG
|L|Bomber
|L|DennisEG
|J|Bouff
|L|Doyen
|L|Nintendi
|L|Leiteng
|L|SoulWind
|L|Icey Tea
|L|The Goomy
|J|mael
|L|mael
|L|blunderr
|L|Syncrasy
|L|Da Skywalker
|L|Teddeh
|L|Can
|L|dracaufeu669
|J|hyogafodex
|L|hyogafodex
|J|scheisse
|L|scheisse
|J|Ernes
|L|Ernes
|L|Draciel RC
|J|Syncrasy
|L|Syncrasy
|J|Lusch
|L|Lusch
|L|drake meme
|L|mikv