|inactive|Battle timer is ON: inactive players will automatically lose when time's up.
|J|KratosMana
|J|Nails
|player|p1|KratosMana|166
|player|p2|Nails|170
|gametype|singles
|gen|1
|tier|[Gen 1] OU
|seed|59678,33017,49440,57147
|rule|Sleep Clause Mod: Limit one foe put to sleep
|rule|Freeze Clause Mod: Limit one foe frozen
|rule|Species Clause: Limit one of each Pokémon
|rule|OHKO Clause: OHKO moves are banned
|rule|Evasion Moves Clause: Evasion moves are banned
|rule|HP Percentage Mod: HP is shown in percentages
|
|start
|switch|p1a: Alakazam|Alakazam|313\/313
|switch|p2a: Jynx|Jynx|333\/333
|turn|1
|choice|move 1|move 1
|
|move|p1a: Alakazam|Thunder Wave|p2a: Jynx
|-status|p2a: Jynx|par
|move|p2a: Jynx|Lovely Kiss|p1a: Alakazam
|-status|p1a: Alakazam|slp
|
|turn|2
|choice|switch 4|move 4
|
|switch|p1a: Starmie|Starmie|323\/323
|move|p2a: Jynx|Toxic|p1a: Starmie
|-status|p1a: Starmie|tox
|
|turn|3
|c|★Nails|nice
|choice|move 2|move 3
|
|move|p1a: Starmie|Thunderbolt|p2a: Jynx
|-damage|p2a: Jynx|255\/333 par
|-damage|p1a: Starmie|303\/323 tox|[from] tox|[of] p2a: Jynx
|move|p2a: Jynx|Psychic|p1a: Starmie
|-resisted|p1a: Starmie
|-damage|p1a: Starmie|250\/323 tox
|-unboost|p1a: Starmie|spd|1
|-unboost|p1a: Starmie|spa|1
|
|turn|4
|choice|move 2|switch 3
|
|switch|p2a: Snorlax|Snorlax|523\/523
|move|p1a: Starmie|Thunderbolt|p2a: Snorlax
|-damage|p2a: Snorlax|464\/523
|-status|p2a: Snorlax|par
|-damage|p1a: Starmie|210\/323 tox|[from] tox|[of] p2a: Snorlax
|
|turn|5
|choice|switch 5|move 1
|
|switch|p1a: Snorlax|Snorlax|523\/523
|move|p2a: Snorlax|Body Slam|p1a: Snorlax
|-damage|p1a: Snorlax|382\/523
|
|turn|6
|choice|move 3|switch 5
|
|switch|p2a: Chansey|Chansey|703\/703
|move|p1a: Snorlax|Earthquake|p2a: Chansey
|-crit|p2a: Chansey
|-damage|p2a: Chansey|260\/703
|
|turn|7
|choice|switch 3|move 2
|
|switch|p1a: Nidoking|Nidoking|365\/365
|move|p2a: Chansey|Reflect|p2a: Chansey
|-start|p2a: Chansey|Reflect
|
|turn|8
|c|★KratosMana|ah.
|choice|switch 2|move 3
|
|switch|p1a: Chansey|Chansey|703\/703
|move|p2a: Chansey|Soft-Boiled|p2a: Chansey
|-heal|p2a: Chansey|611\/703
|
|turn|9
|choice|move 2|move 1
|
|move|p2a: Chansey|Toxic|p1a: Chansey|[miss]
|-miss|p2a: Chansey
|move|p1a: Chansey|Sing|p2a: Chansey
|-status|p2a: Chansey|slp
|
|turn|10
|choice|switch 6|move 1
|
|switch|p1a: Tauros|Tauros|353\/353
|cant|p2a: Chansey|slp
|
|turn|11
|choice|move 1|move 1
|
|move|p1a: Tauros|Body Slam|p2a: Chansey
|-damage|p2a: Chansey|481\/703 slp
|cant|p2a: Chansey|slp
|
|turn|12
|choice|move 1|move 1
|
|move|p1a: Tauros|Body Slam|p2a: Chansey
|-damage|p2a: Chansey|352\/703 slp
|cant|p2a: Chansey|slp
|
|turn|13
|choice|move 1|switch 5
|
|switch|p2a: Snorlax|Snorlax|464\/523 par
|move|p1a: Tauros|Body Slam|p2a: Snorlax
|-damage|p2a: Snorlax|328\/523 par
|
|turn|14
|choice|switch 3|move 4
|
|switch|p1a: Snorlax|Snorlax|382\/523
|move|p2a: Snorlax|Self-Destruct|p1a: Snorlax
|-damage|p1a: Snorlax|0 fnt
|faint|p1a: Snorlax
|faint|p2a: Snorlax
|J|Omfuga
|choice|switch 3|switch 6
|
|switch|p1a: Tauros|Tauros|353\/353
|switch|p2a: Dragonite|Dragonite|385\/385
|turn|15
|J|atomicllamas
|c|%atomicllamas|what does nidoking use
|c|%atomicllamas|in RBY
|c|★Nails|eq
|c|+Omfuga|blizzard
|choice|move 3|switch 2
|
|switch|p2a: Alakazam|Alakazam|313\/313
|move|p1a: Tauros|Blizzard|p2a: Alakazam
|-crit|p2a: Alakazam
|-damage|p2a: Alakazam|192\/313
|
|turn|16
|c|+Omfuga|body slam
|c|+Omfuga|that must be it.
|c|%atomicllamas|lovely kiss is Gen 2 right
|c|★Nails|ye
|J|reeeeeeeeeweeeee
|choice|switch 6|move 1
|
|switch|p1a: Chansey|Chansey|703\/703
|move|p2a: Alakazam|Reflect|p2a: Alakazam
|-start|p2a: Alakazam|Reflect
|
|turn|17
|choice|move 3|move 4
|
|move|p2a: Alakazam|Toxic|p1a: Chansey
|-status|p1a: Chansey|tox
|move|p1a: Chansey|Soft-Boiled|p1a: Chansey
|-fail|p1a: Chansey
|-damage|p1a: Chansey|660\/703 tox|[from] psn
|
|turn|18
|c|★KratosMana|oops
|choice|move 4|move 3
|
|move|p2a: Alakazam|Recover|p2a: Alakazam
|-heal|p2a: Alakazam|313\/313
|move|p1a: Chansey|Thunder Wave|p2a: Alakazam
|-status|p2a: Alakazam|par
|-damage|p1a: Chansey|574\/703 tox|[from] tox|[of] p2a: Alakazam
|
|turn|19
|choice|move 1|move 2
|
|move|p1a: Chansey|Seismic Toss|p2a: Alakazam
|-damage|p2a: Alakazam|213\/313 par
|-damage|p1a: Chansey|445\/703 tox|[from] tox|[of] p2a: Alakazam
|cant|p2a: Alakazam|par
|
|turn|20
|choice|switch 2|move 2
|
|switch|p1a: Nidoking|Nidoking|365\/365
|move|p2a: Alakazam|Psychic|p1a: Nidoking
|-supereffective|p1a: Nidoking
|-damage|p1a: Nidoking|38\/365
|-unboost|p1a: Nidoking|spd|1
|-unboost|p1a: Nidoking|spa|1
|
|turn|21
|choice|move 1|move 3
|
|move|p1a: Nidoking|Earthquake|p2a: Alakazam
|-damage|p2a: Alakazam|126\/313 par
|move|p2a: Alakazam|Recover|p2a: Alakazam
|-heal|p2a: Alakazam|282\/313 par
|
|turn|22
|choice|move 1|move 2
|
|move|p1a: Nidoking|Earthquake|p2a: Alakazam
|-damage|p2a: Alakazam|189\/313 par
|move|p2a: Alakazam|Psychic|p1a: Nidoking
|-supereffective|p1a: Nidoking
|-damage|p1a: Nidoking|0 fnt
|faint|p1a: Nidoking
|choice|switch 6|
|
|switch|p1a: Tauros|Tauros|353\/353
|turn|23
|choice|move 1|move 4
|
|move|p1a: Tauros|Body Slam|p2a: Alakazam
|-crit|p2a: Alakazam
|-damage|p2a: Alakazam|0 fnt
|faint|p2a: Alakazam
|c|★Nails|Ugh.
|choice||switch 4
|
|switch|p2a: Tauros|Tauros|353\/353
|turn|24
|choice|move 1|move 1
|
|move|p1a: Tauros|Body Slam|p2a: Tauros
|-crit|p2a: Tauros
|-damage|p2a: Tauros|165\/353
|move|p2a: Tauros|Body Slam|p1a: Tauros
|-damage|p1a: Tauros|252\/353
|
|turn|25
|c|★KratosMana|my bull
|c|★KratosMana|is well trained.
|choice|move 4|move 2
|
|move|p2a: Tauros|Hyper Beam|p1a: Tauros
|-damage|p1a: Tauros|63\/353
|move|p1a: Tauros|Hyper Beam|p2a: Tauros
|-damage|p2a: Tauros|0 fnt
|faint|p2a: Tauros
|c|★Nails|same
|choice||switch 2
|
|switch|p2a: Dragonite|Dragonite|385\/385
|turn|26
|choice|move 3|move 3
|
|move|p1a: Tauros|Blizzard|p2a: Dragonite|[miss]
|-miss|p1a: Tauros
|move|p2a: Dragonite|Agility|p2a: Dragonite
|-boost|p2a: Dragonite|spe|2
|
|turn|27
|choice|switch 2|move 4
|
|switch|p1a: Chansey|Chansey|445\/703 tox
|-status|p1a: Chansey|psn
|-damage|p1a: Chansey|402\/703 psn|[from] psn
|move|p2a: Dragonite|Blizzard|p1a: Chansey
|-damage|p1a: Chansey|307\/703 psn
|
|turn|28
|choice|move 3|move 1
|
|move|p2a: Dragonite|Wrap|p1a: Chansey
|-damage|p1a: Chansey|266\/703 psn
|-activate|p1a: Chansey|move: Wrap|[of] p2a: Dragonite
|cant|p1a: Chansey|partiallytrapped
|-damage|p1a: Chansey|223\/703 psn|[from] psn
|
|turn|29
|choice|move 3|move 1
|
|move|p2a: Dragonite|Wrap|p1a: Chansey
|-damage|p1a: Chansey|182\/703 psn
|cant|p1a: Chansey|partiallytrapped
|-damage|p1a: Chansey|139\/703 psn|[from] psn
|
|-end|p1a: Chansey|Wrap|[partiallytrapped]
|turn|30
|choice|move 3|move 1
|
|move|p2a: Dragonite|Wrap|p1a: Chansey
|-crit|p1a: Chansey
|-damage|p1a: Chansey|59\/703 psn
|-activate|p1a: Chansey|move: Wrap|[of] p2a: Dragonite
|cant|p1a: Chansey|partiallytrapped
|-damage|p1a: Chansey|16\/703 psn|[from] psn
|
|turn|31
|choice|move 3|move 1
|
|move|p2a: Dragonite|Wrap|p1a: Chansey
|-damage|p1a: Chansey|0 fnt
|faint|p1a: Chansey
|choice|switch 5|
|
|switch|p1a: Starmie|Starmie|210\/323 tox
|-status|p1a: Starmie|psn
|turn|32
|choice|move 1|move 1
|
|move|p2a: Dragonite|Wrap|p1a: Starmie|[miss]
|-miss|p2a: Dragonite
|move|p1a: Starmie|Blizzard|p2a: Dragonite
|-supereffective|p2a: Dragonite
|-damage|p2a: Dragonite|0 fnt
|faint|p2a: Dragonite
|J|slurmz
|c|★Nails|damn you got the roll as well
|choice||switch 5
|
|switch|p2a: Chansey|Chansey|352\/703 slp
|turn|33
|choice|switch 2|switch 3
|
|switch|p1a: Tauros|Tauros|63\/353
|switch|p2a: Jynx|Jynx|255\/333 par
|
|turn|34
|choice|move 4|move 3
|
|move|p1a: Tauros|Hyper Beam|p2a: Jynx
|-damage|p2a: Jynx|0 fnt
|faint|p2a: Jynx
|choice||switch 3
|
|switch|p2a: Chansey|Chansey|352\/703 slp
|turn|35
|choice|move 1|move 1
|
|move|p1a: Tauros|Body Slam|p2a: Chansey
|-damage|p2a: Chansey|68\/703 slp
|cant|p2a: Chansey|slp
|
|turn|36
|c|%atomicllamas|is toxic good on RBY wrrap teams
|c|★KratosMana|hes testin it
|c|★KratosMana|:O
|c|★KratosMana|gg
|c|★Nails|no one uses it
|c|%atomicllamas|Oo
|c|+Omfuga|it's not
|choice|move 1|move 4
|
|move|p1a: Tauros|Body Slam|p2a: Chansey
|-damage|p2a: Chansey|0 fnt
|faint|p2a: Chansey
|
|win|KratosMana