|J|BKC
|J|average fella
|player|p1|BKC|#bkc
|player|p2|average fella|271
|gametype|singles
|gen|1
|tier|[Gen 1] OU
|seed|64042,13764,63243,14212
|rule|Sleep Clause Mod: Limit one foe put to sleep
|rule|Freeze Clause Mod: Limit one foe frozen
|rule|Species Clause: Limit one of each Pokémon
|rule|OHKO Clause: OHKO moves are banned
|rule|Evasion Moves Clause: Evasion moves are banned
|rule|HP Percentage Mod: HP is shown in percentages
|
|start
|switch|p1a: I Have a Dream|Hypno|373\/373
|switch|p2a: THUNDER WAVE N DIE|Alakazam|313\/313
|turn|1
|c|★BKC|gl
|J|Despotar274
|J|heavenhand
|J|Jirachee
|J|Aurious
|J|xMarth
|choice|move 1|move 3
|
|move|p2a: THUNDER WAVE N DIE|Thunder Wave|p1a: I Have a Dream
|-status|p1a: I Have a Dream|par
|move|p1a: I Have a Dream|Hypnosis|p2a: THUNDER WAVE N DIE|[miss]
|-miss|p1a: I Have a Dream
|
|turn|2
|choice|move 1|move 1
|
|move|p2a: THUNDER WAVE N DIE|Psychic|p1a: I Have a Dream
|-resisted|p1a: I Have a Dream
|-damage|p1a: I Have a Dream|310\/373 par
|move|p1a: I Have a Dream|Hypnosis|p2a: THUNDER WAVE N DIE
|-status|p2a: THUNDER WAVE N DIE|slp
|
|turn|3
|c|★average fella|u2
|choice|switch 5|switch 2
|
|switch|p2a: Golem|Golem|363\/363
|switch|p1a: Voulez-Vous|Snorlax|523\/523
|
|turn|4
|choice|switch 3|move 1
|
|switch|p1a: DoesYourMotherKnow|Exeggutor|393\/393
|move|p2a: Golem|Earthquake|p1a: DoesYourMotherKnow
|-resisted|p1a: DoesYourMotherKnow
|-damage|p1a: DoesYourMotherKnow|328\/393
|
|turn|5
|J|the uranus queen
|J|Teddeh
|choice|move 2|move 2
|
|move|p1a: DoesYourMotherKnow|Mega Drain|p2a: Golem
|-supereffective|p2a: Golem
|-damage|p2a: Golem|44\/363
|-heal|p1a: DoesYourMotherKnow|393\/393|[from] drain|[of] p2a: Golem
|move|p2a: Golem|Explosion|p1a: DoesYourMotherKnow
|-damage|p1a: DoesYourMotherKnow|76\/393
|faint|p2a: Golem
|c|+slurmz|my mother actually
|c|+slurmz|doesnt know
|choice||switch 4
|
|switch|p2a: Tauros|Tauros|353\/353
|turn|6
|J|dancin man
|choice|move 4|move 1
|
|move|p2a: Tauros|Body Slam|p1a: DoesYourMotherKnow
|-damage|p1a: DoesYourMotherKnow|0 fnt
|faint|p1a: DoesYourMotherKnow
|choice|switch 2|
|
|switch|p1a: Lovelight|Starmie|323\/323
|turn|7
|choice|move 1|switch 2
|
|switch|p2a: THUNDER WAVE N DIE|Alakazam|313\/313 slp
|move|p1a: Lovelight|Blizzard|p2a: THUNDER WAVE N DIE
|-crit|p2a: THUNDER WAVE N DIE
|-damage|p2a: THUNDER WAVE N DIE|159\/313 slp
|
|turn|8
|choice|move 1|move 3
|
|cant|p2a: THUNDER WAVE N DIE|slp
|move|p1a: Lovelight|Blizzard|p2a: THUNDER WAVE N DIE
|-damage|p2a: THUNDER WAVE N DIE|88\/313 slp
|
|turn|9
|c|+windsong|it's ok; bkc's mom doesn't know that he plays pokemon
|choice|move 3|move 3
|
|cant|p2a: THUNDER WAVE N DIE|slp
|move|p1a: Lovelight|Thunderbolt|p2a: THUNDER WAVE N DIE
|-crit|p2a: THUNDER WAVE N DIE
|-damage|p2a: THUNDER WAVE N DIE|0 fnt
|faint|p2a: THUNDER WAVE N DIE
|c|+Teddeh|can you do
|c|+windsong|:\/
|c|+Teddeh|like
|c|+Teddeh|rby pokemon in dt
|J|Shoot 'Em Down
|c|+Teddeh|like !dt rby alakazam
|c|+Teddeh|or no
|choice||switch 5
|
|switch|p2a: Zapdos|Zapdos|383\/383
|turn|10
|c|★BKC|good question
|choice|move 1|move 2
|
|move|p1a: Lovelight|Blizzard|p2a: Zapdos
|-supereffective|p2a: Zapdos
|-damage|p2a: Zapdos|214\/383
|move|p2a: Zapdos|Thunderbolt|p1a: Lovelight
|-crit|p1a: Lovelight
|-supereffective|p1a: Lovelight
|-damage|p1a: Lovelight|0 fnt
|faint|p1a: Lovelight
|c|★BKC|aw :(
|choice|switch 3|
|
|switch|p1a: Voulez-Vous|Snorlax|523\/523
|turn|11
|c|★average fella|hax:  the generation
|choice|move 1|move 4
|
|move|p2a: Zapdos|Thunder Wave|p1a: Voulez-Vous
|-status|p1a: Voulez-Vous|par
|move|p1a: Voulez-Vous|Body Slam|p2a: Zapdos
|-damage|p2a: Zapdos|97\/383
|
|turn|12
|choice|move 1|move 3
|
|move|p2a: Zapdos|Drill Peck|p1a: Voulez-Vous
|-damage|p1a: Voulez-Vous|417\/523 par
|cant|p1a: Voulez-Vous|par
|
|turn|13
|choice|move 1|move 3
|
|move|p2a: Zapdos|Drill Peck|p1a: Voulez-Vous
|-damage|p1a: Voulez-Vous|303\/523 par
|move|p1a: Voulez-Vous|Body Slam|p2a: Zapdos
|-damage|p2a: Zapdos|0 fnt
|faint|p2a: Zapdos
|choice||switch 6
|
|switch|p2a: Persian|Persian|333\/333
|turn|14
|c|★average fella|youre going to sd
|c|★average fella|but
|choice|move 3|move 1
|
|move|p2a: Persian|Slash|p1a: Voulez-Vous
|-damage|p1a: Voulez-Vous|217\/523 par
|move|p1a: Voulez-Vous|Self-Destruct|p2a: Persian
|-damage|p2a: Persian|0 fnt
|faint|p2a: Persian
|faint|p1a: Voulez-Vous
|c|★average fella|it doesnt matter
|c|★average fella|og
|c|★average fella|i thought youd get parahaxed
|c|★BKC|hmmm
|c|★average fella|also
|c|★average fella|oh
|c|★average fella|that was a gen 1 non-crit
|c|★BKC|i wonder how that works
|c|★average fella|simple
|c|★average fella|there is a 1\/256 chance of anything not working
|c|★average fella|whether it be a move hitting or a move critting
|choice|switch 4|switch 2
|
|switch|p2a: Tauros|Tauros|353\/353
|switch|p1a: LiveALittleLonger|Chansey|703\/703
|turn|15
|c|★average fella|absolutely nothing is for certain
|choice|move 2|move 1
|
|move|p2a: Tauros|Body Slam|p1a: LiveALittleLonger
|-damage|p1a: LiveALittleLonger|419\/703
|move|p1a: LiveALittleLonger|Thunder Wave|p2a: Tauros
|-status|p2a: Tauros|par
|
|turn|16
|choice|move 1|move 3
|
|move|p1a: LiveALittleLonger|Soft-Boiled|p1a: LiveALittleLonger
|-heal|p1a: LiveALittleLonger|703\/703
|cant|p2a: Tauros|par
|
|turn|17
|choice|move 4|move 1
|
|move|p1a: LiveALittleLonger|Ice Beam|p2a: Tauros
|-damage|p2a: Tauros|250\/353 par
|move|p2a: Tauros|Body Slam|p1a: LiveALittleLonger
|-damage|p1a: LiveALittleLonger|421\/703
|
|turn|18
|choice|move 1|move 1
|
|move|p1a: LiveALittleLonger|Soft-Boiled|p1a: LiveALittleLonger
|-heal|p1a: LiveALittleLonger|703\/703
|move|p2a: Tauros|Body Slam|p1a: LiveALittleLonger
|-crit|p1a: LiveALittleLonger
|-damage|p1a: LiveALittleLonger|204\/703
|
|turn|19
|choice|move 1|move 1
|
|move|p1a: LiveALittleLonger|Soft-Boiled|p1a: LiveALittleLonger
|-heal|p1a: LiveALittleLonger|555\/703
|move|p2a: Tauros|Body Slam|p1a: LiveALittleLonger
|-crit|p1a: LiveALittleLonger
|-damage|p1a: LiveALittleLonger|27\/703
|
|turn|20
|choice|move 4|move 3
|
|move|p1a: LiveALittleLonger|Ice Beam|p2a: Tauros
|-damage|p2a: Tauros|154\/353 par
|move|p2a: Tauros|Hyper Beam|p1a: LiveALittleLonger
|-damage|p1a: LiveALittleLonger|0 fnt
|faint|p1a: LiveALittleLonger
|choice|switch 6|
|
|switch|p1a: GIMME GIMME GIMME|Tauros|353\/353
|turn|21
|choice|move 4|move 1
|
|move|p1a: GIMME GIMME GIMME|Hyper Beam|p2a: Tauros
|-damage|p2a: Tauros|0 fnt
|faint|p2a: Tauros
|choice||switch 3
|
|switch|p2a: CHANSEY THE BBW|Chansey|703\/703
|turn|22
|choice|switch 5|move 3
|
|switch|p1a: I Have a Dream|Hypno|310\/373 par
|move|p2a: CHANSEY THE BBW|Counter|p1a: I Have a Dream
|-damage|p1a: I Have a Dream|2\/373 par
|
|turn|23
|c|★average fella|jank counter mechanics
|choice|move 4|move 3
|
|move|p1a: I Have a Dream|Rest|p1a: I Have a Dream
|-status|p1a: I Have a Dream|slp
|-heal|p1a: I Have a Dream|373\/373 slp|[silent]
|-status|p1a: I Have a Dream|slp|[from] move: Rest
|move|p2a: CHANSEY THE BBW|Counter|p1a: I Have a Dream
|-fail|p2a: CHANSEY THE BBW
|
|turn|24
|J|quaggsterrr
|c|+windsong|das it
|c|★average fella|If the last amount of damage done before the use of Counter is greater than 0 and was dealt by a Normal-type or Fighting-type attack (except Counter), Counter will do twice as much damage to the opponent. Otherwise, Counter misses.
|J|fitzy
|c|&Jirachee|he used a pp
|c|&Jirachee|if he full para'd u woulda gotten counter off
|c|★BKC|it was a good move in case i went back to tauros on tb\/ib
|J|SUPER NEGRITA
|c|★BKC|and that
|c|★BKC|i shouldve eqed with ros though
|choice|move 2|move 1
|
|move|p2a: CHANSEY THE BBW|Ice Beam|p1a: I Have a Dream
|-damage|p1a: I Have a Dream|306\/373 slp
|cant|p1a: I Have a Dream|slp
|
|turn|25
|choice|move 2|move 1
|
|move|p2a: CHANSEY THE BBW|Ice Beam|p1a: I Have a Dream
|-damage|p1a: I Have a Dream|241\/373 slp
|-curestatus|p1a: I Have a Dream|slp
|
|turn|26
|c|★average fella|wait do i really go first
|choice|move 2|move 4
|
|move|p2a: CHANSEY THE BBW|Thunder Wave|p1a: I Have a Dream
|-status|p1a: I Have a Dream|par
|move|p1a: I Have a Dream|Thunder Wave|p2a: CHANSEY THE BBW
|-status|p2a: CHANSEY THE BBW|par
|
|turn|27
|choice|move 4|move 1
|
|move|p2a: CHANSEY THE BBW|Ice Beam|p1a: I Have a Dream
|-damage|p1a: I Have a Dream|171\/373 par
|move|p1a: I Have a Dream|Rest|p1a: I Have a Dream
|-status|p1a: I Have a Dream|slp
|-heal|p1a: I Have a Dream|373\/373 slp|[silent]
|-status|p1a: I Have a Dream|slp|[from] move: Rest
|
|turn|28
|choice|move 3|move 1
|
|move|p2a: CHANSEY THE BBW|Ice Beam|p1a: I Have a Dream
|-damage|p1a: I Have a Dream|308\/373 slp
|cant|p1a: I Have a Dream|slp
|
|turn|29
|c|★average fella|i lose this
|c|★average fella|rather than pp stall for an extended period of time
|-message|average fella forfeited.
|
|win|BKC