|inactive|Battle timer is ON: inactive players will automatically lose when time's up.
|J|Rumor
|J|Dice
|player|p1|Rumor|114
|player|p2|Dice|168
|gametype|singles
|gen|1
|tier|[Gen 1] OU
|seed|18497,63826,41244,9887
|rule|Sleep Clause Mod: Limit one foe put to sleep
|rule|Freeze Clause Mod: Limit one foe frozen
|rule|Species Clause: Limit one of each Pokémon
|rule|OHKO Clause: OHKO moves are banned
|rule|Evasion Moves Clause: Evasion moves are banned
|rule|HP Percentage Mod: HP is shown in percentages
|
|start
|switch|p1a: Alakazam|Alakazam|313\/313
|switch|p2a: Gengar|Gengar|323\/323
|turn|1
|J|Nails
|choice|move 3|switch 2
|
|switch|p2a: Exeggutor|Exeggutor|393\/393
|move|p1a: Alakazam|Thunder Wave|p2a: Exeggutor
|-status|p2a: Exeggutor|par
|
|turn|2
|J|FLCL
|J|Purrl
|c|★Rumor|how do u decide
|J|Ary
|c|★Rumor|what is sleep fodder
|c|★Rumor|who knows man
|choice|move 2|move 1
|
|move|p1a: Alakazam|Seismic Toss|p2a: Exeggutor
|-damage|p2a: Exeggutor|293\/393 par
|move|p2a: Exeggutor|Sleep Powder|p1a: Alakazam|[miss]
|-miss|p2a: Exeggutor
|
|turn|3
|choice|move 2|move 1
|
|move|p1a: Alakazam|Seismic Toss|p2a: Exeggutor
|-damage|p2a: Exeggutor|193\/393 par
|move|p2a: Exeggutor|Sleep Powder|p1a: Alakazam
|-status|p1a: Alakazam|slp
|
|turn|4
|choice|switch 5|move 3
|
|switch|p1a: Lapras|Lapras|463\/463
|move|p2a: Exeggutor|Stun Spore|p1a: Lapras|[miss]
|-miss|p2a: Exeggutor
|
|turn|5
|choice|move 1|switch 6
|
|switch|p2a: Snorlax|Snorlax|523\/523
|move|p1a: Lapras|Blizzard|p2a: Snorlax
|-damage|p2a: Snorlax|337\/523
|
|turn|6
|choice|move 1|move 1
|
|move|p1a: Lapras|Blizzard|p2a: Snorlax
|-damage|p2a: Snorlax|153\/523
|move|p2a: Snorlax|Body Slam|p1a: Lapras
|-damage|p1a: Lapras|332\/463
|
|turn|7
|c|+Nails|that's not a lapras counter lol
|choice|move 1|switch 3
|
|switch|p2a: Starmie|Starmie|323\/323
|move|p1a: Lapras|Blizzard|p2a: Starmie
|-resisted|p2a: Starmie
|-damage|p2a: Starmie|257\/323
|
|turn|8
|choice|switch 4|move 2
|
|switch|p1a: Exeggutor|Exeggutor|393\/393
|move|p2a: Starmie|Thunderbolt|p1a: Exeggutor
|-resisted|p1a: Exeggutor
|-damage|p1a: Exeggutor|362\/393
|
|turn|9
|choice|move 4|switch 6
|
|switch|p2a: Exeggutor|Exeggutor|193\/393 par
|move|p1a: Exeggutor|Stun Spore|p2a: Exeggutor
|-fail|p2a: Exeggutor|par
|
|turn|10
|choice|switch 4|move 3
|
|switch|p1a: Lapras|Lapras|332\/463
|move|p2a: Exeggutor|Stun Spore|p1a: Lapras|[miss]
|-miss|p2a: Exeggutor
|
|turn|11
|choice|move 3|switch 4
|
|switch|p2a: Chansey|Chansey|703\/703
|move|p1a: Lapras|Thunderbolt|p2a: Chansey
|-crit|p2a: Chansey
|-damage|p2a: Chansey|570\/703
|
|turn|12
|choice|move 4|move 4
|
|move|p1a: Lapras|Confuse Ray|p2a: Chansey
|-start|p2a: Chansey|confusion
|-activate|p2a: Chansey|confusion
|-damage|p2a: Chansey|535\/703|[from] confusion
|
|turn|13
|choice|move 1|move 4
|
|move|p1a: Lapras|Blizzard|p2a: Chansey
|-damage|p2a: Chansey|404\/703
|-activate|p2a: Chansey|confusion
|move|p2a: Chansey|Thunder Wave|p1a: Lapras
|-status|p1a: Lapras|par
|
|turn|14
|choice|move 1|move 1
|
|-activate|p2a: Chansey|confusion
|-damage|p2a: Chansey|369\/703|[from] confusion
|move|p1a: Lapras|Blizzard|p2a: Chansey
|-damage|p2a: Chansey|227\/703
|
|turn|15
|choice|move 1|move 1
|
|-activate|p2a: Chansey|confusion
|move|p2a: Chansey|Soft-Boiled|p2a: Chansey
|-heal|p2a: Chansey|578\/703
|move|p1a: Lapras|Blizzard|p2a: Chansey
|-damage|p2a: Chansey|442\/703
|
|turn|16
|choice|switch 4|switch 6
|
|switch|p2a: Starmie|Starmie|257\/323
|switch|p1a: Exeggutor|Exeggutor|362\/393
|
|turn|17
|choice|move 4|switch 4
|
|switch|p2a: Exeggutor|Exeggutor|193\/393 par
|move|p1a: Exeggutor|Stun Spore|p2a: Exeggutor|[miss]
|-miss|p1a: Exeggutor
|
|turn|18
|choice|switch 4|move 2
|
|switch|p1a: Lapras|Lapras|332\/463 par
|move|p2a: Exeggutor|Psychic|p1a: Lapras
|-damage|p1a: Lapras|203\/463 par
|
|turn|19
|choice|move 1|switch 6
|
|switch|p2a: Chansey|Chansey|442\/703
|move|p1a: Lapras|Blizzard|p2a: Chansey
|-damage|p2a: Chansey|320\/703
|
|turn|20
|choice|switch 4|move 1
|
|switch|p1a: Exeggutor|Exeggutor|362\/393
|move|p2a: Chansey|Soft-Boiled|p2a: Chansey
|-heal|p2a: Chansey|671\/703
|
|turn|21
|choice|switch 4|switch 4
|
|switch|p1a: Lapras|Lapras|203\/463 par
|switch|p2a: Starmie|Starmie|257\/323
|
|turn|22
|c|+Nails|-
|choice|switch 4|move 2
|
|switch|p1a: Exeggutor|Exeggutor|362\/393
|move|p2a: Starmie|Thunderbolt|p1a: Exeggutor
|-crit|p1a: Exeggutor
|-resisted|p1a: Exeggutor
|-damage|p1a: Exeggutor|300\/393
|
|turn|23
|choice|move 3|switch 6
|
|switch|p2a: Exeggutor|Exeggutor|193\/393 par
|move|p1a: Exeggutor|Psychic|p2a: Exeggutor
|-resisted|p2a: Exeggutor
|-damage|p2a: Exeggutor|143\/393 par
|
|turn|24
|choice|move 3|move 2
|
|move|p1a: Exeggutor|Psychic|p2a: Exeggutor
|-resisted|p2a: Exeggutor
|-damage|p2a: Exeggutor|93\/393 par
|-unboost|p2a: Exeggutor|spd|1
|-unboost|p2a: Exeggutor|spa|1
|move|p2a: Exeggutor|Psychic|p1a: Exeggutor
|-resisted|p1a: Exeggutor
|-damage|p1a: Exeggutor|264\/393
|
|turn|25
|choice|move 3|switch 6
|
|switch|p2a: Starmie|Starmie|257\/323
|move|p1a: Exeggutor|Psychic|p2a: Starmie
|-resisted|p2a: Starmie
|-damage|p2a: Starmie|196\/323
|
|turn|26
|choice|move 4|switch 6
|
|switch|p2a: Exeggutor|Exeggutor|93\/393 par
|move|p1a: Exeggutor|Stun Spore|p2a: Exeggutor
|-fail|p2a: Exeggutor|par
|
|turn|27
|choice|move 3|move 4
|
|move|p1a: Exeggutor|Psychic|p2a: Exeggutor
|-resisted|p2a: Exeggutor
|-damage|p2a: Exeggutor|41\/393 par
|move|p2a: Exeggutor|Explosion|p1a: Exeggutor
|-damage|p1a: Exeggutor|0 fnt
|faint|p1a: Exeggutor
|faint|p2a: Exeggutor
|c|★Rumor|damn
|c|+Nails|-
|c|★Rumor|got baited
|c|+Nails|many times.
|J|Nineage
|c|★Rumor|dice is inside my mind
|c|★Rumor|both sexually and physically
|choice|switch 4|switch 6
|
|switch|p2a: Starmie|Starmie|196\/323
|switch|p1a: Lapras|Lapras|203\/463 par
|turn|28
|choice|switch 2|move 2
|
|switch|p1a: Chansey|Chansey|703\/703
|move|p2a: Starmie|Thunderbolt|p1a: Chansey
|-damage|p1a: Chansey|633\/703
|
|turn|29
|c|+Nails|same
|J|HeraChris
|choice|move 4|switch 4
|
|switch|p2a: Chansey|Chansey|671\/703
|move|p1a: Chansey|Seismic Toss|p2a: Chansey
|-damage|p2a: Chansey|571\/703
|
|turn|30
|L|HeraChris
|choice|move 2|move 3
|
|move|p1a: Chansey|Thunder Wave|p2a: Chansey
|-status|p2a: Chansey|par
|move|p2a: Chansey|Seismic Toss|p1a: Chansey
|-damage|p1a: Chansey|533\/703
|
|turn|31
|choice|switch 6|move 2
|
|switch|p1a: Rhydon|Rhydon|413\/413
|move|p2a: Chansey|Reflect|p2a: Chansey
|-start|p2a: Chansey|Reflect
|
|turn|32
|c|★Rumor|what
|c|★Rumor|ugghh
|choice|move 4|move 1
|
|move|p1a: Rhydon|Substitute|p1a: Rhydon
|-start|p1a: Rhydon|Substitute
|-damage|p1a: Rhydon|310\/413
|move|p2a: Chansey|Soft-Boiled|p2a: Chansey
|-heal|p2a: Chansey|703\/703 par
|
|turn|33
|c|★Dice|?
|choice|move 2|move 3
|
|move|p1a: Rhydon|Rock Slide|p2a: Chansey
|-crit|p2a: Chansey
|-damage|p2a: Chansey|141\/703 par
|move|p2a: Chansey|Seismic Toss|p1a: Rhydon
|-activate|p1a: Rhydon|Substitute|[damage]
|
|turn|34
|c|★Dice|.
|c|+Nails|rock slide
|c|+Nails|cant flinch
|c|★Dice|u know
|c|★Dice|ya
|c|+Nails|in gen 1
|c|★Rumor|ye
|c|★Rumor|i figured
|c|+Nails|btw.
|choice|move 1|move 1
|
|move|p1a: Rhydon|Earthquake|p2a: Chansey
|-damage|p2a: Chansey|0 fnt
|faint|p2a: Chansey
|choice||switch 4
|
|switch|p2a: Starmie|Starmie|196\/323
|turn|35
|choice|move 1|move 1
|
|move|p2a: Starmie|Blizzard|p1a: Rhydon
|-supereffective|p1a: Rhydon
|-end|p1a: Rhydon|Substitute
|move|p1a: Rhydon|Earthquake|p2a: Starmie
|-crit|p2a: Starmie
|-damage|p2a: Starmie|0 fnt
|faint|p2a: Starmie
|c|★Dice|well
|c|+Nails|-
|c|★Dice|tht ruined me
|choice||switch 2
|
|switch|p2a: Gengar|Gengar|323\/323
|turn|36
|c|★Rumor|its hard being
|c|★Rumor|incredibly bad
|c|★Rumor|wtf
|c|+Nails|no way you have drain
|c|★Rumor|this isnt asleep?
|choice|switch 6|move 2
|
|switch|p1a: Chansey|Chansey|533\/703
|move|p2a: Gengar|Confuse Ray|p1a: Chansey
|-start|p1a: Chansey|confusion
|
|turn|37
|c|+Nails|no you let eggy get boomed on before you slept something
|choice|move 2|move 4
|
|move|p2a: Gengar|Night Shade|p1a: Chansey
|-damage|p1a: Chansey|433\/703
|-activate|p1a: Chansey|confusion
|move|p1a: Chansey|Thunder Wave|p2a: Gengar
|-status|p2a: Gengar|par
|
|turn|38
|c|★Rumor|acting like
|c|★Rumor|i dont have sing on chansey
|choice|move 1|move 3
|
|-end|p1a: Chansey|confusion
|move|p1a: Chansey|Soft-Boiled|p1a: Chansey
|-heal|p1a: Chansey|703\/703
|cant|p2a: Gengar|par
|
|turn|39
|choice|switch 2|move 2
|
|switch|p1a: Lapras|Lapras|203\/463 par
|cant|p2a: Gengar|par
|
|turn|40
|choice|move 1|move 2
|
|move|p2a: Gengar|Confuse Ray|p1a: Lapras
|-start|p1a: Lapras|confusion
|-activate|p1a: Lapras|confusion
|-damage|p1a: Lapras|167\/463 par|[from] confusion
|
|turn|41
|choice|move 1|switch 3
|
|switch|p2a: Snorlax|Snorlax|153\/523
|-activate|p1a: Lapras|confusion
|move|p1a: Lapras|Blizzard|p2a: Snorlax
|-damage|p2a: Snorlax|0 fnt
|faint|p2a: Snorlax
|c|+Nails|whyd you switch out.
|choice||switch 5
|
|switch|p2a: Tauros|Tauros|353\/353
|turn|42
|choice|move 4|move 4
|
|move|p2a: Tauros|Hyper Beam|p1a: Lapras
|-crit|p1a: Lapras
|-damage|p1a: Lapras|0 fnt
|faint|p1a: Lapras
|c|★Rumor|what can chansey
|c|★Rumor|do to gengar
|c|+Nails|seismic toss.
|c|★Rumor|i didnt even know
|c|★Rumor|stoss hit genar
|c|★Dice|it does
|c|★Rumor|cool ass beans
|choice|switch 2|
|
|switch|p1a: Chansey|Chansey|703\/703
|turn|43
|choice|move 2|switch 3
|
|switch|p2a: Gengar|Gengar|323\/323 par
|move|p1a: Chansey|Thunder Wave|p2a: Gengar
|-fail|p2a: Gengar|par
|
|turn|44
|choice|move 4|move 2
|
|move|p1a: Chansey|Seismic Toss|p2a: Gengar
|-damage|p2a: Gengar|223\/323 par
|move|p2a: Gengar|Confuse Ray|p1a: Chansey
|-start|p1a: Chansey|confusion
|
|turn|45
|choice|move 4|move 3
|
|-activate|p1a: Chansey|confusion
|move|p1a: Chansey|Seismic Toss|p2a: Gengar
|-damage|p2a: Gengar|123\/323 par
|move|p2a: Gengar|Explosion|p1a: Chansey
|-crit|p1a: Chansey
|-damage|p1a: Chansey|0 fnt
|faint|p1a: Chansey
|faint|p2a: Gengar
|choice|switch 6|switch 3
|
|switch|p2a: Tauros|Tauros|353\/353
|switch|p1a: Rhydon|Rhydon|310\/413
|turn|46
|choice|move 1|move 3
|
|move|p2a: Tauros|Blizzard|p1a: Rhydon
|-supereffective|p1a: Rhydon
|-damage|p1a: Rhydon|88\/413
|move|p1a: Rhydon|Earthquake|p2a: Tauros
|-damage|p2a: Tauros|215\/353
|
|turn|47
|choice|move 1|move 2
|
|move|p2a: Tauros|Earthquake|p1a: Rhydon
|-crit|p1a: Rhydon
|-supereffective|p1a: Rhydon
|-damage|p1a: Rhydon|0 fnt
|faint|p1a: Rhydon
|choice|switch 3|
|
|switch|p1a: Tauros|Tauros|353\/353
|turn|48
|choice|move 1|move 1
|
|move|p2a: Tauros|Body Slam|p1a: Tauros
|-damage|p1a: Tauros|256\/353
|move|p1a: Tauros|Body Slam|p2a: Tauros
|-crit|p2a: Tauros
|-damage|p2a: Tauros|23\/353
|
|turn|49
|choice|move 1|move 4
|
|move|p2a: Tauros|Hyper Beam|p1a: Tauros
|-damage|p1a: Tauros|62\/353
|move|p1a: Tauros|Body Slam|p2a: Tauros
|-damage|p2a: Tauros|0 fnt
|faint|p2a: Tauros
|
|win|Rumor