|J|TDK
|J|Nails
|player|p1|TDK|138
|player|p2|Nails|102
|gametype|singles
|gen|1
|tier|[Gen 1] Random Battle
|seed|15216,24992,49946,3079
|rule|Sleep Clause Mod: Limit one foe put to sleep
|rule|Freeze Clause Mod: Limit one foe frozen
|rule|HP Percentage Mod: HP is shown in percentages
|
|start
|switch|p1a: Eevee|Eevee, L96|300\/300
|switch|p2a: Fearow|Fearow, L90|300\/300
|turn|1
|J|Demerging
|choice|switch 6|move 1
|
|switch|p1a: Golem|Golem, L79|288\/288
|move|p2a: Fearow|Drill Peck|p1a: Golem
|-resisted|p1a: Golem
|-damage|p1a: Golem|253\/288
|
|turn|2
|choice|move 4|switch 2
|
|switch|p2a: Seadra|Seadra, L90|282\/282
|move|p1a: Golem|Rock Slide|p2a: Seadra|[miss]
|-miss|p1a: Golem
|
|turn|3
|choice|switch 5|move 3
|
|switch|p1a: Starmie|Starmie, L79|257\/257
|move|p2a: Seadra|Blizzard|p1a: Starmie|[miss]
|-miss|p2a: Seadra
|
|turn|4
|choice|move 2|switch 4
|
|switch|p2a: Kadabra|Kadabra, L85|242\/242
|move|p1a: Starmie|Thunderbolt|p2a: Kadabra
|-crit|p2a: Kadabra
|-damage|p2a: Kadabra|149\/242
|
|turn|5
|J|Mael
|choice|switch 6|move 2
|
|switch|p1a: Eevee|Eevee, L96|300\/300
|move|p2a: Kadabra|Recover|p2a: Kadabra
|-heal|p2a: Kadabra|242\/242
|
|turn|6
|L|Demerging
|choice|move 1|switch 6
|
|switch|p2a: Haunter|Haunter, L85|250\/250
|move|p1a: Eevee|Body Slam|p2a: Haunter
|-immune|p2a: Haunter|[msg]
|
|turn|7
|choice|switch 2|move 1
|
|switch|p1a: Ekans|Ekans, L96|262\/262
|move|p2a: Haunter|Hypnosis|p1a: Ekans
|-status|p1a: Ekans|slp
|
|turn|8
|choice|move 4|move 4
|
|move|p2a: Haunter|Thunderbolt|p1a: Ekans
|-damage|p1a: Ekans|153\/262 slp
|-curestatus|p1a: Ekans|slp
|
|turn|9
|choice|move 4|move 1
|
|move|p2a: Haunter|Hypnosis|p1a: Ekans
|-status|p1a: Ekans|slp
|-curestatus|p1a: Ekans|slp
|
|turn|10
|choice|move 4|move 1
|
|move|p2a: Haunter|Hypnosis|p1a: Ekans
|-status|p1a: Ekans|slp
|cant|p1a: Ekans|slp
|
|turn|11
|choice|move 4|move 4
|
|move|p2a: Haunter|Thunderbolt|p1a: Ekans
|-damage|p1a: Ekans|44\/262 slp
|-curestatus|p1a: Ekans|slp
|
|turn|12
|choice|move 4|move 4
|
|move|p2a: Haunter|Thunderbolt|p1a: Ekans
|-damage|p1a: Ekans|0 fnt
|faint|p1a: Ekans
|c|★Nails|easy
|choice|switch 4|
|
|switch|p1a: Jynx|Jynx, L79|265\/265
|turn|13
|choice|move 2|move 1
|
|move|p2a: Haunter|Hypnosis|p1a: Jynx
|-status|p1a: Jynx|slp
|cant|p1a: Jynx|slp
|
|turn|14
|choice|move 2|switch 3
|
|switch|p2a: Raticate|Raticate, L85|267\/267
|cant|p1a: Jynx|slp
|
|turn|15
|choice|move 1|move 1
|
|move|p2a: Raticate|Super Fang|p1a: Jynx
|-damage|p1a: Jynx|133\/265 slp
|-curestatus|p1a: Jynx|slp
|
|turn|16
|J|fleggumfl
|choice|move 1|move 3
|
|move|p2a: Raticate|Body Slam|p1a: Jynx
|-damage|p1a: Jynx|0 fnt
|faint|p1a: Jynx
|choice|switch 5|
|
|switch|p1a: Golem|Golem, L79|253\/288
|turn|17
|choice|move 1|move 2
|
|move|p2a: Raticate|Bubble Beam|p1a: Golem
|-supereffective|p1a: Golem
|-damage|p1a: Golem|79\/288
|move|p1a: Golem|Earthquake|p2a: Raticate
|-damage|p2a: Raticate|151\/267
|
|turn|18
|c|★TDK|...
|c|★TDK|It GETS THAT
|c|★TDK|WTF
|c|★Nails|:P
|choice|switch 3|move 3
|
|switch|p1a: Weezing|Weezing, L90|300\/300
|move|p2a: Raticate|Body Slam|p1a: Weezing
|-damage|p1a: Weezing|242\/300
|
|turn|19
|choice|move 1|move 1
|
|move|p2a: Raticate|Super Fang|p1a: Weezing
|-damage|p1a: Weezing|121\/300
|move|p1a: Weezing|Explosion|p2a: Raticate
|-damage|p2a: Raticate|0 fnt
|faint|p2a: Raticate
|faint|p1a: Weezing
|choice|switch 6|switch 2
|
|switch|p2a: Fearow|Fearow, L90|300\/300
|switch|p1a: Starmie|Starmie, L79|257\/257
|turn|20
|choice|move 3|move 4
|
|move|p2a: Fearow|Mirror Move|p2a: Fearow
|-fail|p2a: Fearow
|move|p1a: Starmie|Blizzard|p2a: Fearow
|-supereffective|p2a: Fearow
|-damage|p2a: Fearow|123\/300
|
|turn|21
|c|★Nails|huh
|c|★Nails|bs
|c|★Nails|that was supposed to boom
|choice|move 3|switch 6
|
|switch|p2a: Kadabra|Kadabra, L85|242\/242
|move|p1a: Starmie|Blizzard|p2a: Kadabra
|-damage|p2a: Kadabra|179\/242
|
|turn|22
|J|Confided
|choice|move 4|move 3
|
|move|p2a: Kadabra|Thunder Wave|p1a: Starmie
|-status|p1a: Starmie|par
|cant|p1a: Starmie|par
|
|turn|23
|choice|move 4|move 1
|
|move|p2a: Kadabra|Psychic|p1a: Starmie
|-resisted|p1a: Starmie
|-damage|p1a: Starmie|204\/257 par
|move|p1a: Starmie|Surf|p2a: Kadabra
|-damage|p2a: Kadabra|101\/242
|
|turn|24
|choice|move 1|move 2
|
|move|p2a: Kadabra|Recover|p2a: Kadabra
|-heal|p2a: Kadabra|222\/242
|move|p1a: Starmie|Recover|p1a: Starmie
|-heal|p1a: Starmie|257\/257 par
|
|turn|25
|c|+Confided|why is tdk playing a rby match when he's supposed to be on TWITCH
|L|Mael
|c|★TDK|can't commentate on rby
|c|★TDK|gotta learn it first.
|choice|move 4|move 4
|
|move|p2a: Kadabra|Seismic Toss|p1a: Starmie
|-damage|p1a: Starmie|172\/257 par
|move|p1a: Starmie|Surf|p2a: Kadabra
|-damage|p2a: Kadabra|152\/242
|
|turn|26
|choice|move 1|move 4
|
|move|p2a: Kadabra|Seismic Toss|p1a: Starmie
|-damage|p1a: Starmie|87\/257 par
|move|p1a: Starmie|Recover|p1a: Starmie
|-heal|p1a: Starmie|215\/257 par
|
|turn|27
|choice|move 4|move 4
|
|move|p2a: Kadabra|Seismic Toss|p1a: Starmie
|-damage|p1a: Starmie|130\/257 par
|cant|p1a: Starmie|par
|
|turn|28
|L|fleggumfl
|choice|move 1|move 4
|
|move|p2a: Kadabra|Seismic Toss|p1a: Starmie
|-damage|p1a: Starmie|45\/257 par
|move|p1a: Starmie|Recover|p1a: Starmie
|-heal|p1a: Starmie|173\/257 par
|
|turn|29
|choice|move 1|move 4
|
|move|p2a: Kadabra|Seismic Toss|p1a: Starmie
|-damage|p1a: Starmie|88\/257 par
|move|p1a: Starmie|Recover|p1a: Starmie
|-heal|p1a: Starmie|216\/257 par
|
|turn|30
|choice|move 4|move 4
|
|move|p2a: Kadabra|Seismic Toss|p1a: Starmie
|-damage|p1a: Starmie|131\/257 par
|move|p1a: Starmie|Surf|p2a: Kadabra
|-damage|p2a: Kadabra|81\/242
|
|turn|31
|choice|move 1|move 2
|
|move|p2a: Kadabra|Recover|p2a: Kadabra
|-heal|p2a: Kadabra|202\/242
|move|p1a: Starmie|Recover|p1a: Starmie
|-heal|p1a: Starmie|257\/257 par
|
|turn|32
|choice|move 4|move 4
|
|move|p2a: Kadabra|Seismic Toss|p1a: Starmie
|-damage|p1a: Starmie|172\/257 par
|move|p1a: Starmie|Surf|p2a: Kadabra
|-damage|p2a: Kadabra|134\/242
|
|turn|33
|choice|move 4|move 4
|
|move|p2a: Kadabra|Seismic Toss|p1a: Starmie
|-damage|p1a: Starmie|87\/257 par
|cant|p1a: Starmie|par
|
|turn|34
|choice|move 1|move 4
|
|move|p2a: Kadabra|Seismic Toss|p1a: Starmie
|-damage|p1a: Starmie|2\/257 par
|move|p1a: Starmie|Recover|p1a: Starmie
|-fail|p1a: Starmie
|
|turn|35
|c|★Nails|lol
|c|★Nails|255ed
|c|★Nails|af
|c|★Nails|if max hp - current hp = 255 or 511
|c|★Nails|recover moves fail
|choice|move 4|move 2
|
|move|p2a: Kadabra|Recover|p2a: Kadabra
|-heal|p2a: Kadabra|242\/242
|move|p1a: Starmie|Surf|p2a: Kadabra
|-crit|p2a: Kadabra
|-damage|p2a: Kadabra|109\/242
|
|turn|36
|choice|move 1|move 2
|
|move|p2a: Kadabra|Recover|p2a: Kadabra
|-heal|p2a: Kadabra|230\/242
|cant|p1a: Starmie|par
|
|turn|37
|choice|move 1|move 4
|
|move|p2a: Kadabra|Seismic Toss|p1a: Starmie
|-damage|p1a: Starmie|0 fnt
|faint|p1a: Starmie
|choice|switch 2|
|
|switch|p1a: Eevee|Eevee, L96|300\/300
|turn|38
|choice|move 1|switch 3
|
|switch|p2a: Haunter|Haunter, L85|250\/250
|move|p1a: Eevee|Body Slam|p2a: Haunter
|-immune|p2a: Haunter|[msg]
|
|turn|39
|c|+Confided|haunter  looks
|c|+Confided|so badass lol
|J|Triangles RSE
|L|Confided
|L|Triangles RSE
|choice|move 3|move 4
|
|move|p2a: Haunter|Thunderbolt|p1a: Eevee
|-damage|p1a: Eevee|224\/300
|move|p1a: Eevee|Sand Attack|p2a: Haunter
|-unboost|p2a: Haunter|accuracy|1
|
|turn|40
|choice|move 3|move 4
|
|move|p2a: Haunter|Thunderbolt|p1a: Eevee|[miss]
|-miss|p2a: Haunter
|move|p1a: Eevee|Sand Attack|p2a: Haunter
|-unboost|p2a: Haunter|accuracy|1
|
|turn|41
|choice|move 3|switch 6
|
|switch|p2a: Fearow|Fearow, L90|123\/300
|move|p1a: Eevee|Sand Attack|p2a: Fearow
|-unboost|p2a: Fearow|accuracy|1
|
|turn|42
|J|Kanbe Kotori
|L|Kanbe Kotori
|J|Jayde
|L|Jayde
|-message|TDK lost due to inactivity.
|
|win|Nails