|J|tamahome
|J|dice
|player|p1|tamahome|265
|player|p2|dice|168
|gametype|singles
|gen|1
|tier|[Gen 1] OU
|seed|54183,40677,7840,5239
|rule|Sleep Clause Mod: Limit one foe put to sleep
|rule|Freeze Clause Mod: Limit one foe frozen
|rule|Species Clause: Limit one of each Pokémon
|rule|OHKO Clause: OHKO moves are banned
|rule|Evasion Moves Clause: Evasion moves are banned
|rule|HP Percentage Mod: HP is shown in percentages
|
|start
|switch|p1a: Jynx|Jynx|333\/333
|switch|p2a: Gengar|Gengar|323\/323
|turn|1
|choice|switch 2|move 1
|
|switch|p1a: Exeggutor|Exeggutor|393\/393
|move|p2a: Gengar|Hypnosis|p1a: Exeggutor
|-status|p1a: Exeggutor|slp
|
|turn|2
|choice|switch 2|move 4
|
|switch|p1a: Jynx|Jynx|333\/333
|move|p2a: Gengar|Night Shade|p1a: Jynx
|-damage|p1a: Jynx|233\/333
|
|turn|3
|choice|move 3|move 4
|
|move|p2a: Gengar|Night Shade|p1a: Jynx
|-damage|p1a: Jynx|133\/333
|move|p1a: Jynx|Lovely Kiss|p2a: Gengar
|-status|p2a: Gengar|slp
|
|turn|4
|choice|move 1|switch 4
|
|switch|p2a: Chansey|Chansey|703\/703
|move|p1a: Jynx|Blizzard|p2a: Chansey
|-damage|p2a: Chansey|572\/703
|
|turn|5
|choice|move 1|move 2
|
|move|p1a: Jynx|Blizzard|p2a: Chansey
|-damage|p2a: Chansey|429\/703
|move|p2a: Chansey|Seismic Toss|p1a: Jynx
|-damage|p1a: Jynx|33\/333
|
|turn|6
|choice|move 4|move 2
|
|move|p1a: Jynx|Rest|p1a: Jynx
|-status|p1a: Jynx|slp
|-heal|p1a: Jynx|333\/333 slp|[silent]
|-status|p1a: Jynx|slp|[from] move: Rest
|move|p2a: Chansey|Seismic Toss|p1a: Jynx
|-damage|p1a: Jynx|233\/333 slp
|
|turn|7
|choice|move 2|move 2
|
|cant|p1a: Jynx|slp
|move|p2a: Chansey|Seismic Toss|p1a: Jynx
|-damage|p1a: Jynx|133\/333 slp
|
|turn|8
|choice|move 2|move 2
|
|-curestatus|p1a: Jynx|slp
|move|p2a: Chansey|Seismic Toss|p1a: Jynx
|-damage|p1a: Jynx|33\/333
|
|turn|9
|choice|move 4|move 2
|
|move|p1a: Jynx|Rest|p1a: Jynx
|-status|p1a: Jynx|slp
|-heal|p1a: Jynx|333\/333 slp|[silent]
|-status|p1a: Jynx|slp|[from] move: Rest
|move|p2a: Chansey|Seismic Toss|p1a: Jynx
|-damage|p1a: Jynx|233\/333 slp
|
|turn|10
|choice|move 2|switch 6
|
|switch|p2a: Snorlax|Snorlax|523\/523
|cant|p1a: Jynx|slp
|
|turn|11
|choice|switch 3|move 2
|
|switch|p1a: Snorlax|Snorlax|523\/523
|move|p2a: Snorlax|Body Slam|p1a: Snorlax
|-damage|p1a: Snorlax|383\/523
|
|turn|12
|choice|move 3|move 2
|
|move|p2a: Snorlax|Body Slam|p1a: Snorlax
|-crit|p1a: Snorlax
|-damage|p1a: Snorlax|111\/523
|move|p1a: Snorlax|Earthquake|p2a: Snorlax
|-damage|p2a: Snorlax|420\/523
|
|turn|13
|choice|move 3|switch 4
|
|switch|p2a: Gengar|Gengar|323\/323 slp
|move|p1a: Snorlax|Earthquake|p2a: Gengar
|-crit|p2a: Gengar
|-supereffective|p2a: Gengar
|-damage|p2a: Gengar|0 fnt
|faint|p2a: Gengar
|c|★dice|.
|choice||switch 5
|
|switch|p2a: Rhydon|Rhydon|413\/413
|turn|14
|choice|switch 4|move 3
|
|switch|p1a: Starmie|Starmie|323\/323
|move|p2a: Rhydon|Earthquake|p1a: Starmie
|-damage|p1a: Starmie|178\/323
|
|turn|15
|choice|move 4|move 1
|
|move|p1a: Starmie|Recover|p1a: Starmie
|-heal|p1a: Starmie|323\/323
|move|p2a: Rhydon|Body Slam|p1a: Starmie
|-damage|p1a: Starmie|231\/323
|
|turn|16
|choice|switch 6|switch 6
|
|switch|p1a: Chansey|Chansey|703\/703
|switch|p2a: Chansey|Chansey|429\/703
|
|turn|17
|choice|move 1|move 4
|
|move|p2a: Chansey|Thunder Wave|p1a: Chansey
|-status|p1a: Chansey|par
|move|p1a: Chansey|Ice Beam|p2a: Chansey
|-damage|p2a: Chansey|350\/703
|
|turn|18
|choice|move 1|move 3
|
|move|p2a: Chansey|Soft-Boiled|p2a: Chansey
|-heal|p2a: Chansey|701\/703
|cant|p1a: Chansey|par
|
|turn|19
|choice|move 1|switch 4
|
|switch|p2a: Snorlax|Snorlax|420\/523
|move|p1a: Chansey|Ice Beam|p2a: Snorlax
|-damage|p2a: Snorlax|320\/523
|
|turn|20
|choice|move 3|switch 4
|
|switch|p2a: Chansey|Chansey|701\/703
|move|p1a: Chansey|Counter|p2a: Chansey
|-fail|p1a: Chansey
|
|turn|21
|choice|move 1|move 2
|
|move|p2a: Chansey|Seismic Toss|p1a: Chansey
|-damage|p1a: Chansey|603\/703 par
|move|p1a: Chansey|Ice Beam|p2a: Chansey
|-damage|p2a: Chansey|627\/703
|-status|p2a: Chansey|frz
|
|turn|22
|c|★tamahome|i
|c|★tamahome|can
|c|★tamahome|not
|c|★tamahome|believe
|c|★tamahome|it
|c|★dice|omg
|c|★dice|u did it
|choice|move 2|switch 4
|
|switch|p2a: Snorlax|Snorlax|320\/523
|move|p1a: Chansey|Thunderbolt|p2a: Snorlax
|-damage|p2a: Snorlax|215\/523
|
|turn|23
|choice|switch 4|move 2
|
|switch|p1a: Snorlax|Snorlax|111\/523
|move|p2a: Snorlax|Body Slam|p1a: Snorlax
|-damage|p1a: Snorlax|0 fnt
|faint|p1a: Snorlax
|choice|switch 5|
|
|switch|p1a: Tauros|Tauros|353\/353
|turn|24
|choice|move 4|move 4
|
|move|p1a: Tauros|Hyper Beam|p2a: Snorlax
|-damage|p2a: Snorlax|5\/523
|move|p2a: Snorlax|Self-Destruct|p1a: Tauros
|-damage|p1a: Tauros|1\/353
|faint|p2a: Snorlax
|choice||switch 3
|
|switch|p2a: Slowbro|Slowbro|393\/393
|turn|25
|-mustrecharge|p1a: Tauros
|c|★tamahome|phew
|-mustrecharge|p1a: Tauros
|choice|move 1|move 1
|
|cant|p1a: Tauros|recharge
|move|p2a: Slowbro|Psychic|p1a: Tauros
|-damage|p1a: Tauros|0 fnt
|faint|p1a: Tauros
|choice|switch 2|
|
|switch|p1a: Exeggutor|Exeggutor|393\/393 slp
|turn|26
|choice|move 1|switch 6
|
|switch|p2a: Rhydon|Rhydon|413\/413
|cant|p1a: Exeggutor|slp
|
|turn|27
|choice|move 1|move 4
|
|cant|p1a: Exeggutor|slp
|move|p2a: Rhydon|Rock Slide|p1a: Exeggutor
|-damage|p1a: Exeggutor|277\/393 slp
|
|turn|28
|choice|switch 6|move 1
|
|switch|p1a: Starmie|Starmie|231\/323
|move|p2a: Rhydon|Body Slam|p1a: Starmie
|-damage|p1a: Starmie|142\/323
|-status|p1a: Starmie|par
|
|turn|29
|choice|move 1|move 3
|
|move|p2a: Rhydon|Earthquake|p1a: Starmie
|-damage|p1a: Starmie|0 fnt
|faint|p1a: Starmie
|choice|switch 6|
|
|switch|p1a: Exeggutor|Exeggutor|277\/393 slp
|turn|30
|choice|move 1|move 1
|
|cant|p1a: Exeggutor|slp
|move|p2a: Rhydon|Body Slam|p1a: Exeggutor
|-damage|p1a: Exeggutor|183\/393 slp
|
|turn|31
|choice|move 1|move 1
|
|cant|p1a: Exeggutor|slp
|move|p2a: Rhydon|Body Slam|p1a: Exeggutor
|-damage|p1a: Exeggutor|95\/393 slp
|
|turn|32
|choice|move 1|move 4
|
|-curestatus|p1a: Exeggutor|slp
|move|p2a: Rhydon|Rock Slide|p1a: Exeggutor
|-damage|p1a: Exeggutor|0 fnt
|faint|p1a: Exeggutor
|choice|switch 4|
|
|switch|p1a: Chansey|Chansey|603\/703 par
|turn|33
|c|★tamahome|a part of me
|c|★tamahome|feels like
|c|★tamahome|i choked this
|c|★tamahome|but i dont really know how i couldve won
|c|★tamahome|gg
|c|★dice|idk
|c|★dice|i had
|choice|move 1|move 3
|
|move|p2a: Rhydon|Earthquake|p1a: Chansey
|-damage|p1a: Chansey|208\/703 par
|cant|p1a: Chansey|par
|
|turn|34
|c|★dice|dnite
|c|★dice|in the bakc
|c|★dice|dis is my fave rby squad
|choice|move 1|move 3
|
|move|p2a: Rhydon|Earthquake|p1a: Chansey
|-damage|p1a: Chansey|0 fnt
|faint|p1a: Chansey
|choice|switch 3|
|
|switch|p1a: Jynx|Jynx|233\/333 slp
|turn|35
|choice|move 1|move 4
|
|-curestatus|p1a: Jynx|slp
|move|p2a: Rhydon|Rock Slide|p1a: Jynx
|-supereffective|p1a: Jynx
|-damage|p1a: Jynx|0 fnt
|faint|p1a: Jynx
|
|win|dice
|L|tamahome
|player|p1