|J|tamahome
|J|dice
|player|p1|tamahome|2
|player|p2|dice|168
|gametype|singles
|gen|1
|tier|[Gen 1] OU
|seed|36115,3964,46616,53906
|rule|Sleep Clause Mod: Limit one foe put to sleep
|rule|Freeze Clause Mod: Limit one foe frozen
|rule|Species Clause: Limit one of each Pokémon
|rule|OHKO Clause: OHKO moves are banned
|rule|Evasion Moves Clause: Evasion moves are banned
|rule|HP Percentage Mod: HP is shown in percentages
|
|start
|switch|p1a: Alakazam|Alakazam|313\/313
|switch|p2a: Alakazam|Alakazam|313\/313
|turn|1
|J|trc
|choice|switch 6|move 4
|
|switch|p1a: Chansey|Chansey|703\/703
|move|p2a: Alakazam|Thunder Wave|p1a: Chansey
|-status|p1a: Chansey|par
|
|turn|2
|L|trc
|choice|move 1|move 1
|
|move|p2a: Alakazam|Psychic|p1a: Chansey
|-damage|p1a: Chansey|571\/703 par
|move|p1a: Chansey|Ice Beam|p2a: Alakazam
|-damage|p2a: Alakazam|250\/313
|
|turn|3
|choice|move 1|move 1
|
|move|p2a: Alakazam|Psychic|p1a: Chansey
|-damage|p1a: Chansey|446\/703 par
|-unboost|p1a: Chansey|spd|1
|-unboost|p1a: Chansey|spa|1
|cant|p1a: Chansey|par
|
|turn|4
|choice|move 3|move 1
|
|move|p2a: Alakazam|Psychic|p1a: Chansey
|-damage|p1a: Chansey|240\/703 par
|-unboost|p1a: Chansey|spd|1
|-unboost|p1a: Chansey|spa|1
|move|p1a: Chansey|Soft-Boiled|p1a: Chansey
|-heal|p1a: Chansey|591\/703 par
|
|turn|5
|choice|move 3|move 4
|
|move|p2a: Alakazam|Thunder Wave|p1a: Chansey
|-fail|p1a: Chansey|par
|cant|p1a: Chansey|par
|
|turn|6
|choice|switch 6|move 1
|
|switch|p1a: Alakazam|Alakazam|313\/313
|move|p2a: Alakazam|Psychic|p1a: Alakazam
|-crit|p1a: Alakazam
|-resisted|p1a: Alakazam
|-damage|p1a: Alakazam|216\/313
|
|turn|7
|choice|move 3|move 2
|
|move|p1a: Alakazam|Seismic Toss|p2a: Alakazam
|-damage|p2a: Alakazam|150\/313
|move|p2a: Alakazam|Seismic Toss|p1a: Alakazam
|-damage|p1a: Alakazam|116\/313
|
|turn|8
|choice|switch 6|move 4
|
|switch|p1a: Chansey|Chansey|591\/703 par
|move|p2a: Alakazam|Thunder Wave|p1a: Chansey
|-fail|p1a: Chansey|par
|
|turn|9
|choice|move 1|move 3
|
|move|p2a: Alakazam|Recover|p2a: Alakazam
|-heal|p2a: Alakazam|306\/313
|cant|p1a: Chansey|par
|
|turn|10
|choice|move 1|switch 3
|
|switch|p2a: Chansey|Chansey|703\/703
|move|p1a: Chansey|Ice Beam|p2a: Chansey
|-damage|p2a: Chansey|623\/703
|-status|p2a: Chansey|frz
|
|turn|11
|choice|move 4|move 3
|
|cant|p2a: Chansey|frz
|move|p1a: Chansey|Sing|p2a: Chansey|[miss]
|-miss|p1a: Chansey
|
|turn|12
|J|LT1 Bro Kappa
|choice|move 4|switch 6
|
|switch|p2a: Snorlax|Snorlax|523\/523
|move|p1a: Chansey|Sing|p2a: Snorlax|[miss]
|-miss|p1a: Chansey
|
|turn|13
|choice|switch 3|move 1
|
|switch|p1a: Snorlax|Snorlax|523\/523
|move|p2a: Snorlax|Headbutt|p1a: Snorlax
|-damage|p1a: Snorlax|413\/523
|
|turn|14
|L|LT1 Bro Kappa
|choice|move 3|move 1
|
|move|p1a: Snorlax|Earthquake|p2a: Snorlax
|-damage|p2a: Snorlax|415\/523
|move|p2a: Snorlax|Headbutt|p1a: Snorlax
|-damage|p1a: Snorlax|302\/523
|
|turn|15
|choice|move 4|move 1
|
|move|p1a: Snorlax|Self-Destruct|p2a: Snorlax
|-damage|p2a: Snorlax|0 fnt
|faint|p2a: Snorlax
|faint|p1a: Snorlax
|choice|switch 6|switch 2
|
|switch|p1a: Alakazam|Alakazam|116\/313
|switch|p2a: Exeggutor|Exeggutor|393\/393
|turn|16
|choice|move 2|move 2
|
|move|p1a: Alakazam|Thunder Wave|p2a: Exeggutor
|-status|p2a: Exeggutor|par
|cant|p2a: Exeggutor|par
|
|turn|17
|choice|move 3|move 2
|
|move|p1a: Alakazam|Seismic Toss|p2a: Exeggutor
|-damage|p2a: Exeggutor|293\/393 par
|move|p2a: Exeggutor|Sleep Powder|p1a: Alakazam
|-status|p1a: Alakazam|slp
|
|turn|18
|choice|switch 4|move 4
|
|switch|p1a: Starmie|Starmie|323\/323
|move|p2a: Exeggutor|Explosion|p1a: Starmie
|-damage|p1a: Starmie|12\/323
|faint|p2a: Exeggutor
|choice||switch 3
|
|switch|p2a: Alakazam|Alakazam|306\/313
|turn|19
|choice|switch 3|switch 5
|
|switch|p2a: Zapdos|Zapdos|383\/383
|switch|p1a: Chansey|Chansey|591\/703 par
|
|turn|20
|choice|move 1|move 2
|
|move|p2a: Zapdos|Drill Peck|p1a: Chansey
|-crit|p1a: Chansey
|-damage|p1a: Chansey|148\/703 par
|move|p1a: Chansey|Ice Beam|p2a: Zapdos
|-supereffective|p2a: Zapdos
|-damage|p2a: Zapdos|241\/383
|
|turn|21
|choice|switch 5|move 2
|
|switch|p1a: Tauros|Tauros|353\/353
|move|p2a: Zapdos|Drill Peck|p1a: Tauros
|-damage|p1a: Tauros|262\/353
|
|turn|22
|choice|move 1|move 1
|
|move|p1a: Tauros|Body Slam|p2a: Zapdos
|-crit|p2a: Zapdos
|-damage|p2a: Zapdos|14\/383
|-status|p2a: Zapdos|par
|move|p2a: Zapdos|Thunder Wave|p1a: Tauros
|-status|p1a: Tauros|par
|
|turn|23
|choice|move 1|move 3
|
|move|p1a: Tauros|Body Slam|p2a: Zapdos
|-damage|p2a: Zapdos|0 fnt
|faint|p2a: Zapdos
|choice||switch 4
|
|switch|p2a: Tauros|Tauros|353\/353
|turn|24
|choice|move 4|move 1
|
|move|p2a: Tauros|Body Slam|p1a: Tauros
|-damage|p1a: Tauros|158\/353 par
|move|p1a: Tauros|Hyper Beam|p2a: Tauros
|-damage|p2a: Tauros|172\/353
|
|turn|25
|-mustrecharge|p1a: Tauros
|-mustrecharge|p1a: Tauros
|choice|move 1|move 2
|
|move|p2a: Tauros|Hyper Beam|p1a: Tauros
|-crit|p1a: Tauros
|-damage|p1a: Tauros|0 fnt
|faint|p1a: Tauros
|choice|switch 2|
|
|switch|p1a: Exeggutor|Exeggutor|393\/393
|turn|26
|choice|move 2|move 1
|
|move|p2a: Tauros|Body Slam|p1a: Exeggutor
|-damage|p1a: Exeggutor|281\/393
|move|p1a: Exeggutor|Psychic|p2a: Tauros
|-damage|p2a: Tauros|8\/353
|
|turn|27
|choice|move 3|move 2
|
|move|p2a: Tauros|Hyper Beam|p1a: Exeggutor
|-damage|p1a: Exeggutor|85\/393
|move|p1a: Exeggutor|Mega Drain|p2a: Tauros
|-damage|p2a: Tauros|0 fnt
|-heal|p1a: Exeggutor|89\/393|[from] drain|[of] p2a: Tauros
|faint|p2a: Tauros
|choice||switch 5
|
|switch|p2a: Alakazam|Alakazam|306\/313
|turn|28
|choice|switch 4|move 2
|
|switch|p1a: Alakazam|Alakazam|116\/313 slp
|move|p2a: Alakazam|Seismic Toss|p1a: Alakazam
|-damage|p1a: Alakazam|16\/313 slp
|
|turn|29
|choice|move 2|move 2
|
|cant|p1a: Alakazam|slp
|move|p2a: Alakazam|Seismic Toss|p1a: Alakazam
|-damage|p1a: Alakazam|0 fnt
|faint|p1a: Alakazam
|choice|switch 5|
|
|switch|p1a: Chansey|Chansey|148\/703 par
|turn|30
|choice|move 3|move 1
|
|move|p2a: Alakazam|Psychic|p1a: Chansey
|-damage|p1a: Chansey|30\/703 par
|-unboost|p1a: Chansey|spd|1
|-unboost|p1a: Chansey|spa|1
|cant|p1a: Chansey|par
|
|turn|31
|c|★tamahome|lol
|c|★tamahome|ridiculous
|choice|move 3|move 2
|
|move|p2a: Alakazam|Seismic Toss|p1a: Chansey
|-damage|p1a: Chansey|0 fnt
|faint|p1a: Chansey
|choice|switch 3|
|
|switch|p1a: Starmie|Starmie|12\/323
|turn|32
|c|★dice|u do not remember frzing
|c|★dice|my chansey
|c|★dice|yn
|choice|move 4|move 2
|
|move|p2a: Alakazam|Seismic Toss|p1a: Starmie
|-damage|p1a: Starmie|0 fnt
|faint|p1a: Starmie
|c|★tamahome|u were stupid
|c|★tamahome|and got rewarded
|choice|switch 4|
|
|switch|p1a: Exeggutor|Exeggutor|89\/393
|turn|33
|c|★dice|uh huh.
|choice|move 1|move 2
|
|move|p2a: Alakazam|Seismic Toss|p1a: Exeggutor
|-damage|p1a: Exeggutor|0 fnt
|faint|p1a: Exeggutor
|
|win|dice