|inactive|Battle timer is ON: inactive players will automatically lose when time's up.
|J|Beds
|J|TraceofLife
|player|p1|Beds|252
|player|p2|TraceofLife|13
|gametype|singles
|gen|1
|tier|[Gen 1] OU
|seed|34753,22407,43867,39726
|rule|Sleep Clause Mod: Limit one foe put to sleep
|rule|Freeze Clause Mod: Limit one foe frozen
|rule|Species Clause: Limit one of each Pokémon
|rule|OHKO Clause: OHKO moves are banned
|rule|Evasion Moves Clause: Evasion moves are banned
|rule|HP Percentage Mod: HP is shown in percentages
|
|start
|switch|p1a: Jynx|Jynx|333\/333
|switch|p2a: Jynx|Jynx|333\/333
|turn|1
|J|Lusch
|c|★Beds|gl hf
|J|jeran
|c|★TraceofLife|you too
|J|Tidal Waltz
|choice|move 1|move 2
|
|move|p2a: Jynx|Lovely Kiss|p1a: Jynx
|-status|p1a: Jynx|slp
|-curestatus|p1a: Jynx|slp
|
|turn|2
|choice|move 1|move 1
|
|move|p1a: Jynx|Lovely Kiss|p2a: Jynx|[miss]
|-miss|p1a: Jynx
|move|p2a: Jynx|Blizzard|p1a: Jynx
|-crit|p1a: Jynx
|-resisted|p1a: Jynx
|-damage|p1a: Jynx|191\/333
|
|turn|3
|J|Omastar
|c|★TraceofLife|er
|c|★TraceofLife|did i legit misclick
|L|Omastar
|c|★Beds|well it's not really a gamechanger lol
|choice|move 1|move 2
|
|move|p1a: Jynx|Lovely Kiss|p2a: Jynx
|-status|p2a: Jynx|slp
|cant|p2a: Jynx|slp
|
|turn|4
|J|Century Express
|choice|switch 2|move 2
|
|switch|p1a: Snorlax|Snorlax|523\/523
|cant|p2a: Jynx|slp
|
|turn|5
|choice|move 1|switch 5
|
|switch|p2a: Golem|Golem|363\/363
|move|p1a: Snorlax|Body Slam|p2a: Golem
|-resisted|p2a: Golem
|-damage|p2a: Golem|322\/363
|
|turn|6
|J|F a p k i n g g
|choice|switch 3|move 2
|
|switch|p1a: Exeggutor|Exeggutor|393\/393
|move|p2a: Golem|Earthquake|p1a: Exeggutor
|-resisted|p1a: Exeggutor
|-damage|p1a: Exeggutor|321\/393
|
|turn|7
|choice|move 1|switch 4
|
|switch|p2a: Chansey|Chansey|703\/703
|move|p1a: Exeggutor|Psychic|p2a: Chansey
|-damage|p2a: Chansey|575\/703
|-unboost|p2a: Chansey|spd|1
|-unboost|p2a: Chansey|spa|1
|
|turn|8
|choice|move 4|move 3
|
|move|p1a: Exeggutor|Explosion|p2a: Chansey
|-damage|p2a: Chansey|0 fnt
|faint|p2a: Chansey
|faint|p1a: Exeggutor
|J|hfwer9aohf9w
|J|Allstar124
|L|hfwer9aohf9w
|choice|switch 3|switch 3
|
|switch|p2a: Exeggutor|Exeggutor|393\/393
|switch|p1a: Snorlax|Snorlax|523\/523
|turn|9
|choice|switch 2|move 2
|
|switch|p1a: Jynx|Jynx|191\/333
|move|p2a: Exeggutor|Sleep Powder|p1a: Jynx
|-status|p1a: Jynx|slp
|
|turn|10
|J|Sken
|choice|switch 4|move 3
|
|switch|p1a: Chansey|Chansey|703\/703
|move|p2a: Exeggutor|Stun Spore|p1a: Chansey|[miss]
|-miss|p2a: Exeggutor
|
|turn|11
|choice|move 3|move 1
|
|move|p2a: Exeggutor|Psychic|p1a: Chansey
|-damage|p1a: Chansey|589\/703
|move|p1a: Chansey|Ice Beam|p2a: Exeggutor
|-supereffective|p2a: Exeggutor
|-damage|p2a: Exeggutor|259\/393
|
|turn|12
|choice|switch 4|move 4
|
|switch|p1a: Jynx|Jynx|191\/333 slp
|move|p2a: Exeggutor|Explosion|p1a: Jynx
|-damage|p1a: Jynx|0 fnt
|faint|p1a: Jynx
|faint|p2a: Exeggutor
|choice|switch 4|switch 4
|
|switch|p1a: Chansey|Chansey|589\/703
|switch|p2a: Golem|Golem|322\/363
|turn|13
|L|Century Express
|choice|move 3|move 3
|
|move|p1a: Chansey|Ice Beam|p2a: Golem
|-supereffective|p2a: Golem
|-damage|p2a: Golem|87\/363
|move|p2a: Golem|Explosion|p1a: Chansey
|-damage|p1a: Chansey|0 fnt
|faint|p1a: Chansey
|faint|p2a: Golem
|choice|switch 2|switch 2
|
|switch|p2a: Zapdos|Zapdos|383\/383
|switch|p1a: Snorlax|Snorlax|523\/523
|turn|14
|choice|move 1|move 2
|
|move|p2a: Zapdos|Thunderbolt|p1a: Snorlax
|-damage|p1a: Snorlax|357\/523
|move|p1a: Snorlax|Body Slam|p2a: Zapdos
|-damage|p2a: Zapdos|264\/383
|-status|p2a: Zapdos|par
|
|turn|15
|choice|move 1|move 2
|
|move|p1a: Snorlax|Body Slam|p2a: Zapdos
|-damage|p2a: Zapdos|155\/383 par
|move|p2a: Zapdos|Thunderbolt|p1a: Snorlax
|-damage|p1a: Snorlax|197\/523
|
|turn|16
|choice|move 3|move 3
|
|move|p1a: Snorlax|Rest|p1a: Snorlax
|-status|p1a: Snorlax|slp
|-heal|p1a: Snorlax|523\/523 slp|[silent]
|-status|p1a: Snorlax|slp|[from] move: Rest
|move|p2a: Zapdos|Thunder Wave|p1a: Snorlax
|-fail|p1a: Snorlax
|
|turn|17
|choice|move 1|move 2
|
|cant|p1a: Snorlax|slp
|move|p2a: Zapdos|Thunderbolt|p1a: Snorlax
|-damage|p1a: Snorlax|347\/523 slp
|
|turn|18
|choice|move 1|switch 6
|
|switch|p2a: Tauros|Tauros|353\/353
|-curestatus|p1a: Snorlax|slp
|
|turn|19
|choice|move 4|move 1
|
|move|p2a: Tauros|Body Slam|p1a: Snorlax
|-crit|p1a: Snorlax
|-damage|p1a: Snorlax|93\/523
|move|p1a: Snorlax|Self-Destruct|p2a: Tauros
|-damage|p2a: Tauros|43\/353
|faint|p1a: Snorlax
|choice|switch 6|
|
|switch|p1a: Starmie|Starmie|323\/323
|turn|20
|choice|move 2|switch 5
|
|switch|p2a: Jynx|Jynx|333\/333 slp
|move|p1a: Starmie|Thunderbolt|p2a: Jynx
|-crit|p2a: Jynx
|-damage|p2a: Jynx|182\/333 slp
|
|turn|21
|choice|switch 5|move 2
|
|switch|p1a: Tauros|Tauros|353\/353
|-curestatus|p2a: Jynx|slp
|
|turn|22
|choice|move 4|move 3
|
|move|p1a: Tauros|Hyper Beam|p2a: Jynx
|-damage|p2a: Jynx|0 fnt
|faint|p2a: Jynx
|choice||switch 6
|
|switch|p2a: Zapdos|Zapdos|155\/383 par
|turn|23
|J|dragullong
|choice|move 4|move 3
|
|move|p1a: Tauros|Hyper Beam|p2a: Zapdos|[miss]
|-miss|p1a: Tauros
|move|p2a: Zapdos|Thunder Wave|p1a: Tauros
|-status|p1a: Tauros|par
|
|turn|24
|choice|move 4|move 2
|
|move|p1a: Tauros|Hyper Beam|p2a: Zapdos
|-damage|p2a: Zapdos|0 fnt
|faint|p2a: Zapdos
|choice||switch 5
|
|switch|p2a: Tauros|Tauros|43\/353
|turn|25
|choice|move 1|move 1
|
|move|p2a: Tauros|Body Slam|p1a: Tauros
|-damage|p1a: Tauros|254\/353 par
|move|p1a: Tauros|Body Slam|p2a: Tauros
|-damage|p2a: Tauros|0 fnt
|faint|p2a: Tauros
|
|win|Beds