|J|Bomber
|J|Beds
|player|p1|Bomber|167
|player|p2|Beds|252
|gametype|singles
|gen|1
|tier|[Gen 1] OU
|seed|
|rule|Sleep Clause Mod: Limit one foe put to sleep
|rule|Freeze Clause Mod: Limit one foe frozen
|rule|Species Clause: Limit one of each Pokémon
|rule|OHKO Clause: OHKO moves are banned
|rule|Evasion Moves Clause: Evasion moves are banned
|rule|HP Percentage Mod: HP is shown in percentages
|
|start
|switch|p1a: Venomoth|Venomoth, M|100\/100
|switch|p2a: Alakazam|Alakazam|100\/100
|turn|1
|J|aimless oo
|J|Bughouse
|J|Mr.378
|c|+Bughouse|moth
|choice||
|
|move|p2a: Alakazam|Thunder Wave|p1a: Venomoth
|-status|p1a: Venomoth|par
|move|p1a: Venomoth|Sleep Powder|p2a: Alakazam
|-status|p2a: Alakazam|slp
|
|turn|2
|choice||
|
|cant|p2a: Alakazam|slp
|cant|p1a: Venomoth|par
|
|turn|3
|choice||
|
|switch|p1a: Rhydon|Rhydon, M|100\/100
|cant|p2a: Alakazam|slp
|
|turn|4
|choice||
|
|switch|p2a: Exeggutor|Exeggutor|100\/100
|move|p1a: Rhydon|Rock Slide|p2a: Exeggutor
|-damage|p2a: Exeggutor|68\/100
|
|turn|5
|choice||
|
|switch|p1a: Venomoth|Venomoth, M|100\/100 par
|move|p2a: Exeggutor|Psychic|p1a: Venomoth
|-crit|p1a: Venomoth
|-supereffective|p1a: Venomoth
|-damage|p1a: Venomoth|0 fnt
|faint|p1a: Venomoth
|choice||
|
|switch|p1a: Articuno|Articuno|100\/100
|turn|6
|choice||
|
|switch|p2a: Chansey|Chansey|100\/100
|move|p1a: Articuno|Blizzard|p2a: Chansey
|-damage|p2a: Chansey|77\/100
|
|turn|7
|choice||
|
|move|p1a: Articuno|Blizzard|p2a: Chansey
|-damage|p2a: Chansey|54\/100
|move|p2a: Chansey|Ice Beam|p1a: Articuno
|-damage|p1a: Articuno|84\/100
|
|turn|8
|choice||
|
|move|p1a: Articuno|Blizzard|p2a: Chansey
|-damage|p2a: Chansey|29\/100
|move|p2a: Chansey|Thunder Wave|p1a: Articuno
|-status|p1a: Articuno|par
|
|turn|9
|choice||
|
|move|p2a: Chansey|Soft-Boiled|p2a: Chansey
|-heal|p2a: Chansey|79\/100
|move|p1a: Articuno|Agility|p1a: Articuno
|-boost|p1a: Articuno|spe|2
|
|turn|10
|choice||
|
|move|p1a: Articuno|Blizzard|p2a: Chansey|[miss]
|-miss|p1a: Articuno
|move|p2a: Chansey|Thunderbolt|p1a: Articuno
|-supereffective|p1a: Articuno
|-damage|p1a: Articuno|52\/100 par
|
|turn|11
|choice||
|
|move|p1a: Articuno|Blizzard|p2a: Chansey
|-damage|p2a: Chansey|55\/100
|move|p2a: Chansey|Thunderbolt|p1a: Articuno
|-supereffective|p1a: Articuno
|-damage|p1a: Articuno|18\/100 par
|
|turn|12
|choice||
|
|move|p1a: Articuno|Hyper Beam|p2a: Chansey|[miss]
|-miss|p1a: Articuno
|move|p2a: Chansey|Thunderbolt|p1a: Articuno
|-supereffective|p1a: Articuno
|-damage|p1a: Articuno|0 fnt
|faint|p1a: Articuno
|choice||
|
|switch|p1a: Dragonite|Dragonite, M|100\/100
|turn|13
|choice||
|
|move|p1a: Dragonite|Wrap|p2a: Chansey|[miss]
|-miss|p1a: Dragonite
|move|p2a: Chansey|Ice Beam|p1a: Dragonite
|-supereffective|p1a: Dragonite
|-damage|p1a: Dragonite|13\/100
|
|turn|14
|choice||
|
|move|p1a: Dragonite|Hyper Beam|p2a: Chansey
|-damage|p2a: Chansey|0 fnt
|faint|p2a: Chansey
|choice||
|
|switch|p2a: Tauros|Tauros|100\/100
|turn|15
|choice||
|
|switch|p1a: Starmie|Starmie|100\/100
|move|p2a: Tauros|Body Slam|p1a: Starmie
|-damage|p1a: Starmie|65\/100
|
|turn|16
|choice||
|
|switch|p2a: Snorlax|Snorlax|100\/100
|move|p1a: Starmie|Blizzard|p2a: Snorlax
|-damage|p2a: Snorlax|78\/100
|
|turn|17
|choice||
|
|switch|p1a: Rhydon|Rhydon, M|100\/100
|move|p2a: Snorlax|Body Slam|p1a: Rhydon
|-resisted|p1a: Rhydon
|-damage|p1a: Rhydon|90\/100
|
|turn|18
|L|aimless oo
|choice||
|
|move|p1a: Rhydon|Earthquake|p2a: Snorlax
|-damage|p2a: Snorlax|45\/100
|move|p2a: Snorlax|Body Slam|p1a: Rhydon
|-resisted|p1a: Rhydon
|-damage|p1a: Rhydon|78\/100
|-status|p1a: Rhydon|par
|
|turn|19
|choice||
|
|switch|p2a: Exeggutor|Exeggutor|68\/100
|move|p1a: Rhydon|Earthquake|p2a: Exeggutor
|-resisted|p2a: Exeggutor
|-damage|p2a: Exeggutor|47\/100
|
|turn|20
|choice||
|
|move|p2a: Exeggutor|Psychic|p1a: Rhydon
|-damage|p1a: Rhydon|34\/100 par
|-unboost|p1a: Rhydon|spd|1
|-unboost|p1a: Rhydon|spa|1
|move|p1a: Rhydon|Rock Slide|p2a: Exeggutor|[miss]
|-miss|p1a: Rhydon
|
|turn|21
|choice||
|
|switch|p1a: Starmie|Starmie|65\/100
|move|p2a: Exeggutor|Psychic|p1a: Starmie
|-resisted|p1a: Starmie
|-damage|p1a: Starmie|46\/100
|
|turn|22
|choice||
|
|switch|p2a: Snorlax|Snorlax|45\/100
|move|p1a: Starmie|Blizzard|p2a: Snorlax
|-damage|p2a: Snorlax|22\/100
|
|turn|23
|choice||
|
|move|p1a: Starmie|Blizzard|p2a: Snorlax
|-damage|p2a: Snorlax|0 fnt
|faint|p2a: Snorlax
|choice||
|
|switch|p2a: Jolteon|Jolteon|100\/100
|turn|24
|choice||
|
|switch|p1a: Dragonite|Dragonite, M|13\/100
|move|p2a: Jolteon|Thunderbolt|p1a: Dragonite
|-damage|p1a: Dragonite|0 fnt
|faint|p1a: Dragonite
|choice||
|
|switch|p1a: Rhydon|Rhydon, M|34\/100 par
|turn|25
|choice||
|
|switch|p2a: Exeggutor|Exeggutor|47\/100
|move|p1a: Rhydon|Earthquake|p2a: Exeggutor
|-resisted|p2a: Exeggutor
|-damage|p2a: Exeggutor|27\/100
|
|turn|26
|choice||
|
|switch|p1a: Starmie|Starmie|46\/100
|move|p2a: Exeggutor|Psychic|p1a: Starmie
|-resisted|p1a: Starmie
|-damage|p1a: Starmie|25\/100
|
|turn|27
|choice||
|
|switch|p2a: Jolteon|Jolteon|100\/100
|move|p1a: Starmie|Blizzard|p2a: Jolteon
|-crit|p2a: Jolteon
|-damage|p2a: Jolteon|50\/100
|-status|p2a: Jolteon|frz
|
|turn|28
|choice||
|
|cant|p2a: Jolteon|frz
|move|p1a: Starmie|Recover|p1a: Starmie
|-heal|p1a: Starmie|75\/100
|
|turn|29
|choice||
|
|cant|p2a: Jolteon|frz
|move|p1a: Starmie|Recover|p1a: Starmie
|-heal|p1a: Starmie|100\/100
|
|turn|30
|choice||
|
|cant|p2a: Jolteon|frz
|move|p1a: Starmie|Thunderbolt|p2a: Jolteon
|-crit|p2a: Jolteon
|-resisted|p2a: Jolteon
|-damage|p2a: Jolteon|28\/100 frz
|
|turn|31
|choice||
|
|cant|p2a: Jolteon|frz
|move|p1a: Starmie|Thunderbolt|p2a: Jolteon|[miss]
|-miss|p1a: Starmie
|
|turn|32
|choice||
|
|cant|p2a: Jolteon|frz
|move|p1a: Starmie|Thunderbolt|p2a: Jolteon
|-resisted|p2a: Jolteon
|-damage|p2a: Jolteon|17\/100 frz
|
|turn|33
|choice||
|
|cant|p2a: Jolteon|frz
|move|p1a: Starmie|Thunderbolt|p2a: Jolteon
|-crit|p2a: Jolteon
|-resisted|p2a: Jolteon
|-damage|p2a: Jolteon|0 fnt
|faint|p2a: Jolteon
|choice||
|
|switch|p2a: Alakazam|Alakazam|100\/100 slp
|turn|34
|choice||
|
|switch|p1a: Rhydon|Rhydon, M|34\/100 par
|cant|p2a: Alakazam|slp
|
|turn|35
|choice||
|
|switch|p2a: Exeggutor|Exeggutor|27\/100
|move|p1a: Rhydon|Earthquake|p2a: Exeggutor
|-resisted|p2a: Exeggutor
|-damage|p2a: Exeggutor|7\/100
|
|turn|36
|choice||
|
|move|p2a: Exeggutor|Psychic|p1a: Rhydon
|-damage|p1a: Rhydon|0 fnt
|faint|p1a: Rhydon
|choice||
|
|switch|p1a: Starmie|Starmie|100\/100
|turn|37
|choice||
|
|move|p1a: Starmie|Thunderbolt|p2a: Exeggutor
|-resisted|p2a: Exeggutor
|-damage|p2a: Exeggutor|0 fnt
|faint|p2a: Exeggutor
|choice||
|
|switch|p2a: Alakazam|Alakazam|100\/100 slp
|turn|38
|choice||
|
|cant|p2a: Alakazam|slp
|move|p1a: Starmie|Blizzard|p2a: Alakazam
|-crit|p2a: Alakazam
|-damage|p2a: Alakazam|52\/100 slp
|
|turn|39
|choice||
|
|cant|p2a: Alakazam|slp
|move|p1a: Starmie|Blizzard|p2a: Alakazam
|-crit|p2a: Alakazam
|-damage|p2a: Alakazam|8\/100 slp
|
|turn|40
|choice||
|
|-curestatus|p2a: Alakazam|slp
|move|p1a: Starmie|Thunderbolt|p2a: Alakazam
|-damage|p2a: Alakazam|0 fnt
|faint|p2a: Alakazam
|choice||
|
|switch|p2a: Tauros|Tauros|100\/100
|turn|41
|choice||
|
|move|p1a: Starmie|Thunder Wave|p2a: Tauros
|-status|p2a: Tauros|par
|move|p2a: Tauros|Body Slam|p1a: Starmie
|-damage|p1a: Starmie|65\/100
|-status|p1a: Starmie|par
|
|turn|42
|choice||
|
|move|p1a: Starmie|Blizzard|p2a: Tauros
|-damage|p2a: Tauros|67\/100 par
|move|p2a: Tauros|Body Slam|p1a: Starmie
|-damage|p1a: Starmie|32\/100 par
|
|turn|43
|c|+Bughouse|please tell me the last is victreebel
|c|+Bughouse|or moltres
|choice||
|
|move|p1a: Starmie|Blizzard|p2a: Tauros
|-damage|p2a: Tauros|33\/100 par
|move|p2a: Tauros|Body Slam|p1a: Starmie
|-damage|p1a: Starmie|0 fnt
|faint|p1a: Starmie
|choice||
|
|switch|p1a: Raichu|Raichu, M|100\/100
|turn|44
|c|+Bughouse|pffft
|choice||
|
|move|p1a: Raichu|Thunderbolt|p2a: Tauros
|-crit|p2a: Tauros
|-damage|p2a: Tauros|0 fnt
|faint|p2a: Tauros
|
|win|Bomber