|J|xJoelituh
|J|Ortheore
|player|p1|xJoelituh|134
|player|p2|Ortheore|170
|gametype|singles
|gen|1
|tier|[Gen 1] Custom Game
|seed|27576,49406,32454,53804
|rule|HP Percentage Mod: HP is shown in percentages
|
|start
|switch|p1a: Hypno|Hypno|373\/373
|switch|p2a: Charizard|Charizard|359\/359
|turn|1
|c|★xJoelituh|hf!
|c|★Ortheore|you too
|choice|move 2|move 1
|
|move|p2a: Charizard|Fire Blast|p1a: Hypno
|debug|randBW(256) = 55
|debug|randBW(256) = 36
|-crit|p1a: Hypno
|debug|Negating (sp)atk boost\/penalty.
|debug|Negating (sp)def boost\/penalty.
|debug|randBW(217, 256) = 217
|-damage|p1a: Hypno|167\/373
|debug|randBW(256) = 237
|move|p1a: Hypno|Thunder Wave|p2a: Charizard
|debug|randBW(256) = 54
|-status|p2a: Charizard|par
|
|turn|2
|choice|move 4|move 3
|
|move|p1a: Hypno|Rest|p1a: Hypno
|-status|p1a: Hypno|slp
|debug|randBW(1, 7) = 2
|-heal|p1a: Hypno|373\/373 slp|[silent]
|-status|p1a: Hypno|slp|[from] move: Rest
|debug|randBW(256) = 39
|cant|p2a: Charizard|par
|
|turn|3
|choice|switch 5|switch 5
|
|switch|p1a: Poliwrath|Poliwrath|383\/383
|switch|p2a: Sandslash|Sandslash|353\/353
|
|turn|4
|choice|move 2|switch 2
|
|switch|p2a: Electabuzz|Electabuzz|333\/333
|move|p1a: Poliwrath|Amnesia|p1a: Poliwrath
|-boost|p1a: Poliwrath|spd|2
|-boost|p1a: Poliwrath|spa|2
|
|turn|5
|choice|move 1|move 3
|
|move|p2a: Electabuzz|Thunderbolt|p1a: Poliwrath
|debug|randBW(256) = 145
|debug|randBW(256) = 64
|-supereffective|p1a: Poliwrath
|debug|randBW(217, 256) = 222
|-damage|p1a: Poliwrath|263\/383
|debug|randBW(256) = 254
|move|p1a: Poliwrath|Hypnosis|p2a: Electabuzz
|debug|randBW(256) = 6
|-status|p2a: Electabuzz|slp
|debug|randBW(1, 7) = 3
|
|turn|6
|choice|move 3|switch 3
|
|switch|p2a: Victreebel|Victreebel|363\/363
|move|p1a: Poliwrath|Surf|p2a: Victreebel
|debug|randBW(256) = 149
|debug|randBW(256) = 2
|-crit|p2a: Victreebel
|debug|Negating (sp)atk boost\/penalty.
|debug|Negating (sp)def boost\/penalty.
|-resisted|p2a: Victreebel
|debug|randBW(217, 256) = 230
|-damage|p2a: Victreebel|279\/363
|
|turn|7
|choice|switch 6|move 4
|
|switch|p1a: Gyarados|Gyarados|393\/393
|move|p2a: Victreebel|Razor Leaf|p1a: Gyarados
|debug|randBW(256) = 144
|debug|randBW(256) = 254
|-crit|p1a: Gyarados
|debug|Negating (sp)atk boost\/penalty.
|debug|Negating (sp)def boost\/penalty.
|debug|randBW(217, 256) = 218
|-damage|p1a: Gyarados|276\/393
|
|turn|8
|choice|move 1|switch 6
|
|switch|p2a: Hypno|Hypno|373\/373
|move|p1a: Gyarados|Blizzard|p2a: Hypno
|debug|randBW(256) = 118
|debug|randBW(256) = 219
|debug|randBW(217, 256) = 230
|-damage|p2a: Hypno|291\/373
|debug|randBW(256) = 80
|
|turn|9
|choice|switch 2|move 2
|
|switch|p1a: Rhydon|Rhydon|413\/413
|move|p2a: Hypno|Hypnosis|p1a: Rhydon|[miss]
|debug|randBW(256) = 246
|-miss|p2a: Hypno
|
|turn|10
|choice|move 1|move 2
|
|move|p2a: Hypno|Hypnosis|p1a: Rhydon
|debug|randBW(256) = 4
|-status|p1a: Rhydon|slp
|debug|randBW(1, 7) = 2
|cant|p1a: Rhydon|slp
|
|turn|11
|choice|switch 5|move 3
|
|switch|p1a: Hypno|Hypno|373\/373 slp
|move|p2a: Hypno|Psychic|p1a: Hypno
|debug|randBW(256) = 61
|debug|randBW(256) = 169
|-resisted|p1a: Hypno
|debug|randBW(217, 256) = 229
|-damage|p1a: Hypno|322\/373 slp
|debug|randBW(256) = 46
|-unboost|p1a: Hypno|spd|1
|-unboost|p1a: Hypno|spa|1
|
|turn|12
|choice|move 3|move 4
|
|move|p2a: Hypno|Seismic Toss|p1a: Hypno
|debug|randBW(256) = 229
|-damage|p1a: Hypno|222\/373 slp
|cant|p1a: Hypno|slp
|
|turn|13
|choice|move 2|move 4
|
|move|p2a: Hypno|Seismic Toss|p1a: Hypno
|debug|randBW(256) = 225
|-damage|p1a: Hypno|122\/373 slp
|-curestatus|p1a: Hypno|slp
|
|turn|14
|choice|move 2|switch 5
|
|switch|p2a: Charizard|Charizard|359\/359 par
|move|p1a: Hypno|Thunder Wave|p2a: Charizard
|debug|randBW(256) = 115
|-fail|p2a: Charizard|par
|
|turn|15
|choice|switch 4|move 1
|
|switch|p1a: Kangaskhan|Kangaskhan|413\/413
|debug|randBW(256) = 76
|move|p2a: Charizard|Fire Blast|p1a: Kangaskhan
|debug|randBW(256) = 48
|debug|randBW(256) = 128
|debug|randBW(217, 256) = 233
|-damage|p1a: Kangaskhan|202\/413
|debug|randBW(256) = 19
|-status|p1a: Kangaskhan|brn
|
|turn|16
|choice|move 2|move 1
|
|move|p1a: Kangaskhan|Hyper Beam|p2a: Charizard|[miss]
|debug|randBW(256) = 229
|-miss|p1a: Kangaskhan
|-damage|p1a: Kangaskhan|177\/413 brn|[from] brn|[of] p2a: Charizard
|debug|randBW(256) = 108
|move|p2a: Charizard|Fire Blast|p1a: Kangaskhan
|debug|randBW(256) = 19
|debug|randBW(256) = 223
|debug|randBW(217, 256) = 239
|-damage|p1a: Kangaskhan|0 fnt
|debug|randBW(256) = 8
|faint|p1a: Kangaskhan
|choice|switch 6|
|
|switch|p1a: Poliwrath|Poliwrath|263\/383
|turn|17
|choice|switch 2|switch 6
|
|switch|p1a: Gyarados|Gyarados|276\/393
|switch|p2a: Victreebel|Victreebel|279\/363
|
|turn|18
|choice|move 3|switch 5
|
|switch|p2a: Hypno|Hypno|291\/373
|move|p1a: Gyarados|Body Slam|p2a: Hypno
|debug|randBW(256) = 155
|debug|randBW(256) = 87
|debug|randBW(217, 256) = 249
|-damage|p2a: Hypno|187\/373
|debug|randBW(256) = 194
|
|turn|19
|choice|switch 5|move 1
|
|switch|p1a: Rhydon|Rhydon|413\/413 slp
|move|p2a: Hypno|Thunder Wave|p1a: Rhydon
|debug|natural immunity
|-immune|p1a: Rhydon|[msg]
|
|turn|20
|choice|switch 4|move 3
|
|switch|p1a: Hypno|Hypno|122\/373
|move|p2a: Hypno|Psychic|p1a: Hypno
|debug|randBW(256) = 62
|debug|randBW(256) = 99
|-resisted|p1a: Hypno
|debug|randBW(217, 256) = 247
|-damage|p1a: Hypno|67\/373
|debug|randBW(256) = 32
|-unboost|p1a: Hypno|spd|1
|-unboost|p1a: Hypno|spa|1
|
|turn|21
|choice|move 4|move 4
|
|move|p1a: Hypno|Rest|p1a: Hypno
|-status|p1a: Hypno|slp
|debug|randBW(1, 7) = 6
|-heal|p1a: Hypno|373\/373 slp|[silent]
|-status|p1a: Hypno|slp|[from] move: Rest
|move|p2a: Hypno|Seismic Toss|p1a: Hypno
|debug|randBW(256) = 47
|-damage|p1a: Hypno|273\/373 slp
|
|turn|22
|choice|switch 3|move 1
|
|switch|p1a: Raichu|Raichu|323\/323
|move|p2a: Hypno|Thunder Wave|p1a: Raichu
|debug|randBW(256) = 171
|-status|p1a: Raichu|par
|
|turn|23
|choice|move 4|switch 3
|
|switch|p2a: Electabuzz|Electabuzz|333\/333 slp
|debug|randBW(256) = 129
|move|p1a: Raichu|Body Slam|p2a: Electabuzz
|debug|randBW(256) = 126
|debug|randBW(256) = 101
|debug|randBW(217, 256) = 231
|-damage|p2a: Electabuzz|248\/333 slp
|debug|randBW(256) = 168
|
|turn|24
|choice|switch 5|move 3
|
|switch|p1a: Gyarados|Gyarados|276\/393
|cant|p2a: Electabuzz|slp
|
|turn|25
|choice|move 3|switch 6
|
|switch|p2a: Charizard|Charizard|359\/359 par
|move|p1a: Gyarados|Body Slam|p2a: Charizard
|debug|randBW(256) = 7
|debug|randBW(256) = 15
|-crit|p2a: Charizard
|debug|Negating (sp)atk boost\/penalty.
|debug|Negating (sp)def boost\/penalty.
|debug|randBW(217, 256) = 218
|-damage|p2a: Charizard|194\/359 par
|debug|randBW(256) = 22
|
|turn|26
|choice|move 1|move 1
|
|move|p1a: Gyarados|Blizzard|p2a: Charizard
|debug|randBW(256) = 14
|debug|randBW(256) = 120
|-supereffective|p2a: Charizard
|debug|randBW(217, 256) = 246
|-damage|p2a: Charizard|0 fnt
|debug|randBW(256) = 5
|faint|p2a: Charizard
|choice||switch 3
|
|switch|p2a: Hypno|Hypno|187\/373
|turn|27
|choice|switch 5|move 1
|
|switch|p1a: Raichu|Raichu|323\/323 par
|move|p2a: Hypno|Thunder Wave|p1a: Raichu
|debug|randBW(256) = 90
|-fail|p1a: Raichu|par
|
|turn|28
|choice|move 4|switch 5
|
|switch|p2a: Victreebel|Victreebel|279\/363
|debug|randBW(256) = 213
|move|p1a: Raichu|Body Slam|p2a: Victreebel
|debug|randBW(256) = 122
|debug|randBW(256) = 224
|debug|randBW(217, 256) = 245
|-damage|p2a: Victreebel|195\/363
|debug|randBW(256) = 239
|
|turn|29
|choice|move 1|move 4
|
|move|p2a: Victreebel|Razor Leaf|p1a: Raichu
|debug|randBW(256) = 112
|debug|randBW(256) = 42
|-crit|p1a: Raichu
|debug|Negating (sp)atk boost\/penalty.
|debug|Negating (sp)def boost\/penalty.
|debug|randBW(217, 256) = 250
|-damage|p1a: Raichu|179\/323 par
|debug|randBW(256) = 144
|move|p1a: Raichu|Thunder Wave|p2a: Victreebel
|debug|randBW(256) = 160
|-status|p2a: Victreebel|par
|
|turn|30
|choice|move 4|move 4
|
|debug|randBW(256) = 124
|move|p1a: Raichu|Body Slam|p2a: Victreebel
|debug|randBW(256) = 10
|debug|randBW(256) = 65
|debug|randBW(217, 256) = 220
|-damage|p2a: Victreebel|120\/363 par
|debug|randBW(256) = 36
|debug|randBW(256) = 169
|move|p2a: Victreebel|Razor Leaf|p1a: Raichu|[miss]
|debug|randBW(256) = 248
|-miss|p2a: Victreebel
|
|turn|31
|c|★xJoelituh|sry
|choice|move 4|move 3
|
|debug|randBW(256) = 221
|move|p1a: Raichu|Body Slam|p2a: Victreebel
|debug|randBW(256) = 85
|debug|randBW(256) = 234
|debug|randBW(217, 256) = 224
|-damage|p2a: Victreebel|43\/363 par
|debug|randBW(256) = 171
|debug|randBW(256) = 204
|move|p2a: Victreebel|Hyper Beam|p1a: Raichu
|debug|randBW(256) = 68
|debug|randBW(256) = 197
|debug|randBW(217, 256) = 246
|-damage|p1a: Raichu|0 fnt
|faint|p1a: Raichu
|choice|switch 5|
|
|switch|p1a: Gyarados|Gyarados|276\/393
|turn|32
|choice|move 3|move 4
|
|move|p1a: Gyarados|Body Slam|p2a: Victreebel
|debug|randBW(256) = 117
|debug|randBW(256) = 211
|debug|randBW(217, 256) = 240
|-damage|p2a: Victreebel|0 fnt
|debug|randBW(256) = 186
|faint|p2a: Victreebel
|choice||switch 5
|
|switch|p2a: Hypno|Hypno|187\/373
|turn|33
|choice|switch 3|move 1
|
|switch|p1a: Hypno|Hypno|273\/373 slp
|move|p2a: Hypno|Thunder Wave|p1a: Hypno
|debug|randBW(256) = 85
|-fail|p1a: Hypno
|
|turn|34
|choice|move 1|move 4
|
|move|p2a: Hypno|Seismic Toss|p1a: Hypno
|debug|randBW(256) = 133
|-damage|p1a: Hypno|173\/373 slp
|cant|p1a: Hypno|slp
|
|turn|35
|choice|move 2|move 4
|
|-curestatus|p1a: Hypno|slp
|move|p2a: Hypno|Seismic Toss|p1a: Hypno
|debug|randBW(256) = 185
|-damage|p1a: Hypno|73\/373
|
|turn|36
|choice|move 2|move 4
|
|move|p2a: Hypno|Seismic Toss|p1a: Hypno
|debug|randBW(256) = 34
|-damage|p1a: Hypno|0 fnt
|faint|p1a: Hypno
|choice|switch 4|
|
|switch|p1a: Rhydon|Rhydon|413\/413 slp
|turn|37
|choice|move 2|switch 2
|
|switch|p2a: Sandslash|Sandslash|353\/353
|-curestatus|p1a: Rhydon|slp
|
|turn|38
|choice|move 1|move 4
|
|move|p2a: Sandslash|Swords Dance|p2a: Sandslash
|-boost|p2a: Sandslash|atk|2
|move|p1a: Rhydon|Body Slam|p2a: Sandslash
|debug|randBW(256) = 212
|debug|randBW(256) = 142
|debug|randBW(217, 256) = 234
|-damage|p2a: Sandslash|278\/353
|debug|randBW(256) = 122
|
|turn|39
|choice|move 2|move 1
|
|move|p2a: Sandslash|Earthquake|p1a: Rhydon
|debug|randBW(256) = 184
|debug|randBW(256) = 130
|-supereffective|p1a: Rhydon
|debug|randBW(217, 256) = 244
|-damage|p1a: Rhydon|0 fnt
|faint|p1a: Rhydon
|choice|switch 3|
|
|switch|p1a: Gyarados|Gyarados|276\/393
|turn|40
|choice|move 1|move 2
|
|move|p1a: Gyarados|Blizzard|p2a: Sandslash
|debug|randBW(256) = 88
|debug|randBW(256) = 47
|-supereffective|p2a: Sandslash
|debug|randBW(217, 256) = 224
|-damage|p2a: Sandslash|24\/353
|debug|randBW(256) = 83
|move|p2a: Sandslash|Body Slam|p1a: Gyarados
|debug|randBW(256) = 179
|debug|randBW(256) = 128
|debug|randBW(217, 256) = 233
|-damage|p1a: Gyarados|123\/393
|debug|randBW(256) = 100
|
|turn|41
|choice|move 3|move 2
|
|move|p1a: Gyarados|Body Slam|p2a: Sandslash
|debug|randBW(256) = 245
|debug|randBW(256) = 187
|debug|randBW(217, 256) = 250
|-damage|p2a: Sandslash|0 fnt
|debug|randBW(256) = 24
|faint|p2a: Sandslash
|choice||switch 4
|
|switch|p2a: Clefable|Clefable|393\/393
|turn|42
|choice|move 4|move 4
|
|move|p1a: Gyarados|Hyper Beam|p2a: Clefable
|debug|randBW(256) = 159
|debug|randBW(256) = 75
|debug|randBW(217, 256) = 248
|-damage|p2a: Clefable|217\/393
|move|p2a: Clefable|Thunder Wave|p1a: Gyarados
|debug|randBW(256) = 150
|-status|p1a: Gyarados|par
|
|turn|43
|-mustrecharge|p1a: Gyarados
|-mustrecharge|p1a: Gyarados
|choice|move 1|move 3
|
|move|p2a: Clefable|Hyper Beam|p1a: Gyarados
|debug|randBW(256) = 194
|debug|randBW(256) = 15
|-crit|p1a: Gyarados
|debug|Negating (sp)atk boost\/penalty.
|debug|Negating (sp)def boost\/penalty.
|debug|randBW(217, 256) = 220
|-damage|p1a: Gyarados|0 fnt
|faint|p1a: Gyarados
|choice|switch 2|
|
|switch|p1a: Poliwrath|Poliwrath|263\/383
|turn|44
|choice|move 4|move 1
|
|move|p1a: Poliwrath|Submission|p2a: Clefable
|debug|randBW(256) = 178
|debug|randBW(256) = 152
|-supereffective|p2a: Clefable
|debug|randBW(217, 256) = 234
|-damage|p2a: Clefable|12\/393
|-damage|p1a: Poliwrath|212\/383|[from] recoil|[of] p2a: Clefable
|move|p2a: Clefable|Body Slam|p1a: Poliwrath
|debug|randBW(256) = 108
|debug|randBW(256) = 108
|debug|randBW(217, 256) = 248
|-damage|p1a: Poliwrath|125\/383
|debug|randBW(256) = 38
|-status|p1a: Poliwrath|par
|
|turn|45
|c|★xJoelituh|gg
|choice|move 4|move 3
|
|move|p2a: Clefable|Hyper Beam|p1a: Poliwrath
|debug|randBW(256) = 62
|debug|randBW(256) = 220
|debug|randBW(217, 256) = 248
|-damage|p1a: Poliwrath|0 fnt
|faint|p1a: Poliwrath
|
|win|Ortheore