|inactive|Battle timer is ON: inactive players will automatically lose when time's up.
|J|Golden Gyarados
|J|reyscarface
|player|p1|Golden Gyarados|2
|player|p2|reyscarface|2
|gametype|singles
|gen|1
|tier|[Gen 1] OU
|seed|11111,58364,59960,13000
|rule|Sleep Clause Mod: Limit one foe put to sleep
|rule|Freeze Clause Mod: Limit one foe frozen
|rule|Species Clause: Limit one of each Pokémon
|rule|OHKO Clause: OHKO moves are banned
|rule|Evasion Moves Clause: Evasion moves are banned
|rule|HP Percentage Mod: HP is shown in percentages
|
|start
|switch|p1a: Jynx|Jynx|333\/333
|switch|p2a: Aldo|Alakazam|313\/313
|turn|1
|J|Isa
|J|Finchinator
|J|atomicllamas
|J|Kiyo
|J|Blitzamirin
|c|+Finchinator|:o
|J|Stratos
|J|TDK
|J|TestingSomeTeams
|J|bro fist
|J|giara
|J|Esteemed User
|J|Spooter
|J|kamisamano49
|J|Ary
|J|Dice
|J|reeeeeeeeeweeeee
|J|Updated Kanto
|J|boudouche
|J|Lady bug
|c|+Ary|gay gay
|J|Hikari
|J|craing
|c|+Ary|he's our man
|J|Sweep
|J|Nails
|c|+Ary|if he can't do it no one can
|c|+Ary|gooooo
|J|Dear Ophelia
|c|+Ary|gay !
|J|hyogafodex
|J|Pohjis
|J|qsns
|choice|move 2|move 4
|
|move|p2a: Aldo|Thunder Wave|p1a: Jynx
|-status|p1a: Jynx|par
|move|p1a: Jynx|Lovely Kiss|p2a: Aldo
|-status|p2a: Aldo|slp
|
|turn|2
|J|Confide
|c|+Dice|rey caught the gay
|J|King Tsunami
|c|+Confide|o:
|J|PURRL
|c|+Ary|it's true
|J|CasedVictory
|c|+Dice|rey caught the gay!!!!!!!111
|J|Deaga
|c|+Finchinator|in
|J|hela guy
|raw|<div class="broadcast-red"><b>Moderated chat was set to @!<\/b><br \/>Only users of rank @ and higher can talk.<\/div>
|J|lbdakickass
|J|celebitrainer36
|J|ABR
|choice|move 1|move 2
|
|cant|p2a: Aldo|slp
|move|p1a: Jynx|Blizzard|p2a: Aldo
|-damage|p2a: Aldo|209\/313 slp
|
|turn|3
|choice|move 1|switch 6
|
|switch|p2a: dice|Starmie|323\/323
|cant|p1a: Jynx|par
|
|turn|4
|J|GGuilas
|J|BKC
|choice|switch 4|move 3
|
|switch|p1a: Chansey|Chansey|703\/703
|move|p2a: dice|Thunderbolt|p1a: Chansey
|-damage|p1a: Chansey|629\/703
|
|turn|5
|J|ZoroDark
|choice|move 1|switch 2
|
|switch|p2a: Cain|Chansey|703\/703
|move|p1a: Chansey|Ice Beam|p2a: Cain
|-damage|p2a: Cain|629\/703
|
|turn|6
|J|McMeghan
|choice|move 1|move 1
|
|move|p2a: Cain|Ice Beam|p1a: Chansey
|-damage|p1a: Chansey|551\/703
|move|p1a: Chansey|Ice Beam|p2a: Cain
|-damage|p2a: Cain|560\/703
|
|turn|7
|J|Whisudi
|J|hodor
|choice|move 1|move 1
|
|move|p1a: Chansey|Ice Beam|p2a: Cain
|-damage|p2a: Cain|487\/703
|move|p2a: Cain|Ice Beam|p1a: Chansey
|-damage|p1a: Chansey|474\/703
|
|turn|8
|choice|move 1|move 1
|
|move|p1a: Chansey|Ice Beam|p2a: Cain
|-damage|p2a: Cain|416\/703
|move|p2a: Cain|Ice Beam|p1a: Chansey
|-damage|p1a: Chansey|393\/703
|
|turn|9
|J|Bambiette
|J|Leftiez
|J|teal6
|choice|move 1|move 1
|
|move|p1a: Chansey|Ice Beam|p2a: Cain
|-damage|p2a: Cain|340\/703
|-status|p2a: Cain|frz
|cant|p2a: Cain|frz
|
|turn|10
|choice|move 3|switch 5
|
|switch|p2a: Emelianenko|Snorlax|523\/523
|move|p1a: Chansey|Thunder Wave|p2a: Emelianenko
|-status|p2a: Emelianenko|par
|
|turn|11
|J|Tesung
|J|chain jail
|choice|move 2|move 1
|
|move|p1a: Chansey|Soft-Boiled|p1a: Chansey
|-heal|p1a: Chansey|703\/703
|move|p2a: Emelianenko|Body Slam|p1a: Chansey
|-damage|p1a: Chansey|417\/703
|
|turn|12
|J|SmashBrosBrawl
|J|smurfer
|choice|switch 5|move 1
|
|switch|p1a: Golem|Golem|363\/363
|move|p2a: Emelianenko|Body Slam|p1a: Golem
|-resisted|p1a: Golem
|-damage|p1a: Golem|322\/363
|-status|p1a: Golem|par
|
|turn|13
|J|GOD MARTH
|choice|move 1|switch 4
|
|switch|p2a: Silva|Exeggutor|393\/393
|move|p1a: Golem|Body Slam|p2a: Silva
|-damage|p2a: Silva|317\/393
|
|turn|14
|choice|switch 4|move 1
|
|switch|p1a: Jynx|Jynx|333\/333 par
|move|p2a: Silva|Psychic|p1a: Jynx
|-resisted|p1a: Jynx
|-damage|p1a: Jynx|272\/333 par
|
|turn|15
|J|Meru
|choice|move 1|switch 2
|
|switch|p2a: dice|Starmie|323\/323
|move|p1a: Jynx|Blizzard|p2a: dice
|-crit|p2a: dice
|-resisted|p2a: dice
|-damage|p2a: dice|187\/323
|
|turn|16
|J|pakmasta
|L|ClickTheXRey
|J|ClickTheXRey
|choice|move 4|move 4
|
|move|p2a: dice|Thunder Wave|p1a: Jynx
|-fail|p1a: Jynx|par
|move|p1a: Jynx|Psychic|p2a: dice
|-resisted|p2a: dice
|-damage|p2a: dice|139\/323
|
|turn|17
|choice|move 4|move 2
|
|move|p2a: dice|Recover|p2a: dice
|-heal|p2a: dice|300\/323
|move|p1a: Jynx|Psychic|p2a: dice
|-resisted|p2a: dice
|-damage|p2a: dice|247\/323
|-unboost|p2a: dice|spd|1
|-unboost|p2a: dice|spa|1
|
|turn|18
|choice|move 1|move 3
|
|move|p2a: dice|Thunderbolt|p1a: Jynx
|-damage|p1a: Jynx|218\/333 par
|cant|p1a: Jynx|par
|
|turn|19
|choice|switch 5|move 3
|
|switch|p1a: Chansey|Chansey|417\/703
|move|p2a: dice|Thunderbolt|p1a: Chansey
|-damage|p1a: Chansey|367\/703
|
|turn|20
|choice|move 2|move 4
|
|move|p2a: dice|Thunder Wave|p1a: Chansey
|-status|p1a: Chansey|par
|move|p1a: Chansey|Soft-Boiled|p1a: Chansey
|-heal|p1a: Chansey|703\/703 par
|
|turn|21
|choice|switch 4|switch 5
|
|switch|p2a: Cain|Chansey|340\/703 frz
|switch|p1a: Golem|Golem|322\/363 par
|
|turn|22
|J|BLINGAS
|J|BAIKA
|choice|move 2|switch 2
|
|switch|p2a: Silva|Exeggutor|317\/393
|cant|p1a: Golem|par
|
|turn|23
|J|Texas Cloverleaf
|choice|switch 4|move 1
|
|switch|p1a: Chansey|Chansey|703\/703 par
|move|p2a: Silva|Psychic|p1a: Chansey
|-damage|p1a: Chansey|582\/703 par
|
|turn|24
|choice|move 1|move 1
|
|move|p2a: Silva|Psychic|p1a: Chansey
|-crit|p1a: Chansey
|-damage|p1a: Chansey|359\/703 par
|-unboost|p1a: Chansey|spd|1
|-unboost|p1a: Chansey|spa|1
|move|p1a: Chansey|Ice Beam|p2a: Silva
|-supereffective|p2a: Silva
|-damage|p2a: Silva|232\/393
|
|turn|25
|choice|move 2|move 1
|
|move|p2a: Silva|Psychic|p1a: Chansey
|-damage|p1a: Chansey|179\/703 par
|-unboost|p1a: Chansey|spd|1
|-unboost|p1a: Chansey|spa|1
|cant|p1a: Chansey|par
|
|turn|26
|J|Miles Tails
|choice|switch 5|move 1
|
|switch|p1a: Jynx|Jynx|218\/333 par
|move|p2a: Silva|Psychic|p1a: Jynx
|-resisted|p1a: Jynx
|-damage|p1a: Jynx|157\/333 par
|
|turn|27
|choice|move 4|move 2
|
|move|p2a: Silva|Hyper Beam|p1a: Jynx|[miss]
|-miss|p2a: Silva
|move|p1a: Jynx|Psychic|p2a: Silva
|-resisted|p2a: Silva
|-damage|p2a: Silva|191\/393
|-unboost|p2a: Silva|spd|1
|-unboost|p2a: Silva|spa|1
|
|turn|28
|L|lbdakickass
|J|Sam
|choice|move 1|move 2
|
|move|p2a: Silva|Hyper Beam|p1a: Jynx
|-damage|p1a: Jynx|0 fnt
|faint|p1a: Jynx
|choice|switch 5|
|
|switch|p1a: Chansey|Chansey|179\/703 par
|turn|29
|choice|switch 4|move 2
|
|switch|p1a: Golem|Golem|322\/363 par
|move|p2a: Silva|Hyper Beam|p1a: Golem
|-resisted|p1a: Golem
|-damage|p1a: Golem|278\/363 par
|
|turn|30
|-mustrecharge|p2a: Silva
|-mustrecharge|p2a: Silva
|J|xTSR
|J|I AM ECHELON
|choice|move 1|move 1
|
|cant|p2a: Silva|recharge
|move|p1a: Golem|Body Slam|p2a: Silva
|-damage|p2a: Silva|114\/393
|
|turn|31
|J|lbdakickass
|J|AbsDaddy
|choice|move 3|move 1
|
|move|p2a: Silva|Psychic|p1a: Golem
|-damage|p1a: Golem|169\/363 par
|cant|p1a: Golem|par
|
|turn|32
|choice|move 1|switch 2
|
|switch|p2a: Cain|Chansey|340\/703 frz
|move|p1a: Golem|Body Slam|p2a: Cain
|-damage|p2a: Cain|137\/703 frz
|
|turn|33
|choice|switch 4|switch 5
|
|switch|p2a: dice|Starmie|247\/323
|switch|p1a: Chansey|Chansey|179\/703 par
|
|turn|34
|L|Kiyo
|choice|move 2|move 1
|
|move|p2a: dice|Blizzard|p1a: Chansey
|-crit|p1a: Chansey
|-damage|p1a: Chansey|15\/703 par
|move|p1a: Chansey|Soft-Boiled|p1a: Chansey
|-heal|p1a: Chansey|366\/703 par
|
|turn|35
|J|Dad's Dad
|choice|move 2|switch 4
|
|switch|p2a: Emelianenko|Snorlax|523\/523 par
|move|p1a: Chansey|Soft-Boiled|p1a: Chansey
|-heal|p1a: Chansey|703\/703 par
|
|turn|36
|J|Christo
|choice|switch 4|move 1
|
|switch|p1a: Golem|Golem|169\/363 par
|move|p2a: Emelianenko|Body Slam|p1a: Golem
|-resisted|p1a: Golem
|-damage|p1a: Golem|128\/363 par
|
|turn|37
|choice|move 1|switch 5
|
|switch|p2a: Cain|Chansey|137\/703 frz
|move|p1a: Golem|Body Slam|p2a: Cain
|-damage|p2a: Cain|0 fnt
|faint|p2a: Cain
|choice||switch 2
|
|switch|p2a: Silva|Exeggutor|114\/393
|turn|38
|choice|move 3|move 1
|
|move|p2a: Silva|Psychic|p1a: Golem
|-damage|p1a: Golem|0 fnt
|faint|p1a: Golem
|L|Lady bug
|J|perfect time
|choice|switch 2|
|
|switch|p1a: Zapdos|Zapdos|383\/383
|turn|39
|J|tele
|choice|move 1|switch 5
|
|switch|p2a: Emelianenko|Snorlax|523\/523 par
|move|p1a: Zapdos|Drill Peck|p2a: Emelianenko
|-damage|p2a: Emelianenko|407\/523 par
|
|turn|40
|choice|move 2|move 4
|
|move|p1a: Zapdos|Thunderbolt|p2a: Emelianenko
|-damage|p2a: Emelianenko|248\/523 par
|move|p2a: Emelianenko|Self-Destruct|p1a: Zapdos
|-damage|p1a: Zapdos|0 fnt
|faint|p1a: Zapdos
|faint|p2a: Emelianenko
|choice|switch 3|switch 3
|
|switch|p2a: McGregor|Tauros|353\/353
|switch|p1a: Exeggutor|Exeggutor|393\/393
|turn|41
|choice|move 1|switch 4
|
|switch|p2a: dice|Starmie|247\/323
|move|p1a: Exeggutor|Psychic|p2a: dice
|-crit|p2a: dice
|-resisted|p2a: dice
|-damage|p2a: dice|128\/323
|
|turn|42
|choice|move 3|move 2
|
|move|p2a: dice|Recover|p2a: dice
|-heal|p2a: dice|289\/323
|move|p1a: Exeggutor|Stun Spore|p2a: dice
|-status|p2a: dice|par
|
|turn|43
|choice|switch 4|move 4
|
|switch|p1a: Chansey|Chansey|703\/703 par
|move|p2a: dice|Thunder Wave|p1a: Chansey
|-fail|p1a: Chansey|par
|
|turn|44
|choice|move 1|switch 4
|
|switch|p2a: McGregor|Tauros|353\/353
|move|p1a: Chansey|Ice Beam|p2a: McGregor
|-damage|p2a: McGregor|250\/353
|
|turn|45
|L|perfect time
|J|Lady bug
|L|GGuilas
|J|Funkasaurus
|choice|move 3|move 1
|
|move|p2a: McGregor|Body Slam|p1a: Chansey
|-damage|p1a: Chansey|419\/703 par
|cant|p1a: Chansey|par
|
|turn|46
|J|tennisace
|L|Spooter
|L|TestingSomeTeams
|choice|move 3|move 1
|
|move|p2a: McGregor|Body Slam|p1a: Chansey
|-damage|p1a: Chansey|138\/703 par
|move|p1a: Chansey|Thunder Wave|p2a: McGregor
|-status|p2a: McGregor|par
|
|turn|47
|choice|move 2|move 1
|
|move|p2a: McGregor|Body Slam|p1a: Chansey
|-damage|p1a: Chansey|0 fnt
|faint|p1a: Chansey
|L|ClickTheXRey
|L|ZoroDark
|J|KratosMana
|J|Low Ladder Heroes
|L|PURRL
|L|Miles Tails
|L|SmashBrosBrawl
|L|qsns
|choice|switch 4|
|
|switch|p1a: Exeggutor|Exeggutor|393\/393
|turn|48
|choice|move 1|switch 6
|
|switch|p2a: Aldo|Alakazam|209\/313 slp
|move|p1a: Exeggutor|Psychic|p2a: Aldo
|-resisted|p2a: Aldo
|-damage|p2a: Aldo|162\/313 slp
|
|turn|49
|J|blunderr
|choice|move 1|move 4
|
|cant|p2a: Aldo|slp
|move|p1a: Exeggutor|Psychic|p2a: Aldo
|-resisted|p2a: Aldo
|-damage|p2a: Aldo|114\/313 slp
|-unboost|p2a: Aldo|spd|1
|-unboost|p2a: Aldo|spa|1
|
|turn|50
|J|TwoGenies
|choice|move 1|switch 5
|
|switch|p2a: Silva|Exeggutor|114\/393
|move|p1a: Exeggutor|Psychic|p2a: Silva
|-resisted|p2a: Silva
|-damage|p2a: Silva|65\/393
|-unboost|p2a: Silva|spd|1
|-unboost|p2a: Silva|spa|1
|
|turn|51
|J|JabbaTheGriffin
|choice|move 1|move 4
|
|move|p1a: Exeggutor|Psychic|p2a: Silva
|-resisted|p2a: Silva
|-damage|p2a: Silva|0 fnt
|faint|p2a: Silva
|L|CasedVictory
|choice||switch 5
|
|switch|p2a: Aldo|Alakazam|114\/313 slp
|turn|52
|choice|move 1|move 4
|
|-curestatus|p2a: Aldo|slp
|move|p1a: Exeggutor|Psychic|p2a: Aldo
|-resisted|p2a: Aldo
|-damage|p2a: Aldo|68\/313
|-unboost|p2a: Aldo|spd|1
|-unboost|p2a: Aldo|spa|1
|
|turn|53
|L|I AM ECHELON
|J|edgar
|choice|move 1|switch 4
|
|switch|p2a: dice|Starmie|289\/323 par
|move|p1a: Exeggutor|Psychic|p2a: dice
|-resisted|p2a: dice
|-damage|p2a: dice|231\/323 par
|
|turn|54
|choice|move 1|move 4
|
|move|p1a: Exeggutor|Psychic|p2a: dice
|-resisted|p2a: dice
|-damage|p2a: dice|167\/323 par
|-unboost|p2a: dice|spd|1
|-unboost|p2a: dice|spa|1
|move|p2a: dice|Thunder Wave|p1a: Exeggutor
|-status|p1a: Exeggutor|par
|
|turn|55
|choice|move 1|move 2
|
|cant|p1a: Exeggutor|par
|move|p2a: dice|Recover|p2a: dice
|-heal|p2a: dice|323\/323 par
|
|turn|56
|choice|move 1|move 1
|
|move|p1a: Exeggutor|Psychic|p2a: dice
|-resisted|p2a: dice
|-damage|p2a: dice|225\/323 par
|move|p2a: dice|Blizzard|p1a: Exeggutor|[miss]
|-miss|p2a: dice
|
|turn|57
|choice|move 1|move 2
|
|move|p1a: Exeggutor|Psychic|p2a: dice
|-resisted|p2a: dice
|-damage|p2a: dice|124\/323 par
|move|p2a: dice|Recover|p2a: dice
|-heal|p2a: dice|285\/323 par
|
|turn|58
|choice|move 1|move 1
|
|move|p1a: Exeggutor|Psychic|p2a: dice
|-resisted|p2a: dice
|-damage|p2a: dice|188\/323 par
|move|p2a: dice|Blizzard|p1a: Exeggutor
|-supereffective|p1a: Exeggutor
|-damage|p1a: Exeggutor|283\/393 par
|
|turn|59
|choice|move 1|move 2
|
|move|p1a: Exeggutor|Psychic|p2a: dice
|-resisted|p2a: dice
|-damage|p2a: dice|96\/323 par
|move|p2a: dice|Recover|p2a: dice
|-heal|p2a: dice|257\/323 par
|
|turn|60
|choice|move 1|move 2
|
|cant|p1a: Exeggutor|par
|move|p2a: dice|Recover|p2a: dice
|-heal|p2a: dice|323\/323 par
|
|turn|61
|choice|move 1|move 1
|
|move|p1a: Exeggutor|Psychic|p2a: dice
|-crit|p2a: dice
|-resisted|p2a: dice
|-damage|p2a: dice|201\/323 par
|move|p2a: dice|Blizzard|p1a: Exeggutor
|-supereffective|p1a: Exeggutor
|-damage|p1a: Exeggutor|172\/393 par
|
|turn|62
|choice|move 1|move 2
|
|move|p1a: Exeggutor|Psychic|p2a: dice
|-resisted|p2a: dice
|-damage|p2a: dice|107\/323 par
|move|p2a: dice|Recover|p2a: dice
|-heal|p2a: dice|268\/323 par
|
|turn|63
|J|qsns
|J|FLCL
|choice|move 1|move 2
|
|move|p1a: Exeggutor|Psychic|p2a: dice
|-resisted|p2a: dice
|-damage|p2a: dice|169\/323 par
|-unboost|p2a: dice|spd|1
|-unboost|p2a: dice|spa|1
|move|p2a: dice|Recover|p2a: dice
|-heal|p2a: dice|323\/323 par
|
|turn|64
|choice|move 1|move 1
|
|move|p1a: Exeggutor|Psychic|p2a: dice
|-resisted|p2a: dice
|-damage|p2a: dice|204\/323 par
|move|p2a: dice|Blizzard|p1a: Exeggutor
|-supereffective|p1a: Exeggutor
|-damage|p1a: Exeggutor|88\/393 par
|
|turn|65
|choice|move 4|move 1
|
|move|p1a: Exeggutor|Explosion|p2a: dice
|-damage|p2a: dice|0 fnt
|faint|p2a: dice
|faint|p1a: Exeggutor
|J|Earth Turns Slowly
|J|shshsjdjdj
|J|final elysion
|J|M Dragon
|choice|switch 6|switch 4
|
|switch|p2a: Aldo|Alakazam|68\/313
|switch|p1a: Tauros|Tauros|353\/353
|turn|66
|J|UnfoGhettoBle
|choice|move 1|move 4
|
|move|p2a: Aldo|Thunder Wave|p1a: Tauros
|-status|p1a: Tauros|par
|move|p1a: Tauros|Body Slam|p2a: Aldo
|-damage|p2a: Aldo|0 fnt
|faint|p2a: Aldo
|L|Low Ladder Heroes
|choice||switch 6
|
|switch|p2a: McGregor|Tauros|250\/353 par
|turn|67
|choice|move 1|move 1
|
|cant|p2a: McGregor|par
|move|p1a: Tauros|Body Slam|p2a: McGregor
|-damage|p2a: McGregor|148\/353 par
|
|turn|68
|choice|move 4|move 4
|
|move|p2a: McGregor|Hyper Beam|p1a: Tauros
|-damage|p1a: Tauros|164\/353 par
|cant|p1a: Tauros|par
|
|turn|69
|-mustrecharge|p2a: McGregor
|-mustrecharge|p2a: McGregor
|choice|move 4|move 1
|
|move|p1a: Tauros|Hyper Beam|p2a: McGregor
|-damage|p2a: McGregor|0 fnt
|faint|p2a: McGregor
|
|win|Golden Gyarados
|player|p1
|player|p2
|L|kamisamano49