|inactive|Battle timer is ON: inactive players will automatically lose when time's up.
|J|Beds
|J|ZoroDark
|player|p1|Beds|252
|player|p2|ZoroDark|265
|gametype|singles
|gen|1
|tier|[Gen 1] OU
|seed|25228,43461,60354,34832
|rule|Sleep Clause Mod: Limit one foe put to sleep
|rule|Freeze Clause Mod: Limit one foe frozen
|rule|Species Clause: Limit one of each Pokémon
|rule|OHKO Clause: OHKO moves are banned
|rule|Evasion Moves Clause: Evasion moves are banned
|rule|HP Percentage Mod: HP is shown in percentages
|
|start
|switch|p1a: Starmie|Starmie|323\/323
|switch|p2a: black lady|Jynx|333\/333
|turn|1
|c|★ZoroDark|also FUCK mcm
|c|★Beds|gl hf
|c|★ZoroDark|i was supposed to fight him for superstars and he left
|c|★ZoroDark|sigh
|J|metaphysical
|c|★Beds|i agree
|choice|move 2|move 1
|
|move|p1a: Starmie|Thunder Wave|p2a: black lady
|-status|p2a: black lady|par
|move|p2a: black lady|Lovely Kiss|p1a: Starmie
|-status|p1a: Starmie|slp
|
|turn|2
|choice|move 4|move 3
|
|-curestatus|p1a: Starmie|slp
|move|p2a: black lady|Blizzard|p1a: Starmie
|-resisted|p1a: Starmie
|-damage|p1a: Starmie|258\/323
|
|turn|3
|J|Akola
|choice|move 4|move 1
|
|move|p1a: Starmie|Psychic|p2a: black lady
|-crit|p2a: black lady
|-resisted|p2a: black lady
|-damage|p2a: black lady|228\/333 par
|cant|p2a: black lady|par
|
|turn|4
|choice|move 4|move 1
|
|move|p1a: Starmie|Psychic|p2a: black lady
|-resisted|p2a: black lady
|-damage|p2a: black lady|173\/333 par
|move|p2a: black lady|Lovely Kiss|p1a: Starmie
|-status|p1a: Starmie|slp
|
|turn|5
|L|Akola
|choice|move 4|switch 4
|
|switch|p2a: angry lady|Tauros|353\/353
|cant|p1a: Starmie|slp
|
|turn|6
|J|choollio
|choice|switch 4|move 1
|
|switch|p1a: Exeggutor|Exeggutor|393\/393
|move|p2a: angry lady|Body Slam|p1a: Exeggutor
|-damage|p1a: Exeggutor|276\/393
|
|turn|7
|choice|move 1|switch 4
|
|switch|p2a: black lady|Jynx|173\/333 par
|move|p1a: Exeggutor|Psychic|p2a: black lady
|-resisted|p2a: black lady
|-damage|p2a: black lady|114\/333 par
|
|turn|8
|choice|switch 3|move 4
|
|switch|p1a: Snorlax|Snorlax|523\/523
|move|p2a: black lady|Rest|p2a: black lady
|-status|p2a: black lady|slp
|-heal|p2a: black lady|333\/333 slp|[silent]
|-status|p2a: black lady|slp|[from] move: Rest
|
|turn|9
|c|★ZoroDark|its been so long since i played rby
|J|goodasspizzafam123
|c|★ZoroDark|and metalgross isn't here to ghost me either
|c|★ZoroDark|this might end poorly
|choice|move 1|switch 2
|
|switch|p2a: white lady|Chansey|703\/703
|move|p1a: Snorlax|Body Slam|p2a: white lady
|-damage|p2a: white lady|435\/703
|
|turn|10
|choice|switch 5|move 2
|
|switch|p1a: Chansey|Chansey|703\/703
|move|p2a: white lady|Counter|p1a: Chansey
|-damage|p1a: Chansey|167\/703
|
|turn|11
|choice|move 4|move 1
|
|move|p2a: white lady|Thunder Wave|p1a: Chansey
|-status|p1a: Chansey|par
|move|p1a: Chansey|Soft-Boiled|p1a: Chansey
|-heal|p1a: Chansey|518\/703 par
|
|turn|12
|choice|move 2|switch 2
|
|switch|p2a: black lady|Jynx|333\/333 slp
|cant|p1a: Chansey|par
|
|turn|13
|choice|move 3|move 2
|
|cant|p2a: black lady|slp
|move|p1a: Chansey|Thunderbolt|p2a: black lady
|-damage|p2a: black lady|247\/333 slp
|
|turn|14
|choice|move 4|move 2
|
|-curestatus|p2a: black lady|slp
|move|p1a: Chansey|Soft-Boiled|p1a: Chansey
|-heal|p1a: Chansey|703\/703 par
|
|turn|15
|choice|move 1|move 2
|
|move|p2a: black lady|Psychic|p1a: Chansey
|-damage|p1a: Chansey|605\/703 par
|move|p1a: Chansey|Thunder Wave|p2a: black lady
|-status|p2a: black lady|par
|
|turn|16
|choice|move 3|move 2
|
|cant|p2a: black lady|par
|move|p1a: Chansey|Thunderbolt|p2a: black lady
|-damage|p2a: black lady|173\/333 par
|
|turn|17
|choice|switch 5|move 2
|
|switch|p1a: Snorlax|Snorlax|523\/523
|move|p2a: black lady|Psychic|p1a: Snorlax
|-damage|p1a: Snorlax|389\/523
|
|turn|18
|choice|move 1|switch 5
|
|switch|p2a: fat lady|Snorlax|523\/523
|move|p1a: Snorlax|Body Slam|p2a: fat lady
|-damage|p2a: fat lady|393\/523
|
|turn|19
|choice|move 3|move 2
|
|move|p2a: fat lady|Body Slam|p1a: Snorlax
|-damage|p1a: Snorlax|253\/523
|move|p1a: Snorlax|Reflect|p1a: Snorlax
|-start|p1a: Snorlax|Reflect
|
|turn|20
|choice|move 1|switch 6
|
|switch|p2a: plants lady|Exeggutor|393\/393
|move|p1a: Snorlax|Body Slam|p2a: plants lady
|-damage|p2a: plants lady|280\/393
|
|turn|21
|choice|move 2|move 1
|
|move|p2a: plants lady|Psychic|p1a: Snorlax
|-damage|p1a: Snorlax|84\/523
|move|p1a: Snorlax|Rest|p1a: Snorlax
|-status|p1a: Snorlax|slp
|-heal|p1a: Snorlax|523\/523 slp|[silent]
|-status|p1a: Snorlax|slp|[from] move: Rest
|
|turn|22
|choice|move 1|switch 5
|
|switch|p2a: black lady|Jynx|173\/333 par
|cant|p1a: Snorlax|slp
|
|turn|23
|choice|move 1|switch 2
|
|switch|p2a: white lady|Chansey|435\/703
|-curestatus|p1a: Snorlax|slp
|
|turn|24
|choice|move 4|move 4
|
|move|p2a: white lady|Soft-Boiled|p2a: white lady
|-heal|p2a: white lady|703\/703
|move|p1a: Snorlax|Amnesia|p1a: Snorlax
|-boost|p1a: Snorlax|spd|2
|-boost|p1a: Snorlax|spa|2
|
|turn|25
|choice|switch 5|move 1
|
|switch|p1a: Chansey|Chansey|605\/703 par
|move|p2a: white lady|Thunder Wave|p1a: Chansey
|-fail|p1a: Chansey|par
|
|turn|26
|choice|move 3|switch 2
|
|switch|p2a: black lady|Jynx|173\/333 par
|move|p1a: Chansey|Thunderbolt|p2a: black lady
|-damage|p2a: black lady|98\/333 par
|
|turn|27
|choice|switch 2|move 4
|
|switch|p1a: Tauros|Tauros|353\/353
|move|p2a: black lady|Rest|p2a: black lady
|-status|p2a: black lady|slp
|-heal|p2a: black lady|333\/333 slp|[silent]
|-status|p2a: black lady|slp|[from] move: Rest
|
|turn|28
|choice|move 1|switch 3
|
|switch|p2a: star lady|Starmie|323\/323
|move|p1a: Tauros|Body Slam|p2a: star lady
|-crit|p2a: star lady
|-damage|p2a: star lady|113\/323
|-status|p2a: star lady|par
|
|turn|29
|c|★ZoroDark|ok thats not fun
|c|★Beds|hehh
|c|★ZoroDark|probably not a good play either
|J|Nothing But Plays
|choice|move 1|move 4
|
|move|p1a: Tauros|Body Slam|p2a: star lady
|-damage|p2a: star lady|9\/323 par
|move|p2a: star lady|Thunder Wave|p1a: Tauros
|-status|p1a: Tauros|par
|
|turn|30
|choice|move 1|move 2
|
|move|p2a: star lady|Recover|p2a: star lady
|-heal|p2a: star lady|170\/323 par
|move|p1a: Tauros|Body Slam|p2a: star lady
|-damage|p2a: star lady|66\/323 par
|
|turn|31
|choice|move 4|move 2
|
|move|p2a: star lady|Recover|p2a: star lady
|-heal|p2a: star lady|227\/323 par
|move|p1a: Tauros|Hyper Beam|p2a: star lady
|-damage|p2a: star lady|48\/323 par
|
|turn|32
|-mustrecharge|p1a: Tauros
|-mustrecharge|p1a: Tauros
|choice|move 1|move 1
|
|move|p2a: star lady|Blizzard|p1a: Tauros
|-damage|p1a: Tauros|230\/353 par
|cant|p1a: Tauros|recharge
|
|turn|33
|c|★Beds|oh my god
|c|★Beds|what am i doing
|choice|move 1|move 2
|
|cant|p2a: star lady|par
|move|p1a: Tauros|Body Slam|p2a: star lady
|-crit|p2a: star lady
|-damage|p2a: star lady|0 fnt
|faint|p2a: star lady
|c|★ZoroDark|idek what i am doing
|choice||switch 6
|
|switch|p2a: fat lady|Snorlax|393\/523
|turn|34
|choice|move 4|move 2
|
|move|p2a: fat lady|Body Slam|p1a: Tauros
|-damage|p1a: Tauros|121\/353 par
|move|p1a: Tauros|Hyper Beam|p2a: fat lady
|-damage|p2a: fat lady|173\/523
|
|turn|35
|-mustrecharge|p1a: Tauros
|-mustrecharge|p1a: Tauros
|choice|move 1|move 3
|
|move|p2a: fat lady|Hyper Beam|p1a: Tauros|[miss]
|-miss|p2a: fat lady
|cant|p1a: Tauros|recharge
|
|turn|36
|choice|move 4|move 2
|
|move|p2a: fat lady|Body Slam|p1a: Tauros
|-crit|p1a: Tauros
|-damage|p1a: Tauros|0 fnt
|faint|p1a: Tauros
|choice|switch 3|
|
|switch|p1a: Exeggutor|Exeggutor|276\/393
|turn|37
|choice|move 3|switch 3
|
|switch|p2a: black lady|Jynx|333\/333 slp
|move|p1a: Exeggutor|Sleep Powder|p2a: black lady|[miss]
|-miss|p1a: Exeggutor
|
|turn|38
|choice|move 1|move 3
|
|cant|p2a: black lady|slp
|move|p1a: Exeggutor|Psychic|p2a: black lady
|-resisted|p2a: black lady
|-damage|p2a: black lady|270\/333 slp
|-unboost|p2a: black lady|spd|1
|-unboost|p2a: black lady|spa|1
|
|turn|39
|choice|move 3|move 2
|
|-curestatus|p2a: black lady|slp
|move|p1a: Exeggutor|Sleep Powder|p2a: black lady
|-status|p2a: black lady|slp
|
|turn|40
|choice|move 1|move 3
|
|-curestatus|p2a: black lady|slp
|move|p1a: Exeggutor|Psychic|p2a: black lady
|-resisted|p2a: black lady
|-damage|p2a: black lady|168\/333
|-unboost|p2a: black lady|spd|1
|-unboost|p2a: black lady|spa|1
|
|turn|41
|choice|move 3|move 3
|
|move|p2a: black lady|Blizzard|p1a: Exeggutor
|-supereffective|p1a: Exeggutor
|-damage|p1a: Exeggutor|158\/393
|move|p1a: Exeggutor|Sleep Powder|p2a: black lady
|-status|p2a: black lady|slp
|
|turn|42
|choice|move 1|switch 5
|
|switch|p2a: plants lady|Exeggutor|280\/393
|move|p1a: Exeggutor|Psychic|p2a: plants lady
|-resisted|p2a: plants lady
|-damage|p2a: plants lady|227\/393
|-unboost|p2a: plants lady|spd|1
|-unboost|p2a: plants lady|spa|1
|
|turn|43
|choice|move 2|move 3
|
|move|p1a: Exeggutor|Stun Spore|p2a: plants lady|[miss]
|-miss|p1a: Exeggutor
|move|p2a: plants lady|Explosion|p1a: Exeggutor
|-damage|p1a: Exeggutor|0 fnt
|faint|p1a: Exeggutor
|faint|p2a: plants lady
|choice|switch 5|switch 2
|
|switch|p2a: white lady|Chansey|703\/703
|switch|p1a: Snorlax|Snorlax|523\/523
|turn|44
|choice|switch 2|move 2
|
|switch|p1a: Chansey|Chansey|605\/703 par
|move|p2a: white lady|Counter|p1a: Chansey
|-fail|p2a: white lady
|
|turn|45
|choice|move 1|switch 3
|
|switch|p2a: fat lady|Snorlax|173\/523
|cant|p1a: Chansey|par
|
|turn|46
|choice|switch 2|move 4
|
|switch|p1a: Snorlax|Snorlax|523\/523
|move|p2a: fat lady|Rest|p2a: fat lady
|-status|p2a: fat lady|slp
|-heal|p2a: fat lady|523\/523 slp|[silent]
|-status|p2a: fat lady|slp|[from] move: Rest
|
|turn|47
|choice|move 1|switch 3
|
|switch|p2a: white lady|Chansey|703\/703
|move|p1a: Snorlax|Body Slam|p2a: white lady
|-damage|p2a: white lady|429\/703
|
|turn|48
|choice|move 1|move 4
|
|move|p2a: white lady|Soft-Boiled|p2a: white lady
|-heal|p2a: white lady|703\/703
|move|p1a: Snorlax|Body Slam|p2a: white lady
|-damage|p2a: white lady|392\/703
|
|turn|49
|choice|move 1|move 2
|
|move|p1a: Snorlax|Body Slam|p2a: white lady
|-crit|p2a: white lady
|-damage|p2a: white lady|0 fnt
|faint|p2a: white lady
|c|★ZoroDark|oh
|c|★ZoroDark|thats bad
|c|★Beds|pure skill
|choice||switch 4
|
|switch|p2a: angry lady|Tauros|353\/353
|turn|50
|choice|move 3|move 1
|
|move|p2a: angry lady|Body Slam|p1a: Snorlax
|-damage|p1a: Snorlax|400\/523
|move|p1a: Snorlax|Reflect|p1a: Snorlax
|-start|p1a: Snorlax|Reflect
|
|turn|51
|choice|move 1|switch 3
|
|switch|p2a: fat lady|Snorlax|523\/523 slp
|move|p1a: Snorlax|Body Slam|p2a: fat lady
|-damage|p2a: fat lady|373\/523 slp
|
|turn|52
|choice|move 1|move 4
|
|cant|p2a: fat lady|slp
|move|p1a: Snorlax|Body Slam|p2a: fat lady
|-damage|p2a: fat lady|238\/523 slp
|
|turn|53
|choice|move 1|move 4
|
|move|p1a: Snorlax|Body Slam|p2a: fat lady
|-damage|p2a: fat lady|94\/523 slp
|-curestatus|p2a: fat lady|slp
|
|turn|54
|choice|move 1|move 4
|
|move|p2a: fat lady|Rest|p2a: fat lady
|-status|p2a: fat lady|slp
|-heal|p2a: fat lady|523\/523 slp|[silent]
|-status|p2a: fat lady|slp|[from] move: Rest
|move|p1a: Snorlax|Body Slam|p2a: fat lady
|-damage|p2a: fat lady|392\/523 slp
|
|turn|55
|c|★ZoroDark|ok win a tie
|c|★ZoroDark|now win like
|c|★ZoroDark|a lot more
|choice|move 1|move 2
|
|cant|p2a: fat lady|slp
|move|p1a: Snorlax|Body Slam|p2a: fat lady
|-damage|p2a: fat lady|250\/523 slp
|
|turn|56
|choice|move 1|move 2
|
|move|p1a: Snorlax|Body Slam|p2a: fat lady
|-damage|p2a: fat lady|121\/523 slp
|-curestatus|p2a: fat lady|slp
|
|turn|57
|choice|move 1|move 4
|
|move|p1a: Snorlax|Body Slam|p2a: fat lady
|-damage|p2a: fat lady|0 fnt
|faint|p2a: fat lady
|choice||switch 3
|
|switch|p2a: angry lady|Tauros|353\/353
|turn|58
|choice|move 1|move 3
|
|move|p2a: angry lady|Blizzard|p1a: Snorlax
|-crit|p1a: Snorlax
|-damage|p1a: Snorlax|204\/523
|move|p1a: Snorlax|Body Slam|p2a: angry lady
|-damage|p2a: angry lady|241\/353
|
|turn|59
|choice|move 2|move 1
|
|move|p2a: angry lady|Body Slam|p1a: Snorlax
|-damage|p1a: Snorlax|140\/523
|move|p1a: Snorlax|Rest|p1a: Snorlax
|-status|p1a: Snorlax|slp
|-heal|p1a: Snorlax|523\/523 slp|[silent]
|-status|p1a: Snorlax|slp|[from] move: Rest
|
|turn|60
|choice|move 1|move 1
|
|move|p2a: angry lady|Body Slam|p1a: Snorlax
|-damage|p1a: Snorlax|457\/523 slp
|cant|p1a: Snorlax|slp
|
|turn|61
|L|Nothing But Plays
|choice|move 1|move 1
|
|move|p2a: angry lady|Body Slam|p1a: Snorlax
|-damage|p1a: Snorlax|394\/523 slp
|-curestatus|p1a: Snorlax|slp
|
|turn|62
|choice|move 1|move 1
|
|move|p2a: angry lady|Body Slam|p1a: Snorlax
|-damage|p1a: Snorlax|333\/523
|move|p1a: Snorlax|Body Slam|p2a: angry lady
|-damage|p2a: angry lady|133\/353
|
|turn|63
|choice|move 1|move 1
|
|move|p2a: angry lady|Body Slam|p1a: Snorlax
|-damage|p1a: Snorlax|265\/523
|move|p1a: Snorlax|Body Slam|p2a: angry lady
|-crit|p2a: angry lady
|-damage|p2a: angry lady|0 fnt
|faint|p2a: angry lady
|choice||switch 5
|
|switch|p2a: black lady|Jynx|168\/333 slp
|turn|64
|c|★ZoroDark|gg
|c|★Beds|gg, i choked this but jesus was on my side
|c|★Beds|thanks my n1gger jesus
|choice|move 1|move 2
|
|cant|p2a: black lady|slp
|move|p1a: Snorlax|Body Slam|p2a: black lady
|-damage|p2a: black lady|0 fnt
|faint|p2a: black lady
|
|win|Beds