|inactive|Battle timer is ON: inactive players will automatically lose when time's up.
|J|stunner047
|J|CrapAtRBY
|player|p1|stunner047|273
|player|p2|CrapAtRBY|101
|gametype|singles
|gen|1
|tier|[Gen 1] Random Battle
|rule|Sleep Clause Mod: Limit one foe put to sleep
|rule|Freeze Clause Mod: Limit one foe frozen
|rule|HP Percentage Mod: HP is shown in percentages
|
|start
|switch|p1a: Machamp|Machamp, L90|345\/345
|switch|p2a: Slowbro|Slowbro, L79|312\/312
|turn|1
|c|★stunner047|gl hf
|
|switch|p1a: Electrode|Electrode, L90|291\/291
|move|p2a: Slowbro|Thunder Wave|p1a: Electrode
|-status|p1a: Electrode|par
|
|turn|2
|
|switch|p2a: Snorlax|Snorlax, L79|415\/415
|cant|p1a: Electrode|par
|
|turn|3
|c|★CrapAtRBY|you too
|
|switch|p1a: Machamp|Machamp, L90|345\/345
|move|p2a: Snorlax|Earthquake|p1a: Machamp
|-damage|p1a: Machamp|283\/345
|
|turn|4
|
|switch|p2a: Slowbro|Slowbro, L79|312\/312
|move|p1a: Machamp|Body Slam|p2a: Slowbro
|-damage|p2a: Slowbro|230\/312
|
|turn|5
|
|switch|p1a: Electrode|Electrode, L90|291\/291 par
|move|p2a: Slowbro|Surf|p1a: Electrode
|-damage|p1a: Electrode|215\/291 par
|
|turn|6
|
|switch|p2a: Snorlax|Snorlax, L79|415\/415
|move|p1a: Electrode|Thunderbolt|p2a: Snorlax
|-damage|p2a: Snorlax|289\/415
|
|turn|7
|
|switch|p1a: Farfetch'd|Farfetch'd, L99|304\/304
|move|p2a: Snorlax|Body Slam|p1a: Farfetch'd
|-damage|p1a: Farfetch'd|207\/304
|
|turn|8
|
|move|p1a: Farfetch'd|Slash|p2a: Snorlax
|-crit|p2a: Snorlax
|-damage|p2a: Snorlax|89\/415
|move|p2a: Snorlax|Body Slam|p1a: Farfetch'd
|-damage|p1a: Farfetch'd|113\/304
|
|turn|9
|
|move|p1a: Farfetch'd|Slash|p2a: Snorlax
|-crit|p2a: Snorlax
|-damage|p2a: Snorlax|0 fnt
|faint|p2a: Snorlax
|
|switch|p2a: Slowbro|Slowbro, L79|230\/312
|turn|10
|
|move|p1a: Farfetch'd|Slash|p2a: Slowbro
|-crit|p2a: Slowbro
|-damage|p2a: Slowbro|78\/312
|move|p2a: Slowbro|Surf|p1a: Farfetch'd
|-damage|p1a: Farfetch'd|27\/304
|
|turn|11
|
|move|p1a: Farfetch'd|Slash|p2a: Slowbro
|-damage|p2a: Slowbro|10\/312
|move|p2a: Slowbro|Surf|p1a: Farfetch'd
|-damage|p1a: Farfetch'd|0 fnt
|faint|p1a: Farfetch'd
|
|switch|p1a: Machamp|Machamp, L90|283\/345
|turn|12
|
|move|p1a: Machamp|Body Slam|p2a: Slowbro
|-damage|p2a: Slowbro|0 fnt
|faint|p2a: Slowbro
|
|switch|p2a: Charmeleon|Charmeleon, L85|272\/272
|turn|13
|
|move|p2a: Charmeleon|Fire Blast|p1a: Machamp
|-damage|p1a: Machamp|160\/345
|-status|p1a: Machamp|brn
|move|p1a: Machamp|Earthquake|p2a: Charmeleon
|-supereffective|p2a: Charmeleon
|-damage|p2a: Charmeleon|145\/272
|-damage|p1a: Machamp|139\/345 brn|[from] brn|[of] p2a: Charmeleon
|
|turn|14
|
|move|p2a: Charmeleon|Fire Blast|p1a: Machamp
|-damage|p1a: Machamp|21\/345 brn
|move|p1a: Machamp|Earthquake|p2a: Charmeleon
|-supereffective|p2a: Charmeleon
|-damage|p2a: Charmeleon|17\/272
|-damage|p1a: Machamp|0 fnt|[from] brn|[of] p2a: Charmeleon
|faint|p1a: Machamp
|
|switch|p1a: Primeape|Primeape, L90|300\/300
|turn|15
|
|move|p1a: Primeape|Body Slam|p2a: Charmeleon
|-damage|p2a: Charmeleon|0 fnt
|faint|p2a: Charmeleon
|
|switch|p2a: Pikachu|Pikachu, L96|262\/262
|turn|16
|
|move|p2a: Pikachu|Thunder Wave|p1a: Primeape
|-status|p1a: Primeape|par
|move|p1a: Primeape|Body Slam|p2a: Pikachu
|-damage|p2a: Pikachu|142\/262
|
|turn|17
|
|move|p2a: Pikachu|Thunder|p1a: Primeape
|-damage|p1a: Primeape|162\/300 par
|move|p1a: Primeape|Hyper Beam|p2a: Pikachu
|-damage|p2a: Pikachu|0 fnt
|faint|p2a: Pikachu
|
|switch|p2a: Chansey|Chansey, L79|557\/557
|turn|18
|
|move|p2a: Chansey|Reflect|p2a: Chansey
|-start|p2a: Chansey|Reflect
|cant|p1a: Primeape|par
|
|turn|19
|
|cant|p1a: Primeape|par
|move|p2a: Chansey|Counter|p1a: Primeape
|-damage|p1a: Primeape|0 fnt
|faint|p1a: Primeape
|
|switch|p1a: Electrode|Electrode, L90|215\/291 par
|turn|20
|
|move|p1a: Electrode|Thunder Wave|p2a: Chansey
|-status|p2a: Chansey|par
|move|p2a: Chansey|Counter|p1a: Electrode
|-fail|p2a: Chansey
|
|turn|21
|
|switch|p2a: Slowpoke|Slowpoke, L96|368\/368
|move|p1a: Electrode|Screech|p2a: Slowpoke
|-unboost|p2a: Slowpoke|def|2
|
|turn|22
|
|move|p2a: Slowpoke|Amnesia|p2a: Slowpoke
|-boost|p2a: Slowpoke|spd|2
|-boost|p2a: Slowpoke|spa|2
|move|p1a: Electrode|Thunderbolt|p2a: Slowpoke
|-supereffective|p2a: Slowpoke
|-damage|p2a: Slowpoke|228\/368
|
|turn|23
|
|move|p2a: Slowpoke|Amnesia|p2a: Slowpoke
|-boost|p2a: Slowpoke|spd|2
|-boost|p2a: Slowpoke|spa|2
|cant|p1a: Electrode|par
|
|turn|24
|
|move|p2a: Slowpoke|Amnesia|p2a: Slowpoke
|-boost|p2a: Slowpoke|spd|2
|-boost|p2a: Slowpoke|spa|2
|move|p1a: Electrode|Explosion|p2a: Slowpoke
|-damage|p2a: Slowpoke|0 fnt
|faint|p2a: Slowpoke
|faint|p1a: Electrode
|
|switch|p1a: Beedrill|Beedrill, L90|300\/300
|switch|p2a: Chansey|Chansey, L79|557\/557 par
|turn|25
|
|move|p1a: Beedrill|Swords Dance|p1a: Beedrill
|-boost|p1a: Beedrill|atk|2
|move|p2a: Chansey|Reflect|p2a: Chansey
|-start|p2a: Chansey|Reflect
|
|turn|26
|
|move|p1a: Beedrill|Hyper Beam|p2a: Chansey
|-crit|p2a: Chansey
|-damage|p2a: Chansey|0 fnt
|faint|p2a: Chansey
|
|win|stunner047
|c|★stunner047|gg
|c|★CrapAtRBY|gg
|L|CrapAtRBY
|player|p2