|inactive|Battle timer is ON: inactive players will automatically lose when time's up.
|J|Beds
|J|f a p k i n g g
|player|p1|Beds|252
|player|p2|f a p k i n g g|25
|gametype|singles
|gen|1
|tier|[Gen 1] OU
|rule|Sleep Clause Mod: Limit one foe put to sleep
|rule|Freeze Clause Mod: Limit one foe frozen
|rule|Species Clause: Limit one of each Pokémon
|rule|OHKO Clause: OHKO moves are banned
|rule|Evasion Moves Clause: Evasion moves are banned
|rule|HP Percentage Mod: HP is shown in percentages
|
|start
|switch|p1a: Jynx|Jynx|333\/333
|switch|p2a: Jynx|Jynx|333\/333
|turn|1
|J|We Three Kings
|J|SunnyORAS
|J|Slurmz
|J|fleggumfl
|c|★f a p k i n g g|glhf
|c|+Slurmz|Roapl?
|c|+SunnyORAS|=0
|L|We Three Kings
|c|★Beds|hf
|c|+SunnyORAS|gl guys
|c|+Slurmz|:k
|c|+fleggumfl|its wcop
|c|+SunnyORAS|hi slurmz
|J|Mounts
|
|move|p1a: Jynx|Lovely Kiss|p2a: Jynx|[miss]
|-miss|p1a: Jynx
|move|p2a: Jynx|Lovely Kiss|p1a: Jynx
|-status|p1a: Jynx|slp
|
|turn|2
|c|+Slurmz|Beds is this roapl
|c|★Beds|this is olt finals
|J|teamsnickers
|J|Disaster Area
|c|+Slurmz|Ah ic
|
|cant|p1a: Jynx|slp
|move|p2a: Jynx|Blizzard|p1a: Jynx
|-crit|p1a: Jynx
|-resisted|p1a: Jynx
|-damage|p1a: Jynx|199\/333 slp
|
|turn|3
|c|+Disaster Area|mt19
|c|+Disaster Area|:]
|c|★Beds|im chimpact
|L|teamsnickers
|c|★Beds|chimpact vs lyconik
|
|cant|p1a: Jynx|slp
|move|p2a: Jynx|Blizzard|p1a: Jynx
|-resisted|p1a: Jynx
|-damage|p1a: Jynx|133\/333 slp
|
|turn|4
|c|★f a p k i n g g|im lyconik
|c|+Disaster Area|(in short a more important tour than all the others u mentionedd)
|c|★f a p k i n g g|aka heliolisk
|
|switch|p1a: Chansey|Chansey|703\/703
|move|p2a: Jynx|Psychic|p1a: Chansey
|-damage|p1a: Chansey|607\/703
|
|turn|5
|
|move|p2a: Jynx|Blizzard|p1a: Chansey
|-damage|p1a: Chansey|479\/703
|move|p1a: Chansey|Ice Beam|p2a: Jynx
|-resisted|p2a: Jynx
|-damage|p2a: Jynx|295\/333
|
|turn|6
|
|switch|p2a: Chansey|Chansey|703\/703
|move|p1a: Chansey|Soft-Boiled|p1a: Chansey
|-heal|p1a: Chansey|703\/703
|
|turn|7
|
|move|p2a: Chansey|Ice Beam|p1a: Chansey
|-damage|p1a: Chansey|628\/703
|move|p1a: Chansey|Ice Beam|p2a: Chansey
|-damage|p2a: Chansey|627\/703
|
|turn|8
|
|move|p1a: Chansey|Ice Beam|p2a: Chansey
|-crit|p2a: Chansey
|-damage|p2a: Chansey|470\/703
|move|p2a: Chansey|Ice Beam|p1a: Chansey
|-damage|p1a: Chansey|556\/703
|
|turn|9
|J|TPO3
|
|move|p2a: Chansey|Soft-Boiled|p2a: Chansey
|-heal|p2a: Chansey|703\/703
|move|p1a: Chansey|Ice Beam|p2a: Chansey
|-damage|p2a: Chansey|634\/703
|
|turn|10
|
|move|p1a: Chansey|Ice Beam|p2a: Chansey
|-damage|p2a: Chansey|555\/703
|-status|p2a: Chansey|frz
|cant|p2a: Chansey|frz
|
|turn|11
|c|+fleggumfl|damn nigga
|c|★Beds|thanks obama
|c|+fleggumfl|u got it
|c|★f a p k i n g g|i deserve it
|J|Zepherox
|c|★f a p k i n g g|for being a pussy
|c|★f a p k i n g g|and doing
|c|★f a p k i n g g|softboiled
|
|switch|p2a: Jynx|Jynx|295\/333
|move|p1a: Chansey|Thunder Wave|p2a: Jynx
|-status|p2a: Jynx|par
|
|turn|12
|
|switch|p1a: Snorlax|Snorlax|523\/523
|move|p2a: Jynx|Blizzard|p1a: Snorlax
|-damage|p1a: Snorlax|356\/523
|
|turn|13
|c|+Slurmz|LOL
|
|move|p1a: Snorlax|Earthquake|p2a: Jynx
|-damage|p2a: Jynx|137\/333 par
|move|p2a: Jynx|Blizzard|p1a: Snorlax
|-damage|p1a: Snorlax|179\/523
|
|turn|14
|J|Genesis7
|
|switch|p2a: Exeggutor|Exeggutor|393\/393
|move|p1a: Snorlax|Body Slam|p2a: Exeggutor
|-crit|p2a: Exeggutor
|-damage|p2a: Exeggutor|153\/393
|
|turn|15
|
|move|p2a: Exeggutor|Psychic|p1a: Snorlax
|-crit|p1a: Snorlax
|-damage|p1a: Snorlax|0 fnt
|faint|p1a: Snorlax
|
|switch|p1a: Chansey|Chansey|556\/703
|turn|16
|
|switch|p2a: Jynx|Jynx|137\/333 par
|move|p1a: Chansey|Ice Beam|p2a: Jynx
|-resisted|p2a: Jynx
|-damage|p2a: Jynx|101\/333 par
|
|turn|17
|
|move|p1a: Chansey|Thunderbolt|p2a: Jynx
|-damage|p2a: Jynx|20\/333 par
|move|p2a: Jynx|Rest|p2a: Jynx
|-status|p2a: Jynx|slp
|-heal|p2a: Jynx|333\/333 slp|[silent]
|-status|p2a: Jynx|slp|[from] move: Rest
|
|turn|18
|
|switch|p1a: Tauros|Tauros|353\/353
|switch|p2a: Slowbro|Slowbro|393\/393
|
|turn|19
|
|switch|p1a: Exeggutor|Exeggutor|393\/393
|move|p2a: Slowbro|Amnesia|p2a: Slowbro
|-boost|p2a: Slowbro|spd|2
|-boost|p2a: Slowbro|spa|2
|
|turn|20
|
|switch|p2a: Jynx|Jynx|333\/333 slp
|move|p1a: Exeggutor|Sleep Powder|p2a: Jynx
|-fail|p2a: Jynx|slp
|
|turn|21
|
|switch|p2a: Slowbro|Slowbro|393\/393
|switch|p1a: Tauros|Tauros|353\/353
|
|turn|22
|
|switch|p1a: Exeggutor|Exeggutor|393\/393
|move|p2a: Slowbro|Thunder Wave|p1a: Exeggutor
|-status|p1a: Exeggutor|par
|
|turn|23
|
|switch|p2a: Jynx|Jynx|333\/333 slp
|move|p1a: Exeggutor|Psychic|p2a: Jynx|[miss]
|-miss|p1a: Exeggutor
|
|turn|24
|c|+fleggumfl|epic
|c|★Beds|AAAAAAAAAAAAAA
|
|switch|p1a: Tauros|Tauros|353\/353
|cant|p2a: Jynx|slp
|
|turn|25
|L|Zepherox
|
|switch|p2a: Golem|Golem|363\/363
|move|p1a: Tauros|Body Slam|p2a: Golem
|-resisted|p2a: Golem
|-damage|p2a: Golem|321\/363
|-status|p2a: Golem|par
|
|turn|26
|
|switch|p2a: Jynx|Jynx|333\/333 slp
|move|p1a: Tauros|Blizzard|p2a: Jynx|[miss]
|-miss|p1a: Tauros
|
|turn|27
|L|TPO3
|
|switch|p2a: Slowbro|Slowbro|393\/393
|move|p1a: Tauros|Body Slam|p2a: Slowbro
|-damage|p2a: Slowbro|305\/393
|
|turn|28
|
|switch|p2a: Jynx|Jynx|333\/333 slp
|move|p1a: Tauros|Body Slam|p2a: Jynx
|-damage|p2a: Jynx|159\/333 slp
|
|turn|29
|c|★Beds|bedspredict
|
|switch|p2a: Golem|Golem|321\/363 par
|move|p1a: Tauros|Body Slam|p2a: Golem
|-resisted|p2a: Golem
|-damage|p2a: Golem|282\/363 par
|
|turn|30
|
|move|p1a: Tauros|Blizzard|p2a: Golem
|-supereffective|p2a: Golem
|-damage|p2a: Golem|62\/363 par
|cant|p2a: Golem|par
|
|turn|31
|L|Mounts
|c|★f a p k i n g g|parabeds??
|c|★f a p k i n g g|ok thats gay sry
|c|★Beds|bedschiblizzard2015
|
|switch|p2a: Slowbro|Slowbro|305\/393
|move|p1a: Tauros|Earthquake|p2a: Slowbro
|-damage|p2a: Slowbro|227\/393
|
|turn|32
|
|switch|p1a: Exeggutor|Exeggutor|393\/393 par
|switch|p2a: Jynx|Jynx|159\/333 slp
|
|turn|33
|
|switch|p1a: Tauros|Tauros|353\/353
|-curestatus|p2a: Jynx|slp
|
|turn|34
|
|switch|p2a: Golem|Golem|62\/363 par
|move|p1a: Tauros|Body Slam|p2a: Golem
|-resisted|p2a: Golem
|-damage|p2a: Golem|22\/363 par
|
|turn|35
|
|move|p1a: Tauros|Body Slam|p2a: Golem
|-crit|p2a: Golem
|-resisted|p2a: Golem
|-damage|p2a: Golem|0 fnt
|faint|p2a: Golem
|
|switch|p2a: Slowbro|Slowbro|227\/393
|turn|36
|c|+Slurmz|GO BEDS
|
|move|p1a: Tauros|Body Slam|p2a: Slowbro
|-damage|p2a: Slowbro|135\/393
|move|p2a: Slowbro|Thunder Wave|p1a: Tauros
|-status|p1a: Tauros|par
|
|turn|37
|c|+Slurmz|Rattle his anus
|c|+Slurmz|:\/
|
|move|p2a: Slowbro|Rest|p2a: Slowbro
|-status|p2a: Slowbro|slp
|-heal|p2a: Slowbro|393\/393 slp|[silent]
|-status|p2a: Slowbro|slp|[from] move: Rest
|cant|p1a: Tauros|par
|
|turn|38
|
|cant|p2a: Slowbro|slp
|move|p1a: Tauros|Body Slam|p2a: Slowbro
|-damage|p2a: Slowbro|299\/393 slp
|
|turn|39
|c|★f a p k i n g g|shut up slurpz
|
|switch|p1a: Exeggutor|Exeggutor|393\/393 par
|-curestatus|p2a: Slowbro|slp
|
|turn|40
|
|switch|p2a: Exeggutor|Exeggutor|153\/393
|move|p1a: Exeggutor|Sleep Powder|p2a: Exeggutor
|-status|p2a: Exeggutor|slp
|
|turn|41
|
|switch|p2a: Jynx|Jynx|159\/333
|switch|p1a: Tauros|Tauros|353\/353 par
|
|turn|42
|
|move|p2a: Jynx|Blizzard|p1a: Tauros
|-damage|p1a: Tauros|175\/353 par
|move|p1a: Tauros|Body Slam|p2a: Jynx
|-damage|p2a: Jynx|0 fnt
|faint|p2a: Jynx
|
|switch|p2a: Tauros|Tauros|353\/353
|turn|43
|
|move|p2a: Tauros|Body Slam|p1a: Tauros
|-damage|p1a: Tauros|67\/353 par
|move|p1a: Tauros|Hyper Beam|p2a: Tauros
|-damage|p2a: Tauros|174\/353
|
|turn|44
|-mustrecharge|p1a: Tauros
|-mustrecharge|p1a: Tauros
|
|move|p2a: Tauros|Body Slam|p1a: Tauros
|-damage|p1a: Tauros|0 fnt
|faint|p1a: Tauros
|
|switch|p1a: Chansey|Chansey|556\/703
|turn|45
|
|move|p2a: Tauros|Hyper Beam|p1a: Chansey
|-damage|p1a: Chansey|53\/703
|move|p1a: Chansey|Thunder Wave|p2a: Tauros
|-status|p2a: Tauros|par
|
|turn|46
|-mustrecharge|p2a: Tauros
|c|★f a p k i n g g|sigh
|c|★f a p k i n g g|not a single crit
|c|★Beds|noice
|-mustrecharge|p2a: Tauros
|
|move|p1a: Chansey|Soft-Boiled|p1a: Chansey
|-heal|p1a: Chansey|404\/703
|cant|p2a: Tauros|recharge
|
|turn|47
|L|SunnyORAS
|
|move|p1a: Chansey|Soft-Boiled|p1a: Chansey
|-heal|p1a: Chansey|703\/703
|cant|p2a: Tauros|par
|
|turn|48
|
|move|p1a: Chansey|Thunderbolt|p2a: Tauros
|-damage|p2a: Tauros|82\/353 par
|move|p2a: Tauros|Body Slam|p1a: Chansey
|-damage|p1a: Chansey|448\/703
|
|turn|49
|
|switch|p2a: Slowbro|Slowbro|299\/393
|move|p1a: Chansey|Thunderbolt|p2a: Slowbro
|-supereffective|p2a: Slowbro
|-damage|p2a: Slowbro|103\/393
|
|turn|50
|
|move|p1a: Chansey|Thunderbolt|p2a: Slowbro
|-supereffective|p2a: Slowbro
|-damage|p2a: Slowbro|0 fnt
|faint|p2a: Slowbro
|c|★f a p k i n g g|k i lost
|c|★Beds|chansey sweep incoming
|c|★f a p k i n g g|!learn chansey, haze
|raw|<div class="infobox">Chansey <span class="message-learn-cannotlearn">can't<\/span> learn Haze<\/div>
|c|★f a p k i n g g|fuckkkkkkkkkk
|c|★Beds|it got fireblast
|
|switch|p2a: Exeggutor|Exeggutor|153\/393 slp
|turn|51
|
|switch|p2a: Chansey|Chansey|555\/703 frz
|move|p1a: Chansey|Ice Beam|p2a: Chansey
|-damage|p2a: Chansey|486\/703 frz
|
|turn|52
|c|★f a p k i n g g|you had to do fireblast
|c|★Beds|lel
|c|★f a p k i n g g|what's your last :(
|c|★Beds|ok im revealing
|c|★Beds|the secret pokemon
|c|★f a p k i n g g|ok
|c|★f a p k i n g g|Persian?
|
|switch|p1a: Persian|Persian|333\/333
|cant|p2a: Chansey|frz
|
|turn|53
|c|★f a p k i n g g|gotcha
|
|move|p1a: Persian|Slash|p2a: Chansey
|-crit|p2a: Chansey
|-damage|p2a: Chansey|141\/703 frz
|cant|p2a: Chansey|frz
|
|turn|54
|c|★Beds|got me
|
|move|p1a: Persian|Slash|p2a: Chansey
|-crit|p2a: Chansey
|-damage|p2a: Chansey|0 fnt
|faint|p2a: Chansey
|
|switch|p2a: Tauros|Tauros|82\/353 par
|turn|55
|
|move|p1a: Persian|Slash|p2a: Tauros
|-crit|p2a: Tauros
|-damage|p2a: Tauros|0 fnt
|faint|p2a: Tauros
|
|switch|p2a: Exeggutor|Exeggutor|153\/393 slp
|turn|56
|c|★f a p k i n g g|ggg
|
|move|p1a: Persian|Thunder|p2a: Exeggutor
|-resisted|p2a: Exeggutor
|-damage|p2a: Exeggutor|122\/393 slp
|cant|p2a: Exeggutor|slp
|
|turn|57
|c|★Beds|i got the anti slowbro measurements
|
|move|p1a: Persian|Slash|p2a: Exeggutor
|-crit|p2a: Exeggutor
|-damage|p2a: Exeggutor|0 fnt
|faint|p2a: Exeggutor
|
|win|Beds