|J|B& KC
|J|Dice
|player|p1|B& KC|#bkc
|player|p2|Dice|1
|gametype|singles
|gen|1
|tier|[Gen 1] OU
|seed|56127,45494,23685,20490
|rule|Sleep Clause Mod: Limit one foe put to sleep
|rule|Freeze Clause Mod: Limit one foe frozen
|rule|Species Clause: Limit one of each Pokémon
|rule|OHKO Clause: OHKO moves are banned
|rule|Evasion Moves Clause: Evasion moves are banned
|rule|HP Percentage Mod: HP is shown in percentages
|
|start
|switch|p1a: Alakazam|Alakazam|313\/313
|switch|p2a: Alakazam|Alakazam, M|313\/313
|turn|1
|J|KratosMana
|choice|switch 2|move 2
|
|switch|p1a: Exeggutor|Exeggutor|393\/393
|move|p2a: Alakazam|Thunder Wave|p1a: Exeggutor
|-status|p1a: Exeggutor|par
|
|turn|2
|L|KratosMana
|J|trc
|J|mccauley
|choice|move 2|move 1
|
|move|p2a: Alakazam|Psychic|p1a: Exeggutor
|-resisted|p1a: Exeggutor
|-damage|p1a: Exeggutor|337\/393 par
|-unboost|p1a: Exeggutor|spd|1
|-unboost|p1a: Exeggutor|spa|1
|move|p1a: Exeggutor|Sleep Powder|p2a: Alakazam|[miss]
|-miss|p1a: Exeggutor
|
|turn|3
|J|peli
|choice|move 2|move 1
|
|move|p2a: Alakazam|Psychic|p1a: Exeggutor
|-crit|p1a: Exeggutor
|-resisted|p1a: Exeggutor
|-damage|p1a: Exeggutor|237\/393 par
|-unboost|p1a: Exeggutor|spd|1
|-unboost|p1a: Exeggutor|spa|1
|move|p1a: Exeggutor|Sleep Powder|p2a: Alakazam|[miss]
|-miss|p1a: Exeggutor
|
|turn|4
|choice|move 2|move 1
|
|move|p2a: Alakazam|Psychic|p1a: Exeggutor
|-crit|p1a: Exeggutor
|-resisted|p1a: Exeggutor
|-damage|p1a: Exeggutor|135\/393 par
|-unboost|p1a: Exeggutor|spd|1
|-unboost|p1a: Exeggutor|spa|1
|cant|p1a: Exeggutor|par
|
|turn|5
|choice|move 2|move 1
|
|move|p2a: Alakazam|Psychic|p1a: Exeggutor
|-resisted|p1a: Exeggutor
|-damage|p1a: Exeggutor|3\/393 par
|move|p1a: Exeggutor|Sleep Powder|p2a: Alakazam|[miss]
|-miss|p1a: Exeggutor
|
|turn|6
|J|kamisamano49
|c|+trc|love dice
|c|★B& KC|mom dice is cheating
|choice|switch 3|move 3
|
|switch|p1a: Chansey|Chansey|703\/703
|move|p2a: Alakazam|Seismic Toss|p1a: Chansey
|-damage|p1a: Chansey|603\/703
|
|turn|7
|c|+kamisamano49|i don't
|c|★Dice|u should have seen
|c|★Dice|the last two games
|c|★B& KC|yeah i raped him
|c|★B& KC|twice
|c|★B& KC|and he liked it
|c|★B& KC|cause he enjoys dick
|c|★Dice|yea zarel owned me
|c|+kamisamano49|ofc he did lol
|choice|move 3|switch 4
|
|switch|p2a: Chansey|Chansey|703\/703
|move|p1a: Chansey|Sing|p2a: Chansey
|-status|p2a: Chansey|slp
|
|turn|8
|c|★B& KC|owned
|J|lt2 sunset jesus
|J|KratosMana
|choice|switch 3|switch 6
|
|switch|p1a: Exeggutor|Exeggutor|3\/393 par
|switch|p2a: Victreebel|Victreebel, M|363\/363
|
|turn|9
|choice|switch 2|move 1
|
|switch|p1a: Alakazam|Alakazam|313\/313
|move|p2a: Victreebel|Razor Leaf|p1a: Alakazam
|-crit|p1a: Alakazam
|-damage|p1a: Alakazam|216\/313
|
|turn|10
|choice|move 3|switch 2
|
|switch|p2a: Clefable|Clefable|393\/393
|move|p1a: Alakazam|Thunder Wave|p2a: Clefable
|-status|p2a: Clefable|par
|
|turn|11
|choice|switch 3|move 1
|
|switch|p1a: Chansey|Chansey|603\/703
|move|p2a: Clefable|Thunder Wave|p1a: Chansey
|-status|p1a: Chansey|par
|
|turn|12
|choice|move 1|switch 6
|
|switch|p2a: Chansey|Chansey|703\/703 slp
|cant|p1a: Chansey|par
|
|turn|13
|choice|move 1|switch 4
|
|switch|p2a: Alakazam|Alakazam, M|313\/313
|move|p1a: Chansey|Ice Beam|p2a: Alakazam
|-damage|p2a: Alakazam|249\/313
|
|turn|14
|choice|move 1|move 1
|
|move|p2a: Alakazam|Psychic|p1a: Chansey
|-damage|p1a: Chansey|478\/703 par
|-unboost|p1a: Chansey|spd|1
|-unboost|p1a: Chansey|spa|1
|cant|p1a: Chansey|par
|
|turn|15
|c|★B& KC|where the fuck is my freeze
|choice|move 4|move 1
|
|move|p2a: Alakazam|Psychic|p1a: Chansey
|-damage|p1a: Chansey|268\/703 par
|-unboost|p1a: Chansey|spd|1
|-unboost|p1a: Chansey|spa|1
|move|p1a: Chansey|Soft-Boiled|p1a: Chansey
|-heal|p1a: Chansey|619\/703 par
|
|turn|16
|J|Jirachee
|c|★B& KC|this is horseshit
|L|Jirachee
|choice|switch 3|move 1
|
|switch|p1a: Alakazam|Alakazam|216\/313
|move|p2a: Alakazam|Psychic|p1a: Alakazam
|-resisted|p1a: Alakazam
|-damage|p1a: Alakazam|162\/313
|-unboost|p1a: Alakazam|spd|1
|-unboost|p1a: Alakazam|spa|1
|
|turn|17
|choice|move 3|move 2
|
|move|p1a: Alakazam|Thunder Wave|p2a: Alakazam
|-status|p2a: Alakazam|par
|move|p2a: Alakazam|Thunder Wave|p1a: Alakazam
|-status|p1a: Alakazam|par
|
|turn|18
|J|Jirachee
|choice|move 4|move 1
|
|move|p1a: Alakazam|Recover|p1a: Alakazam
|-heal|p1a: Alakazam|313\/313 par
|move|p2a: Alakazam|Psychic|p1a: Alakazam
|-resisted|p1a: Alakazam
|-damage|p1a: Alakazam|228\/313 par
|
|turn|19
|choice|switch 3|move 3
|
|switch|p1a: Chansey|Chansey|619\/703 par
|move|p2a: Alakazam|Seismic Toss|p1a: Chansey
|-damage|p1a: Chansey|519\/703 par
|
|turn|20
|choice|move 4|switch 2
|
|switch|p2a: Victreebel|Victreebel, M|363\/363
|move|p1a: Chansey|Soft-Boiled|p1a: Chansey
|-heal|p1a: Chansey|703\/703 par
|
|turn|21
|L|Jirachee
|choice|move 1|move 4
|
|move|p2a: Victreebel|Wrap|p1a: Chansey
|-damage|p1a: Chansey|672\/703 par
|-activate|p1a: Chansey|move: Wrap|[of] p2a: Victreebel
|cant|p1a: Chansey|partiallytrapped
|
|turn|22
|choice|switch 3|move 4
|
|switch|p1a: Alakazam|Alakazam|228\/313 par
|move|p2a: Victreebel|Wrap|p1a: Alakazam
|-damage|p1a: Alakazam|208\/313 par
|-activate|p1a: Alakazam|move: Wrap|[of] p2a: Victreebel
|
|turn|23
|choice|switch 4|move 4
|
|switch|p1a: Cloyster|Cloyster|303\/303
|move|p2a: Victreebel|Wrap|p1a: Cloyster|[miss]
|-miss|p2a: Victreebel
|
|turn|24
|choice|move 1|move 1
|
|move|p2a: Victreebel|Razor Leaf|p1a: Cloyster
|-crit|p1a: Cloyster
|-supereffective|p1a: Cloyster
|-damage|p1a: Cloyster|26\/303
|move|p1a: Cloyster|Blizzard|p2a: Victreebel
|-supereffective|p2a: Victreebel
|-damage|p2a: Victreebel|111\/363
|
|turn|25
|c|★B& KC|oh right its a tie, lol
|J|Omfuga
|choice|switch 2|move 1
|
|switch|p1a: Exeggutor|Exeggutor|3\/393 par
|move|p2a: Victreebel|Razor Leaf|p1a: Exeggutor
|-crit|p1a: Exeggutor
|-resisted|p1a: Exeggutor
|-damage|p1a: Exeggutor|0 fnt
|faint|p1a: Exeggutor
|choice|switch 6|
|
|switch|p1a: Tauros|Tauros|353\/353
|turn|26
|choice|move 1|switch 5
|
|switch|p2a: Cloyster|Cloyster, M|303\/303
|move|p1a: Tauros|Body Slam|p2a: Cloyster
|-damage|p2a: Cloyster|233\/303
|-status|p2a: Cloyster|par
|
|turn|27
|c|★B& KC|raped
|choice|switch 3|move 2
|
|switch|p1a: Chansey|Chansey|672\/703 par
|cant|p2a: Cloyster|par
|
|turn|28
|choice|move 2|move 4
|
|move|p2a: Cloyster|Explosion|p1a: Chansey
|-damage|p1a: Chansey|0 fnt
|faint|p1a: Chansey
|faint|p2a: Cloyster
|J|Jirachee
|choice|switch 3|switch 6
|
|switch|p1a: Tauros|Tauros|353\/353
|switch|p2a: Clefable|Clefable|393\/393 par
|turn|29
|choice|switch 4|move 3
|
|switch|p1a: Alakazam|Alakazam|208\/313 par
|cant|p2a: Clefable|par
|
|turn|30
|choice|move 1|switch 2
|
|switch|p2a: Alakazam|Alakazam, M|249\/313 par
|move|p1a: Alakazam|Psychic|p2a: Alakazam
|-resisted|p2a: Alakazam
|-damage|p2a: Alakazam|198\/313 par
|
|turn|31
|choice|move 2|move 4
|
|move|p1a: Alakazam|Seismic Toss|p2a: Alakazam
|-damage|p2a: Alakazam|98\/313 par
|move|p2a: Alakazam|Recover|p2a: Alakazam
|-heal|p2a: Alakazam|254\/313 par
|
|turn|32
|choice|move 2|move 3
|
|move|p1a: Alakazam|Seismic Toss|p2a: Alakazam
|-damage|p2a: Alakazam|154\/313 par
|move|p2a: Alakazam|Seismic Toss|p1a: Alakazam
|-damage|p1a: Alakazam|108\/313 par
|
|turn|33
|choice|move 4|move 4
|
|move|p1a: Alakazam|Recover|p1a: Alakazam
|-heal|p1a: Alakazam|264\/313 par
|move|p2a: Alakazam|Recover|p2a: Alakazam
|-heal|p2a: Alakazam|310\/313 par
|
|turn|34
|choice|move 2|move 3
|
|move|p2a: Alakazam|Seismic Toss|p1a: Alakazam
|-damage|p1a: Alakazam|164\/313 par
|move|p1a: Alakazam|Seismic Toss|p2a: Alakazam
|-damage|p2a: Alakazam|210\/313 par
|
|turn|35
|choice|move 2|move 3
|
|move|p1a: Alakazam|Seismic Toss|p2a: Alakazam
|-damage|p2a: Alakazam|110\/313 par
|move|p2a: Alakazam|Seismic Toss|p1a: Alakazam
|-damage|p1a: Alakazam|64\/313 par
|
|turn|36
|choice|move 4|move 3
|
|move|p2a: Alakazam|Seismic Toss|p1a: Alakazam
|-damage|p1a: Alakazam|0 fnt
|faint|p1a: Alakazam
|choice|switch 4|
|
|switch|p1a: Tauros|Tauros|353\/353
|turn|37
|choice|move 1|move 1
|
|move|p1a: Tauros|Body Slam|p2a: Alakazam
|-crit|p2a: Alakazam
|-damage|p2a: Alakazam|0 fnt
|faint|p2a: Alakazam
|choice||switch 2
|
|switch|p2a: Clefable|Clefable|393\/393 par
|turn|38
|L|KratosMana
|choice|move 1|move 3
|
|move|p1a: Tauros|Body Slam|p2a: Clefable
|-damage|p2a: Clefable|274\/393 par
|move|p2a: Clefable|Counter|p1a: Tauros
|-damage|p1a: Tauros|115\/353
|
|turn|39
|choice|move 1|move 3
|
|move|p1a: Tauros|Body Slam|p2a: Clefable
|-damage|p2a: Clefable|147\/393 par
|move|p2a: Clefable|Counter|p1a: Tauros
|-damage|p1a: Tauros|0 fnt
|faint|p1a: Tauros
|choice|switch 5|
|
|switch|p1a: Persian|Persian|333\/333
|turn|40
|L|kamisamano49
|choice|move 2|move 3
|
|move|p1a: Persian|Hyper Beam|p2a: Clefable
|-damage|p2a: Clefable|0 fnt
|faint|p2a: Clefable
|choice||switch 4
|
|switch|p2a: Chansey|Chansey|703\/703 slp
|turn|41
|choice|move 1|move 1
|
|move|p1a: Persian|Slash|p2a: Chansey
|-crit|p2a: Chansey
|-damage|p2a: Chansey|376\/703 slp
|cant|p2a: Chansey|slp
|
|turn|42
|choice|move 1|move 1
|
|move|p1a: Persian|Slash|p2a: Chansey
|-crit|p2a: Chansey
|-damage|p2a: Chansey|31\/703 slp
|cant|p2a: Chansey|slp
|
|turn|43
|choice|move 1|move 1
|
|move|p1a: Persian|Slash|p2a: Chansey
|-crit|p2a: Chansey
|-damage|p2a: Chansey|0 fnt
|faint|p2a: Chansey
|c|★B& KC|slash animation is so sexy
|choice||switch 3
|
|switch|p2a: Dragonite|Dragonite|385\/385
|turn|44
|L|Omfuga
|choice|move 1|move 2
|
|move|p1a: Persian|Slash|p2a: Dragonite
|-crit|p2a: Dragonite
|-damage|p2a: Dragonite|254\/385
|move|p2a: Dragonite|Agility|p2a: Dragonite
|-boost|p2a: Dragonite|spe|2
|
|turn|45
|choice|move 1|move 1
|
|move|p2a: Dragonite|Wrap|p1a: Persian
|-damage|p1a: Persian|313\/333
|-activate|p1a: Persian|move: Wrap|[of] p2a: Dragonite
|cant|p1a: Persian|partiallytrapped
|
|turn|46
|choice|move 1|move 1
|
|move|p2a: Dragonite|Wrap|p1a: Persian|[from]Wrap
|-damage|p1a: Persian|293\/333
|cant|p1a: Persian|partiallytrapped
|
|turn|47
|choice|move 2|move 1
|
|move|p2a: Dragonite|Wrap|p1a: Persian|[from]Wrap
|-damage|p1a: Persian|273\/333
|cant|p1a: Persian|partiallytrapped
|
|-end|p1a: Persian|Wrap|[partiallytrapped]
|turn|48
|choice|move 2|move 1
|
|move|p2a: Dragonite|Wrap|p1a: Persian|[miss]
|-miss|p2a: Dragonite
|move|p1a: Persian|Hyper Beam|p2a: Dragonite
|-damage|p2a: Dragonite|110\/385
|
|turn|49
|-mustrecharge|p1a: Persian
|-mustrecharge|p1a: Persian
|choice|move 1|move 4
|
|move|p2a: Dragonite|Surf|p1a: Persian
|-damage|p1a: Persian|181\/333
|cant|p1a: Persian|recharge
|
|turn|50
|choice|move 1|move 1
|
|move|p2a: Dragonite|Wrap|p1a: Persian
|-crit|p1a: Persian
|-damage|p1a: Persian|143\/333
|-activate|p1a: Persian|move: Wrap|[of] p2a: Dragonite
|cant|p1a: Persian|partiallytrapped
|
|turn|51
|choice|move 1|move 1
|
|move|p2a: Dragonite|Wrap|p1a: Persian|[from]Wrap
|-damage|p1a: Persian|105\/333
|cant|p1a: Persian|partiallytrapped
|
|turn|52
|choice|move 1|move 1
|
|move|p2a: Dragonite|Wrap|p1a: Persian|[from]Wrap
|-damage|p1a: Persian|67\/333
|cant|p1a: Persian|partiallytrapped
|
|-end|p1a: Persian|Wrap|[partiallytrapped]
|turn|53
|choice|move 1|move 4
|
|move|p2a: Dragonite|Surf|p1a: Persian
|-damage|p1a: Persian|0 fnt
|faint|p1a: Persian
|choice|switch 2|
|
|switch|p1a: Cloyster|Cloyster|26\/303
|turn|54
|c|★B& KC|fuck you
|c|★Dice|gg
|c|★Dice|g g
|c|★Dice|gg
|c|★Dice|GG
|c|★B& KC|nails is right
|c|★B& KC|wrap is too strong
|c|★B& KC|;_;zors
|J|Jimmy Turtwig
|c|★Dice|this team
|c|★Dice|should probably use
|c|★Dice|lax instead of clefabel
|c|★B& KC|no
|c|★B& KC|keep clef
|c|★Dice|but im scared i'll never
|c|★B& KC|its cute :3zies
|c|★Dice|get a twave off
|c|★Dice|on chanse
|c|★Dice|otherwise
|c|★Dice|gay
|choice|move 1|move 4
|
|move|p2a: Dragonite|Surf|p1a: Cloyster
|-resisted|p1a: Cloyster
|-damage|p1a: Cloyster|0 fnt
|faint|p1a: Cloyster
|
|win|Dice