|J|Beds
|J|slurmz
|player|p1|Beds|252
|player|p2|slurmz|133
|gametype|singles
|gen|1
|tier|[Gen 1] OU
|seed|39192,27484,29606,13021
|rule|Sleep Clause Mod: Limit one foe put to sleep
|rule|Freeze Clause Mod: Limit one foe frozen
|rule|Species Clause: Limit one of each Pokémon
|rule|OHKO Clause: OHKO moves are banned
|rule|Evasion Moves Clause: Evasion moves are banned
|rule|HP Percentage Mod: HP is shown in percentages
|
|start
|switch|p1a: Alakazam|Alakazam|313\/313
|switch|p2a: SAVE ROCK N ROLL|Alakazam|313\/313
|turn|1
|J|Eyan
|c|★Beds|gl hf
|J|Lord Mur
|J|zedpi
|L|Eyan
|L|zedpi
|J|Vileman
|choice|switch 2|move 3
|
|switch|p1a: Exeggutor|Exeggutor|393\/393
|move|p2a: SAVE ROCK N ROLL|Thunder Wave|p1a: Exeggutor
|-status|p1a: Exeggutor|par
|
|turn|2
|c|+Vileman|is this for rby tour
|c|★slurmz|pp rby tour
|c|★Beds|pokemonperfect
|c|+Vileman|o
|c|★slurmz|not worlds
|J|TheEnder
|choice|move 4|move 4
|
|move|p2a: SAVE ROCK N ROLL|Seismic Toss|p1a: Exeggutor
|-damage|p1a: Exeggutor|293\/393 par
|move|p1a: Exeggutor|Sleep Powder|p2a: SAVE ROCK N ROLL|[miss]
|-miss|p1a: Exeggutor
|
|turn|3
|J|EG Posho
|choice|move 4|move 4
|
|move|p2a: SAVE ROCK N ROLL|Seismic Toss|p1a: Exeggutor
|-damage|p1a: Exeggutor|193\/393 par
|cant|p1a: Exeggutor|par
|
|turn|4
|choice|move 4|move 4
|
|move|p2a: SAVE ROCK N ROLL|Seismic Toss|p1a: Exeggutor
|-damage|p1a: Exeggutor|93\/393 par
|move|p1a: Exeggutor|Sleep Powder|p2a: SAVE ROCK N ROLL|[miss]
|-miss|p1a: Exeggutor
|
|turn|5
|c|★slurmz|Zzz.
|c|★slurmz|Want me
|c|★Beds|ebin
|c|★slurmz|To psychic?
|c|★Beds|no
|c|+TheEnder|rby.
|J|Genesis7
|c|★slurmz|ok
|c|★Beds|just play dude
|choice|switch 4|move 4
|
|switch|p1a: Chansey|Chansey|703\/703
|move|p2a: SAVE ROCK N ROLL|Seismic Toss|p1a: Chansey
|-damage|p1a: Chansey|603\/703
|
|turn|6
|J|BKC
|choice|move 1|move 3
|
|move|p2a: SAVE ROCK N ROLL|Thunder Wave|p1a: Chansey
|-status|p1a: Chansey|par
|move|p1a: Chansey|Ice Beam|p2a: SAVE ROCK N ROLL
|-damage|p2a: SAVE ROCK N ROLL|256\/313
|
|turn|7
|J|xMarth
|c|+Vileman|lol aww slurmz trynna compensate luck in rby
|choice|move 2|move 1
|
|move|p2a: SAVE ROCK N ROLL|Psychic|p1a: Chansey
|-crit|p1a: Chansey
|-damage|p1a: Chansey|357\/703 par
|move|p1a: Chansey|Thunder Wave|p2a: SAVE ROCK N ROLL
|-status|p2a: SAVE ROCK N ROLL|par
|
|turn|8
|choice|move 3|move 1
|
|cant|p2a: SAVE ROCK N ROLL|par
|cant|p1a: Chansey|par
|
|turn|9
|choice|move 3|move 1
|
|cant|p2a: SAVE ROCK N ROLL|par
|move|p1a: Chansey|Soft-Boiled|p1a: Chansey
|-heal|p1a: Chansey|703\/703 par
|
|turn|10
|choice|switch 3|move 1
|
|switch|p1a: Snorlax|Snorlax|523\/523
|move|p2a: SAVE ROCK N ROLL|Psychic|p1a: Snorlax
|-damage|p1a: Snorlax|352\/523
|
|turn|11
|J|lucqq
|J|purrl
|choice|move 1|move 3
|
|move|p1a: Snorlax|Body Slam|p2a: SAVE ROCK N ROLL
|-damage|p2a: SAVE ROCK N ROLL|98\/313 par
|move|p2a: SAVE ROCK N ROLL|Thunder Wave|p1a: Snorlax
|-status|p1a: Snorlax|par
|
|turn|12
|L|purrl
|L|lucqq
|choice|move 1|move 1
|
|move|p2a: SAVE ROCK N ROLL|Psychic|p1a: Snorlax
|-damage|p1a: Snorlax|183\/523 par
|-unboost|p1a: Snorlax|spd|1
|-unboost|p1a: Snorlax|spa|1
|move|p1a: Snorlax|Body Slam|p2a: SAVE ROCK N ROLL
|-damage|p2a: SAVE ROCK N ROLL|0 fnt
|faint|p2a: SAVE ROCK N ROLL
|J|Moonclawz
|choice||switch 2
|
|switch|p2a: YOUNG VOLCANOES|Cloyster|303\/303
|turn|13
|choice|move 4|move 2
|
|move|p2a: YOUNG VOLCANOES|Blizzard|p1a: Snorlax
|-damage|p1a: Snorlax|0 fnt
|faint|p1a: Snorlax
|choice|switch 2|
|
|switch|p1a: Alakazam|Alakazam|313\/313
|turn|14
|choice|move 1|switch 4
|
|switch|p2a: THNKS FR TH MMRS|Chansey|703\/703
|move|p1a: Alakazam|Thunder Wave|p2a: THNKS FR TH MMRS
|-status|p2a: THNKS FR TH MMRS|par
|
|turn|15
|choice|move 3|switch 4
|
|switch|p2a: YOUNG VOLCANOES|Cloyster|303\/303
|move|p1a: Alakazam|Psychic|p2a: YOUNG VOLCANOES
|-damage|p2a: YOUNG VOLCANOES|154\/303
|
|turn|16
|choice|move 3|switch 4
|
|switch|p2a: THNKS FR TH MMRS|Chansey|703\/703 par
|move|p1a: Alakazam|Psychic|p2a: THNKS FR TH MMRS
|-damage|p2a: THNKS FR TH MMRS|572\/703 par
|
|turn|17
|choice|move 3|move 1
|
|move|p1a: Alakazam|Psychic|p2a: THNKS FR TH MMRS
|-crit|p2a: THNKS FR TH MMRS
|-damage|p2a: THNKS FR TH MMRS|309\/703 par
|move|p2a: THNKS FR TH MMRS|Thunder Wave|p1a: Alakazam
|-status|p1a: Alakazam|par
|
|turn|18
|J|Gleyber Torres
|choice|move 3|move 2
|
|cant|p1a: Alakazam|par
|move|p2a: THNKS FR TH MMRS|Soft-Boiled|p2a: THNKS FR TH MMRS
|-heal|p2a: THNKS FR TH MMRS|660\/703 par
|
|turn|19
|choice|move 1|move 4
|
|move|p1a: Alakazam|Thunder Wave|p2a: THNKS FR TH MMRS
|-fail|p2a: THNKS FR TH MMRS|par
|cant|p2a: THNKS FR TH MMRS|par
|
|turn|20
|choice|move 1|move 4
|
|cant|p1a: Alakazam|par
|move|p2a: THNKS FR TH MMRS|Seismic Toss|p1a: Alakazam
|-damage|p1a: Alakazam|213\/313 par
|
|turn|21
|choice|move 3|move 4
|
|move|p1a: Alakazam|Psychic|p2a: THNKS FR TH MMRS
|-damage|p2a: THNKS FR TH MMRS|534\/703 par
|-unboost|p2a: THNKS FR TH MMRS|spd|1
|-unboost|p2a: THNKS FR TH MMRS|spa|1
|move|p2a: THNKS FR TH MMRS|Seismic Toss|p1a: Alakazam
|-damage|p1a: Alakazam|113\/313 par
|
|turn|22
|L|Lord Mur
|L|TheEnder
|choice|move 4|switch 5
|
|switch|p2a: INFINITY ON HIGH|Rhydon|413\/413
|cant|p1a: Alakazam|par
|
|turn|23
|L|BKC
|choice|move 3|move 4
|
|move|p2a: INFINITY ON HIGH|Earthquake|p1a: Alakazam
|-damage|p1a: Alakazam|0 fnt
|faint|p1a: Alakazam
|choice|switch 5|
|
|switch|p1a: Tauros|Tauros|353\/353
|turn|24
|choice|move 4|switch 6
|
|switch|p2a: FOLIE À DEUX|Tauros|353\/353
|move|p1a: Tauros|Blizzard|p2a: FOLIE À DEUX
|-damage|p2a: FOLIE À DEUX|257\/353
|-status|p2a: FOLIE À DEUX|frz
|
|turn|25
|c|★slurmz|Ah
|choice|move 1|move 1
|
|move|p1a: Tauros|Body Slam|p2a: FOLIE À DEUX
|-damage|p2a: FOLIE À DEUX|156\/353 frz
|cant|p2a: FOLIE À DEUX|frz
|
|turn|26
|choice|move 1|move 1
|
|cant|p2a: FOLIE À DEUX|frz
|move|p1a: Tauros|Body Slam|p2a: FOLIE À DEUX
|-damage|p2a: FOLIE À DEUX|49\/353 frz
|
|turn|27
|choice|move 1|move 1
|
|move|p1a: Tauros|Body Slam|p2a: FOLIE À DEUX
|-crit|p2a: FOLIE À DEUX
|-damage|p2a: FOLIE À DEUX|0 fnt
|faint|p2a: FOLIE À DEUX
|choice||switch 3
|
|switch|p2a: RAT A TAT|Exeggutor|393\/393
|turn|28
|choice|switch 3|switch 6
|
|switch|p1a: Chansey|Chansey|703\/703 par
|switch|p2a: INFINITY ON HIGH|Rhydon|413\/413
|
|turn|29
|choice|move 1|move 4
|
|move|p2a: INFINITY ON HIGH|Earthquake|p1a: Chansey
|-damage|p1a: Chansey|321\/703 par
|move|p1a: Chansey|Ice Beam|p2a: INFINITY ON HIGH
|-supereffective|p2a: INFINITY ON HIGH
|-damage|p2a: INFINITY ON HIGH|175\/413
|
|turn|30
|L|xMarth
|L|Moonclawz
|choice|switch 4|move 4
|
|switch|p1a: Exeggutor|Exeggutor|93\/393 par
|move|p2a: INFINITY ON HIGH|Earthquake|p1a: Exeggutor
|-resisted|p1a: Exeggutor
|-damage|p1a: Exeggutor|11\/393 par
|
|turn|31
|choice|move 1|move 4
|
|move|p2a: INFINITY ON HIGH|Earthquake|p1a: Exeggutor
|-resisted|p1a: Exeggutor
|-damage|p1a: Exeggutor|0 fnt
|faint|p1a: Exeggutor
|choice|switch 3|
|
|switch|p1a: Tauros|Tauros|353\/353
|turn|32
|choice|move 4|move 4
|
|move|p1a: Tauros|Blizzard|p2a: INFINITY ON HIGH
|-crit|p2a: INFINITY ON HIGH
|-supereffective|p2a: INFINITY ON HIGH
|-damage|p2a: INFINITY ON HIGH|0 fnt
|faint|p2a: INFINITY ON HIGH
|choice||switch 6
|
|switch|p2a: RAT A TAT|Exeggutor|393\/393
|turn|33
|choice|switch 4|move 1
|
|switch|p1a: Chansey|Chansey|321\/703 par
|move|p2a: RAT A TAT|Sleep Powder|p1a: Chansey
|-fail|p1a: Chansey
|
|turn|34
|choice|move 4|move 3
|
|move|p2a: RAT A TAT|Psychic|p1a: Chansey
|-damage|p1a: Chansey|201\/703 par
|-unboost|p1a: Chansey|spd|1
|-unboost|p1a: Chansey|spa|1
|move|p1a: Chansey|Thunderbolt|p2a: RAT A TAT
|-resisted|p2a: RAT A TAT
|-damage|p2a: RAT A TAT|373\/393
|
|turn|35
|choice|move 3|move 3
|
|move|p2a: RAT A TAT|Psychic|p1a: Chansey
|-damage|p1a: Chansey|20\/703 par
|-unboost|p1a: Chansey|spd|1
|-unboost|p1a: Chansey|spa|1
|move|p1a: Chansey|Soft-Boiled|p1a: Chansey
|-heal|p1a: Chansey|371\/703 par
|
|turn|36
|choice|move 3|move 3
|
|move|p2a: RAT A TAT|Psychic|p1a: Chansey
|-damage|p1a: Chansey|144\/703 par
|move|p1a: Chansey|Soft-Boiled|p1a: Chansey
|-heal|p1a: Chansey|495\/703 par
|
|turn|37
|choice|move 3|switch 4
|
|switch|p2a: YOUNG VOLCANOES|Cloyster|154\/303
|move|p1a: Chansey|Soft-Boiled|p1a: Chansey
|-heal|p1a: Chansey|703\/703 par
|
|turn|38
|choice|move 2|move 1
|
|move|p2a: YOUNG VOLCANOES|Clamp|p1a: Chansey
|-damage|p1a: Chansey|632\/703 par
|-activate|p1a: Chansey|move: Clamp|[of] p2a: YOUNG VOLCANOES
|cant|p1a: Chansey|par
|
|turn|39
|choice|move 2|move 1
|
|move|p2a: YOUNG VOLCANOES|Clamp|p1a: Chansey
|-damage|p1a: Chansey|561\/703 par
|cant|p1a: Chansey|par
|
|turn|40
|choice|switch 6|move 1
|
|switch|p1a: Zapdos|Zapdos|383\/383
|move|p2a: YOUNG VOLCANOES|Clamp|p1a: Zapdos
|-damage|p1a: Zapdos|351\/383
|-activate|p1a: Zapdos|move: Clamp|[of] p2a: YOUNG VOLCANOES
|
|turn|41
|choice|move 3|switch 5
|
|switch|p2a: THNKS FR TH MMRS|Chansey|534\/703 par
|cant|p1a: Zapdos|partiallytrapped
|
|-end|p1a: Zapdos|Clamp|[partiallytrapped]
|turn|42
|choice|switch 4|switch 5
|
|switch|p1a: Tauros|Tauros|353\/353
|switch|p2a: YOUNG VOLCANOES|Cloyster|154\/303
|
|turn|43
|choice|move 1|move 4
|
|move|p1a: Tauros|Body Slam|p2a: YOUNG VOLCANOES
|-damage|p2a: YOUNG VOLCANOES|92\/303
|move|p2a: YOUNG VOLCANOES|Explosion|p1a: Tauros
|-damage|p1a: Tauros|74\/353
|faint|p2a: YOUNG VOLCANOES
|choice||switch 4
|
|switch|p2a: RAT A TAT|Exeggutor|373\/393
|turn|44
|choice|switch 6|move 3
|
|switch|p1a: Chansey|Chansey|561\/703 par
|move|p2a: RAT A TAT|Psychic|p1a: Chansey
|-damage|p1a: Chansey|448\/703 par
|
|turn|45
|choice|move 3|move 3
|
|move|p2a: RAT A TAT|Psychic|p1a: Chansey
|-damage|p1a: Chansey|320\/703 par
|move|p1a: Chansey|Soft-Boiled|p1a: Chansey
|-heal|p1a: Chansey|671\/703 par
|
|turn|46
|J|Aurious
|choice|move 2|switch 5
|
|switch|p2a: THNKS FR TH MMRS|Chansey|534\/703 par
|cant|p1a: Chansey|par
|
|turn|47
|choice|switch 4|move 2
|
|switch|p1a: Zapdos|Zapdos|351\/383
|move|p2a: THNKS FR TH MMRS|Soft-Boiled|p2a: THNKS FR TH MMRS
|-heal|p2a: THNKS FR TH MMRS|703\/703 par
|
|turn|48
|choice|move 4|move 1
|
|move|p1a: Zapdos|Drill Peck|p2a: THNKS FR TH MMRS
|-crit|p2a: THNKS FR TH MMRS
|-damage|p2a: THNKS FR TH MMRS|230\/703 par
|move|p2a: THNKS FR TH MMRS|Thunder Wave|p1a: Zapdos
|-status|p1a: Zapdos|par
|
|turn|49
|choice|move 4|move 2
|
|cant|p1a: Zapdos|par
|move|p2a: THNKS FR TH MMRS|Soft-Boiled|p2a: THNKS FR TH MMRS
|-heal|p2a: THNKS FR TH MMRS|581\/703 par
|
|turn|50
|choice|move 4|move 4
|
|cant|p1a: Zapdos|par
|move|p2a: THNKS FR TH MMRS|Seismic Toss|p1a: Zapdos
|-damage|p1a: Zapdos|251\/383 par
|
|turn|51
|choice|move 4|move 4
|
|move|p1a: Zapdos|Drill Peck|p2a: THNKS FR TH MMRS
|-damage|p2a: THNKS FR TH MMRS|326\/703 par
|move|p2a: THNKS FR TH MMRS|Seismic Toss|p1a: Zapdos
|-damage|p1a: Zapdos|151\/383 par
|
|turn|52
|choice|move 4|move 2
|
|move|p1a: Zapdos|Drill Peck|p2a: THNKS FR TH MMRS
|-crit|p2a: THNKS FR TH MMRS
|-damage|p2a: THNKS FR TH MMRS|0 fnt
|faint|p2a: THNKS FR TH MMRS
|choice||switch 5
|
|switch|p2a: RAT A TAT|Exeggutor|373\/393
|turn|53
|choice|switch 4|move 3
|
|switch|p1a: Chansey|Chansey|671\/703 par
|move|p2a: RAT A TAT|Psychic|p1a: Chansey
|-damage|p1a: Chansey|560\/703 par
|
|turn|54
|c|★slurmz|Gg
|choice|move 1|move 3
|
|move|p2a: RAT A TAT|Psychic|p1a: Chansey
|-damage|p1a: Chansey|435\/703 par
|-unboost|p1a: Chansey|spd|1
|-unboost|p1a: Chansey|spa|1
|move|p1a: Chansey|Ice Beam|p2a: RAT A TAT
|-supereffective|p2a: RAT A TAT
|-damage|p2a: RAT A TAT|289\/393
|
|turn|55
|choice|move 2|move 3
|
|move|p2a: RAT A TAT|Psychic|p1a: Chansey
|-damage|p1a: Chansey|238\/703 par
|move|p1a: Chansey|Thunder Wave|p2a: RAT A TAT
|-status|p2a: RAT A TAT|par
|
|turn|56
|c|★Beds|Technically it's not over you know
|choice|move 3|move 3
|
|cant|p2a: RAT A TAT|par
|move|p1a: Chansey|Soft-Boiled|p1a: Chansey
|-heal|p1a: Chansey|589\/703 par
|
|turn|57
|choice|move 1|move 3
|
|move|p2a: RAT A TAT|Psychic|p1a: Chansey
|-damage|p1a: Chansey|394\/703 par
|-unboost|p1a: Chansey|spd|1
|-unboost|p1a: Chansey|spa|1
|move|p1a: Chansey|Ice Beam|p2a: RAT A TAT
|-crit|p2a: RAT A TAT
|-supereffective|p2a: RAT A TAT
|-damage|p2a: RAT A TAT|26\/393 par
|
|turn|58
|c|★slurmz|Well I know
|c|★slurmz|But I need
|c|★slurmz|yeah
|c|★slurmz|Never mind
|choice|move 1|move 1
|
|move|p2a: RAT A TAT|Sleep Powder|p1a: Chansey
|-fail|p1a: Chansey
|move|p1a: Chansey|Ice Beam|p2a: RAT A TAT
|-crit|p2a: RAT A TAT
|-supereffective|p2a: RAT A TAT
|-damage|p2a: RAT A TAT|0 fnt
|faint|p2a: RAT A TAT
|
|win|Beds