|inactive|Battle timer is ON: inactive players will automatically lose when time's up.
|J|Earthworm
|J|Dice
|player|p1|Earthworm|169
|player|p2|Dice|168
|gametype|singles
|gen|1
|tier|[Gen 1] OU
|seed|30759,21931,45704,65025
|rule|Sleep Clause Mod: Limit one foe put to sleep
|rule|Freeze Clause Mod: Limit one foe frozen
|rule|Species Clause: Limit one of each Pokémon
|rule|OHKO Clause: OHKO moves are banned
|rule|Evasion Moves Clause: Evasion moves are banned
|rule|HP Percentage Mod: HP is shown in percentages
|
|start
|switch|p1a: Hypno|Hypno|373\/373
|switch|p2a: Alakazam|Alakazam|313\/313
|turn|1
|c|★Earthworm|help me
|c|★Earthworm|team building master dice
|J|Seigi7861
|c|★Earthworm|how can i improve this team
|choice|move 3|move 2
|
|move|p2a: Alakazam|Thunder Wave|p1a: Hypno
|-status|p1a: Hypno|par
|move|p1a: Hypno|Hypnosis|p2a: Alakazam|[miss]
|-miss|p1a: Hypno
|
|turn|2
|c|★Dice|i don't like
|c|★Dice|dual water
|c|★Dice|without rock
|c|★Dice|:_:
|c|★Dice|it makes zapdos
|c|★Dice|too gay
|c|★Earthworm|hm.
|choice|move 3|move 4
|
|move|p2a: Alakazam|Seismic Toss|p1a: Hypno
|-damage|p1a: Hypno|273\/373 par
|move|p1a: Hypno|Hypnosis|p2a: Alakazam|[miss]
|-miss|p1a: Hypno
|
|turn|3
|choice|move 3|move 4
|
|move|p2a: Alakazam|Seismic Toss|p1a: Hypno
|-damage|p1a: Hypno|173\/373 par
|move|p1a: Hypno|Hypnosis|p2a: Alakazam|[miss]
|-miss|p1a: Hypno
|
|turn|4
|choice|move 4|move 4
|
|move|p2a: Alakazam|Seismic Toss|p1a: Hypno
|-damage|p1a: Hypno|73\/373 par
|move|p1a: Hypno|Rest|p1a: Hypno
|-status|p1a: Hypno|slp
|-heal|p1a: Hypno|373\/373 slp|[silent]
|-status|p1a: Hypno|slp|[from] move: Rest
|
|turn|5
|choice|move 3|move 4
|
|move|p2a: Alakazam|Seismic Toss|p1a: Hypno
|-damage|p1a: Hypno|273\/373 slp
|cant|p1a: Hypno|slp
|
|turn|6
|choice|move 3|move 4
|
|move|p2a: Alakazam|Seismic Toss|p1a: Hypno
|-damage|p1a: Hypno|173\/373 slp
|-curestatus|p1a: Hypno|slp
|
|turn|7
|choice|move 3|move 2
|
|move|p2a: Alakazam|Thunder Wave|p1a: Hypno
|-status|p1a: Hypno|par
|move|p1a: Hypno|Hypnosis|p2a: Alakazam
|-status|p2a: Alakazam|slp
|
|turn|8
|J|PDCYoutube
|L|PDCYoutube
|choice|switch 5|move 4
|
|switch|p1a: Snorlax|Snorlax|523\/523
|cant|p2a: Alakazam|slp
|
|turn|9
|choice|move 1|switch 6
|
|switch|p2a: Exeggutor|Exeggutor|393\/393
|move|p1a: Snorlax|Body Slam|p2a: Exeggutor
|-damage|p2a: Exeggutor|274\/393
|
|turn|10
|choice|switch 5|move 4
|
|switch|p1a: Hypno|Hypno|173\/373 par
|move|p2a: Exeggutor|Mega Drain|p1a: Hypno
|-damage|p1a: Hypno|126\/373 par
|-heal|p2a: Exeggutor|297\/393|[from] drain|[of] p1a: Hypno
|
|turn|11
|choice|switch 6|move 4
|
|switch|p1a: Starmie|Starmie|323\/323
|move|p2a: Exeggutor|Mega Drain|p1a: Starmie
|-supereffective|p1a: Starmie
|-damage|p1a: Starmie|216\/323
|-heal|p2a: Exeggutor|350\/393|[from] drain|[of] p1a: Starmie
|
|turn|12
|choice|move 2|move 3
|
|move|p1a: Starmie|Thunder Wave|p2a: Exeggutor
|-status|p2a: Exeggutor|par
|cant|p2a: Exeggutor|par
|
|turn|13
|choice|switch 6|switch 5
|
|switch|p1a: Hypno|Hypno|126\/373 par
|switch|p2a: Chansey|Chansey|703\/703
|
|turn|14
|choice|move 2|switch 4
|
|switch|p2a: Tauros|Tauros|353\/353
|cant|p1a: Hypno|par
|
|turn|15
|c|★Earthworm|pomg
|c|★Dice|stfu
|c|★Earthworm|O_O
|c|★Dice|u didnt twave
|c|★Dice|liar
|c|★Earthworm|why would i not twave
|c|★Earthworm|i am not complaining
|c|★Earthworm|i am just surprised
|c|★Earthworm|at ur switch
|c|★Dice|i am
|c|★Earthworm|what is the bslam calc
|c|★Earthworm|here
|c|★Dice|100% certain
|c|★Dice|u didnt wave
|c|★Dice|.cry
|c|★Earthworm|lol
|c|★Dice|jk
|c|★Dice|idk
|c|★Dice|im yoloing
|c|★Dice|it kills
|c|★Dice|in my head
|c|★Dice|yn
|choice|move 2|move 1
|
|move|p2a: Tauros|Body Slam|p1a: Hypno
|-crit|p1a: Hypno
|-damage|p1a: Hypno|0 fnt
|faint|p1a: Hypno
|c|★Dice|it did it
|choice|switch 2|
|
|switch|p1a: Tauros|Tauros|353\/353
|turn|16
|choice|move 3|switch 3
|
|switch|p2a: Slowbro|Slowbro|393\/393
|move|p1a: Tauros|Body Slam|p2a: Slowbro
|-damage|p2a: Slowbro|303\/393
|-status|p2a: Slowbro|par
|
|turn|17
|choice|switch 6|switch 4
|
|switch|p1a: Starmie|Starmie|216\/323
|switch|p2a: Chansey|Chansey|703\/703
|
|turn|18
|choice|move 2|move 2
|
|move|p1a: Starmie|Thunder Wave|p2a: Chansey
|-status|p2a: Chansey|par
|move|p2a: Chansey|Sing|p1a: Starmie|[miss]
|-miss|p2a: Chansey
|
|turn|19
|choice|switch 4|move 2
|
|switch|p1a: Chansey|Chansey|703\/703
|move|p2a: Chansey|Sing|p1a: Chansey
|-status|p1a: Chansey|slp
|
|turn|20
|choice|move 2|switch 5
|
|switch|p2a: Exeggutor|Exeggutor|350\/393 par
|cant|p1a: Chansey|slp
|
|turn|21
|choice|move 2|move 1
|
|cant|p1a: Chansey|slp
|move|p2a: Exeggutor|Psychic|p1a: Chansey
|-damage|p1a: Chansey|578\/703 slp
|
|turn|22
|choice|switch 4|move 1
|
|switch|p1a: Starmie|Starmie|216\/323
|move|p2a: Exeggutor|Psychic|p1a: Starmie
|-crit|p1a: Starmie
|-resisted|p1a: Starmie
|-damage|p1a: Starmie|100\/323
|
|turn|23
|choice|move 4|move 4
|
|move|p1a: Starmie|Recover|p1a: Starmie
|-heal|p1a: Starmie|261\/323
|move|p2a: Exeggutor|Mega Drain|p1a: Starmie
|-supereffective|p1a: Starmie
|-damage|p1a: Starmie|157\/323
|-heal|p2a: Exeggutor|393\/393 par|[from] drain|[of] p1a: Starmie
|
|turn|24
|choice|move 4|move 4
|
|move|p1a: Starmie|Recover|p1a: Starmie
|-heal|p1a: Starmie|318\/323
|move|p2a: Exeggutor|Mega Drain|p1a: Starmie
|-supereffective|p1a: Starmie
|-damage|p1a: Starmie|196\/323
|
|turn|25
|c|★Earthworm|lol
|c|★Earthworm|what are u doing
|choice|move 3|switch 5
|
|switch|p2a: Chansey|Chansey|703\/703 par
|move|p1a: Starmie|Blizzard|p2a: Chansey|[miss]
|-miss|p1a: Starmie
|
|turn|26
|choice|switch 4|move 3
|
|switch|p1a: Chansey|Chansey|578\/703 slp
|move|p2a: Chansey|Thunder Wave|p1a: Chansey
|-fail|p1a: Chansey
|
|turn|27
|choice|switch 5|switch 3
|
|switch|p1a: Snorlax|Snorlax|523\/523
|switch|p2a: Tauros|Tauros|353\/353
|
|turn|28
|choice|move 1|switch 5
|
|switch|p2a: Exeggutor|Exeggutor|393\/393 par
|move|p1a: Snorlax|Body Slam|p2a: Exeggutor
|-damage|p2a: Exeggutor|267\/393 par
|
|turn|29
|choice|move 4|move 2
|
|move|p1a: Snorlax|Headbutt|p2a: Exeggutor
|-damage|p2a: Exeggutor|175\/393 par
|cant|p2a: Exeggutor|par
|
|turn|30
|choice|move 4|switch 2
|
|switch|p2a: Snorlax|Snorlax|523\/523
|move|p1a: Snorlax|Headbutt|p2a: Snorlax
|-damage|p2a: Snorlax|411\/523
|
|turn|31
|c|★Earthworm|man
|c|★Earthworm|headbutt is
|c|★Earthworm|100% legit
|c|★Dice|lol
|c|★Dice|tht is
|c|★Dice|a rly annoying tactic
|c|★Dice|.cry
|c|★Dice|wats the flinch rate
|c|★Dice|30?
|c|★Earthworm|ya
|c|★Earthworm|100 acc
|c|★Earthworm|70 bp
|c|★Dice|dam
|c|★Earthworm|15 less than bslam
|c|★Earthworm|and now bslam cant para mirror
|J|McMeghan
|c|★Dice|lol
|c|★Dice|but u have to drop
|c|★Dice|hbeam
|c|★Earthworm|so i think headbutt is better here too
|c|★Dice|that kinda sucks
|choice|move 4|move 1
|
|move|p2a: Snorlax|Body Slam|p1a: Snorlax
|-damage|p1a: Snorlax|395\/523
|move|p1a: Snorlax|Headbutt|p2a: Snorlax
|-damage|p2a: Snorlax|295\/523
|
|turn|32
|c|★Earthworm|if i win the tie
|choice|move 4|move 3
|
|move|p2a: Snorlax|Self-Destruct|p1a: Snorlax
|-damage|p1a: Snorlax|0 fnt
|faint|p1a: Snorlax
|faint|p2a: Snorlax
|c|★Earthworm|hey
|c|★Earthworm|stop doing that
|c|★Earthworm|i want my snorlax
|c|★Dice|:(
|c|★Earthworm|f*ck
|c|★Earthworm|ah
|c|★Earthworm|this is sh*t
|L|Seigi7861
|choice|switch 6|switch 3
|
|switch|p1a: Tauros|Tauros|353\/353
|switch|p2a: Chansey|Chansey|703\/703 par
|turn|33
|c|★Dice|hm
|choice|move 3|switch 2
|
|switch|p2a: Exeggutor|Exeggutor|175\/393 par
|move|p1a: Tauros|Body Slam|p2a: Exeggutor
|-crit|p2a: Exeggutor
|-damage|p2a: Exeggutor|0 fnt
|faint|p2a: Exeggutor
|choice||switch 4
|
|switch|p2a: Slowbro|Slowbro|303\/393 par
|turn|34
|c|★Earthworm|hmm
|c|★Earthworm|interesting
|c|★Earthworm|okay
|c|★Earthworm|let's do this
|choice|switch 3|move 1
|
|switch|p1a: Slowbro|Slowbro|393\/393
|cant|p2a: Slowbro|par
|
|turn|35
|choice|move 1|move 1
|
|move|p1a: Slowbro|Amnesia|p1a: Slowbro
|-boost|p1a: Slowbro|spd|2
|-boost|p1a: Slowbro|spa|2
|move|p2a: Slowbro|Thunder Wave|p1a: Slowbro
|-status|p1a: Slowbro|par
|
|turn|36
|choice|move 1|switch 2
|
|switch|p2a: Chansey|Chansey|703\/703 par
|move|p1a: Slowbro|Amnesia|p1a: Slowbro
|-boost|p1a: Slowbro|spd|2
|-boost|p1a: Slowbro|spa|2
|
|turn|37
|c|★Earthworm|wat
|c|★Earthworm|do u even have tbolt
|c|★Dice|n
|c|★Earthworm|uh
|c|★Dice|i was
|c|★Dice|doomed tho
|c|★Dice|since i was gonna be slower
|c|★Earthworm|no comprehendo
|choice|move 1|switch 2
|
|switch|p2a: Slowbro|Slowbro|303\/393 par
|move|p1a: Slowbro|Amnesia|p1a: Slowbro
|-boost|p1a: Slowbro|spd|2
|-boost|p1a: Slowbro|spa|2
|
|turn|38
|choice|move 2|move 4
|
|move|p1a: Slowbro|Surf|p2a: Slowbro
|-resisted|p2a: Slowbro
|-damage|p2a: Slowbro|76\/393 par
|move|p2a: Slowbro|Amnesia|p2a: Slowbro
|-boost|p2a: Slowbro|spd|2
|-boost|p2a: Slowbro|spa|2
|
|turn|39
|choice|move 2|move 3
|
|move|p1a: Slowbro|Surf|p2a: Slowbro
|-resisted|p2a: Slowbro
|-damage|p2a: Slowbro|0 fnt
|faint|p2a: Slowbro
|choice||switch 2
|
|switch|p2a: Chansey|Chansey|703\/703 par
|turn|40
|choice|move 2|move 1
|
|move|p2a: Chansey|Seismic Toss|p1a: Slowbro
|-damage|p1a: Slowbro|293\/393 par
|move|p1a: Slowbro|Surf|p2a: Chansey
|-damage|p2a: Chansey|320\/703 par
|
|turn|41
|choice|move 2|move 4
|
|move|p2a: Chansey|Soft-Boiled|p2a: Chansey
|-heal|p2a: Chansey|671\/703 par
|move|p1a: Slowbro|Surf|p2a: Chansey
|-damage|p2a: Chansey|301\/703 par
|
|turn|42
|choice|move 2|move 4
|
|move|p2a: Chansey|Soft-Boiled|p2a: Chansey
|-heal|p2a: Chansey|652\/703 par
|move|p1a: Slowbro|Surf|p2a: Chansey
|-damage|p2a: Chansey|281\/703 par
|
|turn|43
|c|★Earthworm|hm
|c|★Earthworm|interesting
|choice|move 2|move 4
|
|cant|p2a: Chansey|par
|move|p1a: Slowbro|Surf|p2a: Chansey
|-damage|p2a: Chansey|0 fnt
|faint|p2a: Chansey
|choice||switch 5
|
|switch|p2a: Tauros|Tauros|353\/353
|turn|44
|choice|move 2|move 1
|
|move|p2a: Tauros|Body Slam|p1a: Slowbro
|-damage|p1a: Slowbro|194\/393 par
|move|p1a: Slowbro|Surf|p2a: Tauros
|-damage|p2a: Tauros|0 fnt
|faint|p2a: Tauros
|J|Stathakis
|choice||switch 6
|
|switch|p2a: Alakazam|Alakazam|313\/313 slp
|turn|45
|c|★Dice|gg
|choice|move 2|move 2
|
|cant|p2a: Alakazam|slp
|move|p1a: Slowbro|Surf|p2a: Alakazam
|-damage|p2a: Alakazam|0 fnt
|faint|p2a: Alakazam
|
|win|Earthworm