|J|hodor
|J|qht
|player|p1|hodor|2
|player|p2|qht|2
|gametype|singles
|gen|1
|tier|[Gen 1] Challenge Cup
|seed|17301,27485,25229,59222
|rule|Sleep Clause Mod: Limit one foe put to sleep
|rule|Freeze Clause Mod: Limit one foe frozen
|rule|HP Percentage Mod: HP is shown in percentages
|
|start
|switch|p1a: Kingler|Kingler, L69|210\/210
|switch|p2a: Bellsprout|Bellsprout, L77|227\/227
|turn|1
|choice|move 3|switch 2
|
|switch|p2a: Tentacool|Tentacool, L74|210\/210
|move|p1a: Kingler|Body Slam|p2a: Tentacool
|-damage|p2a: Tentacool|106\/210
|
|turn|2
|choice|move 3|move 3
|
|move|p2a: Tentacool|Surf|p1a: Kingler
|-resisted|p1a: Kingler
|-damage|p1a: Kingler|142\/210
|move|p1a: Kingler|Body Slam|p2a: Tentacool
|-damage|p2a: Tentacool|5\/210
|-status|p2a: Tentacool|par
|
|turn|3
|choice|move 3|move 3
|
|move|p1a: Kingler|Body Slam|p2a: Tentacool
|-damage|p2a: Tentacool|0 fnt
|faint|p2a: Tentacool
|c|★hodor|i got one!
|choice||switch 3
|
|switch|p2a: Raticate|Raticate, L73|218\/218
|turn|4
|choice|switch 6|move 2
|
|switch|p1a: Gastly|Gastly, L74|182\/182
|move|p2a: Raticate|Super Fang|p1a: Gastly
|-damage|p1a: Gastly|91\/182
|
|turn|5
|choice|move 1|switch 2
|
|switch|p2a: Bellsprout|Bellsprout, L77|227\/227
|move|p1a: Gastly|Psychic|p2a: Bellsprout
|-supereffective|p2a: Bellsprout
|-damage|p2a: Bellsprout|107\/227
|-unboost|p2a: Bellsprout|spd|1
|-unboost|p2a: Bellsprout|spa|1
|
|turn|6
|c|★qht|oh guess thats not a counter lol
|c|★hodor|nope
|choice|move 1|move 2
|
|move|p1a: Gastly|Psychic|p2a: Bellsprout
|-supereffective|p2a: Bellsprout
|-damage|p2a: Bellsprout|0 fnt
|faint|p2a: Bellsprout
|choice||switch 5
|
|switch|p2a: Spearow|Spearow, L82|230\/230
|turn|7
|choice|switch 3|move 4
|
|switch|p1a: Slowpoke|Slowpoke, L78|286\/286
|move|p2a: Spearow|Drill Peck|p1a: Slowpoke
|-damage|p1a: Slowpoke|207\/286
|
|turn|8
|choice|move 3|switch 4
|
|switch|p2a: Butterfree|Butterfree, L73|232\/232
|move|p1a: Slowpoke|Take Down|p2a: Butterfree
|-damage|p2a: Butterfree|170\/232
|-damage|p1a: Slowpoke|192\/286|[from] recoil|[of] p2a: Butterfree
|
|turn|9
|choice|switch 4|move 3
|
|switch|p1a: Parasect|Parasect, L72|223\/223
|move|p2a: Butterfree|Take Down|p1a: Parasect
|-damage|p1a: Parasect|186\/223
|-damage|p2a: Butterfree|161\/232|[from] recoil|[of] p1a: Parasect
|
|turn|10
|choice|move 1|switch 4
|
|switch|p2a: Spearow|Spearow, L82|230\/230
|move|p1a: Parasect|Toxic|p2a: Spearow
|-status|p2a: Spearow|tox
|
|turn|11
|choice|switch 4|move 4
|
|switch|p1a: Slowpoke|Slowpoke, L78|192\/286
|move|p2a: Spearow|Drill Peck|p1a: Slowpoke
|-damage|p1a: Slowpoke|118\/286
|-damage|p2a: Spearow|216\/230 tox|[from] tox|[of] p1a: Slowpoke
|
|turn|12
|choice|move 1|switch 4
|
|switch|p2a: Butterfree|Butterfree, L73|161\/232
|move|p1a: Slowpoke|Stomp|p2a: Butterfree
|-damage|p2a: Butterfree|110\/232
|
|turn|13
|choice|switch 4|move 3
|
|switch|p1a: Parasect|Parasect, L72|186\/223
|move|p2a: Butterfree|Take Down|p1a: Parasect|[miss]
|-miss|p2a: Butterfree
|
|turn|14
|choice|switch 2|move 3
|
|switch|p1a: Doduo|Doduo, L78|202\/202
|move|p2a: Butterfree|Take Down|p1a: Doduo
|-damage|p1a: Doduo|151\/202
|-damage|p2a: Butterfree|98\/232|[from] recoil|[of] p1a: Doduo
|
|turn|15
|choice|move 2|switch 6
|
|switch|p2a: Graveler|Graveler, L73|209\/209
|move|p1a: Doduo|Tri Attack|p2a: Graveler
|-resisted|p2a: Graveler
|-damage|p2a: Graveler|179\/209
|
|turn|16
|choice|switch 2|move 2
|
|switch|p1a: Parasect|Parasect, L72|186\/223
|move|p2a: Graveler|Strength|p1a: Parasect
|-damage|p1a: Parasect|130\/223
|
|turn|17
|choice|switch 6|switch 6
|
|switch|p2a: Butterfree|Butterfree, L73|98\/232
|switch|p1a: Kingler|Kingler, L69|142\/210
|
|turn|18
|choice|move 3|move 3
|
|move|p1a: Kingler|Body Slam|p2a: Butterfree
|-crit|p2a: Butterfree
|-damage|p2a: Butterfree|0 fnt
|faint|p2a: Butterfree
|choice||switch 2
|
|switch|p2a: Raticate|Raticate, L73|218\/218
|turn|19
|choice|switch 3|move 2
|
|switch|p1a: Gastly|Gastly, L74|91\/182
|move|p2a: Raticate|Super Fang|p1a: Gastly
|-damage|p1a: Gastly|46\/182
|
|turn|20
|choice|move 1|switch 6
|
|switch|p2a: Graveler|Graveler, L73|179\/209
|move|p1a: Gastly|Psychic|p2a: Graveler
|-damage|p2a: Graveler|97\/209
|
|turn|21
|choice|switch 6|move 2
|
|switch|p1a: Parasect|Parasect, L72|130\/223
|move|p2a: Graveler|Strength|p1a: Parasect
|-damage|p1a: Parasect|77\/223
|
|turn|22
|choice|move 4|move 4
|
|move|p2a: Graveler|Double-Edge|p1a: Parasect
|-damage|p1a: Parasect|1\/223
|-damage|p2a: Graveler|78\/209|[from] recoil|[of] p1a: Parasect
|move|p1a: Parasect|Mega Drain|p2a: Graveler
|-supereffective|p2a: Graveler
|-damage|p2a: Graveler|0 fnt
|-heal|p1a: Parasect|40\/223|[from] drain|[of] p2a: Graveler
|faint|p2a: Graveler
|choice||switch 4
|
|switch|p2a: Spearow|Spearow, L82|216\/230 tox
|-status|p2a: Spearow|psn
|turn|23
|choice|move 4|move 4
|
|move|p2a: Spearow|Drill Peck|p1a: Parasect
|-supereffective|p1a: Parasect
|-damage|p1a: Parasect|0 fnt
|faint|p1a: Parasect
|choice|switch 5|
|
|switch|p1a: Dugtrio|Dugtrio, L71|181\/181
|turn|24
|choice|move 2|switch 6
|
|switch|p2a: Raticate|Raticate, L73|218\/218
|move|p1a: Dugtrio|Double-Edge|p2a: Raticate
|-damage|p2a: Raticate|156\/218
|-damage|p1a: Dugtrio|166\/181|[from] recoil|[of] p2a: Raticate
|
|turn|25
|choice|switch 6|move 4
|
|switch|p1a: Gastly|Gastly, L74|46\/182
|move|p2a: Raticate|Strength|p1a: Gastly
|-immune|p1a: Gastly|[msg]
|
|turn|26
|choice|move 1|switch 6
|
|switch|p2a: Spearow|Spearow, L82|216\/230 psn
|-damage|p2a: Spearow|202\/230 psn|[from] psn
|move|p1a: Gastly|Psychic|p2a: Spearow
|-damage|p2a: Spearow|110\/230 psn
|
|turn|27
|choice|switch 4|move 4
|
|switch|p1a: Slowpoke|Slowpoke, L78|118\/286
|move|p2a: Spearow|Drill Peck|p1a: Slowpoke
|-crit|p1a: Slowpoke
|-damage|p1a: Slowpoke|0 fnt
|faint|p1a: Slowpoke
|choice|switch 6|
|
|switch|p1a: Dugtrio|Dugtrio, L71|166\/181
|turn|28
|choice|move 2|switch 6
|
|switch|p2a: Raticate|Raticate, L73|156\/218
|move|p1a: Dugtrio|Double-Edge|p2a: Raticate
|-damage|p2a: Raticate|96\/218
|-damage|p1a: Dugtrio|151\/181|[from] recoil|[of] p2a: Raticate
|
|turn|29
|choice|switch 4|switch 6
|
|switch|p1a: Gastly|Gastly, L74|46\/182
|switch|p2a: Spearow|Spearow, L82|110\/230 psn
|-damage|p2a: Spearow|96\/230 psn|[from] psn
|
|turn|30
|choice|switch 2|move 4
|
|switch|p1a: Doduo|Doduo, L78|151\/202
|move|p2a: Spearow|Drill Peck|p1a: Doduo
|-damage|p1a: Doduo|62\/202
|-damage|p2a: Spearow|82\/230 psn|[from] psn|[of] p1a: Doduo
|
|turn|31
|choice|move 2|move 4
|
|move|p1a: Doduo|Tri Attack|p2a: Spearow
|-damage|p2a: Spearow|0 fnt
|faint|p2a: Spearow
|c|★hodor|huh
|c|★qht|fuck you are faster
|c|★hodor|im faster
|c|★qht|what speed
|c|★qht|im 173
|c|★hodor|175
|c|★qht|darn
|c|★qht|!dt doduo
|c|~|\/data-pokemon Doduo
|raw|<font size="1"><font color="#686868">Dex#:<\/font> 84&nbsp;|&ThickSpace;<font color="#686868">Gen:<\/font> 1&nbsp;|&ThickSpace;<font color="#686868">Height:<\/font> 1.4 m&nbsp;|&ThickSpace;<font color="#686868">Weight:<\/font> 39.2 kg <em>(60 BP)<\/em>&nbsp;|&ThickSpace;<font color="#686868">Dex Colour:<\/font> Brown&nbsp;|&ThickSpace;<font color="#686868">Egg Group(s):<\/font> Flying&nbsp;|&ThickSpace;<font color="#686868">Evolution:<\/font> Dodrio (31)<\/font>
|c|★qht|!dt spearow
|c|~|\/data-pokemon Spearow
|raw|<font size="1"><font color="#686868">Dex#:<\/font> 21&nbsp;|&ThickSpace;<font color="#686868">Gen:<\/font> 1&nbsp;|&ThickSpace;<font color="#686868">Height:<\/font> 0.3 m&nbsp;|&ThickSpace;<font color="#686868">Weight:<\/font> 2 kg <em>(20 BP)<\/em>&nbsp;|&ThickSpace;<font color="#686868">Dex Colour:<\/font> Brown&nbsp;|&ThickSpace;<font color="#686868">Egg Group(s):<\/font> Flying&nbsp;|&ThickSpace;<font color="#686868">Evolution:<\/font> Fearow (20)<\/font>
|c|★qht|im lvl 82
|c|★hodor|the weight difference
|c|★hodor|is huge lol
|choice||switch 6
|
|switch|p2a: Raticate|Raticate, L73|96\/218
|turn|32
|c|★qht|lol yea
|c|★qht|anyways
|choice|move 2|move 1
|
|move|p2a: Raticate|Cut|p1a: Doduo
|-damage|p1a: Doduo|10\/202
|move|p1a: Doduo|Tri Attack|p2a: Raticate
|-crit|p2a: Raticate
|-damage|p2a: Raticate|0 fnt
|faint|p2a: Raticate
|
|win|hodor