|J|Dice
|J|Tesung
|player|p1|Dice|134
|player|p2|Tesung|170
|gametype|singles
|gen|1
|tier|[Gen 1] OU
|seed|
|rule|Sleep Clause Mod: Limit one foe put to sleep
|rule|Freeze Clause Mod: Limit one foe frozen
|rule|Species Clause: Limit one of each Pokémon
|rule|OHKO Clause: OHKO moves are banned
|rule|Evasion Moves Clause: Evasion moves are banned
|rule|HP Percentage Mod: HP is shown in percentages
|
|start
|switch|p1a: Jynx|Jynx|100\/100
|switch|p2a: Alakazam|Alakazam|100\/100
|turn|1
|choice||
|
|move|p2a: Alakazam|Thunder Wave|p1a: Jynx
|-status|p1a: Jynx|par
|move|p1a: Jynx|Lovely Kiss|p2a: Alakazam
|-status|p2a: Alakazam|slp
|
|turn|2
|choice||
|
|cant|p2a: Alakazam|slp
|cant|p1a: Jynx|par
|
|turn|3
|choice||
|
|switch|p2a: Starmie|Starmie|100\/100
|cant|p1a: Jynx|par
|
|turn|4
|choice||
|
|move|p2a: Starmie|Thunderbolt|p1a: Jynx
|-damage|p1a: Jynx|77\/100 par
|cant|p1a: Jynx|par
|
|turn|5
|choice||
|
|switch|p1a: Snorlax|Snorlax, M|100\/100
|move|p2a: Starmie|Thunderbolt|p1a: Snorlax
|-damage|p1a: Snorlax|83\/100
|
|turn|6
|choice||
|
|move|p2a: Starmie|Thunder Wave|p1a: Snorlax
|-status|p1a: Snorlax|par
|move|p1a: Snorlax|Body Slam|p2a: Starmie
|-damage|p2a: Starmie|66\/100
|-status|p2a: Starmie|par
|
|turn|7
|choice||
|
|move|p2a: Starmie|Blizzard|p1a: Snorlax
|-damage|p1a: Snorlax|61\/100 par
|move|p1a: Snorlax|Body Slam|p2a: Starmie
|-damage|p2a: Starmie|27\/100 par
|
|turn|8
|choice||
|
|move|p2a: Starmie|Recover|p2a: Starmie
|-heal|p2a: Starmie|76\/100 par
|move|p1a: Snorlax|Body Slam|p2a: Starmie
|-damage|p2a: Starmie|40\/100 par
|
|turn|9
|choice||
|
|cant|p2a: Starmie|par
|move|p1a: Snorlax|Body Slam|p2a: Starmie
|-damage|p2a: Starmie|5\/100 par
|
|turn|10
|choice||
|
|move|p2a: Starmie|Blizzard|p1a: Snorlax
|-damage|p1a: Snorlax|38\/100 par
|cant|p1a: Snorlax|par
|
|turn|11
|choice||
|
|cant|p2a: Starmie|par
|move|p1a: Snorlax|Body Slam|p2a: Starmie
|-damage|p2a: Starmie|0 fnt
|faint|p2a: Starmie
|choice||
|
|switch|p2a: Snorlax|Snorlax|100\/100
|turn|12
|J|darth leremy
|choice||
|
|switch|p1a: Golem|Golem, M|100\/100
|move|p2a: Snorlax|Hyper Beam|p1a: Golem|[miss]
|-miss|p2a: Snorlax
|
|turn|13
|L|darth leremy
|choice||
|
|move|p1a: Golem|Earthquake|p2a: Snorlax
|-damage|p2a: Snorlax|71\/100
|move|p2a: Snorlax|Earthquake|p1a: Golem
|-supereffective|p1a: Golem
|-damage|p1a: Golem|61\/100
|
|turn|14
|choice||
|
|move|p1a: Golem|Body Slam|p2a: Snorlax
|-damage|p2a: Snorlax|54\/100
|move|p2a: Snorlax|Earthquake|p1a: Golem
|-supereffective|p1a: Golem
|-damage|p1a: Golem|25\/100
|
|turn|15
|choice||
|
|switch|p2a: Alakazam|Alakazam|100\/100 slp
|move|p1a: Golem|Explosion|p2a: Alakazam
|-damage|p2a: Alakazam|0 fnt
|faint|p2a: Alakazam
|faint|p1a: Golem
|choice||
|
|switch|p2a: Snorlax|Snorlax|54\/100
|switch|p1a: Slowbro|Slowbro, M|100\/100
|turn|16
|choice||
|
|move|p2a: Snorlax|Body Slam|p1a: Slowbro
|-damage|p1a: Slowbro|75\/100
|move|p1a: Slowbro|Thunder Wave|p2a: Snorlax
|-status|p2a: Snorlax|par
|
|turn|17
|choice||
|
|move|p1a: Slowbro|Surf|p2a: Snorlax
|-damage|p2a: Snorlax|28\/100 par
|move|p2a: Snorlax|Body Slam|p1a: Slowbro
|-damage|p1a: Slowbro|50\/100
|-status|p1a: Slowbro|par
|
|turn|18
|choice||
|
|move|p2a: Snorlax|Body Slam|p1a: Slowbro
|-damage|p1a: Slowbro|27\/100 par
|move|p1a: Slowbro|Rest|p1a: Slowbro
|-status|p1a: Slowbro|slp
|-heal|p1a: Slowbro|100\/100 slp|[silent]
|-status|p1a: Slowbro|slp|[from] move: Rest
|
|turn|19
|choice||
|
|cant|p1a: Slowbro|slp
|cant|p2a: Snorlax|par
|
|turn|20
|choice||
|
|-curestatus|p1a: Slowbro|slp
|move|p2a: Snorlax|Self-Destruct|p1a: Slowbro
|-damage|p1a: Slowbro|27\/100
|faint|p2a: Snorlax
|choice||
|
|switch|p2a: Tauros|Tauros|100\/100
|turn|21
|choice||
|
|move|p2a: Tauros|Hyper Beam|p1a: Slowbro
|-damage|p1a: Slowbro|0 fnt
|faint|p1a: Slowbro
|choice||
|
|switch|p1a: Alakazam|Alakazam, M|100\/100
|turn|22
|choice||
|
|switch|p2a: Exeggutor|Exeggutor|100\/100
|move|p1a: Alakazam|Thunder Wave|p2a: Exeggutor
|-status|p2a: Exeggutor|par
|
|turn|23
|choice||
|
|switch|p1a: Jynx|Jynx|77\/100 par
|move|p2a: Exeggutor|Hyper Beam|p1a: Jynx
|-damage|p1a: Jynx|13\/100 par
|
|turn|24
|-mustrecharge|p2a: Exeggutor
|c|★Tesung|that was dumb
|-mustrecharge|p2a: Exeggutor
|choice||
|
|cant|p2a: Exeggutor|recharge
|cant|p1a: Jynx|par
|
|turn|25
|c|★Tesung|ty
|choice||
|
|switch|p2a: Jolteon|Jolteon|100\/100
|cant|p1a: Jynx|par
|
|turn|26
|choice||
|
|move|p2a: Jolteon|Thunderbolt|p1a: Jynx
|-damage|p1a: Jynx|0 fnt
|faint|p1a: Jynx
|choice||
|
|switch|p1a: Alakazam|Alakazam, M|100\/100
|turn|27
|choice||
|
|switch|p2a: Exeggutor|Exeggutor|100\/100 par
|move|p1a: Alakazam|Thunder Wave|p2a: Exeggutor
|-fail|p2a: Exeggutor|par
|
|turn|28
|choice||
|
|move|p1a: Alakazam|Psychic|p2a: Exeggutor
|-resisted|p2a: Exeggutor
|-damage|p2a: Exeggutor|86\/100 par
|move|p2a: Exeggutor|Psychic|p1a: Alakazam
|-resisted|p1a: Alakazam
|-damage|p1a: Alakazam|86\/100
|-unboost|p1a: Alakazam|spd|1
|-unboost|p1a: Alakazam|spa|1
|
|turn|29
|choice||
|
|move|p1a: Alakazam|Psychic|p2a: Exeggutor
|-resisted|p2a: Exeggutor
|-damage|p2a: Exeggutor|76\/100 par
|move|p2a: Exeggutor|Sleep Powder|p1a: Alakazam
|-status|p1a: Alakazam|slp
|
|turn|30
|choice||
|
|cant|p1a: Alakazam|slp
|move|p2a: Exeggutor|Psychic|p1a: Alakazam
|-crit|p1a: Alakazam
|-resisted|p1a: Alakazam
|-damage|p1a: Alakazam|54\/100 slp
|-unboost|p1a: Alakazam|spd|1
|-unboost|p1a: Alakazam|spa|1
|
|turn|31
|choice||
|
|cant|p1a: Alakazam|slp
|move|p2a: Exeggutor|Psychic|p1a: Alakazam
|-resisted|p1a: Alakazam
|-damage|p1a: Alakazam|21\/100 slp
|
|turn|32
|choice||
|
|cant|p1a: Alakazam|slp
|move|p2a: Exeggutor|Psychic|p1a: Alakazam
|-resisted|p1a: Alakazam
|-damage|p1a: Alakazam|0 fnt
|faint|p1a: Alakazam
|choice||
|
|switch|p1a: Snorlax|Snorlax, M|38\/100 par
|turn|33
|choice||
|
|move|p2a: Exeggutor|Psychic|p1a: Snorlax
|-damage|p1a: Snorlax|9\/100 par
|move|p1a: Snorlax|Self-Destruct|p2a: Exeggutor
|-crit|p2a: Exeggutor
|-damage|p2a: Exeggutor|0 fnt
|faint|p2a: Exeggutor
|faint|p1a: Snorlax
|c|★Dice|lame
|c|★Dice|i countered
|c|★Dice|with jynx
|c|★Dice|g a y
|choice||
|
|switch|p2a: Jolteon|Jolteon|100\/100
|switch|p1a: Tauros|Tauros|100\/100
|turn|34
|c|★Tesung|rip
|c|★Dice|twice.
|choice||
|
|move|p2a: Jolteon|Thunder Wave|p1a: Tauros
|-status|p1a: Tauros|par
|move|p1a: Tauros|Body Slam|p2a: Jolteon
|-damage|p2a: Jolteon|61\/100
|
|turn|35
|choice||
|
|move|p2a: Jolteon|Thunderbolt|p1a: Tauros
|-crit|p1a: Tauros
|-damage|p1a: Tauros|23\/100 par
|move|p1a: Tauros|Hyper Beam|p2a: Jolteon
|-damage|p2a: Jolteon|0 fnt
|faint|p2a: Jolteon
|choice||
|
|switch|p2a: Tauros|Tauros|100\/100
|turn|36
|c|★Tesung|gg~
|choice||
|
|move|p2a: Tauros|Body Slam|p1a: Tauros
|-damage|p1a: Tauros|0 fnt
|faint|p1a: Tauros
|
|win|Tesung