|J|Nails
|J|Tesung
|player|p1|Nails|282
|player|p2|Tesung|2
|gametype|singles
|gen|1
|tier|[Gen 1] OU
|seed|
|rule|Sleep Clause Mod: Limit one foe put to sleep
|rule|Freeze Clause Mod: Limit one foe frozen
|rule|Species Clause: Limit one of each Pokémon
|rule|OHKO Clause: OHKO moves are banned
|rule|Evasion Moves Clause: Evasion moves are banned
|rule|HP Percentage Mod: HP is shown in percentages
|
|start
|switch|p1a: Gengar|Gengar|100\/100
|switch|p2a: DOPPELSOLDNER|Gengar|100\/100
|turn|1
|choice||
|
|move|p1a: Gengar|Hypnosis|p2a: DOPPELSOLDNER|[miss]
|-miss|p1a: Gengar
|move|p2a: DOPPELSOLDNER|Hypnosis|p1a: Gengar|[miss]
|-miss|p2a: DOPPELSOLDNER
|
|turn|2
|choice||
|
|move|p1a: Gengar|Hypnosis|p2a: DOPPELSOLDNER|[miss]
|-miss|p1a: Gengar
|move|p2a: DOPPELSOLDNER|Hypnosis|p1a: Gengar|[miss]
|-miss|p2a: DOPPELSOLDNER
|
|turn|3
|c|★Tesung|go doppel
|choice||
|
|move|p1a: Gengar|Hypnosis|p2a: DOPPELSOLDNER
|-status|p2a: DOPPELSOLDNER|slp
|cant|p2a: DOPPELSOLDNER|slp
|
|turn|4
|c|★Tesung|i think i got bd evs
|choice||
|
|move|p1a: Gengar|Thunderbolt|p2a: DOPPELSOLDNER
|-damage|p2a: DOPPELSOLDNER|76\/100 slp
|cant|p2a: DOPPELSOLDNER|slp
|
|turn|5
|c|★Nails|prob
|choice||
|
|move|p1a: Gengar|Thunderbolt|p2a: DOPPELSOLDNER
|-damage|p2a: DOPPELSOLDNER|53\/100 slp
|cant|p2a: DOPPELSOLDNER|slp
|
|turn|6
|choice||
|
|switch|p2a: SOULGAZER|Chansey|100\/100
|move|p1a: Gengar|Thunderbolt|p2a: SOULGAZER
|-damage|p2a: SOULGAZER|89\/100
|-status|p2a: SOULGAZER|par
|
|turn|7
|choice||
|
|switch|p1a: Chansey|Chansey|100\/100
|move|p2a: SOULGAZER|Soft-Boiled|p2a: SOULGAZER
|-heal|p2a: SOULGAZER|100\/100 par
|
|turn|8
|choice||
|
|switch|p1a: Snorlax|Snorlax|100\/100
|cant|p2a: SOULGAZER|par
|
|turn|9
|choice||
|
|switch|p2a: DOPPELSOLDNER|Gengar|53\/100 slp
|move|p1a: Snorlax|Body Slam|p2a: DOPPELSOLDNER
|-immune|p2a: DOPPELSOLDNER|[msg]
|
|turn|10
|choice||
|
|switch|p2a: PDC|Exeggutor|100\/100
|move|p1a: Snorlax|Body Slam|p2a: PDC
|-damage|p2a: PDC|69\/100
|
|turn|11
|choice||
|
|switch|p1a: Chansey|Chansey|100\/100
|move|p2a: PDC|Psychic|p1a: Chansey
|-crit|p1a: Chansey
|-damage|p1a: Chansey|68\/100
|
|turn|12
|choice||
|
|move|p2a: PDC|Sleep Powder|p1a: Chansey
|-status|p1a: Chansey|slp
|cant|p1a: Chansey|slp
|
|turn|13
|choice||
|
|switch|p1a: Zapdos|Zapdos|100\/100
|move|p2a: PDC|Psychic|p1a: Zapdos
|-damage|p1a: Zapdos|73\/100
|
|turn|14
|choice||
|
|switch|p2a: TESUNG|Zapdos|100\/100
|move|p1a: Zapdos|Drill Peck|p2a: TESUNG
|-resisted|p2a: TESUNG
|-damage|p2a: TESUNG|88\/100
|
|turn|15
|choice||
|
|switch|p1a: Golem|Golem|100\/100
|move|p2a: TESUNG|Thunder Wave|p1a: Golem
|-immune|p1a: Golem|[msg]
|
|turn|16
|choice||
|
|switch|p2a: PDC|Exeggutor|69\/100
|move|p1a: Golem|Body Slam|p2a: PDC
|-damage|p2a: PDC|50\/100
|-status|p2a: PDC|par
|
|turn|17
|choice||
|
|switch|p1a: Zapdos|Zapdos|73\/100
|cant|p2a: PDC|par
|
|turn|18
|choice||
|
|switch|p2a: TESUNG|Zapdos|88\/100
|move|p1a: Zapdos|Drill Peck|p2a: TESUNG
|-resisted|p2a: TESUNG
|-damage|p2a: TESUNG|76\/100
|
|turn|19
|choice||
|
|switch|p1a: Golem|Golem|100\/100
|move|p2a: TESUNG|Thunderbolt|p1a: Golem
|-immune|p1a: Golem|[msg]
|
|turn|20
|choice||
|
|switch|p2a: PDC|Exeggutor|50\/100 par
|move|p1a: Golem|Rock Slide|p2a: PDC
|-damage|p2a: PDC|22\/100 par
|
|turn|21
|choice||
|
|move|p1a: Golem|Rock Slide|p2a: PDC
|-damage|p2a: PDC|0 fnt
|faint|p2a: PDC
|choice||
|
|switch|p2a: PAPAI NOEL|Snorlax|100\/100
|turn|22
|choice||
|
|switch|p1a: Zapdos|Zapdos|73\/100
|move|p2a: PAPAI NOEL|Amnesia|p2a: PAPAI NOEL
|-boost|p2a: PAPAI NOEL|spd|2
|-boost|p2a: PAPAI NOEL|spa|2
|
|turn|23
|choice||
|
|move|p1a: Zapdos|Thunder Wave|p2a: PAPAI NOEL
|-status|p2a: PAPAI NOEL|par
|cant|p2a: PAPAI NOEL|par
|
|turn|24
|choice||
|
|move|p1a: Zapdos|Drill Peck|p2a: PAPAI NOEL
|-damage|p2a: PAPAI NOEL|79\/100 par
|cant|p2a: PAPAI NOEL|par
|
|turn|25
|choice||
|
|move|p1a: Zapdos|Drill Peck|p2a: PAPAI NOEL
|-damage|p2a: PAPAI NOEL|59\/100 par
|move|p2a: PAPAI NOEL|Blizzard|p1a: Zapdos
|-supereffective|p1a: Zapdos
|-damage|p1a: Zapdos|6\/100
|
|turn|26
|choice||
|
|switch|p1a: Gengar|Gengar|100\/100
|move|p2a: PAPAI NOEL|Body Slam|p1a: Gengar
|-immune|p1a: Gengar|[msg]
|
|turn|27
|choice||
|
|move|p1a: Gengar|Confuse Ray|p2a: PAPAI NOEL
|-start|p2a: PAPAI NOEL|confusion
|-activate|p2a: PAPAI NOEL|confusion
|cant|p2a: PAPAI NOEL|par
|
|turn|28
|choice||
|
|move|p1a: Gengar|Thunderbolt|p2a: PAPAI NOEL
|-damage|p2a: PAPAI NOEL|48\/100 par
|-activate|p2a: PAPAI NOEL|confusion
|-damage|p2a: PAPAI NOEL|39\/100 par|[from] confusion
|
|turn|29
|choice||
|
|move|p1a: Gengar|Thunderbolt|p2a: PAPAI NOEL
|-damage|p2a: PAPAI NOEL|27\/100 par
|-activate|p2a: PAPAI NOEL|confusion
|move|p2a: PAPAI NOEL|Blizzard|p1a: Gengar
|-damage|p1a: Gengar|65\/100
|
|turn|30
|choice||
|
|move|p1a: Gengar|Thunderbolt|p2a: PAPAI NOEL
|-crit|p2a: PAPAI NOEL
|-damage|p2a: PAPAI NOEL|0 fnt
|faint|p2a: PAPAI NOEL
|choice||
|
|switch|p2a: SHAKEITUP|Tauros|100\/100
|turn|31
|choice||
|
|switch|p1a: Chansey|Chansey|68\/100 slp
|move|p2a: SHAKEITUP|Earthquake|p1a: Chansey
|-crit|p1a: Chansey
|-damage|p1a: Chansey|6\/100 slp
|
|turn|32
|choice||
|
|move|p2a: SHAKEITUP|Body Slam|p1a: Chansey
|-damage|p1a: Chansey|0 fnt
|faint|p1a: Chansey
|choice||
|
|switch|p1a: Snorlax|Snorlax|100\/100
|turn|33
|choice||
|
|switch|p2a: DOPPELSOLDNER|Gengar|53\/100 slp
|move|p1a: Snorlax|Body Slam|p2a: DOPPELSOLDNER
|-immune|p2a: DOPPELSOLDNER|[msg]
|
|turn|34
|choice||
|
|-curestatus|p2a: DOPPELSOLDNER|slp
|move|p1a: Snorlax|Earthquake|p2a: DOPPELSOLDNER
|-supereffective|p2a: DOPPELSOLDNER
|-damage|p2a: DOPPELSOLDNER|0 fnt
|faint|p2a: DOPPELSOLDNER
|choice||
|
|switch|p2a: TESUNG|Zapdos|76\/100
|turn|35
|choice||
|
|switch|p2a: SHAKEITUP|Tauros|100\/100
|switch|p1a: Golem|Golem|100\/100
|
|turn|36
|choice||
|
|move|p2a: SHAKEITUP|Blizzard|p1a: Golem
|-supereffective|p1a: Golem
|-damage|p1a: Golem|39\/100
|move|p1a: Golem|Explosion|p2a: SHAKEITUP
|-damage|p2a: SHAKEITUP|15\/100
|faint|p1a: Golem
|choice||
|
|switch|p1a: Tauros|Tauros|100\/100
|turn|37
|choice||
|
|move|p2a: SHAKEITUP|Hyper Beam|p1a: Tauros
|-damage|p1a: Tauros|48\/100
|move|p1a: Tauros|Body Slam|p2a: SHAKEITUP
|-crit|p2a: SHAKEITUP
|-damage|p2a: SHAKEITUP|0 fnt
|faint|p2a: SHAKEITUP
|choice||
|
|switch|p2a: SOULGAZER|Chansey|100\/100 par
|turn|38
|choice||
|
|move|p1a: Tauros|Body Slam|p2a: SOULGAZER
|-damage|p2a: SOULGAZER|61\/100 par
|move|p2a: SOULGAZER|Thunder Wave|p1a: Tauros
|-status|p1a: Tauros|par
|
|turn|39
|choice||
|
|move|p1a: Tauros|Hyper Beam|p2a: SOULGAZER
|-crit|p2a: SOULGAZER
|-damage|p2a: SOULGAZER|0 fnt
|faint|p2a: SOULGAZER
|choice||
|
|switch|p2a: TESUNG|Zapdos|76\/100
|turn|40
|choice||
|
|move|p2a: TESUNG|Thunderbolt|p1a: Tauros
|-damage|p1a: Tauros|0 fnt
|faint|p1a: Tauros
|c|★Tesung|gg
|choice||
|
|switch|p1a: Snorlax|Snorlax|100\/100
|turn|41
|c|★Nails|gg
|choice||
|
|move|p2a: TESUNG|Thunder Wave|p1a: Snorlax
|-status|p1a: Snorlax|par
|cant|p1a: Snorlax|par
|
|turn|42
|choice||
|
|move|p2a: TESUNG|Thunderbolt|p1a: Snorlax
|-damage|p1a: Snorlax|68\/100 par
|cant|p1a: Snorlax|par
|
|turn|43
|choice||
|
|move|p2a: TESUNG|Thunderbolt|p1a: Snorlax
|-damage|p1a: Snorlax|37\/100 par
|move|p1a: Snorlax|Self-Destruct|p2a: TESUNG
|-damage|p2a: TESUNG|0 fnt
|faint|p2a: TESUNG
|faint|p1a: Snorlax
|
|win|Nails