|J|Nails
|J|Tesung
|player|p1|Nails|282
|player|p2|Tesung|265
|gametype|singles
|gen|1
|tier|[Gen 1] OU
|seed|
|rule|Sleep Clause Mod: Limit one foe put to sleep
|rule|Freeze Clause Mod: Limit one foe frozen
|rule|Species Clause: Limit one of each Pokémon
|rule|OHKO Clause: OHKO moves are banned
|rule|Evasion Moves Clause: Evasion moves are banned
|rule|HP Percentage Mod: HP is shown in percentages
|
|start
|switch|p1a: Jynx|Jynx|100\/100
|switch|p2a: Alakazam|Alakazam|100\/100
|turn|1
|choice||
|
|move|p2a: Alakazam|Thunder Wave|p1a: Jynx
|-status|p1a: Jynx|par
|move|p1a: Jynx|Lovely Kiss|p2a: Alakazam
|-status|p2a: Alakazam|slp
|
|turn|2
|J|ZNain
|choice||
|
|cant|p2a: Alakazam|slp
|cant|p1a: Jynx|par
|
|turn|3
|c|★Nails|why are u fightin
|c|★Nails|2 at once
|choice||
|
|cant|p2a: Alakazam|slp
|move|p1a: Jynx|Blizzard|p2a: Alakazam
|-damage|p2a: Alakazam|68\/100 slp
|
|turn|4
|c|★Tesung|idk
|choice||
|
|switch|p2a: Slowbro|Slowbro|100\/100
|move|p1a: Jynx|Blizzard|p2a: Slowbro
|-resisted|p2a: Slowbro
|-damage|p2a: Slowbro|79\/100
|-status|p2a: Slowbro|frz
|
|turn|5
|L|ZNain
|choice||
|
|switch|p2a: Chansey|Chansey|100\/100
|move|p1a: Jynx|Psychic|p2a: Chansey
|-damage|p2a: Chansey|87\/100
|
|turn|6
|choice||
|
|switch|p1a: Chansey|Chansey|100\/100
|move|p2a: Chansey|Ice Beam|p1a: Chansey
|-crit|p1a: Chansey
|-damage|p1a: Chansey|78\/100
|
|turn|7
|choice||
|
|switch|p2a: Alakazam|Alakazam|68\/100 slp
|switch|p1a: Jynx|Jynx|100\/100 par
|
|turn|8
|choice||
|
|switch|p2a: Chansey|Chansey|87\/100
|move|p1a: Jynx|Blizzard|p2a: Chansey
|-crit|p2a: Chansey
|-damage|p2a: Chansey|52\/100
|
|turn|9
|choice||
|
|move|p2a: Chansey|Soft-Boiled|p2a: Chansey
|-heal|p2a: Chansey|100\/100
|move|p1a: Jynx|Psychic|p2a: Chansey
|-damage|p2a: Chansey|86\/100
|-unboost|p2a: Chansey|spd|1
|-unboost|p2a: Chansey|spa|1
|
|turn|10
|choice||
|
|move|p2a: Chansey|Thunderbolt|p1a: Jynx
|-damage|p1a: Jynx|86\/100 par
|cant|p1a: Jynx|par
|
|turn|11
|choice||
|
|move|p2a: Chansey|Thunderbolt|p1a: Jynx
|-damage|p1a: Jynx|70\/100 par
|move|p1a: Jynx|Psychic|p2a: Chansey
|-damage|p2a: Chansey|66\/100
|
|turn|12
|choice||
|
|move|p2a: Chansey|Soft-Boiled|p2a: Chansey
|-heal|p2a: Chansey|100\/100
|cant|p1a: Jynx|par
|
|turn|13
|choice||
|
|move|p2a: Chansey|Thunderbolt|p1a: Jynx
|-damage|p1a: Jynx|55\/100 par
|move|p1a: Jynx|Psychic|p2a: Chansey
|-damage|p2a: Chansey|79\/100
|
|turn|14
|choice||
|
|move|p2a: Chansey|Thunderbolt|p1a: Jynx
|-damage|p1a: Jynx|40\/100 par
|move|p1a: Jynx|Psychic|p2a: Chansey
|-damage|p2a: Chansey|59\/100
|
|turn|15
|choice||
|
|move|p2a: Chansey|Soft-Boiled|p2a: Chansey
|-heal|p2a: Chansey|100\/100
|move|p1a: Jynx|Rest|p1a: Jynx
|-status|p1a: Jynx|slp
|-heal|p1a: Jynx|100\/100 slp|[silent]
|-status|p1a: Jynx|slp|[from] move: Rest
|
|turn|16
|choice||
|
|switch|p2a: Rhydon|Rhydon|100\/100
|switch|p1a: Snorlax|Snorlax|100\/100
|
|turn|17
|choice||
|
|move|p2a: Rhydon|Earthquake|p1a: Snorlax
|-damage|p1a: Snorlax|65\/100
|move|p1a: Snorlax|Reflect|p1a: Snorlax
|-start|p1a: Snorlax|Reflect
|
|turn|18
|choice||
|
|switch|p2a: Exeggutor|Exeggutor|100\/100
|move|p1a: Snorlax|Body Slam|p2a: Exeggutor
|-damage|p2a: Exeggutor|70\/100
|
|turn|19
|choice||
|
|move|p2a: Exeggutor|Psychic|p1a: Snorlax
|-crit|p1a: Snorlax
|-damage|p1a: Snorlax|3\/100
|-unboost|p1a: Snorlax|spd|1
|-unboost|p1a: Snorlax|spa|1
|move|p1a: Snorlax|Amnesia|p1a: Snorlax
|-boost|p1a: Snorlax|spd|2
|-boost|p1a: Snorlax|spa|2
|
|turn|20
|c|★Nails|dam
|c|★Tesung|ah
|c|★Nails|unfort
|c|★Tesung|y
|choice||
|
|switch|p1a: Alakazam|Alakazam|100\/100
|move|p2a: Exeggutor|Hyper Beam|p1a: Alakazam
|-damage|p1a: Alakazam|46\/100
|
|turn|21
|-mustrecharge|p2a: Exeggutor
|-mustrecharge|p2a: Exeggutor
|choice||
|
|move|p1a: Alakazam|Thunder Wave|p2a: Exeggutor
|-status|p2a: Exeggutor|par
|cant|p2a: Exeggutor|recharge
|
|turn|22
|choice||
|
|move|p1a: Alakazam|Recover|p1a: Alakazam
|-heal|p1a: Alakazam|95\/100
|move|p2a: Exeggutor|Sleep Powder|p1a: Alakazam|[miss]
|-miss|p2a: Exeggutor
|
|turn|23
|choice||
|
|switch|p1a: Snorlax|Snorlax|3\/100
|move|p2a: Exeggutor|Sleep Powder|p1a: Snorlax
|-status|p1a: Snorlax|slp
|
|turn|24
|c|★Nails|nice
|choice||
|
|switch|p1a: Jynx|Jynx|100\/100 slp
|move|p2a: Exeggutor|Explosion|p1a: Jynx
|-damage|p1a: Jynx|0 fnt
|faint|p1a: Jynx
|faint|p2a: Exeggutor
|J|LeInf
|choice||
|
|switch|p1a: Dragonite|Dragonite|100\/100
|switch|p2a: Chansey|Chansey|100\/100
|turn|25
|c|★Tesung|n
|choice||
|
|move|p1a: Dragonite|Wrap|p2a: Chansey
|-damage|p2a: Chansey|95\/100
|cant|p2a: Chansey|partiallytrapped
|
|turn|26
|choice||
|
|switch|p2a: Rhydon|Rhydon|100\/100
|move|p1a: Dragonite|Wrap|p2a: Rhydon
|-resisted|p2a: Rhydon
|-damage|p2a: Rhydon|99\/100
|
|turn|27
|choice||
|
|switch|p2a: Slowbro|Slowbro|79\/100 frz
|move|p1a: Dragonite|Wrap|p2a: Slowbro
|-damage|p2a: Slowbro|75\/100 frz
|
|turn|28
|choice||
|
|switch|p2a: Rhydon|Rhydon|99\/100
|move|p1a: Dragonite|Wrap|p2a: Rhydon
|-resisted|p2a: Rhydon
|-damage|p2a: Rhydon|98\/100
|
|turn|29
|choice||
|
|switch|p1a: Alakazam|Alakazam|95\/100
|switch|p2a: Slowbro|Slowbro|75\/100 frz
|
|turn|30
|choice||
|
|switch|p2a: Alakazam|Alakazam|68\/100 slp
|move|p1a: Alakazam|Psychic|p2a: Alakazam
|-crit|p2a: Alakazam
|-resisted|p2a: Alakazam
|-damage|p2a: Alakazam|37\/100 slp
|
|turn|31
|choice||
|
|move|p1a: Alakazam|Psychic|p2a: Alakazam
|-resisted|p2a: Alakazam
|-damage|p2a: Alakazam|21\/100 slp
|-unboost|p2a: Alakazam|spd|1
|-unboost|p2a: Alakazam|spa|1
|cant|p2a: Alakazam|slp
|
|turn|32
|choice||
|
|switch|p2a: Chansey|Chansey|95\/100
|move|p1a: Alakazam|Psychic|p2a: Chansey
|-damage|p2a: Chansey|75\/100
|-unboost|p2a: Chansey|spd|1
|-unboost|p2a: Chansey|spa|1
|
|turn|33
|choice||
|
|move|p1a: Alakazam|Thunder Wave|p2a: Chansey|[miss]
|-miss|p1a: Alakazam
|move|p2a: Chansey|Thunder Wave|p1a: Alakazam
|-status|p1a: Alakazam|par
|
|turn|34
|c|★Tesung|LOL
|choice||
|
|switch|p2a: Alakazam|Alakazam|21\/100 slp
|move|p1a: Alakazam|Seismic Toss|p2a: Alakazam
|-damage|p2a: Alakazam|0 fnt
|faint|p2a: Alakazam
|c|★Nails|drats
|choice||
|
|switch|p2a: Rhydon|Rhydon|98\/100
|turn|35
|choice||
|
|switch|p1a: Dragonite|Dragonite|100\/100
|move|p2a: Rhydon|Substitute|p2a: Rhydon
|-start|p2a: Rhydon|Substitute
|-damage|p2a: Rhydon|73\/100
|
|turn|36
|choice||
|
|move|p1a: Dragonite|Blizzard|p2a: Rhydon
|-supereffective|p2a: Rhydon
|-end|p2a: Rhydon|Substitute
|move|p2a: Rhydon|Rock Slide|p1a: Dragonite
|-supereffective|p1a: Dragonite
|-damage|p1a: Dragonite|48\/100
|
|turn|37
|choice||
|
|switch|p2a: Tauros|Tauros|100\/100
|move|p1a: Dragonite|Blizzard|p2a: Tauros
|-damage|p2a: Tauros|65\/100
|
|turn|38
|choice||
|
|switch|p1a: Snorlax|Snorlax|3\/100 slp
|move|p2a: Tauros|Body Slam|p1a: Snorlax
|-crit|p1a: Snorlax
|-damage|p1a: Snorlax|0 fnt
|faint|p1a: Snorlax
|choice||
|
|switch|p1a: Tauros|Tauros|100\/100
|turn|39
|choice||
|
|move|p2a: Tauros|Blizzard|p1a: Tauros|[miss]
|-miss|p2a: Tauros
|move|p1a: Tauros|Body Slam|p2a: Tauros
|-damage|p2a: Tauros|34\/100
|
|turn|40
|choice||
|
|move|p2a: Tauros|Blizzard|p1a: Tauros
|-damage|p1a: Tauros|74\/100
|move|p1a: Tauros|Body Slam|p2a: Tauros
|-damage|p2a: Tauros|4\/100
|
|turn|41
|choice||
|
|move|p1a: Tauros|Earthquake|p2a: Tauros
|-damage|p2a: Tauros|0 fnt
|faint|p2a: Tauros
|choice||
|
|switch|p2a: Chansey|Chansey|75\/100
|turn|42
|choice||
|
|switch|p1a: Alakazam|Alakazam|95\/100 par
|move|p2a: Chansey|Soft-Boiled|p2a: Chansey
|-heal|p2a: Chansey|100\/100
|
|turn|43
|choice||
|
|move|p2a: Chansey|Ice Beam|p1a: Alakazam
|-damage|p1a: Alakazam|75\/100 par
|move|p1a: Alakazam|Psychic|p2a: Chansey
|-damage|p2a: Chansey|81\/100
|
|turn|44
|choice||
|
|switch|p2a: Rhydon|Rhydon|73\/100
|cant|p1a: Alakazam|par
|
|turn|45
|choice||
|
|switch|p1a: Chansey|Chansey|78\/100
|move|p2a: Rhydon|Rock Slide|p1a: Chansey
|-damage|p1a: Chansey|37\/100
|
|turn|46
|choice||
|
|switch|p2a: Chansey|Chansey|81\/100
|move|p1a: Chansey|Reflect|p1a: Chansey
|-start|p1a: Chansey|Reflect
|
|turn|47
|choice||
|
|move|p1a: Chansey|Soft-Boiled|p1a: Chansey
|-heal|p1a: Chansey|87\/100
|move|p2a: Chansey|Ice Beam|p1a: Chansey
|-damage|p1a: Chansey|76\/100
|
|turn|48
|choice||
|
|move|p1a: Chansey|Soft-Boiled|p1a: Chansey
|-heal|p1a: Chansey|100\/100
|move|p2a: Chansey|Ice Beam|p1a: Chansey
|-damage|p1a: Chansey|90\/100
|
|turn|49
|choice||
|
|switch|p1a: Alakazam|Alakazam|75\/100 par
|move|p2a: Chansey|Ice Beam|p1a: Alakazam
|-damage|p1a: Alakazam|55\/100 par
|
|turn|50
|choice||
|
|switch|p2a: Rhydon|Rhydon|73\/100
|move|p1a: Alakazam|Psychic|p2a: Rhydon
|-crit|p2a: Rhydon
|-damage|p2a: Rhydon|0 fnt
|faint|p2a: Rhydon
|c|★Tesung|gg
|c|★Nails|ah
|c|★Nails|gg
|-message|Tesung forfeited.
|
|win|Nails