|J|Isa
|J|Beds
|player|p1|Isa|101
|player|p2|Beds|252
|gametype|singles
|gen|1
|tier|[Gen 1] OU
|seed|31404,55721,56925,13783
|rule|Sleep Clause Mod: Limit one foe put to sleep
|rule|Freeze Clause Mod: Limit one foe frozen
|rule|Species Clause: Limit one of each Pokémon
|rule|OHKO Clause: OHKO moves are banned
|rule|Evasion Moves Clause: Evasion moves are banned
|rule|HP Percentage Mod: HP is shown in percentages
|
|start
|switch|p1a: Gengar|Gengar|323\/323
|switch|p2a: Starmie|Starmie|323\/323
|turn|1
|choice|switch 3|move 3
|
|switch|p1a: Chansey|Chansey|703\/703
|move|p2a: Starmie|Psychic|p1a: Chansey
|-crit|p1a: Chansey
|-damage|p1a: Chansey|516\/703
|
|turn|2
|J|Nails
|J|Mr.378
|choice|move 1|move 2
|
|move|p2a: Starmie|Blizzard|p1a: Chansey
|-damage|p1a: Chansey|430\/703
|move|p1a: Chansey|Ice Beam|p2a: Starmie
|-resisted|p2a: Starmie
|-damage|p2a: Starmie|282\/323
|
|turn|3
|choice|move 4|switch 3
|
|switch|p2a: Chansey|Chansey|703\/703
|move|p1a: Chansey|Soft-Boiled|p1a: Chansey
|-heal|p1a: Chansey|703\/703
|
|turn|4
|choice|move 1|move 2
|
|move|p2a: Chansey|Ice Beam|p1a: Chansey
|-crit|p1a: Chansey
|-damage|p1a: Chansey|555\/703
|move|p1a: Chansey|Ice Beam|p2a: Chansey
|-damage|p2a: Chansey|629\/703
|-status|p2a: Chansey|frz
|
|turn|5
|choice|move 1|switch 2
|
|switch|p2a: Exeggutor|Exeggutor|393\/393
|move|p1a: Chansey|Ice Beam|p2a: Exeggutor
|-supereffective|p2a: Exeggutor
|-damage|p2a: Exeggutor|257\/393
|
|turn|6
|choice|switch 3|move 1
|
|switch|p1a: Gengar|Gengar|323\/323
|move|p2a: Exeggutor|Sleep Powder|p1a: Gengar
|-status|p1a: Gengar|slp
|
|turn|7
|c|+Nails|ice with the outplay
|c|+Nails|isa*
|choice|switch 5|move 3
|
|switch|p1a: Exeggutor|Exeggutor|393\/393
|move|p2a: Exeggutor|Psychic|p1a: Exeggutor
|-resisted|p1a: Exeggutor
|-damage|p1a: Exeggutor|342\/393
|
|turn|8
|c|★Isa|its funny because ice implies freeze
|choice|move 1|move 4
|
|move|p2a: Exeggutor|Explosion|p1a: Exeggutor
|-damage|p1a: Exeggutor|70\/393
|faint|p2a: Exeggutor
|c|+Nails|:P
|c|+Mr.378|Comedy Premier League
|choice||switch 3
|
|switch|p2a: Starmie|Starmie|282\/323
|turn|9
|choice|switch 3|move 1
|
|switch|p1a: Chansey|Chansey|555\/703
|move|p2a: Starmie|Thunder Wave|p1a: Chansey
|-status|p1a: Chansey|par
|
|turn|10
|choice|switch 3|switch 5
|
|switch|p2a: Snorlax|Snorlax|523\/523
|switch|p1a: Exeggutor|Exeggutor|70\/393
|
|turn|11
|choice|move 1|switch 2
|
|switch|p2a: Chansey|Chansey|629\/703 frz
|move|p1a: Exeggutor|Sleep Powder|p2a: Chansey|[miss]
|-miss|p1a: Exeggutor
|
|turn|12
|choice|move 1|move 2
|
|move|p1a: Exeggutor|Sleep Powder|p2a: Chansey
|-fail|p2a: Chansey
|cant|p2a: Chansey|frz
|
|turn|13
|choice|move 1|move 2
|
|move|p1a: Exeggutor|Sleep Powder|p2a: Chansey
|-fail|p2a: Chansey
|cant|p2a: Chansey|frz
|
|turn|14
|choice|move 3|move 2
|
|move|p1a: Exeggutor|Psychic|p2a: Chansey
|-crit|p2a: Chansey
|-damage|p2a: Chansey|390\/703 frz
|-unboost|p2a: Chansey|spd|1
|-unboost|p2a: Chansey|spa|1
|cant|p2a: Chansey|frz
|
|turn|15
|choice|move 1|move 2
|
|move|p1a: Exeggutor|Sleep Powder|p2a: Chansey|[miss]
|-miss|p1a: Exeggutor
|cant|p2a: Chansey|frz
|
|turn|16
|choice|move 3|move 2
|
|move|p1a: Exeggutor|Psychic|p2a: Chansey
|-damage|p2a: Chansey|219\/703 frz
|cant|p2a: Chansey|frz
|
|turn|17
|c|+Nails|isa's burning at least 20 sleep powders
|choice|switch 6|move 2
|
|switch|p1a: Rhydon|Rhydon|413\/413
|cant|p2a: Chansey|frz
|
|turn|18
|c|+Nails|jk lmao
|c|★Isa|h3hh3h3
|choice|move 1|switch 5
|
|switch|p2a: Starmie|Starmie|282\/323
|move|p1a: Rhydon|Earthquake|p2a: Starmie
|-damage|p2a: Starmie|123\/323
|
|turn|19
|choice|move 1|move 4
|
|move|p2a: Starmie|Recover|p2a: Starmie
|-heal|p2a: Starmie|284\/323
|move|p1a: Rhydon|Earthquake|p2a: Starmie
|-damage|p2a: Starmie|130\/323
|
|turn|20
|choice|move 1|move 2
|
|move|p2a: Starmie|Blizzard|p1a: Rhydon
|-crit|p1a: Rhydon
|-supereffective|p1a: Rhydon
|-damage|p1a: Rhydon|0 fnt
|faint|p1a: Rhydon
|c|+Nails|ah the outplay
|choice|switch 3|
|
|switch|p1a: Chansey|Chansey|555\/703 par
|turn|21
|choice|move 2|switch 2
|
|switch|p2a: Snorlax|Snorlax|523\/523
|move|p1a: Chansey|Thunder Wave|p2a: Snorlax
|-status|p2a: Snorlax|par
|
|turn|22
|J|jacob
|choice|switch 5|move 2
|
|switch|p1a: Gengar|Gengar|323\/323 slp
|move|p2a: Snorlax|Amnesia|p2a: Snorlax
|-boost|p2a: Snorlax|spd|2
|-boost|p2a: Snorlax|spa|2
|
|turn|23
|choice|move 2|move 2
|
|cant|p1a: Gengar|slp
|move|p2a: Snorlax|Amnesia|p2a: Snorlax
|-boost|p2a: Snorlax|spd|2
|-boost|p2a: Snorlax|spa|2
|
|turn|24
|choice|move 2|move 3
|
|cant|p1a: Gengar|slp
|move|p2a: Snorlax|Blizzard|p1a: Gengar
|-damage|p1a: Gengar|148\/323 slp
|
|turn|25
|c|+jacob|GO ISA FUCK BEDS
|choice|move 2|move 3
|
|cant|p1a: Gengar|slp
|move|p2a: Snorlax|Blizzard|p1a: Gengar
|-damage|p1a: Gengar|0 fnt
|faint|p1a: Gengar
|c|+jacob|BEDS IS GAY
|c|+jacob|LMAO
|choice|switch 2|
|
|switch|p1a: Snorlax|Snorlax|523\/523
|turn|26
|choice|move 1|move 3
|
|move|p1a: Snorlax|Amnesia|p1a: Snorlax
|-boost|p1a: Snorlax|spd|2
|-boost|p1a: Snorlax|spa|2
|move|p2a: Snorlax|Blizzard|p1a: Snorlax
|-damage|p1a: Snorlax|377\/523
|
|turn|27
|choice|move 1|move 3
|
|move|p1a: Snorlax|Amnesia|p1a: Snorlax
|-boost|p1a: Snorlax|spd|2
|-boost|p1a: Snorlax|spa|2
|move|p2a: Snorlax|Blizzard|p1a: Snorlax|[miss]
|-miss|p2a: Snorlax
|
|turn|28
|choice|move 1|move 3
|
|move|p1a: Snorlax|Amnesia|p1a: Snorlax
|-boost|p1a: Snorlax|spd|2
|-boost|p1a: Snorlax|spa|2
|move|p2a: Snorlax|Blizzard|p1a: Snorlax
|-damage|p1a: Snorlax|305\/523
|
|turn|29
|choice|move 4|move 2
|
|move|p1a: Snorlax|Body Slam|p2a: Snorlax
|-damage|p2a: Snorlax|376\/523 par
|move|p2a: Snorlax|Amnesia|p2a: Snorlax
|-boost|p2a: Snorlax|spd|2
|-boost|p2a: Snorlax|spa|2
|
|turn|30
|choice|move 4|move 1
|
|move|p1a: Snorlax|Body Slam|p2a: Snorlax
|-damage|p2a: Snorlax|243\/523 par
|move|p2a: Snorlax|Body Slam|p1a: Snorlax
|-damage|p1a: Snorlax|173\/523
|
|turn|31
|J|Lusch
|choice|move 2|move 1
|
|move|p1a: Snorlax|Rest|p1a: Snorlax
|-status|p1a: Snorlax|slp
|-heal|p1a: Snorlax|523\/523 slp|[silent]
|-status|p1a: Snorlax|slp|[from] move: Rest
|move|p2a: Snorlax|Body Slam|p1a: Snorlax
|-damage|p1a: Snorlax|394\/523 slp
|
|turn|32
|choice|move 3|switch 4
|
|switch|p2a: Tauros|Tauros|353\/353
|cant|p1a: Snorlax|slp
|
|turn|33
|choice|move 3|move 1
|
|move|p2a: Tauros|Body Slam|p1a: Snorlax
|-crit|p1a: Snorlax
|-damage|p1a: Snorlax|126\/523 slp
|-curestatus|p1a: Snorlax|slp
|
|turn|34
|choice|move 3|move 1
|
|move|p2a: Tauros|Body Slam|p1a: Snorlax
|-damage|p1a: Snorlax|0 fnt
|faint|p1a: Snorlax
|choice|switch 4|
|
|switch|p1a: Tauros|Tauros|353\/353
|turn|35
|c|+Mr.378|Ker Splash
|choice|move 1|switch 5
|
|switch|p2a: Chansey|Chansey|219\/703 frz
|move|p1a: Tauros|Body Slam|p2a: Chansey
|-damage|p2a: Chansey|0 fnt
|faint|p2a: Chansey
|choice||switch 6
|
|switch|p2a: Slowbro|Slowbro|393\/393
|turn|36
|choice|switch 5|move 1
|
|switch|p1a: Chansey|Chansey|555\/703 par
|move|p2a: Slowbro|Thunder Wave|p1a: Chansey
|-fail|p1a: Chansey|par
|
|turn|37
|choice|move 3|move 2
|
|move|p2a: Slowbro|Amnesia|p2a: Slowbro
|-boost|p2a: Slowbro|spd|2
|-boost|p2a: Slowbro|spa|2
|move|p1a: Chansey|Thunderbolt|p2a: Slowbro
|-supereffective|p2a: Slowbro
|-damage|p2a: Slowbro|303\/393
|
|turn|38
|choice|switch 6|move 2
|
|switch|p1a: Exeggutor|Exeggutor|70\/393
|move|p2a: Slowbro|Amnesia|p2a: Slowbro
|-boost|p2a: Slowbro|spd|2
|-boost|p2a: Slowbro|spa|2
|
|turn|39
|choice|move 1|move 3
|
|move|p1a: Exeggutor|Sleep Powder|p2a: Slowbro
|-status|p2a: Slowbro|slp
|-curestatus|p2a: Slowbro|slp
|
|turn|40
|choice|move 1|move 3
|
|move|p1a: Exeggutor|Sleep Powder|p2a: Slowbro
|-status|p2a: Slowbro|slp
|-curestatus|p2a: Slowbro|slp
|
|turn|41
|choice|move 1|switch 4
|
|switch|p2a: Snorlax|Snorlax|243\/523 par
|move|p1a: Exeggutor|Sleep Powder|p2a: Snorlax
|-fail|p2a: Snorlax
|
|turn|42
|choice|move 3|move 1
|
|move|p1a: Exeggutor|Psychic|p2a: Snorlax
|-damage|p2a: Snorlax|91\/523 par
|move|p2a: Snorlax|Body Slam|p1a: Exeggutor
|-damage|p1a: Exeggutor|0 fnt
|faint|p1a: Exeggutor
|choice|switch 5|
|
|switch|p1a: Tauros|Tauros|353\/353
|turn|43
|choice|move 1|move 3
|
|move|p1a: Tauros|Body Slam|p2a: Snorlax
|-damage|p2a: Snorlax|0 fnt
|faint|p2a: Snorlax
|choice||switch 4
|
|switch|p2a: Slowbro|Slowbro|303\/393
|turn|44
|choice|switch 6|move 1
|
|switch|p1a: Chansey|Chansey|555\/703 par
|move|p2a: Slowbro|Thunder Wave|p1a: Chansey
|-fail|p1a: Chansey|par
|
|turn|45
|choice|move 2|move 2
|
|move|p2a: Slowbro|Amnesia|p2a: Slowbro
|-boost|p2a: Slowbro|spd|2
|-boost|p2a: Slowbro|spa|2
|move|p1a: Chansey|Thunder Wave|p2a: Slowbro
|-status|p2a: Slowbro|par
|
|turn|46
|choice|move 3|move 2
|
|cant|p2a: Slowbro|par
|move|p1a: Chansey|Thunderbolt|p2a: Slowbro
|-supereffective|p2a: Slowbro
|-damage|p2a: Slowbro|210\/393 par
|
|turn|47
|J|Genesis7
|choice|move 3|move 2
|
|cant|p2a: Slowbro|par
|move|p1a: Chansey|Thunderbolt|p2a: Slowbro
|-supereffective|p2a: Slowbro
|-damage|p2a: Slowbro|115\/393 par
|
|turn|48
|choice|move 3|move 2
|
|move|p2a: Slowbro|Amnesia|p2a: Slowbro
|-boost|p2a: Slowbro|spd|2
|-boost|p2a: Slowbro|spa|2
|move|p1a: Chansey|Thunderbolt|p2a: Slowbro
|-supereffective|p2a: Slowbro
|-damage|p2a: Slowbro|50\/393 par
|
|turn|49
|choice|switch 6|move 4
|
|switch|p1a: Tauros|Tauros|353\/353
|move|p2a: Slowbro|Rest|p2a: Slowbro
|-status|p2a: Slowbro|slp
|-heal|p2a: Slowbro|393\/393 slp|[silent]
|-status|p2a: Slowbro|slp|[from] move: Rest
|
|turn|50
|choice|move 1|move 3
|
|move|p1a: Tauros|Body Slam|p2a: Slowbro
|-crit|p2a: Slowbro
|-damage|p2a: Slowbro|209\/393 slp
|cant|p2a: Slowbro|slp
|
|turn|51
|choice|move 1|move 3
|
|move|p1a: Tauros|Body Slam|p2a: Slowbro
|-crit|p2a: Slowbro
|-damage|p2a: Slowbro|27\/393 slp
|-curestatus|p2a: Slowbro|slp
|
|turn|52
|J|fleggumfl
|c|+Nails|bull.
|choice|move 1|move 3
|
|move|p1a: Tauros|Body Slam|p2a: Slowbro
|-damage|p2a: Slowbro|0 fnt
|faint|p2a: Slowbro
|choice||switch 2
|
|switch|p2a: Starmie|Starmie|130\/323
|turn|53
|choice|switch 6|switch 5
|
|switch|p2a: Tauros|Tauros|353\/353
|switch|p1a: Chansey|Chansey|555\/703 par
|
|turn|54
|J|Tesung
|choice|move 2|move 1
|
|move|p2a: Tauros|Body Slam|p1a: Chansey
|-crit|p1a: Chansey
|-damage|p1a: Chansey|4\/703 par
|move|p1a: Chansey|Thunder Wave|p2a: Tauros
|-status|p2a: Tauros|par
|
|turn|55
|J|mfhoundoom
|choice|move 4|move 1
|
|cant|p2a: Tauros|par
|move|p1a: Chansey|Soft-Boiled|p1a: Chansey
|-heal|p1a: Chansey|355\/703 par
|
|turn|56
|choice|switch 6|move 4
|
|switch|p1a: Tauros|Tauros|353\/353
|move|p2a: Tauros|Hyper Beam|p1a: Tauros|[miss]
|-miss|p2a: Tauros
|
|turn|57
|c|+fleggumfl|own
|choice|move 1|move 4
|
|move|p1a: Tauros|Body Slam|p2a: Tauros
|-crit|p2a: Tauros
|-damage|p2a: Tauros|144\/353 par
|move|p2a: Tauros|Hyper Beam|p1a: Tauros
|-damage|p1a: Tauros|177\/353
|
|turn|58
|-mustrecharge|p2a: Tauros
|-mustrecharge|p2a: Tauros
|choice|move 4|move 1
|
|move|p1a: Tauros|Hyper Beam|p2a: Tauros|[miss]
|-miss|p1a: Tauros
|cant|p2a: Tauros|recharge
|
|turn|59
|choice|move 4|move 4
|
|move|p1a: Tauros|Hyper Beam|p2a: Tauros
|-damage|p2a: Tauros|0 fnt
|faint|p2a: Tauros
|choice||switch 5
|
|switch|p2a: Starmie|Starmie|130\/323
|turn|60
|choice|move 1|move 4
|
|move|p2a: Starmie|Recover|p2a: Starmie
|-heal|p2a: Starmie|291\/323
|move|p1a: Tauros|Body Slam|p2a: Starmie
|-damage|p2a: Starmie|184\/323
|
|turn|61
|choice|move 1|move 1
|
|move|p2a: Starmie|Thunder Wave|p1a: Tauros
|-status|p1a: Tauros|par
|cant|p1a: Tauros|par
|
|turn|62
|choice|move 1|move 4
|
|move|p2a: Starmie|Recover|p2a: Starmie
|-heal|p2a: Starmie|323\/323
|move|p1a: Tauros|Body Slam|p2a: Starmie
|-damage|p2a: Starmie|217\/323
|
|turn|63
|choice|move 1|move 3
|
|move|p2a: Starmie|Psychic|p1a: Tauros
|-crit|p1a: Tauros
|-damage|p1a: Tauros|0 fnt
|faint|p1a: Tauros
|choice|switch 6|
|
|switch|p1a: Chansey|Chansey|355\/703 par
|turn|64
|choice|move 4|move 3
|
|move|p2a: Starmie|Psychic|p1a: Chansey
|-damage|p1a: Chansey|248\/703 par
|move|p1a: Chansey|Soft-Boiled|p1a: Chansey
|-heal|p1a: Chansey|599\/703 par
|
|turn|65
|c|+Nails|shoulda gone for the hbeam crit
|c|+Nails|imo
|choice|move 2|move 3
|
|move|p2a: Starmie|Psychic|p1a: Chansey
|-damage|p1a: Chansey|502\/703 par
|cant|p1a: Chansey|par
|
|turn|66
|choice|move 2|move 3
|
|move|p2a: Starmie|Psychic|p1a: Chansey
|-damage|p1a: Chansey|398\/703 par
|move|p1a: Chansey|Thunder Wave|p2a: Starmie
|-status|p2a: Starmie|par
|
|turn|67
|choice|move 3|move 3
|
|move|p2a: Starmie|Psychic|p1a: Chansey
|-crit|p1a: Chansey
|-damage|p1a: Chansey|195\/703 par
|-unboost|p1a: Chansey|spd|1
|-unboost|p1a: Chansey|spa|1
|move|p1a: Chansey|Thunderbolt|p2a: Starmie
|-supereffective|p2a: Starmie
|-damage|p2a: Starmie|112\/323 par
|
|turn|68
|choice|move 4|move 4
|
|cant|p2a: Starmie|par
|cant|p1a: Chansey|par
|
|turn|69
|choice|move 4|move 4
|
|cant|p2a: Starmie|par
|cant|p1a: Chansey|par
|
|turn|70
|choice|move 4|move 4
|
|cant|p2a: Starmie|par
|cant|p1a: Chansey|par
|
|turn|71
|choice|move 4|move 4
|
|move|p2a: Starmie|Recover|p2a: Starmie
|-heal|p2a: Starmie|273\/323 par
|cant|p1a: Chansey|par
|
|turn|72
|choice|move 4|move 3
|
|move|p2a: Starmie|Psychic|p1a: Chansey
|-damage|p1a: Chansey|49\/703 par
|-unboost|p1a: Chansey|spd|1
|-unboost|p1a: Chansey|spa|1
|move|p1a: Chansey|Soft-Boiled|p1a: Chansey
|-heal|p1a: Chansey|400\/703 par
|
|turn|73
|choice|move 4|move 3
|
|move|p2a: Starmie|Psychic|p1a: Chansey
|-damage|p1a: Chansey|179\/703 par
|move|p1a: Chansey|Soft-Boiled|p1a: Chansey
|-heal|p1a: Chansey|530\/703 par
|
|turn|74
|choice|move 4|move 3
|
|cant|p2a: Starmie|par
|move|p1a: Chansey|Soft-Boiled|p1a: Chansey
|-heal|p1a: Chansey|703\/703 par
|
|turn|75
|choice|move 3|move 3
|
|cant|p2a: Starmie|par
|move|p1a: Chansey|Thunderbolt|p2a: Starmie
|-supereffective|p2a: Starmie
|-damage|p2a: Starmie|198\/323 par
|
|turn|76
|choice|move 3|move 4
|
|cant|p2a: Starmie|par
|move|p1a: Chansey|Thunderbolt|p2a: Starmie
|-supereffective|p2a: Starmie
|-damage|p2a: Starmie|125\/323 par
|
|turn|77
|choice|move 3|move 4
|
|move|p2a: Starmie|Recover|p2a: Starmie
|-heal|p2a: Starmie|286\/323 par
|move|p1a: Chansey|Thunderbolt|p2a: Starmie
|-supereffective|p2a: Starmie
|-damage|p2a: Starmie|210\/323 par
|
|turn|78
|J|SOMALIA
|choice|move 3|move 3
|
|move|p2a: Starmie|Psychic|p1a: Chansey
|-damage|p1a: Chansey|502\/703 par
|move|p1a: Chansey|Thunderbolt|p2a: Starmie
|-supereffective|p2a: Starmie
|-damage|p2a: Starmie|128\/323 par
|
|turn|79
|choice|move 3|move 4
|
|move|p2a: Starmie|Recover|p2a: Starmie
|-heal|p2a: Starmie|289\/323 par
|move|p1a: Chansey|Thunderbolt|p2a: Starmie
|-supereffective|p2a: Starmie
|-damage|p2a: Starmie|212\/323 par
|
|turn|80
|choice|move 4|move 3
|
|move|p2a: Starmie|Psychic|p1a: Chansey
|-damage|p1a: Chansey|301\/703 par
|move|p1a: Chansey|Soft-Boiled|p1a: Chansey
|-heal|p1a: Chansey|652\/703 par
|
|turn|81
|choice|move 3|move 3
|
|move|p2a: Starmie|Psychic|p1a: Chansey
|-crit|p1a: Chansey
|-damage|p1a: Chansey|464\/703 par
|move|p1a: Chansey|Thunderbolt|p2a: Starmie
|-crit|p2a: Starmie
|-supereffective|p2a: Starmie
|-damage|p2a: Starmie|0 fnt
|faint|p2a: Starmie
|
|win|Isa