|inactive|Battle timer is ON: inactive players will automatically lose when time's up.
|J|Aurious
|J|smilzo
|player|p1|Aurious|56
|player|p2|smilzo|157
|gametype|singles
|gen|1
|tier|[Gen 1] OU
|seed|12865,35583,33125,23971
|rule|Sleep Clause Mod: Limit one foe put to sleep
|rule|Freeze Clause Mod: Limit one foe frozen
|rule|Species Clause: Limit one of each Pokémon
|rule|OHKO Clause: OHKO moves are banned
|rule|Evasion Moves Clause: Evasion moves are banned
|rule|HP Percentage Mod: HP is shown in percentages
|
|start
|switch|p1a: Alakazam|Alakazam|313\/313
|switch|p2a: Jolteon|Jolteon|333\/333
|turn|1
|c|★Aurious|hf
|c|★smilzo|hf
|choice|switch 4|switch 4
|
|switch|p2a: Chansey|Chansey|703\/703
|switch|p1a: Chansey|Chansey|703\/703
|
|turn|2
|J|GOAO
|choice|move 4|move 2
|
|move|p2a: Chansey|Thunder Wave|p1a: Chansey
|-status|p1a: Chansey|par
|move|p1a: Chansey|Ice Beam|p2a: Chansey
|-damage|p2a: Chansey|624\/703
|
|turn|3
|choice|move 4|switch 2
|
|switch|p2a: Snorlax|Snorlax|523\/523
|move|p1a: Chansey|Ice Beam|p2a: Snorlax
|-damage|p2a: Snorlax|420\/523
|
|turn|4
|choice|switch 5|move 1
|
|switch|p1a: Exeggutor|Exeggutor|393\/393
|move|p2a: Snorlax|Body Slam|p1a: Exeggutor
|-damage|p1a: Exeggutor|284\/393
|-status|p1a: Exeggutor|par
|
|turn|5
|choice|move 1|switch 4
|
|switch|p2a: Jolteon|Jolteon|333\/333
|move|p1a: Exeggutor|Sleep Powder|p2a: Jolteon
|-status|p2a: Jolteon|slp
|
|turn|6
|choice|move 3|switch 2
|
|switch|p2a: Chansey|Chansey|624\/703
|cant|p1a: Exeggutor|par
|
|turn|7
|choice|move 4|switch 4
|
|switch|p2a: Snorlax|Snorlax|420\/523
|cant|p1a: Exeggutor|par
|
|turn|8
|choice|move 2|switch 4
|
|switch|p2a: Chansey|Chansey|624\/703
|move|p1a: Exeggutor|Stun Spore|p2a: Chansey
|-status|p2a: Chansey|par
|
|turn|9
|choice|move 3|move 4
|
|move|p1a: Exeggutor|Psychic|p2a: Chansey
|-damage|p2a: Chansey|499\/703 par
|move|p2a: Chansey|Seismic Toss|p1a: Exeggutor
|-damage|p1a: Exeggutor|184\/393 par
|
|turn|10
|choice|move 4|move 3
|
|move|p1a: Exeggutor|Explosion|p2a: Chansey
|-damage|p2a: Chansey|0 fnt
|faint|p2a: Chansey
|faint|p1a: Exeggutor
|choice|switch 6|switch 4
|
|switch|p1a: Snorlax|Snorlax|523\/523
|switch|p2a: Snorlax|Snorlax|420\/523
|turn|11
|choice|move 1|move 2
|
|move|p1a: Snorlax|Body Slam|p2a: Snorlax
|-damage|p2a: Snorlax|290\/523
|move|p2a: Snorlax|Earthquake|p1a: Snorlax
|-damage|p1a: Snorlax|409\/523
|
|turn|12
|choice|move 4|switch 3
|
|switch|p2a: Exeggutor|Exeggutor|393\/393
|move|p1a: Snorlax|Counter|p2a: Exeggutor
|-fail|p1a: Snorlax
|
|turn|13
|choice|switch 4|move 2
|
|switch|p1a: Alakazam|Alakazam|313\/313
|move|p2a: Exeggutor|Psychic|p1a: Alakazam
|-resisted|p1a: Alakazam
|-damage|p1a: Alakazam|261\/313
|-unboost|p1a: Alakazam|spd|1
|-unboost|p1a: Alakazam|spa|1
|
|turn|14
|J|Demerging
|choice|move 4|move 1
|
|move|p1a: Alakazam|Thunder Wave|p2a: Exeggutor
|-status|p2a: Exeggutor|par
|move|p2a: Exeggutor|Sleep Powder|p1a: Alakazam|[miss]
|-miss|p2a: Exeggutor
|
|turn|15
|choice|move 2|move 1
|
|move|p1a: Alakazam|Seismic Toss|p2a: Exeggutor
|-damage|p2a: Exeggutor|293\/393 par
|cant|p2a: Exeggutor|par
|
|turn|16
|choice|move 2|move 1
|
|move|p1a: Alakazam|Seismic Toss|p2a: Exeggutor
|-damage|p2a: Exeggutor|193\/393 par
|move|p2a: Exeggutor|Sleep Powder|p1a: Alakazam
|-status|p1a: Alakazam|slp
|
|turn|17
|choice|move 2|switch 3
|
|switch|p2a: Snorlax|Snorlax|290\/523
|cant|p1a: Alakazam|slp
|
|turn|18
|choice|switch 4|move 1
|
|switch|p1a: Snorlax|Snorlax|409\/523
|move|p2a: Snorlax|Body Slam|p1a: Snorlax
|-damage|p1a: Snorlax|279\/523
|
|turn|19
|choice|move 1|move 2
|
|move|p2a: Snorlax|Earthquake|p1a: Snorlax
|-damage|p1a: Snorlax|170\/523
|move|p1a: Snorlax|Body Slam|p2a: Snorlax
|-damage|p2a: Snorlax|158\/523
|
|turn|20
|choice|move 3|move 3
|
|move|p1a: Snorlax|Self-Destruct|p2a: Snorlax
|-damage|p2a: Snorlax|0 fnt
|faint|p2a: Snorlax
|faint|p1a: Snorlax
|choice|switch 2|switch 2
|
|switch|p2a: Jolteon|Jolteon|333\/333 slp
|switch|p1a: Zapdos|Zapdos|383\/383
|turn|21
|choice|move 1|move 2
|
|cant|p2a: Jolteon|slp
|move|p1a: Zapdos|Thunderbolt|p2a: Jolteon
|-resisted|p2a: Jolteon
|-damage|p2a: Jolteon|275\/333 slp
|
|turn|22
|choice|move 1|move 4
|
|cant|p2a: Jolteon|slp
|move|p1a: Zapdos|Thunderbolt|p2a: Jolteon
|-resisted|p2a: Jolteon
|-damage|p2a: Jolteon|212\/333 slp
|
|turn|23
|choice|move 1|move 3
|
|cant|p2a: Jolteon|slp
|move|p1a: Zapdos|Thunderbolt|p2a: Jolteon
|-resisted|p2a: Jolteon
|-damage|p2a: Jolteon|151\/333 slp
|
|turn|24
|choice|move 1|move 3
|
|cant|p2a: Jolteon|slp
|move|p1a: Zapdos|Thunderbolt|p2a: Jolteon|[miss]
|-miss|p1a: Zapdos
|
|turn|25
|choice|move 1|move 3
|
|-curestatus|p2a: Jolteon|slp
|move|p1a: Zapdos|Thunderbolt|p2a: Jolteon
|-resisted|p2a: Jolteon
|-damage|p2a: Jolteon|95\/333
|
|turn|26
|choice|switch 5|move 3
|
|switch|p1a: Chansey|Chansey|703\/703 par
|move|p2a: Jolteon|Thunder Wave|p1a: Chansey
|-fail|p1a: Chansey|par
|
|turn|27
|choice|move 4|switch 3
|
|switch|p2a: Exeggutor|Exeggutor|193\/393 par
|move|p1a: Chansey|Ice Beam|p2a: Exeggutor
|-supereffective|p2a: Exeggutor
|-damage|p2a: Exeggutor|62\/393 par
|
|turn|28
|choice|switch 4|move 3
|
|switch|p1a: Alakazam|Alakazam|261\/313 slp
|move|p2a: Exeggutor|Explosion|p1a: Alakazam
|-damage|p1a: Alakazam|0 fnt
|faint|p1a: Alakazam
|faint|p2a: Exeggutor
|choice|switch 4|switch 5
|
|switch|p2a: Persian|Persian|333\/333
|switch|p1a: Chansey|Chansey|703\/703 par
|turn|29
|choice|move 2|move 2
|
|move|p2a: Persian|Slash|p1a: Chansey
|-crit|p1a: Chansey
|-damage|p1a: Chansey|324\/703 par
|move|p1a: Chansey|Thunder Wave|p2a: Persian
|-status|p2a: Persian|par
|
|turn|30
|choice|switch 5|move 2
|
|switch|p1a: Zapdos|Zapdos|383\/383
|cant|p2a: Persian|par
|
|turn|31
|choice|move 1|move 2
|
|move|p1a: Zapdos|Thunderbolt|p2a: Persian
|-damage|p2a: Persian|167\/333 par
|move|p2a: Persian|Slash|p1a: Zapdos
|-crit|p1a: Zapdos
|-damage|p1a: Zapdos|246\/383
|
|turn|32
|J|AwsomeDuck
|choice|move 1|move 3
|
|move|p1a: Zapdos|Thunderbolt|p2a: Persian
|-damage|p2a: Persian|0 fnt
|faint|p2a: Persian
|choice||switch 3
|
|switch|p2a: Jolteon|Jolteon|95\/333
|turn|33
|choice|switch 5|move 2
|
|switch|p1a: Chansey|Chansey|324\/703 par
|move|p2a: Jolteon|Thunderbolt|p1a: Chansey
|-damage|p1a: Chansey|204\/703 par
|
|turn|34
|choice|move 2|move 4
|
|move|p2a: Jolteon|Double Kick|p1a: Chansey
|-crit|p1a: Chansey
|-supereffective|p1a: Chansey
|-damage|p1a: Chansey|8\/703 par
|-damage|p1a: Chansey|0 fnt
|-hitcount|p1a: Chansey|2
|faint|p1a: Chansey
|choice|switch 3|
|
|switch|p1a: Tauros|Tauros|353\/353
|turn|35
|choice|move 1|move 2
|
|move|p2a: Jolteon|Thunderbolt|p1a: Tauros
|-damage|p1a: Tauros|202\/353
|move|p1a: Tauros|Body Slam|p2a: Jolteon
|-crit|p2a: Jolteon
|-damage|p2a: Jolteon|0 fnt
|faint|p2a: Jolteon
|choice||switch 6
|
|switch|p2a: Tauros|Tauros|353\/353
|turn|36
|choice|move 4|move 1
|
|move|p1a: Tauros|Hyper Beam|p2a: Tauros
|-damage|p2a: Tauros|164\/353
|move|p2a: Tauros|Body Slam|p1a: Tauros
|-damage|p1a: Tauros|98\/353
|
|turn|37
|-mustrecharge|p1a: Tauros
|-mustrecharge|p1a: Tauros
|choice|move 1|move 1
|
|cant|p1a: Tauros|recharge
|move|p2a: Tauros|Body Slam|p1a: Tauros
|-damage|p1a: Tauros|0 fnt
|faint|p1a: Tauros
|choice|switch 5|
|
|switch|p1a: Zapdos|Zapdos|246\/383
|turn|38
|choice|move 4|move 2
|
|move|p2a: Tauros|Blizzard|p1a: Zapdos
|-supereffective|p1a: Zapdos
|-damage|p1a: Zapdos|111\/383
|move|p1a: Zapdos|Thunder|p2a: Tauros|[miss]
|-miss|p1a: Zapdos
|
|turn|39
|c|★Aurious|damn
|c|★smilzo|ah
|c|★Aurious|unfort
|c|★Aurious|i think i played that pretty well
|c|★Aurious|gg
|c|★smilzo|well tbolt was around 50\/50 roll
|c|★Aurious|na
|c|★smilzo|y
|c|★Aurious|it had less chance to kill
|c|★Aurious|than thunder at least
|c|★Aurious|so that was definetely my best play
|c|★smilzo|yeah
|c|★smilzo|well dont miss tauros
|c|★smilzo|lol
|c|+GOAO|why not twave
|choice|move 4|move 2
|
|move|p2a: Tauros|Blizzard|p1a: Zapdos
|-supereffective|p1a: Zapdos
|-damage|p1a: Zapdos|0 fnt
|faint|p1a: Zapdos
|
|win|smilzo