|J|Selise
|J|Bomber
|player|p1|Selise|128
|player|p2|Bomber|167
|gametype|singles
|gen|1
|tier|[Gen 1] OU
|seed|
|rule|Sleep Clause Mod: Limit one foe put to sleep
|rule|Freeze Clause Mod: Limit one foe frozen
|rule|Species Clause: Limit one of each Pokémon
|rule|OHKO Clause: OHKO moves are banned
|rule|Evasion Moves Clause: Evasion moves are banned
|rule|HP Percentage Mod: HP is shown in percentages
|
|start
|switch|p1a: Starmie|Starmie|100\/100
|switch|p2a: Alakazam|Alakazam, M|100\/100
|turn|1
|choice||
|
|switch|p1a: Chansey|Chansey|100\/100
|move|p2a: Alakazam|Thunder Wave|p1a: Chansey
|-status|p1a: Chansey|par
|
|turn|2
|J|BKC
|choice||
|
|switch|p2a: Snorlax|Snorlax|100\/100
|move|p1a: Chansey|Reflect|p1a: Chansey
|-start|p1a: Chansey|Reflect
|
|turn|3
|choice||
|
|move|p2a: Snorlax|Amnesia|p2a: Snorlax
|-boost|p2a: Snorlax|spd|2
|-boost|p2a: Snorlax|spa|2
|cant|p1a: Chansey|par
|
|turn|4
|choice||
|
|switch|p1a: Exeggutor|Exeggutor|100\/100
|move|p2a: Snorlax|Amnesia|p2a: Snorlax
|-boost|p2a: Snorlax|spd|2
|-boost|p2a: Snorlax|spa|2
|
|turn|5
|choice||
|
|switch|p2a: Alakazam|Alakazam, M|100\/100
|move|p1a: Exeggutor|Double-Edge|p2a: Alakazam
|-damage|p2a: Alakazam|60\/100
|-damage|p1a: Exeggutor|93\/100|[from] recoil|[of] p2a: Alakazam
|
|turn|6
|choice||
|
|switch|p1a: Chansey|Chansey|100\/100 par
|move|p2a: Alakazam|Recover|p2a: Alakazam
|-heal|p2a: Alakazam|100\/100
|
|turn|7
|choice||
|
|switch|p2a: Snorlax|Snorlax|100\/100
|move|p1a: Chansey|Ice Beam|p2a: Snorlax
|-damage|p2a: Snorlax|80\/100
|-status|p2a: Snorlax|frz
|
|turn|8
|choice||
|
|switch|p2a: Chansey|Chansey|100\/100
|move|p1a: Chansey|Thunder Wave|p2a: Chansey
|-status|p2a: Chansey|par
|
|turn|9
|choice||
|
|move|p1a: Chansey|Reflect|p1a: Chansey
|-start|p1a: Chansey|Reflect
|cant|p2a: Chansey|par
|
|turn|10
|choice||
|
|cant|p1a: Chansey|par
|move|p2a: Chansey|Reflect|p2a: Chansey
|-start|p2a: Chansey|Reflect
|
|turn|11
|choice||
|
|move|p1a: Chansey|Reflect|p1a: Chansey
|-fail|p1a: Chansey
|cant|p2a: Chansey|par
|
|turn|12
|choice||
|
|cant|p2a: Chansey|par
|move|p1a: Chansey|Reflect|p1a: Chansey
|-fail|p1a: Chansey
|
|turn|13
|choice||
|
|move|p2a: Chansey|Reflect|p2a: Chansey
|-fail|p2a: Chansey
|cant|p1a: Chansey|par
|
|turn|14
|choice||
|
|move|p1a: Chansey|Reflect|p1a: Chansey
|-fail|p1a: Chansey
|move|p2a: Chansey|Reflect|p2a: Chansey
|-fail|p2a: Chansey
|
|turn|15
|choice||
|
|move|p1a: Chansey|Reflect|p1a: Chansey
|-fail|p1a: Chansey
|move|p2a: Chansey|Reflect|p2a: Chansey
|-fail|p2a: Chansey
|
|turn|16
|choice||
|
|switch|p1a: Alakazam|Alakazam|100\/100
|move|p2a: Chansey|Thunder Wave|p1a: Alakazam
|-status|p1a: Alakazam|par
|
|turn|17
|choice||
|
|move|p1a: Alakazam|Reflect|p1a: Alakazam
|-start|p1a: Alakazam|Reflect
|move|p2a: Chansey|Seismic Toss|p1a: Alakazam
|-damage|p1a: Alakazam|69\/100 par
|
|turn|18
|choice||
|
|move|p1a: Alakazam|Recover|p1a: Alakazam
|-heal|p1a: Alakazam|100\/100 par
|move|p2a: Chansey|Seismic Toss|p1a: Alakazam
|-damage|p1a: Alakazam|69\/100 par
|
|turn|19
|choice||
|
|move|p1a: Alakazam|Recover|p1a: Alakazam
|-heal|p1a: Alakazam|100\/100 par
|move|p2a: Chansey|Seismic Toss|p1a: Alakazam
|-damage|p1a: Alakazam|69\/100 par
|
|turn|20
|choice||
|
|move|p1a: Alakazam|Recover|p1a: Alakazam
|-heal|p1a: Alakazam|100\/100 par
|move|p2a: Chansey|Seismic Toss|p1a: Alakazam
|-damage|p1a: Alakazam|69\/100 par
|
|turn|21
|J|fapkingg
|choice||
|
|move|p1a: Alakazam|Recover|p1a: Alakazam
|-heal|p1a: Alakazam|100\/100 par
|move|p2a: Chansey|Seismic Toss|p1a: Alakazam
|-damage|p1a: Alakazam|69\/100 par
|
|turn|22
|choice||
|
|move|p1a: Alakazam|Recover|p1a: Alakazam
|-heal|p1a: Alakazam|100\/100 par
|move|p2a: Chansey|Seismic Toss|p1a: Alakazam
|-damage|p1a: Alakazam|69\/100 par
|
|turn|23
|choice||
|
|move|p1a: Alakazam|Recover|p1a: Alakazam
|-heal|p1a: Alakazam|100\/100 par
|cant|p2a: Chansey|par
|
|turn|24
|choice||
|
|switch|p1a: Chansey|Chansey|100\/100 par
|move|p2a: Chansey|Seismic Toss|p1a: Chansey
|-damage|p1a: Chansey|86\/100 par
|
|turn|25
|choice||
|
|move|p1a: Chansey|Reflect|p1a: Chansey
|-start|p1a: Chansey|Reflect
|cant|p2a: Chansey|par
|
|turn|26
|choice||
|
|move|p1a: Chansey|Reflect|p1a: Chansey
|-fail|p1a: Chansey
|move|p2a: Chansey|Reflect|p2a: Chansey
|-fail|p2a: Chansey
|
|turn|27
|choice||
|
|move|p1a: Chansey|Reflect|p1a: Chansey
|-fail|p1a: Chansey
|move|p2a: Chansey|Reflect|p2a: Chansey
|-fail|p2a: Chansey
|
|turn|28
|choice||
|
|move|p1a: Chansey|Reflect|p1a: Chansey
|-fail|p1a: Chansey
|move|p2a: Chansey|Reflect|p2a: Chansey
|-fail|p2a: Chansey
|
|turn|29
|choice||
|
|move|p2a: Chansey|Reflect|p2a: Chansey
|-fail|p2a: Chansey
|move|p1a: Chansey|Reflect|p1a: Chansey
|-fail|p1a: Chansey
|
|turn|30
|L|fapkingg
|choice||
|
|move|p2a: Chansey|Reflect|p2a: Chansey
|-fail|p2a: Chansey
|move|p1a: Chansey|Reflect|p1a: Chansey
|-fail|p1a: Chansey
|
|turn|31
|choice||
|
|cant|p2a: Chansey|par
|cant|p1a: Chansey|par
|
|turn|32
|choice||
|
|move|p2a: Chansey|Reflect|p2a: Chansey
|-fail|p2a: Chansey
|move|p1a: Chansey|Soft-Boiled|p1a: Chansey
|-heal|p1a: Chansey|100\/100 par
|
|turn|33
|choice||
|
|move|p2a: Chansey|Reflect|p2a: Chansey
|-fail|p2a: Chansey
|move|p1a: Chansey|Reflect|p1a: Chansey
|-fail|p1a: Chansey
|
|turn|34
|choice||
|
|cant|p2a: Chansey|par
|move|p1a: Chansey|Reflect|p1a: Chansey
|-fail|p1a: Chansey
|
|turn|35
|choice||
|
|move|p2a: Chansey|Reflect|p2a: Chansey
|-fail|p2a: Chansey
|move|p1a: Chansey|Thunder Wave|p2a: Chansey
|-fail|p2a: Chansey|par
|
|turn|36
|choice||
|
|move|p2a: Chansey|Reflect|p2a: Chansey
|-fail|p2a: Chansey
|move|p1a: Chansey|Thunder Wave|p2a: Chansey
|-fail|p2a: Chansey|par
|
|turn|37
|choice||
|
|cant|p2a: Chansey|par
|move|p1a: Chansey|Thunder Wave|p2a: Chansey
|-fail|p2a: Chansey|par
|
|turn|38
|choice||
|
|move|p2a: Chansey|Reflect|p2a: Chansey
|-fail|p2a: Chansey
|cant|p1a: Chansey|par
|
|turn|39
|choice||
|
|move|p1a: Chansey|Thunder Wave|p2a: Chansey
|-fail|p2a: Chansey|par
|move|p2a: Chansey|Thunder Wave|p1a: Chansey
|-fail|p1a: Chansey|par
|
|turn|40
|choice||
|
|cant|p2a: Chansey|par
|move|p1a: Chansey|Thunder Wave|p2a: Chansey
|-fail|p2a: Chansey|par
|
|turn|41
|choice||
|
|switch|p2a: Alakazam|Alakazam, M|100\/100
|move|p1a: Chansey|Thunder Wave|p2a: Alakazam
|-status|p2a: Alakazam|par
|
|turn|42
|choice||
|
|move|p2a: Alakazam|Psychic|p1a: Chansey
|-damage|p1a: Chansey|82\/100 par
|-unboost|p1a: Chansey|spd|1
|-unboost|p1a: Chansey|spa|1
|cant|p1a: Chansey|par
|
|turn|43
|choice||
|
|move|p2a: Alakazam|Psychic|p1a: Chansey
|-damage|p1a: Chansey|53\/100 par
|cant|p1a: Chansey|par
|
|turn|44
|choice||
|
|move|p2a: Alakazam|Psychic|p1a: Chansey
|-crit|p1a: Chansey
|-damage|p1a: Chansey|18\/100 par
|-unboost|p1a: Chansey|spd|1
|-unboost|p1a: Chansey|spa|1
|move|p1a: Chansey|Soft-Boiled|p1a: Chansey
|-heal|p1a: Chansey|68\/100 par
|
|turn|45
|choice||
|
|switch|p1a: Alakazam|Alakazam|100\/100 par
|move|p2a: Alakazam|Seismic Toss|p1a: Alakazam
|-damage|p1a: Alakazam|69\/100 par
|
|turn|46
|choice||
|
|move|p1a: Alakazam|Recover|p1a: Alakazam
|-heal|p1a: Alakazam|100\/100 par
|move|p2a: Alakazam|Seismic Toss|p1a: Alakazam
|-damage|p1a: Alakazam|69\/100 par
|
|turn|47
|choice||
|
|move|p1a: Alakazam|Recover|p1a: Alakazam
|-heal|p1a: Alakazam|100\/100 par
|move|p2a: Alakazam|Seismic Toss|p1a: Alakazam
|-damage|p1a: Alakazam|69\/100 par
|
|turn|48
|choice||
|
|cant|p2a: Alakazam|par
|move|p1a: Alakazam|Recover|p1a: Alakazam
|-heal|p1a: Alakazam|100\/100 par
|
|turn|49
|choice||
|
|switch|p1a: Chansey|Chansey|68\/100 par
|move|p2a: Alakazam|Seismic Toss|p1a: Chansey
|-damage|p1a: Chansey|54\/100 par
|
|turn|50
|choice||
|
|move|p2a: Alakazam|Psychic|p1a: Chansey
|-damage|p1a: Chansey|37\/100 par
|-unboost|p1a: Chansey|spd|1
|-unboost|p1a: Chansey|spa|1
|move|p1a: Chansey|Soft-Boiled|p1a: Chansey
|-heal|p1a: Chansey|87\/100 par
|
|turn|51
|choice||
|
|cant|p2a: Alakazam|par
|cant|p1a: Chansey|par
|
|turn|52
|choice||
|
|switch|p1a: Snorlax|Snorlax|100\/100
|cant|p2a: Alakazam|par
|
|turn|53
|choice||
|
|move|p1a: Snorlax|Body Slam|p2a: Alakazam
|-damage|p2a: Alakazam|50\/100 par
|move|p2a: Alakazam|Thunder Wave|p1a: Snorlax
|-status|p1a: Snorlax|par
|
|turn|54
|choice||
|
|switch|p2a: Chansey|Chansey|100\/100 par
|cant|p1a: Snorlax|par
|
|turn|55
|choice||
|
|switch|p1a: Chansey|Chansey|87\/100 par
|move|p2a: Chansey|Reflect|p2a: Chansey
|-start|p2a: Chansey|Reflect
|
|turn|56
|J|Tesung
|choice||
|
|move|p2a: Chansey|Thunder Wave|p1a: Chansey
|-fail|p1a: Chansey|par
|cant|p1a: Chansey|par
|
|turn|57
|choice||
|
|switch|p2a: Alakazam|Alakazam, M|50\/100 par
|move|p1a: Chansey|Reflect|p1a: Chansey
|-start|p1a: Chansey|Reflect
|
|turn|58
|choice||
|
|switch|p1a: Exeggutor|Exeggutor|93\/100
|move|p2a: Alakazam|Recover|p2a: Alakazam
|-heal|p2a: Alakazam|99\/100 par
|
|turn|59
|choice||
|
|move|p1a: Exeggutor|Double-Edge|p2a: Alakazam
|-damage|p2a: Alakazam|61\/100 par
|-damage|p1a: Exeggutor|85\/100|[from] recoil|[of] p2a: Alakazam
|move|p2a: Alakazam|Seismic Toss|p1a: Exeggutor
|-damage|p1a: Exeggutor|59\/100
|
|turn|60
|choice||
|
|switch|p1a: Chansey|Chansey|87\/100 par
|move|p2a: Alakazam|Recover|p2a: Alakazam
|-heal|p2a: Alakazam|100\/100 par
|
|turn|61
|choice||
|
|cant|p2a: Alakazam|par
|move|p1a: Chansey|Ice Beam|p2a: Alakazam
|-damage|p2a: Alakazam|81\/100 par
|
|turn|62
|choice||
|
|move|p2a: Alakazam|Psychic|p1a: Chansey
|-damage|p1a: Chansey|69\/100 par
|-unboost|p1a: Chansey|spd|1
|-unboost|p1a: Chansey|spa|1
|cant|p1a: Chansey|par
|
|turn|63
|choice||
|
|move|p2a: Alakazam|Psychic|p1a: Chansey
|-crit|p1a: Chansey
|-damage|p1a: Chansey|32\/100 par
|-unboost|p1a: Chansey|spd|1
|-unboost|p1a: Chansey|spa|1
|cant|p1a: Chansey|par
|
|turn|64
|J|fapkingg
|L|fapkingg
|choice||
|
|switch|p1a: Alakazam|Alakazam|100\/100 par
|move|p2a: Alakazam|Psychic|p1a: Alakazam
|-resisted|p1a: Alakazam
|-damage|p1a: Alakazam|83\/100 par
|
|turn|65
|choice||
|
|move|p1a: Alakazam|Psychic|p2a: Alakazam
|-resisted|p2a: Alakazam
|-damage|p2a: Alakazam|64\/100 par
|-unboost|p2a: Alakazam|spd|1
|-unboost|p2a: Alakazam|spa|1
|cant|p2a: Alakazam|par
|
|turn|66
|choice||
|
|switch|p2a: Tauros|Tauros|100\/100
|cant|p1a: Alakazam|par
|
|turn|67
|choice||
|
|move|p2a: Tauros|Body Slam|p1a: Alakazam
|-damage|p1a: Alakazam|31\/100 par
|move|p1a: Alakazam|Thunder Wave|p2a: Tauros
|-status|p2a: Tauros|par
|
|turn|68
|choice||
|
|move|p1a: Alakazam|Recover|p1a: Alakazam
|-heal|p1a: Alakazam|81\/100 par
|move|p2a: Tauros|Hyper Beam|p1a: Alakazam
|-damage|p1a: Alakazam|0 fnt
|faint|p1a: Alakazam
|choice||
|
|switch|p1a: Starmie|Starmie|100\/100
|turn|69
|choice||
|
|switch|p1a: Tauros|Tauros|100\/100
|move|p2a: Tauros|Body Slam|p1a: Tauros
|-damage|p1a: Tauros|74\/100
|
|turn|70
|J|ChillShadow
|choice||
|
|switch|p2a: Exeggutor|Exeggutor, M|100\/100
|move|p1a: Tauros|Body Slam|p2a: Exeggutor
|-damage|p2a: Exeggutor|74\/100
|-status|p2a: Exeggutor|par
|
|turn|71
|choice||
|
|switch|p1a: Chansey|Chansey|32\/100 par
|move|p2a: Exeggutor|Sleep Powder|p1a: Chansey
|-fail|p1a: Chansey
|
|turn|72
|choice||
|
|move|p2a: Exeggutor|Hyper Beam|p1a: Chansey
|-damage|p1a: Chansey|0 fnt
|faint|p1a: Chansey
|choice||
|
|switch|p1a: Starmie|Starmie|100\/100
|turn|73
|J|Dice
|choice||
|
|switch|p2a: Chansey|Chansey|100\/100 par
|move|p1a: Starmie|Blizzard|p2a: Chansey
|-damage|p2a: Chansey|89\/100 par
|
|turn|74
|choice||
|
|switch|p1a: Snorlax|Snorlax|100\/100 par
|move|p2a: Chansey|Thunder Wave|p1a: Snorlax
|-fail|p1a: Snorlax|par
|
|turn|75
|choice||
|
|move|p2a: Chansey|Reflect|p2a: Chansey
|-start|p2a: Chansey|Reflect
|move|p1a: Snorlax|Self-Destruct|p2a: Chansey
|-damage|p2a: Chansey|30\/100 par
|faint|p1a: Snorlax
|choice||
|
|switch|p1a: Tauros|Tauros|74\/100
|turn|76
|choice||
|
|move|p1a: Tauros|Hyper Beam|p2a: Chansey
|-crit|p2a: Chansey
|-damage|p2a: Chansey|0 fnt
|faint|p2a: Chansey
|choice||
|
|switch|p2a: Starmie|Starmie|100\/100
|turn|77
|choice||
|
|switch|p1a: Starmie|Starmie|100\/100
|move|p2a: Starmie|Thunder Wave|p1a: Starmie
|-status|p1a: Starmie|par
|
|turn|78
|choice||
|
|switch|p2a: Alakazam|Alakazam, M|64\/100 par
|move|p1a: Starmie|Thunder Wave|p2a: Alakazam
|-fail|p2a: Alakazam|par
|
|turn|79
|choice||
|
|switch|p1a: Tauros|Tauros|74\/100
|cant|p2a: Alakazam|par
|
|turn|80
|choice||
|
|switch|p2a: Snorlax|Snorlax|80\/100 frz
|move|p1a: Tauros|Body Slam|p2a: Snorlax
|-damage|p2a: Snorlax|55\/100 frz
|
|turn|81
|choice||
|
|move|p1a: Tauros|Body Slam|p2a: Snorlax
|-damage|p2a: Snorlax|29\/100 frz
|cant|p2a: Snorlax|frz
|
|turn|82
|choice||
|
|switch|p1a: Exeggutor|Exeggutor|59\/100
|cant|p2a: Snorlax|frz
|
|turn|83
|J|windsong
|J|denissss
|L|denissss
|c|★Selise|Do you need to take a break for a minute or something?
|c|★Selise|I can turn off the timer.
|choice||
|
|move|p1a: Exeggutor|Psychic|p2a: Snorlax
|-crit|p2a: Snorlax
|-damage|p2a: Snorlax|0 fnt
|faint|p2a: Snorlax
|choice||
|
|switch|p2a: Exeggutor|Exeggutor, M|74\/100 par
|turn|84
|choice||
|
|move|p1a: Exeggutor|Explosion|p2a: Exeggutor
|-damage|p2a: Exeggutor|5\/100 par
|faint|p1a: Exeggutor
|choice||
|
|switch|p1a: Starmie|Starmie|100\/100 par
|turn|85
|choice||
|
|switch|p2a: Alakazam|Alakazam, M|64\/100 par
|cant|p1a: Starmie|par
|
|turn|86
|choice||
|
|switch|p1a: Tauros|Tauros|74\/100
|move|p2a: Alakazam|Recover|p2a: Alakazam
|-heal|p2a: Alakazam|100\/100 par
|
|turn|87
|choice||
|
|move|p1a: Tauros|Body Slam|p2a: Alakazam
|-damage|p2a: Alakazam|50\/100 par
|move|p2a: Alakazam|Thunder Wave|p1a: Tauros
|-status|p1a: Tauros|par
|
|turn|88
|J|BENBE
|L|BENBE
|c|+windsong|thele it is
|choice||
|
|cant|p2a: Alakazam|par
|cant|p1a: Tauros|par
|
|turn|89
|choice||
|
|move|p2a: Alakazam|Psychic|p1a: Tauros
|-crit|p1a: Tauros
|-damage|p1a: Tauros|0 fnt
|faint|p1a: Tauros
|c|★Selise|gg
|choice||
|
|switch|p1a: Starmie|Starmie|100\/100 par
|turn|90
|c|★Bomber|gg
|choice||
|
|move|p2a: Alakazam|Recover|p2a: Alakazam
|-heal|p2a: Alakazam|99\/100 par
|cant|p1a: Starmie|par
|
|turn|91
|choice||
|
|move|p2a: Alakazam|Psychic|p1a: Starmie
|-resisted|p1a: Starmie
|-damage|p1a: Starmie|82\/100 par
|move|p1a: Starmie|Blizzard|p2a: Alakazam
|-damage|p2a: Alakazam|76\/100 par
|
|turn|92
|choice||
|
|move|p2a: Alakazam|Psychic|p1a: Starmie
|-resisted|p1a: Starmie
|-damage|p1a: Starmie|63\/100 par
|move|p1a: Starmie|Blizzard|p2a: Alakazam
|-damage|p2a: Alakazam|54\/100 par
|
|turn|93
|c|★Selise|I forfeit game 2. I'm mathematically eliminated already.  Best I could do is 3-5, which still wouldn't let me advance.
|choice||
|
|move|p2a: Alakazam|Psychic|p1a: Starmie
|-resisted|p1a: Starmie
|-damage|p1a: Starmie|43\/100 par
|move|p1a: Starmie|Thunderbolt|p2a: Alakazam
|-damage|p2a: Alakazam|35\/100 par
|
|turn|94
|c|+Tesung|cmon man
|c|+Tesung|dont forfeit
|choice||
|
|move|p2a: Alakazam|Recover|p2a: Alakazam
|-heal|p2a: Alakazam|85\/100 par
|move|p1a: Starmie|Thunderbolt|p2a: Alakazam
|-damage|p2a: Alakazam|64\/100 par
|
|turn|95
|c|+Tesung|that fucks the rest of us
|choice||
|
|cant|p2a: Alakazam|par
|move|p1a: Starmie|Thunderbolt|p2a: Alakazam
|-damage|p2a: Alakazam|45\/100 par
|
|turn|96
|choice||
|
|move|p2a: Alakazam|Psychic|p1a: Starmie
|-resisted|p1a: Starmie
|-damage|p1a: Starmie|24\/100 par
|move|p1a: Starmie|Thunderbolt|p2a: Alakazam
|-damage|p2a: Alakazam|25\/100 par
|
|turn|97
|choice||
|
|move|p2a: Alakazam|Seismic Toss|p1a: Starmie
|-damage|p1a: Starmie|0 fnt
|faint|p1a: Starmie
|
|win|Bomber
|player|p1
|player|p2
|c|★Selise|I'll play it out. Not feeling like I'll do super well.
|L|BKC
|L|Selise
|L|windsong
|L|Dice
|L|ChillShadow