|inactive|Battle timer is ON: inactive players will automatically lose when time's up.
|J|Lusch
|J|Beds
|player|p1|Lusch|153
|player|p2|Beds|252
|gametype|singles
|gen|1
|tier|[Gen 1] OU
|seed|36591,65152,33362,45376
|rule|Sleep Clause Mod: Limit one foe put to sleep
|rule|Freeze Clause Mod: Limit one foe frozen
|rule|Species Clause: Limit one of each Pokémon
|rule|OHKO Clause: OHKO moves are banned
|rule|Evasion Moves Clause: Evasion moves are banned
|rule|HP Percentage Mod: HP is shown in percentages
|
|start
|switch|p1a: Gengar|Gengar|323\/323
|switch|p2a: Jynx|Jynx|333\/333
|turn|1
|J|teal6
|J|BrandonBeast999
|J|Genesis7
|choice|move 4|move 1
|
|move|p1a: Gengar|Hypnosis|p2a: Jynx
|-status|p2a: Jynx|slp
|cant|p2a: Jynx|slp
|
|turn|2
|L|BrandonBeast999
|choice|switch 6|switch 2
|
|switch|p1a: Starmie|Starmie|323\/323
|switch|p2a: Exeggutor|Exeggutor|393\/393
|
|turn|3
|choice|move 1|move 1
|
|move|p1a: Starmie|Blizzard|p2a: Exeggutor
|-supereffective|p2a: Exeggutor
|-damage|p2a: Exeggutor|234\/393
|move|p2a: Exeggutor|Sleep Powder|p1a: Starmie
|-status|p1a: Starmie|slp
|
|turn|4
|choice|move 1|move 3
|
|-curestatus|p1a: Starmie|slp
|move|p2a: Exeggutor|Psychic|p1a: Starmie
|-resisted|p1a: Starmie
|-damage|p1a: Starmie|259\/323
|
|turn|5
|J|Quaggsterrr
|choice|move 1|switch 4
|
|switch|p2a: Chansey|Chansey|703\/703
|move|p1a: Starmie|Blizzard|p2a: Chansey
|-damage|p2a: Chansey|606\/703
|
|turn|6
|J|Ary
|choice|move 4|move 2
|
|move|p1a: Starmie|Thunder Wave|p2a: Chansey
|-status|p2a: Chansey|par
|cant|p2a: Chansey|par
|
|turn|7
|L|Quaggsterrr
|choice|switch 3|move 2
|
|switch|p1a: Snorlax|Snorlax|523\/523
|cant|p2a: Chansey|par
|
|turn|8
|choice|move 1|switch 4
|
|switch|p2a: Exeggutor|Exeggutor|234\/393
|move|p1a: Snorlax|Body Slam|p2a: Exeggutor
|-damage|p2a: Exeggutor|114\/393
|
|turn|9
|J|TheRealSaltyChips
|choice|switch 3|move 1
|
|switch|p1a: Starmie|Starmie|259\/323
|move|p2a: Exeggutor|Sleep Powder|p1a: Starmie
|-status|p1a: Starmie|slp
|
|turn|10
|choice|move 1|move 2
|
|cant|p1a: Starmie|slp
|move|p2a: Exeggutor|Stun Spore|p1a: Starmie
|-fail|p1a: Starmie
|
|turn|11
|L|TheRealSaltyChips
|choice|switch 3|switch 4
|
|switch|p1a: Snorlax|Snorlax|523\/523
|switch|p2a: Chansey|Chansey|606\/703 par
|
|turn|12
|choice|move 2|move 1
|
|move|p1a: Snorlax|Earthquake|p2a: Chansey
|-damage|p2a: Chansey|381\/703 par
|move|p2a: Chansey|Thunder Wave|p1a: Snorlax
|-status|p1a: Snorlax|par
|
|turn|13
|choice|move 1|switch 3
|
|switch|p2a: Snorlax|Snorlax|523\/523
|move|p1a: Snorlax|Body Slam|p2a: Snorlax
|-damage|p2a: Snorlax|377\/523
|
|turn|14
|choice|move 1|move 3
|
|move|p1a: Snorlax|Body Slam|p2a: Snorlax
|-damage|p2a: Snorlax|249\/523
|move|p2a: Snorlax|Counter|p1a: Snorlax
|-damage|p1a: Snorlax|267\/523 par
|
|turn|15
|J|The P tigris
|J|The Goomy
|choice|switch 6|move 1
|
|switch|p1a: Gengar|Gengar|323\/323
|move|p2a: Snorlax|Body Slam|p1a: Gengar
|-immune|p1a: Gengar|[msg]
|
|turn|16
|J|fleggumfl
|choice|switch 2|move 2
|
|switch|p1a: Exeggutor|Exeggutor|393\/393
|move|p2a: Snorlax|Earthquake|p1a: Exeggutor
|-resisted|p1a: Exeggutor
|-damage|p1a: Exeggutor|343\/393
|
|turn|17
|choice|switch 2|move 4
|
|switch|p1a: Gengar|Gengar|323\/323
|move|p2a: Snorlax|Self-Destruct|p1a: Gengar
|-immune|p1a: Gengar|[msg]
|faint|p2a: Snorlax
|choice||switch 3
|
|switch|p2a: Chansey|Chansey|381\/703 par
|turn|18
|choice|switch 6|move 4
|
|switch|p1a: Snorlax|Snorlax|267\/523 par
|move|p2a: Chansey|Soft-Boiled|p2a: Chansey
|-heal|p2a: Chansey|703\/703 par
|
|turn|19
|choice|move 1|switch 4
|
|switch|p2a: Exeggutor|Exeggutor|114\/393
|move|p1a: Snorlax|Body Slam|p2a: Exeggutor
|-damage|p2a: Exeggutor|0 fnt
|faint|p2a: Exeggutor
|choice||switch 5
|
|switch|p2a: Tauros|Tauros|353\/353
|turn|20
|choice|move 4|switch 2
|
|switch|p2a: Jynx|Jynx|333\/333 slp
|move|p1a: Snorlax|Self-Destruct|p2a: Jynx
|-damage|p2a: Jynx|0 fnt
|faint|p2a: Jynx
|faint|p1a: Snorlax
|choice|switch 5|switch 2
|
|switch|p1a: Tauros|Tauros|353\/353
|switch|p2a: Tauros|Tauros|353\/353
|turn|21
|choice|move 2|move 1
|
|move|p1a: Tauros|Body Slam|p2a: Tauros
|-damage|p2a: Tauros|251\/353
|move|p2a: Tauros|Body Slam|p1a: Tauros
|-crit|p1a: Tauros
|-damage|p1a: Tauros|136\/353
|
|turn|22
|choice|switch 2|move 4
|
|switch|p1a: Exeggutor|Exeggutor|343\/393
|move|p2a: Tauros|Hyper Beam|p1a: Exeggutor
|-damage|p1a: Exeggutor|134\/393
|
|turn|23
|-mustrecharge|p2a: Tauros
|-mustrecharge|p2a: Tauros
|choice|move 3|move 1
|
|cant|p2a: Tauros|recharge
|move|p1a: Exeggutor|Sleep Powder|p2a: Tauros
|-status|p2a: Tauros|slp
|
|turn|24
|choice|switch 2|switch 4
|
|switch|p2a: Chansey|Chansey|703\/703 par
|switch|p1a: Tauros|Tauros|136\/353
|
|turn|25
|choice|move 2|move 1
|
|move|p1a: Tauros|Body Slam|p2a: Chansey
|-crit|p2a: Chansey
|-damage|p2a: Chansey|127\/703 par
|cant|p2a: Chansey|par
|
|turn|26
|choice|move 2|move 1
|
|move|p1a: Tauros|Body Slam|p2a: Chansey
|-crit|p2a: Chansey
|-damage|p2a: Chansey|0 fnt
|faint|p2a: Chansey
|choice||switch 6
|
|switch|p2a: Persian|Persian|333\/333
|turn|27
|choice|switch 6|move 4
|
|switch|p1a: Gengar|Gengar|323\/323
|move|p2a: Persian|Thunder|p1a: Gengar|[miss]
|-miss|p2a: Persian
|
|turn|28
|choice|move 3|move 4
|
|move|p2a: Persian|Thunder|p1a: Gengar
|-damage|p1a: Gengar|263\/323
|move|p1a: Gengar|Thunderbolt|p2a: Persian
|-crit|p2a: Persian
|-damage|p2a: Persian|110\/333
|
|turn|29
|choice|move 3|move 4
|
|move|p2a: Persian|Thunder|p1a: Gengar
|-damage|p1a: Gengar|200\/323
|move|p1a: Gengar|Thunderbolt|p2a: Persian
|-damage|p2a: Persian|0 fnt
|faint|p2a: Persian
|choice||switch 4
|
|switch|p2a: Tauros|Tauros|251\/353 slp
|turn|30
|L|The P tigris
|choice|move 3|move 2
|
|move|p1a: Gengar|Thunderbolt|p2a: Tauros
|-damage|p2a: Tauros|141\/353 slp
|cant|p2a: Tauros|slp
|
|turn|31
|c|★Beds|gg
|c|★Lusch|gg
|choice|move 3|move 2
|
|move|p1a: Gengar|Thunderbolt|p2a: Tauros
|-damage|p2a: Tauros|35\/353 slp
|cant|p2a: Tauros|slp
|
|turn|32
|choice|move 3|move 2
|
|move|p1a: Gengar|Thunderbolt|p2a: Tauros
|-damage|p2a: Tauros|0 fnt
|faint|p2a: Tauros
|
|win|Lusch