|J|Beds
|J|slurmz
|player|p1|Beds|252
|player|p2|slurmz|133
|gametype|singles
|gen|1
|tier|[Gen 1] OU
|seed|24487,1952,8465,56679
|rule|Sleep Clause Mod: Limit one foe put to sleep
|rule|Freeze Clause Mod: Limit one foe frozen
|rule|Species Clause: Limit one of each Pokémon
|rule|OHKO Clause: OHKO moves are banned
|rule|Evasion Moves Clause: Evasion moves are banned
|rule|HP Percentage Mod: HP is shown in percentages
|
|start
|switch|p1a: Starmie|Starmie|323\/323
|switch|p2a: folie à deux|Alakazam|313\/313
|turn|1
|J|xtraShine
|J|Alexander
|J|ibaneful
|J|Lockheeed
|L|xtraShine
|J|Nudi
|J|Genesis7
|L|Lockheeed
|c|★Beds|gl
|L|Alexander
|J|Barian
|choice|switch 2|move 3
|
|switch|p1a: Exeggutor|Exeggutor|393\/393
|move|p2a: folie à deux|Thunder Wave|p1a: Exeggutor
|-status|p1a: Exeggutor|par
|
|turn|2
|J|KratosMana
|L|Barian
|choice|move 1|move 2
|
|move|p2a: folie à deux|Seismic Toss|p1a: Exeggutor
|-damage|p1a: Exeggutor|293\/393 par
|move|p1a: Exeggutor|Sleep Powder|p2a: folie à deux
|-status|p2a: folie à deux|slp
|
|turn|3
|choice|switch 5|switch 6
|
|switch|p2a: the gold standard|Chansey|703\/703
|switch|p1a: Snorlax|Snorlax|523\/523
|
|turn|4
|J|Omfuga
|choice|switch 3|move 2
|
|switch|p1a: Chansey|Chansey|703\/703
|move|p2a: the gold standard|Thunder Wave|p1a: Chansey
|-status|p1a: Chansey|par
|
|turn|5
|L|Omfuga
|choice|move 2|move 2
|
|move|p2a: the gold standard|Thunder Wave|p1a: Chansey
|-fail|p1a: Chansey|par
|move|p1a: Chansey|Ice Beam|p2a: the gold standard
|-damage|p2a: the gold standard|624\/703
|
|turn|6
|L|Nudi
|choice|move 2|switch 6
|
|switch|p2a: folie à deux|Alakazam|313\/313 slp
|move|p1a: Chansey|Ice Beam|p2a: folie à deux
|-damage|p2a: folie à deux|251\/313 slp
|
|turn|7
|L|ibaneful
|choice|switch 3|move 1
|
|switch|p1a: Snorlax|Snorlax|523\/523
|cant|p2a: folie à deux|slp
|
|turn|8
|choice|move 1|switch 6
|
|switch|p2a: the gold standard|Chansey|624\/703
|move|p1a: Snorlax|Body Slam|p2a: the gold standard
|-damage|p2a: the gold standard|316\/703
|
|turn|9
|choice|switch 3|move 1
|
|switch|p1a: Chansey|Chansey|703\/703 par
|move|p2a: the gold standard|Soft-Boiled|p2a: the gold standard
|-heal|p2a: the gold standard|667\/703
|
|turn|10
|choice|move 1|switch 6
|
|switch|p2a: folie à deux|Alakazam|251\/313 slp
|move|p1a: Chansey|Thunder Wave|p2a: folie à deux
|-fail|p2a: folie à deux
|
|turn|11
|c|★slurmz|Hf
|choice|switch 3|move 1
|
|switch|p1a: Snorlax|Snorlax|523\/523
|-curestatus|p2a: folie à deux|slp
|
|turn|12
|choice|move 1|move 3
|
|move|p2a: folie à deux|Thunder Wave|p1a: Snorlax
|-status|p1a: Snorlax|par
|cant|p1a: Snorlax|par
|
|turn|13
|choice|move 1|switch 6
|
|switch|p2a: the gold standard|Chansey|667\/703
|move|p1a: Snorlax|Body Slam|p2a: the gold standard
|-damage|p2a: the gold standard|388\/703
|
|turn|14
|choice|move 3|move 1
|
|move|p2a: the gold standard|Soft-Boiled|p2a: the gold standard
|-heal|p2a: the gold standard|703\/703
|move|p1a: Snorlax|Blizzard|p2a: the gold standard
|-crit|p2a: the gold standard
|-damage|p2a: the gold standard|561\/703
|-status|p2a: the gold standard|frz
|
|turn|15
|c|★Beds|ok that works
|J|finally
|c|★slurmz|.
|c|★Beds|i was just scouting for counter lol
|c|★slurmz|I know
|c|★slurmz|I wasnt going to counter
|c|★slurmz|Expecting you
|c|★slurmz|To scout
|c|★slurmz|I was goimg.to
|c|★slurmz|Next tur 
|c|★slurmz|N
|choice|move 1|switch 2
|
|switch|p2a: west coast smoker|Golem|363\/363
|move|p1a: Snorlax|Body Slam|p2a: west coast smoker
|-resisted|p2a: west coast smoker
|-damage|p2a: west coast smoker|320\/363
|
|turn|16
|choice|move 3|move 2
|
|move|p2a: west coast smoker|Earthquake|p1a: Snorlax
|-damage|p1a: Snorlax|364\/523 par
|move|p1a: Snorlax|Blizzard|p2a: west coast smoker
|-supereffective|p2a: west coast smoker
|-damage|p2a: west coast smoker|106\/363
|
|turn|17
|choice|move 3|move 2
|
|move|p2a: west coast smoker|Earthquake|p1a: Snorlax
|-damage|p1a: Snorlax|190\/523 par
|move|p1a: Snorlax|Blizzard|p2a: west coast smoker
|-supereffective|p2a: west coast smoker
|-damage|p2a: west coast smoker|0 fnt
|faint|p2a: west coast smoker
|choice||switch 4
|
|switch|p2a: w.a.m.s.|Tauros|353\/353
|turn|18
|choice|move 4|move 1
|
|move|p2a: w.a.m.s.|Body Slam|p1a: Snorlax
|-crit|p1a: Snorlax
|-damage|p1a: Snorlax|0 fnt
|faint|p1a: Snorlax
|choice|switch 2|
|
|switch|p1a: Starmie|Starmie|323\/323
|turn|19
|choice|move 1|switch 6
|
|switch|p2a: folie à deux|Alakazam|251\/313
|move|p1a: Starmie|Thunder Wave|p2a: folie à deux
|-status|p2a: folie à deux|par
|
|turn|20
|choice|switch 3|switch 3
|
|switch|p1a: Chansey|Chansey|703\/703 par
|switch|p2a: disloyal order|Zapdos|383\/383
|
|turn|21
|choice|move 1|move 2
|
|move|p2a: disloyal order|Agility|p2a: disloyal order
|-boost|p2a: disloyal order|spe|2
|cant|p1a: Chansey|par
|
|turn|22
|choice|move 2|move 3
|
|move|p2a: disloyal order|Drill Peck|p1a: Chansey
|-damage|p1a: Chansey|462\/703 par
|move|p1a: Chansey|Ice Beam|p2a: disloyal order
|-supereffective|p2a: disloyal order
|-damage|p2a: disloyal order|253\/383
|
|turn|23
|choice|move 2|move 3
|
|move|p2a: disloyal order|Drill Peck|p1a: Chansey
|-damage|p1a: Chansey|213\/703 par
|move|p1a: Chansey|Ice Beam|p2a: disloyal order
|-supereffective|p2a: disloyal order
|-damage|p2a: disloyal order|113\/383
|
|turn|24
|c|★slurmz|Inb4 u hacked
|c|★slurmz|And removed
|c|★slurmz|Sleep clause
|c|★slurmz|Freexe
|c|★slurmz|*
|choice|move 2|move 3
|
|move|p2a: disloyal order|Drill Peck|p1a: Chansey
|-damage|p1a: Chansey|0 fnt
|faint|p1a: Chansey
|choice|switch 5|
|
|switch|p1a: Exeggutor|Exeggutor|293\/393 par
|turn|25
|choice|move 3|move 3
|
|move|p2a: disloyal order|Drill Peck|p1a: Exeggutor
|-supereffective|p1a: Exeggutor
|-damage|p1a: Exeggutor|94\/393 par
|move|p1a: Exeggutor|Psychic|p2a: disloyal order
|-damage|p2a: disloyal order|11\/383
|
|turn|26
|c|★slurmz|nuo
|c|★Beds|oh that doesn't kill
|choice|move 2|move 3
|
|move|p2a: disloyal order|Drill Peck|p1a: Exeggutor
|-supereffective|p1a: Exeggutor
|-damage|p1a: Exeggutor|0 fnt
|faint|p1a: Exeggutor
|choice|switch 3|
|
|switch|p1a: Starmie|Starmie|323\/323
|turn|27
|c|★Beds|don't crit
|choice|move 3|move 4
|
|move|p2a: disloyal order|Thunder|p1a: Starmie|[miss]
|-miss|p2a: disloyal order
|move|p1a: Starmie|Psychic|p2a: disloyal order
|-damage|p2a: disloyal order|0 fnt
|faint|p2a: disloyal order
|c|★Beds|or that
|choice||switch 5
|
|switch|p2a: what a catch!|Exeggutor|393\/393
|turn|28
|L|KratosMana
|choice|move 2|move 1
|
|move|p1a: Starmie|Blizzard|p2a: what a catch!
|-supereffective|p2a: what a catch!
|-damage|p2a: what a catch!|235\/393
|move|p2a: what a catch!|Sleep Powder|p1a: Starmie
|-status|p1a: Starmie|slp
|
|turn|29
|L|finally
|choice|move 2|move 2
|
|cant|p1a: Starmie|slp
|move|p2a: what a catch!|Stun Spore|p1a: Starmie|[miss]
|-miss|p2a: what a catch!
|
|turn|30
|choice|move 2|switch 6
|
|switch|p2a: w.a.m.s.|Tauros|353\/353
|cant|p1a: Starmie|slp
|
|turn|31
|choice|switch 6|move 1
|
|switch|p1a: Slowbro|Slowbro|393\/393
|move|p2a: w.a.m.s.|Body Slam|p1a: Slowbro
|-damage|p1a: Slowbro|292\/393
|
|turn|32
|c|★slurmz|Oh no!
|choice|move 1|switch 3
|
|switch|p2a: folie à deux|Alakazam|251\/313 par
|move|p1a: Slowbro|Thunder Wave|p2a: folie à deux
|-fail|p2a: folie à deux|par
|
|turn|33
|choice|move 2|move 3
|
|move|p1a: Slowbro|Amnesia|p1a: Slowbro
|-boost|p1a: Slowbro|spd|2
|-boost|p1a: Slowbro|spa|2
|move|p2a: folie à deux|Thunder Wave|p1a: Slowbro
|-status|p1a: Slowbro|par
|
|turn|34
|choice|move 3|move 2
|
|move|p1a: Slowbro|Surf|p2a: folie à deux
|-damage|p2a: folie à deux|93\/313 par
|cant|p2a: folie à deux|par
|
|turn|35
|choice|move 3|move 2
|
|cant|p1a: Slowbro|par
|cant|p2a: folie à deux|par
|
|turn|36
|choice|move 3|move 2
|
|move|p1a: Slowbro|Surf|p2a: folie à deux
|-damage|p2a: folie à deux|0 fnt
|faint|p2a: folie à deux
|c|★slurmz|Rofl
|choice||switch 6
|
|switch|p2a: what a catch!|Exeggutor|235\/393
|turn|37
|choice|move 3|switch 3
|
|switch|p2a: w.a.m.s.|Tauros|353\/353
|move|p1a: Slowbro|Surf|p2a: w.a.m.s.
|-damage|p2a: w.a.m.s.|126\/353
|
|turn|38
|c|★slurmz|Oh
|c|★slurmz|What
|c|★Beds|nice try lad
|c|★slurmz|So the rock
|c|★slurmz|Is ur last
|c|★slurmz|I see
|choice|move 3|switch 3
|
|switch|p2a: what a catch!|Exeggutor|235\/393
|move|p1a: Slowbro|Surf|p2a: what a catch!
|-resisted|p2a: what a catch!
|-damage|p2a: what a catch!|149\/393
|
|turn|39
|J|Vileman
|c|★slurmz|Ill
|c|★slurmz|Do it again
|choice|move 1|switch 3
|
|switch|p2a: w.a.m.s.|Tauros|126\/353
|cant|p1a: Slowbro|par
|
|turn|40
|c|★Beds|i am not quite sure what this is accomplishing
|choice|move 3|switch 3
|
|switch|p2a: what a catch!|Exeggutor|149\/393
|move|p1a: Slowbro|Surf|p2a: what a catch!
|-resisted|p2a: what a catch!
|-damage|p2a: what a catch!|66\/393
|
|turn|41
|J|KratosMana
|choice|switch 6|move 2
|
|switch|p1a: Starmie|Starmie|323\/323 slp
|move|p2a: what a catch!|Stun Spore|p1a: Starmie
|-fail|p1a: Starmie
|
|turn|42
|L|KratosMana
|choice|move 2|switch 3
|
|switch|p2a: w.a.m.s.|Tauros|126\/353
|-curestatus|p1a: Starmie|slp
|
|turn|43
|choice|move 1|switch 2
|
|switch|p2a: the gold standard|Chansey|561\/703 frz
|move|p1a: Starmie|Thunder Wave|p2a: the gold standard
|-fail|p2a: the gold standard
|
|turn|44
|c|★slurmz|Gg
|c|★slurmz|S
|-message|slurmz forfeited.
|
|win|Beds