|J|Earthworm
|J|Dice
|player|p1|Earthworm|1
|player|p2|Dice|134
|gametype|singles
|gen|1
|tier|[Gen 1] OU
|seed|
|rule|Sleep Clause Mod: Limit one foe put to sleep
|rule|Freeze Clause Mod: Limit one foe frozen
|rule|Species Clause: Limit one of each Pokémon
|rule|OHKO Clause: OHKO moves are banned
|rule|Evasion Moves Clause: Evasion moves are banned
|rule|HP Percentage Mod: HP is shown in percentages
|
|start
|switch|p1a: Gengar|Gengar, M|100\/100
|switch|p2a: Alakazam|Alakazam|100\/100
|turn|1
|choice||
|
|move|p2a: Alakazam|Thunder Wave|p1a: Gengar
|-status|p1a: Gengar|par
|move|p1a: Gengar|Hypnosis|p2a: Alakazam
|-status|p2a: Alakazam|slp
|
|turn|2
|choice||
|
|cant|p2a: Alakazam|slp
|move|p1a: Gengar|Night Shade|p2a: Alakazam
|-damage|p2a: Alakazam|69\/100 slp
|
|turn|3
|J|mccauley
|choice||
|
|cant|p2a: Alakazam|slp
|cant|p1a: Gengar|par
|
|turn|4
|choice||
|
|cant|p2a: Alakazam|slp
|move|p1a: Gengar|Night Shade|p2a: Alakazam
|-damage|p2a: Alakazam|37\/100 slp
|
|turn|5
|choice||
|
|-curestatus|p2a: Alakazam|slp
|move|p1a: Gengar|Night Shade|p2a: Alakazam
|-damage|p2a: Alakazam|5\/100
|
|turn|6
|choice||
|
|move|p2a: Alakazam|Recover|p2a: Alakazam
|-heal|p2a: Alakazam|54\/100
|move|p1a: Gengar|Hypnosis|p2a: Alakazam|[miss]
|-miss|p1a: Gengar
|
|turn|7
|choice||
|
|switch|p1a: Exeggutor|Exeggutor, M|100\/100
|move|p2a: Alakazam|Psychic|p1a: Exeggutor
|-resisted|p1a: Exeggutor
|-damage|p1a: Exeggutor|85\/100
|-unboost|p1a: Exeggutor|spd|1
|-unboost|p1a: Exeggutor|spa|1
|
|turn|8
|J|Bro Kappa
|choice||
|
|move|p2a: Alakazam|Thunder Wave|p1a: Exeggutor
|-status|p1a: Exeggutor|par
|move|p1a: Exeggutor|Sleep Powder|p2a: Alakazam
|-status|p2a: Alakazam|slp
|
|turn|9
|choice||
|
|cant|p2a: Alakazam|slp
|move|p1a: Exeggutor|Stun Spore|p2a: Alakazam
|-fail|p2a: Alakazam
|
|turn|10
|choice||
|
|-curestatus|p2a: Alakazam|slp
|cant|p1a: Exeggutor|par
|
|turn|11
|choice||
|
|move|p2a: Alakazam|Psychic|p1a: Exeggutor
|-resisted|p1a: Exeggutor
|-damage|p1a: Exeggutor|64\/100 par
|-unboost|p1a: Exeggutor|spd|1
|-unboost|p1a: Exeggutor|spa|1
|move|p1a: Exeggutor|Sleep Powder|p2a: Alakazam|[miss]
|-miss|p1a: Exeggutor
|
|turn|12
|J|smurfer
|choice||
|
|move|p2a: Alakazam|Psychic|p1a: Exeggutor
|-crit|p1a: Exeggutor
|-resisted|p1a: Exeggutor
|-damage|p1a: Exeggutor|37\/100 par
|move|p1a: Exeggutor|Sleep Powder|p2a: Alakazam|[miss]
|-miss|p1a: Exeggutor
|
|turn|13
|J|Wulava (Snoo)
|choice||
|
|move|p2a: Alakazam|Psychic|p1a: Exeggutor
|-resisted|p1a: Exeggutor
|-damage|p1a: Exeggutor|8\/100 par
|-unboost|p1a: Exeggutor|spd|1
|-unboost|p1a: Exeggutor|spa|1
|move|p1a: Exeggutor|Explosion|p2a: Alakazam
|-damage|p2a: Alakazam|0 fnt
|faint|p2a: Alakazam
|faint|p1a: Exeggutor
|choice||
|
|switch|p1a: Chansey|Chansey|100\/100
|switch|p2a: Golem|Golem|100\/100
|turn|14
|choice||
|
|move|p1a: Chansey|Ice Beam|p2a: Golem
|-supereffective|p2a: Golem
|-damage|p2a: Golem|37\/100
|move|p2a: Golem|Explosion|p1a: Chansey
|-damage|p1a: Chansey|0 fnt
|faint|p1a: Chansey
|faint|p2a: Golem
|choice||
|
|switch|p1a: Gengar|Gengar, M|100\/100 par
|switch|p2a: Rhydon|Rhydon|100\/100
|turn|15
|choice||
|
|switch|p1a: Slowbro|Slowbro, M|100\/100
|move|p2a: Rhydon|Substitute|p2a: Rhydon
|-start|p2a: Rhydon|Substitute
|-damage|p2a: Rhydon|76\/100
|
|turn|16
|choice||
|
|move|p2a: Rhydon|Earthquake|p1a: Slowbro
|-damage|p1a: Slowbro|67\/100
|move|p1a: Slowbro|Surf|p2a: Rhydon
|-supereffective|p2a: Rhydon
|-end|p2a: Rhydon|Substitute
|
|turn|17
|choice||
|
|switch|p2a: Starmie|Starmie|100\/100
|move|p1a: Slowbro|Surf|p2a: Starmie
|-resisted|p2a: Starmie
|-damage|p2a: Starmie|87\/100
|
|turn|18
|choice||
|
|switch|p2a: Rhydon|Rhydon|76\/100
|move|p1a: Slowbro|Thunder Wave|p2a: Rhydon
|-immune|p2a: Rhydon|[msg]
|
|turn|19
|choice||
|
|switch|p2a: Starmie|Starmie|87\/100
|move|p1a: Slowbro|Thunder Wave|p2a: Starmie
|-status|p2a: Starmie|par
|
|turn|20
|choice||
|
|switch|p1a: Golem|Golem, M|100\/100
|move|p2a: Starmie|Thunderbolt|p1a: Golem
|-immune|p1a: Golem|[msg]
|
|turn|21
|choice||
|
|switch|p2a: Exeggutor|Exeggutor|100\/100
|move|p1a: Golem|Earthquake|p2a: Exeggutor
|-resisted|p2a: Exeggutor
|-damage|p2a: Exeggutor|82\/100
|
|turn|22
|choice||
|
|move|p2a: Exeggutor|Sleep Powder|p1a: Golem
|-status|p1a: Golem|slp
|cant|p1a: Golem|slp
|
|turn|23
|choice||
|
|switch|p1a: Slowbro|Slowbro, M|67\/100
|move|p2a: Exeggutor|Psychic|p1a: Slowbro
|-resisted|p1a: Slowbro
|-damage|p1a: Slowbro|47\/100
|
|turn|24
|choice||
|
|switch|p2a: Starmie|Starmie|87\/100 par
|move|p1a: Slowbro|Thunder Wave|p2a: Starmie
|-fail|p2a: Starmie|par
|
|turn|25
|choice||
|
|move|p1a: Slowbro|Amnesia|p1a: Slowbro
|-boost|p1a: Slowbro|spd|2
|-boost|p1a: Slowbro|spa|2
|move|p2a: Starmie|Thunderbolt|p1a: Slowbro
|-supereffective|p1a: Slowbro
|-damage|p1a: Slowbro|26\/100
|
|turn|26
|choice||
|
|move|p1a: Slowbro|Surf|p2a: Starmie
|-crit|p2a: Starmie
|-resisted|p2a: Starmie
|-damage|p2a: Starmie|60\/100 par
|cant|p2a: Starmie|par
|
|turn|27
|J|boudouche
|L|boudouche
|choice||
|
|move|p1a: Slowbro|Surf|p2a: Starmie
|-resisted|p2a: Starmie
|-damage|p2a: Starmie|31\/100 par
|cant|p2a: Starmie|par
|
|turn|28
|choice||
|
|move|p1a: Slowbro|Surf|p2a: Starmie
|-resisted|p2a: Starmie
|-damage|p2a: Starmie|0 fnt
|faint|p2a: Starmie
|choice||
|
|switch|p2a: Rhydon|Rhydon|76\/100
|turn|29
|choice||
|
|move|p2a: Rhydon|Earthquake|p1a: Slowbro
|-damage|p1a: Slowbro|0 fnt
|faint|p1a: Slowbro
|choice||
|
|switch|p1a: Tauros|Tauros|100\/100
|turn|30
|choice||
|
|move|p1a: Tauros|Blizzard|p2a: Rhydon
|-crit|p2a: Rhydon
|-supereffective|p2a: Rhydon
|-damage|p2a: Rhydon|0 fnt
|faint|p2a: Rhydon
|choice||
|
|switch|p2a: Exeggutor|Exeggutor|82\/100
|turn|31
|choice||
|
|switch|p1a: Golem|Golem, M|100\/100 slp
|move|p2a: Exeggutor|Psychic|p1a: Golem
|-damage|p1a: Golem|48\/100 slp
|
|turn|32
|choice||
|
|move|p2a: Exeggutor|Psychic|p1a: Golem
|-damage|p1a: Golem|0 fnt
|faint|p1a: Golem
|choice||
|
|switch|p1a: Gengar|Gengar, M|100\/100 par
|turn|33
|choice||
|
|move|p2a: Exeggutor|Psychic|p1a: Gengar
|-crit|p1a: Gengar
|-supereffective|p1a: Gengar
|-damage|p1a: Gengar|0 fnt
|faint|p1a: Gengar
|choice||
|
|switch|p1a: Tauros|Tauros|100\/100
|turn|34
|choice||
|
|move|p1a: Tauros|Hyper Beam|p2a: Exeggutor
|-damage|p2a: Exeggutor|37\/100
|move|p2a: Exeggutor|Explosion|p1a: Tauros
|-damage|p1a: Tauros|28\/100
|faint|p2a: Exeggutor
|choice||
|
|switch|p2a: Tauros|Tauros|100\/100
|turn|35
|-mustrecharge|p1a: Tauros
|-mustrecharge|p1a: Tauros
|choice||
|
|cant|p1a: Tauros|recharge
|move|p2a: Tauros|Body Slam|p1a: Tauros
|-damage|p1a: Tauros|0 fnt
|faint|p1a: Tauros
|
|win|Dice