|J|trc
|J|Dice
|player|p1|trc|#trc
|player|p2|Dice|168
|gametype|singles
|gen|1
|tier|[Gen 1] OU
|seed|347,38361,47517,55471
|rule|Sleep Clause Mod: Limit one foe put to sleep
|rule|Freeze Clause Mod: Limit one foe frozen
|rule|Species Clause: Limit one of each Pokémon
|rule|OHKO Clause: OHKO moves are banned
|rule|Evasion Moves Clause: Evasion moves are banned
|rule|HP Percentage Mod: HP is shown in percentages
|
|start
|switch|p1a: Alakazam|Alakazam|313\/313
|switch|p2a: Starmie|Starmie|323\/323
|turn|1
|choice|move 3|move 4
|
|move|p1a: Alakazam|Thunder Wave|p2a: Starmie
|-status|p2a: Starmie|par
|cant|p2a: Starmie|par
|
|turn|2
|J|choollio
|J|Finchinator
|choice|move 1|move 4
|
|move|p1a: Alakazam|Seismic Toss|p2a: Starmie
|-damage|p2a: Starmie|223\/323 par
|move|p2a: Starmie|Thunder Wave|p1a: Alakazam
|-status|p1a: Alakazam|par
|
|turn|3
|choice|move 2|move 2
|
|cant|p1a: Alakazam|par
|move|p2a: Starmie|Recover|p2a: Starmie
|-heal|p2a: Starmie|323\/323 par
|
|turn|4
|choice|move 1|move 3
|
|move|p1a: Alakazam|Seismic Toss|p2a: Starmie
|-damage|p2a: Starmie|223\/323 par
|move|p2a: Starmie|Psychic|p1a: Alakazam
|-resisted|p1a: Alakazam
|-damage|p1a: Alakazam|273\/313 par
|
|turn|5
|choice|move 1|move 2
|
|move|p1a: Alakazam|Seismic Toss|p2a: Starmie
|-damage|p2a: Starmie|123\/323 par
|move|p2a: Starmie|Recover|p2a: Starmie
|-heal|p2a: Starmie|284\/323 par
|
|turn|6
|choice|move 1|switch 6
|
|switch|p2a: Snorlax|Snorlax|523\/523
|cant|p1a: Alakazam|par
|
|turn|7
|J|ggggd
|choice|switch 3|move 1
|
|switch|p1a: Lapras|Lapras|463\/463
|move|p2a: Snorlax|Body Slam|p1a: Lapras
|-damage|p1a: Lapras|348\/463
|
|turn|8
|choice|move 4|move 1
|
|move|p1a: Lapras|Confuse Ray|p2a: Snorlax
|-start|p2a: Snorlax|confusion
|-activate|p2a: Snorlax|confusion
|-damage|p2a: Snorlax|475\/523|[from] confusion
|
|turn|9
|choice|move 3|switch 6
|
|switch|p2a: Starmie|Starmie|284\/323 par
|move|p1a: Lapras|Body Slam|p2a: Starmie
|-damage|p2a: Starmie|218\/323 par
|
|turn|10
|J|KratosMana
|choice|move 2|switch 6
|
|switch|p2a: Snorlax|Snorlax|475\/523
|move|p1a: Lapras|Thunderbolt|p2a: Snorlax
|-damage|p2a: Snorlax|373\/523
|-status|p2a: Snorlax|par
|
|turn|11
|choice|move 4|move 1
|
|move|p1a: Lapras|Confuse Ray|p2a: Snorlax
|-start|p2a: Snorlax|confusion
|-activate|p2a: Snorlax|confusion
|-damage|p2a: Snorlax|325\/523 par|[from] confusion
|
|turn|12
|L|KratosMana
|choice|move 1|move 4
|
|move|p1a: Lapras|Blizzard|p2a: Snorlax
|-damage|p2a: Snorlax|154\/523 par
|-activate|p2a: Snorlax|confusion
|move|p2a: Snorlax|Self-Destruct|p1a: Lapras
|-damage|p1a: Lapras|0 fnt
|faint|p1a: Lapras
|faint|p2a: Snorlax
|choice|switch 4|switch 6
|
|switch|p1a: Jolteon|Jolteon|333\/333
|switch|p2a: Starmie|Starmie|218\/323 par
|turn|13
|choice|move 2|switch 5
|
|switch|p2a: Exeggutor|Exeggutor|393\/393
|move|p1a: Jolteon|Thunder Wave|p2a: Exeggutor
|-status|p2a: Exeggutor|par
|
|turn|14
|choice|switch 3|move 4
|
|switch|p1a: Alakazam|Alakazam|273\/313 par
|move|p2a: Exeggutor|Sleep Powder|p1a: Alakazam
|-fail|p1a: Alakazam
|
|turn|15
|choice|move 1|switch 5
|
|switch|p2a: Starmie|Starmie|218\/323 par
|move|p1a: Alakazam|Seismic Toss|p2a: Starmie
|-damage|p2a: Starmie|118\/323 par
|
|turn|16
|choice|switch 3|move 2
|
|switch|p1a: Jolteon|Jolteon|333\/333
|move|p2a: Starmie|Recover|p2a: Starmie
|-heal|p2a: Starmie|279\/323 par
|
|turn|17
|choice|move 3|switch 5
|
|switch|p2a: Exeggutor|Exeggutor|393\/393 par
|move|p1a: Jolteon|Pin Missile|p2a: Exeggutor
|-supereffective|p2a: Exeggutor
|-damage|p2a: Exeggutor|350\/393 par
|-damage|p2a: Exeggutor|307\/393 par
|-damage|p2a: Exeggutor|264\/393 par
|-hitcount|p2a: Exeggutor|3
|
|turn|18
|choice|switch 3|move 1
|
|switch|p1a: Alakazam|Alakazam|273\/313 par
|move|p2a: Exeggutor|Psychic|p1a: Alakazam
|-resisted|p1a: Alakazam
|-damage|p1a: Alakazam|222\/313 par
|
|turn|19
|choice|switch 2|move 1
|
|switch|p1a: Exeggutor|Exeggutor|393\/393
|move|p2a: Exeggutor|Psychic|p1a: Exeggutor
|-resisted|p1a: Exeggutor
|-damage|p1a: Exeggutor|343\/393
|-unboost|p1a: Exeggutor|spd|1
|-unboost|p1a: Exeggutor|spa|1
|
|turn|20
|choice|move 4|move 1
|
|move|p1a: Exeggutor|Psychic|p2a: Exeggutor
|-resisted|p2a: Exeggutor
|-damage|p2a: Exeggutor|227\/393 par
|move|p2a: Exeggutor|Psychic|p1a: Exeggutor
|-resisted|p1a: Exeggutor
|-damage|p1a: Exeggutor|262\/393
|
|turn|21
|choice|switch 2|move 1
|
|switch|p1a: Alakazam|Alakazam|222\/313 par
|move|p2a: Exeggutor|Psychic|p1a: Alakazam
|-resisted|p1a: Alakazam
|-damage|p1a: Alakazam|176\/313 par
|
|turn|22
|choice|move 4|move 3
|
|cant|p1a: Alakazam|par
|cant|p2a: Exeggutor|par
|
|turn|23
|choice|move 4|move 3
|
|move|p1a: Alakazam|Recover|p1a: Alakazam
|-heal|p1a: Alakazam|313\/313 par
|move|p2a: Exeggutor|Hyper Beam|p1a: Alakazam
|-damage|p1a: Alakazam|139\/313 par
|
|turn|24
|-mustrecharge|p2a: Exeggutor
|-mustrecharge|p2a: Exeggutor
|choice|move 1|move 1
|
|move|p1a: Alakazam|Seismic Toss|p2a: Exeggutor
|-damage|p2a: Exeggutor|127\/393 par
|cant|p2a: Exeggutor|recharge
|
|turn|25
|choice|switch 2|move 2
|
|switch|p1a: Exeggutor|Exeggutor|262\/393
|move|p2a: Exeggutor|Explosion|p1a: Exeggutor
|-damage|p1a: Exeggutor|0 fnt
|faint|p1a: Exeggutor
|faint|p2a: Exeggutor
|choice|switch 2|switch 2
|
|switch|p2a: Alakazam|Alakazam|313\/313
|switch|p1a: Alakazam|Alakazam|139\/313 par
|turn|26
|choice|move 4|switch 3
|
|switch|p2a: Tauros|Tauros|353\/353
|move|p1a: Alakazam|Recover|p1a: Alakazam
|-heal|p1a: Alakazam|295\/313 par
|
|turn|27
|choice|move 3|switch 5
|
|switch|p2a: Starmie|Starmie|279\/323 par
|cant|p1a: Alakazam|par
|
|turn|28
|choice|move 1|move 3
|
|move|p1a: Alakazam|Seismic Toss|p2a: Starmie
|-damage|p2a: Starmie|179\/323 par
|move|p2a: Starmie|Psychic|p1a: Alakazam
|-crit|p1a: Alakazam
|-resisted|p1a: Alakazam
|-damage|p1a: Alakazam|218\/313 par
|
|turn|29
|choice|switch 3|move 4
|
|switch|p1a: Jolteon|Jolteon|333\/333
|move|p2a: Starmie|Thunder Wave|p1a: Jolteon
|-status|p1a: Jolteon|par
|
|turn|30
|c|★trc|nice
|choice|move 1|switch 3
|
|switch|p2a: Alakazam|Alakazam|313\/313
|move|p1a: Jolteon|Thunderbolt|p2a: Alakazam
|-damage|p2a: Alakazam|211\/313
|
|turn|31
|choice|switch 3|move 1
|
|switch|p1a: Alakazam|Alakazam|218\/313 par
|move|p2a: Alakazam|Psychic|p1a: Alakazam
|-resisted|p1a: Alakazam
|-damage|p1a: Alakazam|167\/313 par
|
|turn|32
|choice|move 4|switch 3
|
|switch|p2a: Starmie|Starmie|179\/323 par
|move|p1a: Alakazam|Recover|p1a: Alakazam
|-heal|p1a: Alakazam|313\/313 par
|
|turn|33
|choice|move 1|move 2
|
|cant|p1a: Alakazam|par
|move|p2a: Starmie|Recover|p2a: Starmie
|-heal|p2a: Starmie|323\/323 par
|
|turn|34
|choice|move 1|move 3
|
|move|p1a: Alakazam|Seismic Toss|p2a: Starmie
|-damage|p2a: Starmie|223\/323 par
|move|p2a: Starmie|Psychic|p1a: Alakazam
|-resisted|p1a: Alakazam
|-damage|p1a: Alakazam|271\/313 par
|
|turn|35
|choice|move 1|move 2
|
|move|p1a: Alakazam|Seismic Toss|p2a: Starmie
|-damage|p2a: Starmie|123\/323 par
|move|p2a: Starmie|Recover|p2a: Starmie
|-heal|p2a: Starmie|284\/323 par
|
|turn|36
|choice|move 2|move 3
|
|move|p1a: Alakazam|Psychic|p2a: Starmie
|-resisted|p2a: Starmie
|-damage|p2a: Starmie|221\/323 par
|cant|p2a: Starmie|par
|
|turn|37
|choice|move 2|move 2
|
|move|p1a: Alakazam|Psychic|p2a: Starmie
|-resisted|p2a: Starmie
|-damage|p2a: Starmie|153\/323 par
|cant|p2a: Starmie|par
|
|turn|38
|choice|switch 3|move 2
|
|switch|p1a: Jolteon|Jolteon|333\/333 par
|move|p2a: Starmie|Recover|p2a: Starmie
|-heal|p2a: Starmie|314\/323 par
|
|turn|39
|choice|move 2|switch 3
|
|switch|p2a: Alakazam|Alakazam|211\/313
|cant|p1a: Jolteon|par
|
|turn|40
|choice|move 2|move 1
|
|move|p2a: Alakazam|Psychic|p1a: Jolteon
|-crit|p1a: Jolteon
|-damage|p1a: Jolteon|97\/333 par
|-unboost|p1a: Jolteon|spd|1
|-unboost|p1a: Jolteon|spa|1
|cant|p1a: Jolteon|par
|
|turn|41
|choice|switch 3|move 1
|
|switch|p1a: Alakazam|Alakazam|271\/313 par
|move|p2a: Alakazam|Psychic|p1a: Alakazam
|-resisted|p1a: Alakazam
|-damage|p1a: Alakazam|218\/313 par
|-unboost|p1a: Alakazam|spd|1
|-unboost|p1a: Alakazam|spa|1
|
|turn|42
|choice|switch 5|switch 3
|
|switch|p2a: Starmie|Starmie|314\/323 par
|switch|p1a: Snorlax|Snorlax|523\/523
|
|turn|43
|choice|move 1|move 4
|
|move|p1a: Snorlax|Body Slam|p2a: Starmie
|-damage|p2a: Starmie|195\/323 par
|cant|p2a: Starmie|par
|
|turn|44
|choice|move 1|move 4
|
|move|p1a: Snorlax|Body Slam|p2a: Starmie
|-damage|p2a: Starmie|85\/323 par
|cant|p2a: Starmie|par
|
|turn|45
|choice|move 1|move 4
|
|move|p1a: Snorlax|Body Slam|p2a: Starmie
|-damage|p2a: Starmie|0 fnt
|faint|p2a: Starmie
|choice||switch 3
|
|switch|p2a: Alakazam|Alakazam|211\/313
|turn|46
|choice|switch 5|move 2
|
|switch|p1a: Alakazam|Alakazam|218\/313 par
|move|p2a: Alakazam|Reflect|p2a: Alakazam
|-start|p2a: Alakazam|Reflect
|
|turn|47
|choice|move 3|move 1
|
|move|p2a: Alakazam|Psychic|p1a: Alakazam
|-crit|p1a: Alakazam
|-resisted|p1a: Alakazam
|-damage|p1a: Alakazam|118\/313 par
|cant|p1a: Alakazam|par
|
|turn|48
|choice|move 4|move 1
|
|move|p2a: Alakazam|Psychic|p1a: Alakazam
|-resisted|p1a: Alakazam
|-damage|p1a: Alakazam|62\/313 par
|move|p1a: Alakazam|Recover|p1a: Alakazam
|-heal|p1a: Alakazam|218\/313 par
|
|turn|49
|choice|move 3|move 1
|
|move|p2a: Alakazam|Psychic|p1a: Alakazam
|-crit|p1a: Alakazam
|-resisted|p1a: Alakazam
|-damage|p1a: Alakazam|115\/313 par
|-unboost|p1a: Alakazam|spd|1
|-unboost|p1a: Alakazam|spa|1
|move|p1a: Alakazam|Thunder Wave|p2a: Alakazam
|-status|p2a: Alakazam|par
|
|turn|50
|choice|move 4|move 1
|
|cant|p2a: Alakazam|par
|move|p1a: Alakazam|Recover|p1a: Alakazam
|-heal|p1a: Alakazam|271\/313 par
|
|turn|51
|choice|switch 5|move 1
|
|switch|p1a: Snorlax|Snorlax|523\/523
|move|p2a: Alakazam|Psychic|p1a: Snorlax
|-damage|p1a: Snorlax|357\/523
|
|turn|52
|choice|move 1|move 3
|
|move|p1a: Snorlax|Body Slam|p2a: Alakazam
|-damage|p2a: Alakazam|130\/313 par
|move|p2a: Alakazam|Thunder Wave|p1a: Snorlax
|-status|p1a: Snorlax|par
|
|turn|53
|choice|move 4|move 4
|
|move|p2a: Alakazam|Recover|p2a: Alakazam
|-heal|p2a: Alakazam|286\/313 par
|cant|p1a: Snorlax|par
|
|turn|54
|choice|move 4|move 1
|
|move|p2a: Alakazam|Psychic|p1a: Snorlax
|-damage|p1a: Snorlax|184\/523 par
|move|p1a: Snorlax|Self-Destruct|p2a: Alakazam
|-damage|p2a: Alakazam|26\/313 par
|faint|p1a: Snorlax
|choice|switch 6|
|
|switch|p1a: Tauros|Tauros|353\/353
|turn|55
|choice|move 1|move 1
|
|move|p1a: Tauros|Body Slam|p2a: Alakazam
|-damage|p2a: Alakazam|0 fnt
|faint|p2a: Alakazam
|choice||switch 5
|
|switch|p2a: Tauros|Tauros|353\/353
|turn|56
|choice|switch 3|move 1
|
|switch|p1a: Jolteon|Jolteon|97\/333 par
|move|p2a: Tauros|Body Slam|p1a: Jolteon
|-damage|p1a: Jolteon|0 fnt
|faint|p1a: Jolteon
|choice|switch 5|
|
|switch|p1a: Alakazam|Alakazam|271\/313 par
|turn|57
|choice|move 3|move 1
|
|move|p2a: Tauros|Body Slam|p1a: Alakazam
|-crit|p1a: Alakazam
|-damage|p1a: Alakazam|0 fnt
|faint|p1a: Alakazam
|choice|switch 3|
|
|switch|p1a: Tauros|Tauros|353\/353
|turn|58
|choice|move 1|move 1
|
|move|p2a: Tauros|Body Slam|p1a: Tauros
|-damage|p1a: Tauros|243\/353
|move|p1a: Tauros|Body Slam|p2a: Tauros
|-damage|p2a: Tauros|244\/353
|
|turn|59
|choice|move 1|move 1
|
|move|p1a: Tauros|Body Slam|p2a: Tauros
|-crit|p2a: Tauros
|-damage|p2a: Tauros|56\/353
|move|p2a: Tauros|Body Slam|p1a: Tauros
|-crit|p1a: Tauros
|-damage|p1a: Tauros|46\/353
|
|turn|60
|choice|move 1|move 3
|
|move|p2a: Tauros|Earthquake|p1a: Tauros
|-crit|p1a: Tauros
|-damage|p1a: Tauros|0 fnt
|faint|p1a: Tauros
|
|win|Dice