|J|Golden Gyarados
|J|Lutra
|player|p1|Golden Gyarados|2
|player|p2|Lutra|281
|gametype|singles
|gen|1
|tier|[Gen 1] OU
|seed|23161,13206,18264,50689
|rule|Sleep Clause Mod: Limit one foe put to sleep
|rule|Freeze Clause Mod: Limit one foe frozen
|rule|Species Clause: Limit one of each Pokémon
|rule|OHKO Clause: OHKO moves are banned
|rule|Evasion Moves Clause: Evasion moves are banned
|rule|HP Percentage Mod: HP is shown in percentages
|
|start
|switch|p1a: Gengar|Gengar, M|323\/323
|switch|p2a: Gengar|Gengar, M|323\/323
|turn|1
|J|Can
|J|atomicllamas
|J|NJNP
|J|jira
|J|Mizuhime
|J|dekzeh
|J|Soulgazer
|choice|move 2|move 2
|
|move|p2a: Gengar|Hypnosis|p1a: Gengar
|-status|p1a: Gengar|slp
|cant|p1a: Gengar|slp
|
|turn|2
|J|slurmz
|J|Teddeh
|c|+slurmz|HYPE
|J|Sweep
|choice|switch 4|move 4
|
|switch|p1a: Chansey|Chansey|703\/703
|move|p2a: Gengar|Thunderbolt|p1a: Chansey
|-damage|p1a: Chansey|611\/703
|
|turn|3
|J|lt2 sunset jesus
|J|jaredpokelegit
|J|BKC
|J|nbf per la gente
|J|Sken
|L|jaredpokelegit
|choice|switch 3|switch 2
|
|switch|p2a: Chansey|Chansey|703\/703
|switch|p1a: Exeggutor|Exeggutor, M|393\/393
|
|turn|4
|J|vvdfdvfvfv
|c|+slurmz|go golden gyarados
|J|Masterclass
|J|trap dustshoot
|choice|move 2|switch 2
|
|switch|p2a: Gengar|Gengar, M|323\/323
|move|p1a: Exeggutor|Sleep Powder|p2a: Gengar
|-status|p2a: Gengar|slp
|
|turn|5
|choice|move 1|switch 4
|
|switch|p2a: Exeggutor|Exeggutor, M|393\/393
|move|p1a: Exeggutor|Psychic|p2a: Exeggutor
|-resisted|p2a: Exeggutor
|-damage|p2a: Exeggutor|337\/393
|
|turn|6
|choice|move 3|switch 2
|
|switch|p2a: Chansey|Chansey|703\/703
|move|p1a: Exeggutor|Stun Spore|p2a: Chansey|[miss]
|-miss|p1a: Exeggutor
|
|turn|7
|J|galbia
|raw|<div class="broadcast-red"><b>Moderated chat was set to @!<\/b><br \/>Only users of rank @ and higher can talk.<\/div>
|choice|switch 3|move 4
|
|switch|p1a: Chansey|Chansey|611\/703
|move|p2a: Chansey|Thunder Wave|p1a: Chansey
|-status|p1a: Chansey|par
|
|turn|8
|choice|move 1|switch 3
|
|switch|p2a: Snorlax|Snorlax, M|523\/523
|move|p1a: Chansey|Ice Beam|p2a: Snorlax
|-damage|p2a: Snorlax|425\/523
|
|turn|9
|J|shaneghoul
|J|Vinc2612
|choice|switch 4|move 1
|
|switch|p1a: Gengar|Gengar, M|323\/323 slp
|move|p2a: Snorlax|Body Slam|p1a: Gengar
|-immune|p1a: Gengar|[msg]
|
|turn|10
|J|Valentine
|choice|switch 3|move 1
|
|switch|p1a: Exeggutor|Exeggutor, M|393\/393
|move|p2a: Snorlax|Body Slam|p1a: Exeggutor
|-damage|p1a: Exeggutor|271\/393
|
|turn|11
|J|CrashinBoomBang
|J|seeme
|J|Triangles RSE
|choice|move 3|switch 3
|
|switch|p2a: Chansey|Chansey|703\/703
|move|p1a: Exeggutor|Stun Spore|p2a: Chansey
|-status|p2a: Chansey|par
|
|turn|12
|choice|switch 4|move 1
|
|switch|p1a: Chansey|Chansey|611\/703 par
|move|p2a: Chansey|Ice Beam|p1a: Chansey
|-damage|p1a: Chansey|535\/703 par
|
|turn|13
|J|smilzo
|choice|move 3|move 1
|
|move|p2a: Chansey|Ice Beam|p1a: Chansey
|-crit|p1a: Chansey
|-damage|p1a: Chansey|399\/703 par
|cant|p1a: Chansey|par
|
|turn|14
|choice|move 3|switch 3
|
|switch|p2a: Snorlax|Snorlax, M|425\/523
|move|p1a: Chansey|Thunder Wave|p2a: Snorlax
|-status|p2a: Snorlax|par
|
|turn|15
|choice|move 2|move 1
|
|cant|p1a: Chansey|par
|move|p2a: Snorlax|Body Slam|p1a: Chansey
|-damage|p1a: Chansey|101\/703 par
|
|turn|16
|J|Based Scythe
|choice|move 2|move 2
|
|cant|p1a: Chansey|par
|move|p2a: Snorlax|Hyper Beam|p1a: Chansey
|-damage|p1a: Chansey|0 fnt
|faint|p1a: Chansey
|J|CorrinNorh
|choice|switch 5|
|
|switch|p1a: Snorlax|Snorlax, M|523\/523
|turn|17
|J|Astounded
|choice|move 2|move 1
|
|move|p1a: Snorlax|Reflect|p1a: Snorlax
|-start|p1a: Snorlax|Reflect
|move|p2a: Snorlax|Body Slam|p1a: Snorlax
|-damage|p1a: Snorlax|448\/523
|
|turn|18
|L|galbia
|J|Century Express
|choice|move 3|switch 2
|
|switch|p2a: Exeggutor|Exeggutor, M|337\/393
|move|p1a: Snorlax|Earthquake|p2a: Exeggutor
|-resisted|p2a: Exeggutor
|-damage|p2a: Exeggutor|288\/393
|
|turn|19
|J|reeeeeeeeeweeeee
|J|Roundabout Zodiak
|choice|switch 4|move 3
|
|switch|p1a: Exeggutor|Exeggutor, M|271\/393
|move|p2a: Exeggutor|Psychic|p1a: Exeggutor
|-resisted|p1a: Exeggutor
|-damage|p1a: Exeggutor|216\/393
|
|turn|20
|choice|switch 4|switch 3
|
|switch|p1a: Snorlax|Snorlax, M|448\/523
|switch|p2a: Chansey|Chansey|703\/703 par
|
|turn|21
|J|Suhnnnnnnny
|choice|move 1|move 4
|
|move|p1a: Snorlax|Body Slam|p2a: Chansey
|-damage|p2a: Chansey|397\/703 par
|cant|p2a: Chansey|par
|
|turn|22
|J|Nunno
|J|Esteemed User
|choice|move 3|switch 6
|
|switch|p2a: Golem|Golem, M|363\/363
|move|p1a: Snorlax|Earthquake|p2a: Golem
|-supereffective|p2a: Golem
|-damage|p2a: Golem|223\/363
|
|turn|23
|J|Shadestep
|choice|switch 4|switch 3
|
|switch|p2a: Exeggutor|Exeggutor, M|288\/393
|switch|p1a: Exeggutor|Exeggutor, M|216\/393
|
|turn|24
|J|Villa
|L|Sweep
|J|Sweep
|choice|move 3|switch 6
|
|switch|p2a: Chansey|Chansey|397\/703 par
|move|p1a: Exeggutor|Stun Spore|p2a: Chansey|[miss]
|-miss|p1a: Exeggutor
|
|turn|25
|choice|move 1|move 4
|
|move|p1a: Exeggutor|Psychic|p2a: Chansey
|-damage|p2a: Chansey|278\/703 par
|cant|p2a: Chansey|par
|
|turn|26
|choice|move 1|move 2
|
|move|p1a: Exeggutor|Psychic|p2a: Chansey
|-damage|p2a: Chansey|165\/703 par
|cant|p2a: Chansey|par
|
|turn|27
|choice|move 1|move 2
|
|move|p1a: Exeggutor|Psychic|p2a: Chansey
|-crit|p2a: Chansey
|-damage|p2a: Chansey|0 fnt
|faint|p2a: Chansey
|choice||switch 6
|
|switch|p2a: Exeggutor|Exeggutor, M|288\/393
|turn|28
|choice|move 3|move 3
|
|move|p1a: Exeggutor|Stun Spore|p2a: Exeggutor
|-status|p2a: Exeggutor|par
|move|p2a: Exeggutor|Psychic|p1a: Exeggutor
|-resisted|p1a: Exeggutor
|-damage|p1a: Exeggutor|166\/393
|
|turn|29
|J|Dear Ophelia
|choice|move 1|move 2
|
|move|p1a: Exeggutor|Psychic|p2a: Exeggutor
|-resisted|p2a: Exeggutor
|-damage|p2a: Exeggutor|239\/393 par
|-unboost|p2a: Exeggutor|spd|1
|-unboost|p2a: Exeggutor|spa|1
|move|p2a: Exeggutor|Hyper Beam|p1a: Exeggutor
|-crit|p1a: Exeggutor
|-damage|p1a: Exeggutor|0 fnt
|faint|p1a: Exeggutor
|J|Dice
|J|PastaAlSugo
|J|GOD MARTH
|L|CorrinNorh
|J|cyber w
|L|cyber w
|J|ChillShadow
|choice|switch 4|
|
|switch|p1a: Snorlax|Snorlax, M|448\/523
|turn|30
|choice|move 2|move 3
|
|move|p1a: Snorlax|Reflect|p1a: Snorlax
|-start|p1a: Snorlax|Reflect
|move|p2a: Exeggutor|Psychic|p1a: Snorlax
|-damage|p1a: Snorlax|343\/523
|
|turn|31
|L|Vinc2612
|J|Foggi
|choice|move 1|switch 4
|
|switch|p2a: Gengar|Gengar, M|323\/323 slp
|move|p1a: Snorlax|Body Slam|p2a: Gengar
|-immune|p2a: Gengar|[msg]
|
|turn|32
|choice|move 3|move 4
|
|cant|p2a: Gengar|slp
|move|p1a: Snorlax|Earthquake|p2a: Gengar
|-supereffective|p2a: Gengar
|-damage|p2a: Gengar|97\/323 slp
|
|turn|33
|choice|move 3|move 4
|
|cant|p2a: Gengar|slp
|move|p1a: Snorlax|Earthquake|p2a: Gengar
|-supereffective|p2a: Gengar
|-damage|p2a: Gengar|0 fnt
|faint|p2a: Gengar
|J|Icey Tea
|choice||switch 4
|
|switch|p2a: Exeggutor|Exeggutor, M|239\/393 par
|turn|34
|choice|move 1|move 3
|
|move|p1a: Snorlax|Body Slam|p2a: Exeggutor
|-damage|p2a: Exeggutor|125\/393 par
|move|p2a: Exeggutor|Psychic|p1a: Snorlax
|-damage|p1a: Snorlax|178\/523
|
|turn|35
|L|Foggi
|choice|move 1|move 1
|
|move|p1a: Snorlax|Body Slam|p2a: Exeggutor
|-damage|p2a: Exeggutor|12\/393 par
|move|p2a: Exeggutor|Explosion|p1a: Snorlax
|-damage|p1a: Snorlax|3\/523
|faint|p2a: Exeggutor
|choice||switch 5
|
|switch|p2a: Tauros|Tauros|353\/353
|turn|36
|J|welliou
|J|Foggi
|J|Vubon
|J|Magermilchpuur
|J|SparksBlade
|J|tc2
|J|lt2 hershey
|L|tc2
|J|Cranham
|L|Mizuhime
|L|Cranham
|J|Starmaster
|choice|switch 3|move 2
|
|switch|p1a: Gengar|Gengar, M|323\/323 slp
|move|p2a: Tauros|Body Slam|p1a: Gengar
|-immune|p1a: Gengar|[msg]
|
|turn|37
|J|innovamania
|choice|move 1|move 3
|
|move|p2a: Tauros|Earthquake|p1a: Gengar
|-supereffective|p1a: Gengar
|-damage|p1a: Gengar|100\/323 slp
|cant|p1a: Gengar|slp
|
|turn|38
|J|Mizuhime
|choice|move 2|move 3
|
|cant|p1a: Gengar|slp
|move|p2a: Tauros|Earthquake|p1a: Gengar
|-supereffective|p1a: Gengar
|-damage|p1a: Gengar|0 fnt
|faint|p1a: Gengar
|J|Hikari
|L|Masterclass
|J|im 0
|J|MrPerry
|L|Can
|L|Foggi
|J|KratosMana
|J|White Lion18
|choice|switch 2|
|
|switch|p1a: Alakazam|Alakazam, M|313\/313
|turn|39
|J|TrailBlazer77
|J|Praj.pran
|choice|move 1|move 2
|
|move|p1a: Alakazam|Psychic|p2a: Tauros
|-damage|p2a: Tauros|185\/353
|-unboost|p2a: Tauros|spd|1
|-unboost|p2a: Tauros|spa|1
|move|p2a: Tauros|Body Slam|p1a: Alakazam
|-crit|p1a: Alakazam
|-damage|p1a: Alakazam|0 fnt
|faint|p1a: Alakazam
|J|JUST STANDARD RBY
|J|Bro Kappa
|J|BlueSkiddoWeCanToo
|choice|switch 6|
|
|switch|p1a: Tauros|Tauros|353\/353
|turn|40
|L|Dear Ophelia
|choice|move 1|move 4
|
|move|p2a: Tauros|Hyper Beam|p1a: Tauros|[miss]
|-miss|p2a: Tauros
|move|p1a: Tauros|Body Slam|p2a: Tauros
|-damage|p2a: Tauros|81\/353
|
|turn|41
|choice|move 1|move 4
|
|move|p2a: Tauros|Hyper Beam|p1a: Tauros
|-crit|p1a: Tauros
|-damage|p1a: Tauros|10\/353
|move|p1a: Tauros|Body Slam|p2a: Tauros
|-damage|p2a: Tauros|0 fnt
|faint|p2a: Tauros
|J|jvl101993
|J|farmertome
|choice||switch 2
|
|switch|p2a: Snorlax|Snorlax, M|425\/523 par
|turn|42
|J|lt2 esme
|J|FNH
|J|GunnerRohan
|choice|move 4|move 1
|
|move|p1a: Tauros|Hyper Beam|p2a: Snorlax
|-damage|p2a: Snorlax|210\/523 par
|cant|p2a: Snorlax|par
|
|turn|43
|-mustrecharge|p1a: Tauros
|-mustrecharge|p1a: Tauros
|J|Dear Ophelia
|choice|move 1|move 1
|
|cant|p1a: Tauros|recharge
|move|p2a: Snorlax|Body Slam|p1a: Tauros
|-damage|p1a: Tauros|0 fnt
|faint|p1a: Tauros
|choice|switch 3|
|
|switch|p1a: Snorlax|Snorlax, M|3\/523
|turn|44
|J|Lacus Clyne
|choice|move 2|move 4
|
|move|p1a: Snorlax|Reflect|p1a: Snorlax
|-start|p1a: Snorlax|Reflect
|move|p2a: Snorlax|Self-Destruct|p1a: Snorlax
|-damage|p1a: Snorlax|0 fnt
|faint|p1a: Snorlax
|faint|p2a: Snorlax
|
|win|Lutra