|J|marcoasd
|J|fapkingg
|player|p1|marcoasd|2
|player|p2|fapkingg|25
|gametype|singles
|gen|1
|tier|[Gen 1] OU
|seed|22220,9816,41393,60058
|rule|Sleep Clause Mod: Limit one foe put to sleep
|rule|Freeze Clause Mod: Limit one foe frozen
|rule|Species Clause: Limit one of each Pokémon
|rule|OHKO Clause: OHKO moves are banned
|rule|Evasion Moves Clause: Evasion moves are banned
|rule|HP Percentage Mod: HP is shown in percentages
|
|start
|switch|p1a: Starmie|Starmie|323\/323
|switch|p2a: Jolteon|Jolteon|333\/333
|turn|1
|choice|switch 4|switch 3
|
|switch|p2a: Exeggutor|Exeggutor|393\/393
|switch|p1a: Golem|Golem|363\/363
|
|turn|2
|J|Beds
|choice|switch 4|move 1
|
|switch|p1a: Starmie|Starmie|323\/323
|move|p2a: Exeggutor|Sleep Powder|p1a: Starmie|[miss]
|-miss|p2a: Exeggutor
|
|turn|3
|choice|move 1|switch 3
|
|switch|p2a: Jolteon|Jolteon|333\/333
|move|p1a: Starmie|Blizzard|p2a: Jolteon
|-damage|p2a: Jolteon|244\/333
|
|turn|4
|choice|switch 3|move 4
|
|switch|p1a: Chansey|Chansey|703\/703
|move|p2a: Jolteon|Double Kick|p1a: Chansey
|-supereffective|p1a: Chansey
|-damage|p1a: Chansey|597\/703
|-damage|p1a: Chansey|491\/703
|-hitcount|p1a: Chansey|2
|
|turn|5
|choice|move 1|switch 5
|
|switch|p2a: Snorlax|Snorlax|523\/523
|move|p1a: Chansey|Thunder Wave|p2a: Snorlax
|-status|p2a: Snorlax|par
|
|turn|6
|choice|switch 3|move 1
|
|switch|p1a: Starmie|Starmie|323\/323
|move|p2a: Snorlax|Body Slam|p1a: Starmie
|-damage|p1a: Starmie|212\/323
|
|turn|7
|choice|move 2|move 1
|
|move|p1a: Starmie|Psychic|p2a: Snorlax
|-damage|p2a: Snorlax|396\/523 par
|-unboost|p2a: Snorlax|spd|1
|-unboost|p2a: Snorlax|spa|1
|move|p2a: Snorlax|Body Slam|p1a: Starmie
|-damage|p1a: Starmie|91\/323
|-status|p1a: Starmie|par
|
|turn|8
|choice|move 4|move 1
|
|move|p1a: Starmie|Recover|p1a: Starmie
|-heal|p1a: Starmie|252\/323 par
|cant|p2a: Snorlax|par
|
|turn|9
|choice|move 2|switch 5
|
|switch|p2a: Jolteon|Jolteon|244\/333
|move|p1a: Starmie|Psychic|p2a: Jolteon
|-damage|p2a: Jolteon|137\/333
|
|turn|10
|choice|switch 4|move 4
|
|switch|p1a: Golem|Golem|363\/363
|move|p2a: Jolteon|Double Kick|p1a: Golem
|-supereffective|p1a: Golem
|-damage|p1a: Golem|328\/363
|-damage|p1a: Golem|293\/363
|-hitcount|p1a: Golem|2
|
|turn|11
|choice|move 2|switch 3
|
|switch|p2a: Exeggutor|Exeggutor|393\/393
|move|p1a: Golem|Body Slam|p2a: Exeggutor
|-damage|p2a: Exeggutor|317\/393
|
|turn|12
|choice|switch 4|move 2
|
|switch|p1a: Starmie|Starmie|252\/323 par
|move|p2a: Exeggutor|Psychic|p1a: Starmie
|-resisted|p1a: Starmie
|-damage|p1a: Starmie|187\/323 par
|-unboost|p1a: Starmie|spd|1
|-unboost|p1a: Starmie|spa|1
|
|turn|13
|choice|move 4|move 2
|
|move|p2a: Exeggutor|Psychic|p1a: Starmie
|-resisted|p1a: Starmie
|-damage|p1a: Starmie|91\/323 par
|move|p1a: Starmie|Recover|p1a: Starmie
|-heal|p1a: Starmie|252\/323 par
|
|turn|14
|choice|move 3|move 2
|
|move|p2a: Exeggutor|Psychic|p1a: Starmie
|-resisted|p1a: Starmie
|-damage|p1a: Starmie|156\/323 par
|-unboost|p1a: Starmie|spd|1
|-unboost|p1a: Starmie|spa|1
|move|p1a: Starmie|Thunder Wave|p2a: Exeggutor
|-status|p2a: Exeggutor|par
|
|turn|15
|choice|switch 2|move 2
|
|switch|p1a: Exeggutor|Exeggutor|393\/393
|move|p2a: Exeggutor|Psychic|p1a: Exeggutor
|-resisted|p1a: Exeggutor
|-damage|p1a: Exeggutor|344\/393
|
|turn|16
|choice|switch 2|move 1
|
|switch|p1a: Starmie|Starmie|156\/323 par
|move|p2a: Exeggutor|Sleep Powder|p1a: Starmie
|-fail|p1a: Starmie
|
|turn|17
|choice|move 4|switch 3
|
|switch|p2a: Jolteon|Jolteon|137\/333
|move|p1a: Starmie|Recover|p1a: Starmie
|-heal|p1a: Starmie|317\/323 par
|
|turn|18
|choice|switch 4|move 4
|
|switch|p1a: Golem|Golem|293\/363
|move|p2a: Jolteon|Double Kick|p1a: Golem
|-supereffective|p1a: Golem
|-damage|p1a: Golem|262\/363
|-damage|p1a: Golem|231\/363
|-hitcount|p1a: Golem|2
|
|turn|19
|choice|move 3|switch 3
|
|switch|p2a: Exeggutor|Exeggutor|317\/393 par
|move|p1a: Golem|Rock Slide|p2a: Exeggutor|[miss]
|-miss|p1a: Golem
|
|turn|20
|choice|switch 4|move 2
|
|switch|p1a: Starmie|Starmie|317\/323 par
|cant|p2a: Exeggutor|par
|
|turn|21
|choice|move 1|switch 5
|
|switch|p2a: Snorlax|Snorlax|396\/523 par
|cant|p1a: Starmie|par
|
|turn|22
|choice|move 2|move 1
|
|cant|p1a: Starmie|par
|move|p2a: Snorlax|Body Slam|p1a: Starmie
|-damage|p1a: Starmie|202\/323 par
|
|turn|23
|choice|move 2|move 1
|
|cant|p1a: Starmie|par
|cant|p2a: Snorlax|par
|
|turn|24
|choice|move 2|move 1
|
|move|p1a: Starmie|Psychic|p2a: Snorlax
|-damage|p2a: Snorlax|259\/523 par
|move|p2a: Snorlax|Body Slam|p1a: Starmie
|-damage|p1a: Starmie|86\/323 par
|
|turn|25
|choice|move 4|move 1
|
|move|p1a: Starmie|Recover|p1a: Starmie
|-heal|p1a: Starmie|247\/323 par
|move|p2a: Snorlax|Body Slam|p1a: Starmie
|-damage|p1a: Starmie|135\/323 par
|
|turn|26
|choice|move 4|move 1
|
|move|p1a: Starmie|Recover|p1a: Starmie
|-heal|p1a: Starmie|296\/323 par
|move|p2a: Snorlax|Body Slam|p1a: Starmie
|-damage|p1a: Starmie|183\/323 par
|
|turn|27
|choice|move 2|move 4
|
|move|p1a: Starmie|Psychic|p2a: Snorlax
|-crit|p2a: Snorlax
|-damage|p2a: Snorlax|0 fnt
|faint|p2a: Snorlax
|choice||switch 3
|
|switch|p2a: Jolteon|Jolteon|137\/333
|turn|28
|choice|switch 2|move 4
|
|switch|p1a: Exeggutor|Exeggutor|344\/393
|move|p2a: Jolteon|Double Kick|p1a: Exeggutor
|-resisted|p1a: Exeggutor
|-damage|p1a: Exeggutor|334\/393
|-damage|p1a: Exeggutor|324\/393
|-hitcount|p1a: Exeggutor|2
|
|turn|29
|choice|switch 6|move 3
|
|switch|p1a: Snorlax|Snorlax|523\/523
|move|p2a: Jolteon|Pin Missile|p1a: Snorlax
|-damage|p1a: Snorlax|511\/523
|-damage|p1a: Snorlax|499\/523
|-damage|p1a: Snorlax|487\/523
|-hitcount|p1a: Snorlax|3
|
|turn|30
|choice|move 1|switch 5
|
|switch|p2a: Exeggutor|Exeggutor|317\/393 par
|move|p1a: Snorlax|Body Slam|p2a: Exeggutor
|-damage|p2a: Exeggutor|203\/393 par
|
|turn|31
|choice|switch 2|switch 5
|
|switch|p1a: Starmie|Starmie|183\/323 par
|switch|p2a: Jolteon|Jolteon|137\/333
|
|turn|32
|choice|switch 4|move 4
|
|switch|p1a: Golem|Golem|231\/363
|move|p2a: Jolteon|Double Kick|p1a: Golem
|-supereffective|p1a: Golem
|-damage|p1a: Golem|197\/363
|-damage|p1a: Golem|163\/363
|-hitcount|p1a: Golem|2
|
|turn|33
|choice|move 1|switch 4
|
|switch|p2a: Chansey|Chansey|703\/703
|move|p1a: Golem|Earthquake|p2a: Chansey
|-damage|p2a: Chansey|361\/703
|
|turn|34
|choice|switch 3|move 3
|
|switch|p1a: Chansey|Chansey|491\/703
|move|p2a: Chansey|Soft-Boiled|p2a: Chansey
|-heal|p2a: Chansey|703\/703
|
|turn|35
|choice|move 2|move 2
|
|move|p2a: Chansey|Sing|p1a: Chansey|[miss]
|-miss|p2a: Chansey
|move|p1a: Chansey|Ice Beam|p2a: Chansey
|-crit|p2a: Chansey
|-damage|p2a: Chansey|564\/703
|
|turn|36
|choice|switch 4|move 2
|
|switch|p1a: Starmie|Starmie|183\/323 par
|move|p2a: Chansey|Sing|p1a: Starmie|[miss]
|-miss|p2a: Chansey
|
|turn|37
|choice|move 3|switch 4
|
|switch|p2a: Jolteon|Jolteon|137\/333
|move|p1a: Starmie|Thunder Wave|p2a: Jolteon
|-status|p2a: Jolteon|par
|
|turn|38
|choice|switch 4|move 2
|
|switch|p1a: Chansey|Chansey|491\/703
|move|p2a: Jolteon|Thunderbolt|p1a: Chansey
|-damage|p1a: Chansey|368\/703
|
|turn|39
|choice|move 4|move 4
|
|move|p1a: Chansey|Soft-Boiled|p1a: Chansey
|-heal|p1a: Chansey|703\/703
|cant|p2a: Jolteon|par
|
|turn|40
|choice|move 2|switch 4
|
|switch|p2a: Chansey|Chansey|564\/703
|move|p1a: Chansey|Ice Beam|p2a: Chansey
|-damage|p2a: Chansey|493\/703
|-status|p2a: Chansey|frz
|
|turn|41
|c|★marcoasd|terribbile
|J|Brazilian Army
|choice|move 2|switch 4
|
|switch|p2a: Jolteon|Jolteon|137\/333 par
|move|p1a: Chansey|Ice Beam|p2a: Jolteon
|-damage|p2a: Jolteon|59\/333 par
|
|turn|42
|choice|move 2|move 4
|
|move|p1a: Chansey|Ice Beam|p2a: Jolteon
|-damage|p2a: Jolteon|0 fnt
|faint|p2a: Jolteon
|c|+Brazilian Army|The king of fap
|c|+Brazilian Army|S2
|choice||switch 5
|
|switch|p2a: Exeggutor|Exeggutor|203\/393 par
|turn|43
|choice|switch 4|switch 6
|
|switch|p1a: Starmie|Starmie|183\/323 par
|switch|p2a: Tauros|Tauros|353\/353
|
|turn|44
|choice|switch 2|move 1
|
|switch|p1a: Snorlax|Snorlax|487\/523
|move|p2a: Tauros|Body Slam|p1a: Snorlax
|-crit|p1a: Snorlax
|-damage|p1a: Snorlax|249\/523
|
|turn|45
|L|Brazilian Army
|choice|move 1|move 1
|
|move|p2a: Tauros|Body Slam|p1a: Snorlax
|-damage|p1a: Snorlax|117\/523
|move|p1a: Snorlax|Body Slam|p2a: Tauros
|-damage|p2a: Tauros|236\/353
|
|turn|46
|choice|move 1|move 1
|
|move|p2a: Tauros|Body Slam|p1a: Snorlax
|-damage|p1a: Snorlax|0 fnt
|faint|p1a: Snorlax
|choice|switch 6|
|
|switch|p1a: Exeggutor|Exeggutor|324\/393
|turn|47
|choice|move 3|switch 2
|
|switch|p2a: Zapdos|Zapdos|383\/383
|move|p1a: Exeggutor|Psychic|p2a: Zapdos
|-damage|p2a: Zapdos|275\/383
|
|turn|48
|choice|switch 3|move 4
|
|switch|p1a: Golem|Golem|163\/363
|move|p2a: Zapdos|Drill Peck|p1a: Golem
|-resisted|p1a: Golem
|-damage|p1a: Golem|124\/363
|
|turn|49
|choice|move 3|switch 2
|
|switch|p2a: Tauros|Tauros|236\/353
|move|p1a: Golem|Rock Slide|p2a: Tauros
|-damage|p2a: Tauros|134\/353
|
|turn|50
|c|+Beds|this golem is getting __chipped__
|c|★marcoasd|yeah lol
|choice|switch 2|move 1
|
|switch|p1a: Starmie|Starmie|183\/323 par
|move|p2a: Tauros|Body Slam|p1a: Starmie
|-damage|p1a: Starmie|69\/323 par
|
|turn|51
|choice|move 3|move 1
|
|move|p2a: Tauros|Body Slam|p1a: Starmie
|-crit|p1a: Starmie
|-damage|p1a: Starmie|0 fnt
|faint|p1a: Starmie
|choice|switch 5|
|
|switch|p1a: Tauros|Tauros|353\/353
|turn|52
|choice|move 1|switch 4
|
|switch|p2a: Chansey|Chansey|493\/703 frz
|move|p1a: Tauros|Body Slam|p2a: Chansey
|-damage|p2a: Chansey|240\/703 frz
|
|turn|53
|choice|move 1|move 3
|
|move|p1a: Tauros|Body Slam|p2a: Chansey
|-damage|p2a: Chansey|0 fnt
|faint|p2a: Chansey
|choice||switch 6
|
|switch|p2a: Exeggutor|Exeggutor|203\/393 par
|turn|54
|choice|move 4|move 1
|
|move|p1a: Tauros|Blizzard|p2a: Exeggutor
|-supereffective|p2a: Exeggutor
|-damage|p2a: Exeggutor|77\/393 par
|move|p2a: Exeggutor|Sleep Powder|p1a: Tauros|[miss]
|-miss|p2a: Exeggutor
|
|turn|55
|c|★fapkingg|keK
|c|★marcoasd|èh
|choice|move 1|move 1
|
|move|p1a: Tauros|Body Slam|p2a: Exeggutor
|-damage|p2a: Exeggutor|0 fnt
|faint|p2a: Exeggutor
|choice||switch 2
|
|switch|p2a: Zapdos|Zapdos|275\/383
|turn|56
|choice|switch 4|switch 4
|
|switch|p1a: Chansey|Chansey|703\/703
|switch|p2a: Tauros|Tauros|134\/353
|
|turn|57
|choice|move 1|move 2
|
|move|p2a: Tauros|Hyper Beam|p1a: Chansey
|-damage|p1a: Chansey|224\/703
|move|p1a: Chansey|Thunder Wave|p2a: Tauros
|-status|p2a: Tauros|par
|
|turn|58
|-mustrecharge|p2a: Tauros
|-mustrecharge|p2a: Tauros
|choice|move 2|move 1
|
|move|p1a: Chansey|Ice Beam|p2a: Tauros
|-damage|p2a: Tauros|31\/353 par
|cant|p2a: Tauros|recharge
|
|turn|59
|choice|move 4|move 2
|
|move|p1a: Chansey|Soft-Boiled|p1a: Chansey
|-heal|p1a: Chansey|575\/703
|move|p2a: Tauros|Hyper Beam|p1a: Chansey
|-damage|p1a: Chansey|131\/703
|
|turn|60
|-mustrecharge|p2a: Tauros
|-mustrecharge|p2a: Tauros
|choice|move 4|move 1
|
|move|p1a: Chansey|Soft-Boiled|p1a: Chansey
|-heal|p1a: Chansey|482\/703
|cant|p2a: Tauros|recharge
|
|turn|61
|choice|move 2|move 2
|
|move|p1a: Chansey|Ice Beam|p2a: Tauros
|-damage|p2a: Tauros|0 fnt
|faint|p2a: Tauros
|choice||switch 4
|
|switch|p2a: Zapdos|Zapdos|275\/383
|turn|62
|c|★fapkingg|better player won, gg xD
|c|★marcoasd|ggs
|choice|move 1|move 4
|
|move|p2a: Zapdos|Drill Peck|p1a: Chansey
|-damage|p1a: Chansey|257\/703
|move|p1a: Chansey|Thunder Wave|p2a: Zapdos
|-status|p2a: Zapdos|par
|
|turn|63
|choice|move 2|move 1
|
|move|p1a: Chansey|Ice Beam|p2a: Zapdos
|-supereffective|p2a: Zapdos
|-damage|p2a: Zapdos|151\/383 par
|cant|p2a: Zapdos|par
|
|turn|64
|choice|move 2|move 4
|
|move|p1a: Chansey|Ice Beam|p2a: Zapdos
|-supereffective|p2a: Zapdos
|-damage|p2a: Zapdos|26\/383 par
|move|p2a: Zapdos|Drill Peck|p1a: Chansey
|-crit|p1a: Chansey
|-damage|p1a: Chansey|0 fnt
|faint|p1a: Chansey
|choice|switch 4|
|
|switch|p1a: Tauros|Tauros|353\/353
|turn|65
|c|★fapkingg|gl in next rounds
|choice|move 1|move 2
|
|move|p1a: Tauros|Body Slam|p2a: Zapdos
|-damage|p2a: Zapdos|0 fnt
|faint|p2a: Zapdos
|
|win|marcoasd