|J|Fireburn
|J|Dice
|player|p1|Fireburn|160
|player|p2|Dice|134
|gametype|singles
|gen|1
|tier|[Gen 1] OU
|seed|
|rule|Sleep Clause Mod: Limit one foe put to sleep
|rule|Freeze Clause Mod: Limit one foe frozen
|rule|Species Clause: Limit one of each Pokémon
|rule|OHKO Clause: OHKO moves are banned
|rule|Evasion Moves Clause: Evasion moves are banned
|rule|HP Percentage Mod: HP is shown in percentages
|
|start
|switch|p1a: Jynx|Jynx|100\/100
|switch|p2a: Alakazam|Alakazam|100\/100
|turn|1
|choice||
|
|move|p2a: Alakazam|Thunder Wave|p1a: Jynx
|-status|p1a: Jynx|par
|move|p1a: Jynx|Blizzard|p2a: Alakazam
|-damage|p2a: Alakazam|63\/100
|
|turn|2
|c|★Dice|.
|c|★Dice|why did u blizz
|choice||
|
|move|p2a: Alakazam|Seismic Toss|p1a: Jynx
|-damage|p1a: Jynx|70\/100 par
|move|p1a: Jynx|Lovely Kiss|p2a: Alakazam|[miss]
|-miss|p1a: Jynx
|
|turn|3
|c|★Fireburn|I want the frz.
|choice||
|
|move|p2a: Alakazam|Seismic Toss|p1a: Jynx
|-damage|p1a: Jynx|40\/100 par
|move|p1a: Jynx|Lovely Kiss|p2a: Alakazam
|-status|p2a: Alakazam|slp
|
|turn|4
|choice||
|
|switch|p2a: Chansey|Chansey|100\/100
|move|p1a: Jynx|Rest|p1a: Jynx
|-status|p1a: Jynx|slp
|-heal|p1a: Jynx|100\/100 slp|[silent]
|-status|p1a: Jynx|slp|[from] move: Rest
|
|turn|5
|choice||
|
|move|p2a: Chansey|Thunderbolt|p1a: Jynx
|-damage|p1a: Jynx|78\/100 slp
|cant|p1a: Jynx|slp
|
|turn|6
|choice||
|
|move|p2a: Chansey|Thunderbolt|p1a: Jynx
|-damage|p1a: Jynx|55\/100 slp
|-curestatus|p1a: Jynx|slp
|
|turn|7
|choice||
|
|move|p2a: Chansey|Thunderbolt|p1a: Jynx
|-damage|p1a: Jynx|32\/100
|-status|p1a: Jynx|par
|cant|p1a: Jynx|par
|
|turn|8
|choice||
|
|move|p2a: Chansey|Thunderbolt|p1a: Jynx
|-damage|p1a: Jynx|8\/100 par
|move|p1a: Jynx|Rest|p1a: Jynx
|-status|p1a: Jynx|slp
|-heal|p1a: Jynx|100\/100 slp|[silent]
|-status|p1a: Jynx|slp|[from] move: Rest
|
|turn|9
|choice||
|
|switch|p1a: Chansey|Chansey|100\/100
|move|p2a: Chansey|Thunderbolt|p1a: Chansey
|-damage|p1a: Chansey|90\/100
|-status|p1a: Chansey|par
|
|turn|10
|choice||
|
|switch|p2a: Alakazam|Alakazam|63\/100 slp
|cant|p1a: Chansey|par
|
|turn|11
|choice||
|
|cant|p2a: Alakazam|slp
|move|p1a: Chansey|Ice Beam|p2a: Alakazam
|-damage|p2a: Alakazam|44\/100 slp
|
|turn|12
|choice||
|
|cant|p2a: Alakazam|slp
|move|p1a: Chansey|Ice Beam|p2a: Alakazam
|-damage|p2a: Alakazam|24\/100 slp
|
|turn|13
|choice||
|
|switch|p2a: Snorlax|Snorlax|100\/100
|cant|p1a: Chansey|par
|
|turn|14
|choice||
|
|switch|p1a: Exeggutor|Exeggutor|100\/100
|move|p2a: Snorlax|Body Slam|p1a: Exeggutor
|-damage|p1a: Exeggutor|71\/100
|
|turn|15
|choice||
|
|switch|p2a: Exeggutor|Exeggutor|100\/100
|move|p1a: Exeggutor|Psychic|p2a: Exeggutor
|-resisted|p2a: Exeggutor
|-damage|p2a: Exeggutor|87\/100
|
|turn|16
|choice||
|
|switch|p2a: Snorlax|Snorlax|100\/100
|switch|p1a: Jynx|Jynx|100\/100 slp
|
|turn|17
|choice||
|
|switch|p1a: Snorlax|Snorlax|100\/100
|move|p2a: Snorlax|Body Slam|p1a: Snorlax
|-damage|p1a: Snorlax|74\/100
|
|turn|18
|choice||
|
|move|p1a: Snorlax|Body Slam|p2a: Snorlax
|-damage|p2a: Snorlax|72\/100
|move|p2a: Snorlax|Blizzard|p1a: Snorlax
|-damage|p1a: Snorlax|56\/100
|
|turn|19
|choice||
|
|move|p1a: Snorlax|Body Slam|p2a: Snorlax|[miss]
|-miss|p1a: Snorlax
|move|p2a: Snorlax|Body Slam|p1a: Snorlax
|-damage|p1a: Snorlax|31\/100
|
|turn|20
|c|★Fireburn|gen 1 miss...
|choice||
|
|move|p2a: Snorlax|Body Slam|p1a: Snorlax
|-damage|p1a: Snorlax|4\/100
|move|p1a: Snorlax|Self-Destruct|p2a: Snorlax
|-damage|p2a: Snorlax|0 fnt
|faint|p2a: Snorlax
|faint|p1a: Snorlax
|choice||
|
|switch|p1a: Tauros|Tauros|100\/100
|switch|p2a: Exeggutor|Exeggutor|87\/100
|turn|21
|choice||
|
|switch|p1a: Jynx|Jynx|100\/100 slp
|move|p2a: Exeggutor|Psychic|p1a: Jynx
|-crit|p1a: Jynx
|-resisted|p1a: Jynx
|-damage|p1a: Jynx|66\/100 slp
|
|turn|22
|choice||
|
|cant|p1a: Jynx|slp
|move|p2a: Exeggutor|Psychic|p1a: Jynx
|-resisted|p1a: Jynx
|-damage|p1a: Jynx|46\/100 slp
|
|turn|23
|choice||
|
|-curestatus|p1a: Jynx|slp
|move|p2a: Exeggutor|Sleep Powder|p1a: Jynx
|-status|p1a: Jynx|slp
|
|turn|24
|choice||
|
|switch|p1a: Chansey|Chansey|90\/100 par
|move|p2a: Exeggutor|Psychic|p1a: Chansey
|-damage|p1a: Chansey|72\/100 par
|
|turn|25
|choice||
|
|switch|p1a: Jynx|Jynx|46\/100 slp
|move|p2a: Exeggutor|Psychic|p1a: Jynx
|-crit|p1a: Jynx
|-resisted|p1a: Jynx
|-damage|p1a: Jynx|11\/100 slp
|-unboost|p1a: Jynx|spd|1
|-unboost|p1a: Jynx|spa|1
|
|turn|26
|choice||
|
|switch|p1a: Chansey|Chansey|72\/100 par
|move|p2a: Exeggutor|Psychic|p1a: Chansey
|-damage|p1a: Chansey|55\/100 par
|
|turn|27
|choice||
|
|move|p2a: Exeggutor|Psychic|p1a: Chansey
|-damage|p1a: Chansey|39\/100 par
|move|p1a: Chansey|Soft-Boiled|p1a: Chansey
|-heal|p1a: Chansey|89\/100 par
|
|turn|28
|choice||
|
|move|p2a: Exeggutor|Explosion|p1a: Chansey
|-damage|p1a: Chansey|0 fnt
|faint|p1a: Chansey
|faint|p2a: Exeggutor
|choice||
|
|switch|p1a: Tauros|Tauros|100\/100
|switch|p2a: Zapdos|Zapdos|100\/100
|turn|29
|choice||
|
|move|p1a: Tauros|Blizzard|p2a: Zapdos
|-supereffective|p2a: Zapdos
|-damage|p2a: Zapdos|65\/100
|move|p2a: Zapdos|Thunder Wave|p1a: Tauros
|-status|p1a: Tauros|par
|
|turn|30
|choice||
|
|move|p2a: Zapdos|Thunderbolt|p1a: Tauros
|-damage|p1a: Tauros|53\/100 par
|move|p1a: Tauros|Body Slam|p2a: Zapdos
|-damage|p2a: Zapdos|35\/100
|
|turn|31
|choice||
|
|move|p2a: Zapdos|Thunderbolt|p1a: Tauros
|-damage|p1a: Tauros|8\/100 par
|move|p1a: Tauros|Hyper Beam|p2a: Zapdos
|-crit|p2a: Zapdos
|-damage|p2a: Zapdos|0 fnt
|faint|p2a: Zapdos
|choice||
|
|switch|p2a: Tauros|Tauros|100\/100
|turn|32
|choice||
|
|move|p2a: Tauros|Body Slam|p1a: Tauros
|-damage|p1a: Tauros|0 fnt
|faint|p1a: Tauros
|choice||
|
|switch|p1a: Exeggutor|Exeggutor|71\/100
|turn|33
|choice||
|
|move|p2a: Tauros|Blizzard|p1a: Exeggutor
|-crit|p1a: Exeggutor
|-supereffective|p1a: Exeggutor
|-damage|p1a: Exeggutor|9\/100
|move|p1a: Exeggutor|Sleep Powder|p2a: Tauros
|-message|Sleep Clause Mod activated.
|
|turn|34
|c|★Fireburn|oops
|choice||
|
|move|p2a: Tauros|Body Slam|p1a: Exeggutor
|-damage|p1a: Exeggutor|0 fnt
|faint|p1a: Exeggutor
|choice||
|
|switch|p1a: Slowbro|Slowbro|100\/100
|turn|35
|choice||
|
|switch|p2a: Chansey|Chansey|100\/100
|move|p1a: Slowbro|Thunder Wave|p2a: Chansey
|-status|p2a: Chansey|par
|
|turn|36
|choice||
|
|move|p1a: Slowbro|Amnesia|p1a: Slowbro
|-boost|p1a: Slowbro|spd|2
|-boost|p1a: Slowbro|spa|2
|cant|p2a: Chansey|par
|
|turn|37
|choice||
|
|move|p1a: Slowbro|Amnesia|p1a: Slowbro
|-boost|p1a: Slowbro|spd|2
|-boost|p1a: Slowbro|spa|2
|cant|p2a: Chansey|par
|
|turn|38
|choice||
|
|move|p1a: Slowbro|Amnesia|p1a: Slowbro
|-boost|p1a: Slowbro|spd|2
|-boost|p1a: Slowbro|spa|2
|move|p2a: Chansey|Thunder Wave|p1a: Slowbro
|-status|p1a: Slowbro|par
|
|turn|39
|choice||
|
|switch|p2a: Alakazam|Alakazam|24\/100 slp
|move|p1a: Slowbro|Surf|p2a: Alakazam
|-damage|p2a: Alakazam|0 fnt
|faint|p2a: Alakazam
|choice||
|
|switch|p2a: Chansey|Chansey|100\/100 par
|turn|40
|choice||
|
|move|p2a: Chansey|Thunderbolt|p1a: Slowbro
|-supereffective|p1a: Slowbro
|-damage|p1a: Slowbro|89\/100 par
|move|p1a: Slowbro|Surf|p2a: Chansey
|-damage|p2a: Chansey|51\/100 par
|
|turn|41
|choice||
|
|move|p2a: Chansey|Soft-Boiled|p2a: Chansey
|-heal|p2a: Chansey|100\/100 par
|move|p1a: Slowbro|Surf|p2a: Chansey
|-damage|p2a: Chansey|46\/100 par
|
|turn|42
|choice||
|
|move|p2a: Chansey|Soft-Boiled|p2a: Chansey
|-heal|p2a: Chansey|96\/100 par
|move|p1a: Slowbro|Surf|p2a: Chansey
|-damage|p2a: Chansey|44\/100 par
|
|turn|43
|choice||
|
|move|p2a: Chansey|Soft-Boiled|p2a: Chansey
|-heal|p2a: Chansey|94\/100 par
|move|p1a: Slowbro|Surf|p2a: Chansey
|-damage|p2a: Chansey|40\/100 par
|
|turn|44
|choice||
|
|move|p2a: Chansey|Soft-Boiled|p2a: Chansey
|-heal|p2a: Chansey|90\/100 par
|move|p1a: Slowbro|Surf|p2a: Chansey
|-damage|p2a: Chansey|39\/100 par
|
|turn|45
|choice||
|
|move|p2a: Chansey|Soft-Boiled|p2a: Chansey
|-heal|p2a: Chansey|89\/100 par
|move|p1a: Slowbro|Surf|p2a: Chansey
|-damage|p2a: Chansey|40\/100 par
|
|turn|46
|choice||
|
|move|p2a: Chansey|Soft-Boiled|p2a: Chansey
|-heal|p2a: Chansey|90\/100 par
|move|p1a: Slowbro|Surf|p2a: Chansey
|-damage|p2a: Chansey|41\/100 par
|
|turn|47
|choice||
|
|move|p2a: Chansey|Soft-Boiled|p2a: Chansey
|-heal|p2a: Chansey|91\/100 par
|cant|p1a: Slowbro|par
|
|turn|48
|choice||
|
|cant|p2a: Chansey|par
|move|p1a: Slowbro|Surf|p2a: Chansey
|-damage|p2a: Chansey|37\/100 par
|
|turn|49
|choice||
|
|move|p2a: Chansey|Soft-Boiled|p2a: Chansey
|-heal|p2a: Chansey|87\/100 par
|move|p1a: Slowbro|Surf|p2a: Chansey
|-damage|p2a: Chansey|34\/100 par
|
|turn|50
|choice||
|
|move|p2a: Chansey|Soft-Boiled|p2a: Chansey
|-heal|p2a: Chansey|84\/100 par
|move|p1a: Slowbro|Surf|p2a: Chansey
|-damage|p2a: Chansey|30\/100 par
|
|turn|51
|choice||
|
|move|p2a: Chansey|Soft-Boiled|p2a: Chansey
|-heal|p2a: Chansey|80\/100 par
|move|p1a: Slowbro|Surf|p2a: Chansey
|-damage|p2a: Chansey|26\/100 par
|
|turn|52
|choice||
|
|move|p2a: Chansey|Soft-Boiled|p2a: Chansey
|-heal|p2a: Chansey|76\/100 par
|move|p1a: Slowbro|Surf|p2a: Chansey
|-damage|p2a: Chansey|24\/100 par
|
|turn|53
|choice||
|
|cant|p2a: Chansey|par
|move|p1a: Slowbro|Surf|p2a: Chansey
|-damage|p2a: Chansey|0 fnt
|faint|p2a: Chansey
|choice||
|
|switch|p2a: Tauros|Tauros|100\/100
|turn|54
|choice||
|
|move|p2a: Tauros|Body Slam|p1a: Slowbro
|-damage|p1a: Slowbro|66\/100 par
|move|p1a: Slowbro|Surf|p2a: Tauros
|-damage|p2a: Tauros|0 fnt
|faint|p2a: Tauros
|
|win|Fireburn