|J|Vinc2612
|J|Selise
|player|p1|Vinc2612|33
|player|p2|Selise|148
|gametype|singles
|gen|1
|tier|[Gen 1] OU
|seed|11314,964,23754,48085
|rule|Sleep Clause Mod: Limit one foe put to sleep
|rule|Freeze Clause Mod: Limit one foe frozen
|rule|Species Clause: Limit one of each Pokémon
|rule|OHKO Clause: OHKO moves are banned
|rule|Evasion Moves Clause: Evasion moves are banned
|rule|HP Percentage Mod: HP is shown in percentages
|
|start
|switch|p1a: Jynx|Jynx|333\/333
|switch|p2a: Starmie|Starmie|323\/323
|turn|1
|J|mccauley
|c|★Vinc2612|hf
|c|★Selise|You too =)
|choice|move 2|move 2
|
|move|p2a: Starmie|Thunder Wave|p1a: Jynx
|-status|p1a: Jynx|par
|move|p1a: Jynx|Lovely Kiss|p2a: Starmie
|-status|p2a: Starmie|slp
|
|turn|2
|J|hyogafodex
|choice|move 1|switch 5
|
|switch|p2a: Chansey|Chansey|703\/703
|cant|p1a: Jynx|par
|
|turn|3
|choice|move 1|move 4
|
|move|p2a: Chansey|Thunderbolt|p1a: Jynx
|-damage|p1a: Jynx|250\/333 par
|move|p1a: Jynx|Blizzard|p2a: Chansey
|-crit|p2a: Chansey
|-damage|p2a: Chansey|452\/703
|
|turn|4
|J|badaking
|choice|move 1|move 4
|
|move|p2a: Chansey|Thunderbolt|p1a: Jynx
|-crit|p1a: Jynx
|-damage|p1a: Jynx|96\/333 par
|move|p1a: Jynx|Blizzard|p2a: Chansey
|-damage|p2a: Chansey|327\/703
|
|turn|5
|choice|move 4|move 1
|
|move|p2a: Chansey|Soft-Boiled|p2a: Chansey
|-heal|p2a: Chansey|678\/703
|move|p1a: Jynx|Rest|p1a: Jynx
|-status|p1a: Jynx|slp
|-heal|p1a: Jynx|333\/333 slp|[silent]
|-status|p1a: Jynx|slp|[from] move: Rest
|
|turn|6
|choice|move 1|move 4
|
|move|p2a: Chansey|Thunderbolt|p1a: Jynx
|-damage|p1a: Jynx|256\/333 slp
|cant|p1a: Jynx|slp
|
|turn|7
|choice|switch 2|move 4
|
|switch|p1a: Chansey|Chansey|703\/703
|move|p2a: Chansey|Thunderbolt|p1a: Chansey
|-damage|p1a: Chansey|624\/703
|
|turn|8
|choice|switch 2|move 3
|
|switch|p1a: Jynx|Jynx|256\/333 slp
|move|p2a: Chansey|Ice Beam|p1a: Jynx
|-resisted|p1a: Jynx
|-damage|p1a: Jynx|219\/333 slp
|
|turn|9
|J|Alexander
|choice|move 1|move 4
|
|-curestatus|p1a: Jynx|slp
|move|p2a: Chansey|Thunderbolt|p1a: Jynx
|-damage|p1a: Jynx|142\/333
|
|turn|10
|choice|move 1|move 2
|
|move|p1a: Jynx|Blizzard|p2a: Chansey|[miss]
|-miss|p1a: Jynx
|move|p2a: Chansey|Thunder Wave|p1a: Jynx
|-status|p1a: Jynx|par
|
|turn|11
|choice|move 4|move 4
|
|move|p2a: Chansey|Thunderbolt|p1a: Jynx
|-damage|p1a: Jynx|66\/333 par
|cant|p1a: Jynx|par
|
|turn|12
|choice|switch 2|move 4
|
|switch|p1a: Chansey|Chansey|624\/703
|move|p2a: Chansey|Thunderbolt|p1a: Chansey
|-damage|p1a: Chansey|553\/703
|
|turn|13
|choice|move 2|move 3
|
|move|p1a: Chansey|Ice Beam|p2a: Chansey
|-damage|p2a: Chansey|598\/703
|move|p2a: Chansey|Ice Beam|p1a: Chansey
|-crit|p1a: Chansey
|-damage|p1a: Chansey|397\/703
|
|turn|14
|choice|move 2|switch 2
|
|switch|p2a: Alakazam|Alakazam|313\/313
|move|p1a: Chansey|Ice Beam|p2a: Alakazam
|-damage|p2a: Alakazam|255\/313
|
|turn|15
|choice|move 4|move 3
|
|move|p2a: Alakazam|Psychic|p1a: Chansey
|-damage|p1a: Chansey|277\/703
|-unboost|p1a: Chansey|spd|1
|-unboost|p1a: Chansey|spa|1
|move|p1a: Chansey|Thunder Wave|p2a: Alakazam
|-status|p2a: Alakazam|par
|
|turn|16
|choice|move 3|move 3
|
|move|p1a: Chansey|Soft-Boiled|p1a: Chansey
|-heal|p1a: Chansey|628\/703
|move|p2a: Alakazam|Psychic|p1a: Chansey
|-crit|p1a: Chansey
|-damage|p1a: Chansey|396\/703
|-unboost|p1a: Chansey|spd|1
|-unboost|p1a: Chansey|spa|1
|
|turn|17
|choice|switch 4|move 3
|
|switch|p1a: Snorlax|Snorlax, M|523\/523
|cant|p2a: Alakazam|par
|
|turn|18
|choice|move 1|switch 3
|
|switch|p2a: Exeggutor|Exeggutor|393\/393
|move|p1a: Snorlax|Body Slam|p2a: Exeggutor
|-damage|p2a: Exeggutor|280\/393
|-status|p2a: Exeggutor|par
|
|turn|19
|choice|switch 2|move 4
|
|switch|p1a: Jynx|Jynx|66\/333 par
|move|p2a: Exeggutor|Psychic|p1a: Jynx
|-resisted|p1a: Jynx
|-damage|p1a: Jynx|6\/333 par
|-unboost|p1a: Jynx|spd|1
|-unboost|p1a: Jynx|spa|1
|
|turn|20
|choice|move 4|switch 4
|
|switch|p2a: Snorlax|Snorlax|523\/523
|move|p1a: Jynx|Rest|p1a: Jynx
|-status|p1a: Jynx|slp
|-heal|p1a: Jynx|333\/333 slp|[silent]
|-status|p1a: Jynx|slp|[from] move: Rest
|
|turn|21
|choice|switch 3|move 2
|
|switch|p1a: Exeggutor|Exeggutor, M|393\/393
|move|p2a: Snorlax|Amnesia|p2a: Snorlax
|-boost|p2a: Snorlax|spd|2
|-boost|p2a: Snorlax|spa|2
|
|turn|22
|choice|move 3|switch 3
|
|switch|p2a: Alakazam|Alakazam|255\/313 par
|move|p1a: Exeggutor|Psychic|p2a: Alakazam
|-resisted|p2a: Alakazam
|-damage|p2a: Alakazam|208\/313 par
|
|turn|23
|choice|switch 4|move 4
|
|switch|p1a: Chansey|Chansey|396\/703
|move|p2a: Alakazam|Reflect|p2a: Alakazam
|-start|p2a: Alakazam|Reflect
|
|turn|24
|choice|move 3|move 1
|
|move|p1a: Chansey|Soft-Boiled|p1a: Chansey
|-heal|p1a: Chansey|703\/703
|move|p2a: Alakazam|Recover|p2a: Alakazam
|-heal|p2a: Alakazam|313\/313 par
|
|turn|25
|choice|switch 3|move 3
|
|switch|p1a: Jynx|Jynx|333\/333 slp
|cant|p2a: Alakazam|par
|
|turn|26
|choice|move 3|switch 6
|
|switch|p2a: Tauros|Tauros|353\/353
|cant|p1a: Jynx|slp
|
|turn|27
|choice|switch 6|move 3
|
|switch|p1a: Starmie|Starmie|323\/323
|move|p2a: Tauros|Blizzard|p1a: Starmie
|-resisted|p1a: Starmie
|-damage|p1a: Starmie|287\/323
|
|turn|28
|choice|move 1|switch 2
|
|switch|p2a: Chansey|Chansey|598\/703
|move|p1a: Starmie|Blizzard|p2a: Chansey
|-crit|p2a: Chansey
|-damage|p2a: Chansey|434\/703
|
|turn|29
|L|mccauley
|choice|move 1|move 3
|
|move|p1a: Starmie|Blizzard|p2a: Chansey|[miss]
|-miss|p1a: Starmie
|move|p2a: Chansey|Ice Beam|p1a: Starmie
|-crit|p1a: Starmie
|-resisted|p1a: Starmie
|-damage|p1a: Starmie|207\/323
|
|turn|30
|choice|move 1|move 4
|
|move|p1a: Starmie|Blizzard|p2a: Chansey
|-damage|p2a: Chansey|343\/703
|move|p2a: Chansey|Thunderbolt|p1a: Starmie
|-supereffective|p1a: Starmie
|-damage|p1a: Starmie|39\/323
|-status|p1a: Starmie|par
|
|turn|31
|choice|switch 3|move 3
|
|switch|p1a: Chansey|Chansey|703\/703
|move|p2a: Chansey|Ice Beam|p1a: Chansey
|-crit|p1a: Chansey
|-damage|p1a: Chansey|549\/703
|-status|p1a: Chansey|frz
|
|turn|32
|J|IBIREVER
|choice|switch 6|move 2
|
|switch|p1a: Jynx|Jynx|333\/333 slp
|move|p2a: Chansey|Thunder Wave|p1a: Jynx
|-fail|p1a: Jynx
|
|turn|33
|choice|move 1|move 1
|
|-curestatus|p1a: Jynx|slp
|move|p2a: Chansey|Soft-Boiled|p2a: Chansey
|-heal|p2a: Chansey|694\/703
|
|turn|34
|choice|move 1|move 2
|
|move|p1a: Jynx|Blizzard|p2a: Chansey
|-damage|p2a: Chansey|564\/703
|move|p2a: Chansey|Thunder Wave|p1a: Jynx
|-status|p1a: Jynx|par
|
|turn|35
|choice|move 1|switch 6
|
|switch|p2a: Alakazam|Alakazam|313\/313 par
|move|p1a: Jynx|Blizzard|p2a: Alakazam
|-damage|p2a: Alakazam|197\/313 par
|
|turn|36
|choice|switch 5|move 1
|
|switch|p1a: Tauros|Tauros|353\/353
|move|p2a: Alakazam|Recover|p2a: Alakazam
|-heal|p2a: Alakazam|313\/313 par
|
|turn|37
|choice|switch 3|move 4
|
|switch|p1a: Starmie|Starmie|39\/323 par
|cant|p2a: Alakazam|par
|
|turn|38
|choice|move 2|move 3
|
|move|p2a: Alakazam|Psychic|p1a: Starmie
|-resisted|p1a: Starmie
|-damage|p1a: Starmie|0 fnt
|faint|p1a: Starmie
|choice|switch 2|
|
|switch|p1a: Snorlax|Snorlax, M|523\/523
|turn|39
|J|Villa
|choice|move 1|move 4
|
|move|p1a: Snorlax|Body Slam|p2a: Alakazam
|-damage|p2a: Alakazam|147\/313 par
|cant|p2a: Alakazam|par
|
|turn|40
|choice|move 1|switch 3
|
|switch|p2a: Snorlax|Snorlax|523\/523
|move|p1a: Snorlax|Body Slam|p2a: Snorlax
|-damage|p2a: Snorlax|377\/523
|
|turn|41
|choice|move 1|move 3
|
|move|p2a: Snorlax|Reflect|p2a: Snorlax
|-start|p2a: Snorlax|Reflect
|move|p1a: Snorlax|Body Slam|p2a: Snorlax
|-damage|p2a: Snorlax|309\/523
|
|turn|42
|choice|move 1|move 1
|
|move|p1a: Snorlax|Body Slam|p2a: Snorlax
|-damage|p2a: Snorlax|244\/523
|move|p2a: Snorlax|Body Slam|p1a: Snorlax
|-damage|p1a: Snorlax|381\/523
|
|turn|43
|choice|move 2|move 4
|
|move|p2a: Snorlax|Rest|p2a: Snorlax
|-status|p2a: Snorlax|slp
|-heal|p2a: Snorlax|523\/523 slp|[silent]
|-status|p2a: Snorlax|slp|[from] move: Rest
|move|p1a: Snorlax|Counter|p2a: Snorlax
|-fail|p1a: Snorlax
|
|turn|44
|choice|move 1|move 1
|
|move|p1a: Snorlax|Body Slam|p2a: Snorlax
|-damage|p2a: Snorlax|453\/523 slp
|cant|p2a: Snorlax|slp
|
|turn|45
|choice|move 1|move 1
|
|-curestatus|p2a: Snorlax|slp
|move|p1a: Snorlax|Body Slam|p2a: Snorlax
|-damage|p2a: Snorlax|381\/523
|
|turn|46
|choice|move 1|switch 4
|
|switch|p2a: Exeggutor|Exeggutor|280\/393 par
|move|p1a: Snorlax|Body Slam|p2a: Exeggutor
|-damage|p2a: Exeggutor|161\/393 par
|
|turn|47
|choice|switch 6|move 3
|
|switch|p1a: Chansey|Chansey|549\/703 frz
|move|p2a: Exeggutor|Explosion|p1a: Chansey
|-crit|p1a: Chansey
|-damage|p1a: Chansey|0 fnt
|faint|p1a: Chansey
|faint|p2a: Exeggutor
|choice|switch 6|switch 3
|
|switch|p1a: Snorlax|Snorlax, M|381\/523
|switch|p2a: Alakazam|Alakazam|147\/313 par
|turn|48
|choice|move 1|move 3
|
|move|p1a: Snorlax|Body Slam|p2a: Alakazam
|-damage|p2a: Alakazam|0 fnt
|faint|p2a: Alakazam
|choice||switch 6
|
|switch|p2a: Chansey|Chansey|564\/703
|turn|49
|choice|switch 5|move 4
|
|switch|p1a: Jynx|Jynx|333\/333 par
|move|p2a: Chansey|Thunderbolt|p1a: Jynx
|-damage|p1a: Jynx|257\/333 par
|
|turn|50
|choice|move 1|move 4
|
|move|p2a: Chansey|Thunderbolt|p1a: Jynx
|-damage|p1a: Jynx|178\/333 par
|move|p1a: Jynx|Blizzard|p2a: Chansey
|-damage|p2a: Chansey|437\/703
|
|turn|51
|choice|move 1|move 4
|
|move|p2a: Chansey|Thunderbolt|p1a: Jynx
|-damage|p1a: Jynx|93\/333 par
|move|p1a: Jynx|Blizzard|p2a: Chansey
|-damage|p2a: Chansey|303\/703
|
|turn|52
|choice|move 1|move 1
|
|move|p2a: Chansey|Soft-Boiled|p2a: Chansey
|-heal|p2a: Chansey|654\/703
|move|p1a: Jynx|Blizzard|p2a: Chansey
|-damage|p2a: Chansey|517\/703
|
|turn|53
|choice|move 3|move 4
|
|move|p2a: Chansey|Thunderbolt|p1a: Jynx
|-damage|p1a: Jynx|11\/333 par
|cant|p1a: Jynx|par
|
|turn|54
|choice|move 3|move 3
|
|move|p2a: Chansey|Ice Beam|p1a: Jynx
|-resisted|p1a: Jynx
|-damage|p1a: Jynx|0 fnt
|faint|p1a: Jynx
|choice|switch 5|
|
|switch|p1a: Snorlax|Snorlax, M|381\/523
|turn|55
|choice|move 4|move 2
|
|move|p2a: Chansey|Thunder Wave|p1a: Snorlax
|-status|p1a: Snorlax|par
|cant|p1a: Snorlax|par
|
|turn|56
|choice|move 4|move 3
|
|move|p2a: Chansey|Ice Beam|p1a: Snorlax
|-damage|p1a: Snorlax|276\/523 par
|move|p1a: Snorlax|Self-Destruct|p2a: Chansey
|-damage|p2a: Chansey|0 fnt
|faint|p2a: Chansey
|faint|p1a: Snorlax
|choice|switch 4|switch 4
|
|switch|p1a: Exeggutor|Exeggutor, M|393\/393
|switch|p2a: Snorlax|Snorlax|381\/523
|turn|57
|choice|move 3|move 2
|
|move|p1a: Exeggutor|Psychic|p2a: Snorlax
|-damage|p2a: Snorlax|215\/523
|move|p2a: Snorlax|Amnesia|p2a: Snorlax
|-boost|p2a: Snorlax|spd|2
|-boost|p2a: Snorlax|spa|2
|
|turn|58
|J|Dice
|choice|move 1|move 4
|
|move|p1a: Exeggutor|Explosion|p2a: Snorlax
|-crit|p2a: Snorlax
|-damage|p2a: Snorlax|0 fnt
|faint|p2a: Snorlax
|faint|p1a: Exeggutor
|choice|switch 3|switch 5
|
|switch|p2a: Starmie|Starmie|323\/323 slp
|switch|p1a: Tauros|Tauros|353\/353
|turn|59
|choice|move 2|move 4
|
|cant|p2a: Starmie|slp
|move|p1a: Tauros|Body Slam|p2a: Starmie
|-damage|p2a: Starmie|207\/323 slp
|
|turn|60
|choice|move 2|move 3
|
|-curestatus|p2a: Starmie|slp
|move|p1a: Tauros|Body Slam|p2a: Starmie
|-damage|p2a: Starmie|95\/323
|
|turn|61
|choice|move 2|move 3
|
|move|p2a: Starmie|Blizzard|p1a: Tauros
|-damage|p1a: Tauros|242\/353
|move|p1a: Tauros|Body Slam|p2a: Starmie
|-damage|p2a: Starmie|0 fnt
|faint|p2a: Starmie
|choice||switch 2
|
|switch|p2a: Tauros|Tauros|353\/353
|turn|62
|choice|move 1|move 1
|
|move|p1a: Tauros|Blizzard|p2a: Tauros
|-damage|p2a: Tauros|264\/353
|move|p2a: Tauros|Body Slam|p1a: Tauros
|-damage|p1a: Tauros|141\/353
|
|turn|63
|choice|move 4|move 2
|
|move|p2a: Tauros|Hyper Beam|p1a: Tauros
|-damage|p1a: Tauros|0 fnt
|faint|p1a: Tauros
|
|win|Selise