|J|bear7
|J|Beds
|player|p1|bear7|169
|player|p2|Beds|252
|gametype|singles
|gen|1
|tier|[Gen 1] OU
|rule|Sleep Clause Mod: Limit one foe put to sleep
|rule|Freeze Clause Mod: Limit one foe frozen
|rule|Species Clause: Limit one of each Pokémon
|rule|OHKO Clause: OHKO moves are banned
|rule|Evasion Moves Clause: Evasion moves are banned
|rule|HP Percentage Mod: HP is shown in percentages
|
|start
|switch|p1a: Articuno|Articuno|383\/383
|switch|p2a: Jynx|Jynx|333\/333
|turn|1
|J|Lockheeed
|J|ZoroarkForever
|J|Yogiras
|J|Froggy26
|c|★Beds|gl hf
|J|Fruitdealer
|c|★bear7|you too
|J|Nova
|J|RainPB
|J|King Tsunami
|J|klackiXD
|
|move|p2a: Jynx|Lovely Kiss|p1a: Articuno
|-status|p1a: Articuno|slp
|cant|p1a: Articuno|slp
|
|turn|2
|J|ToF
|
|switch|p1a: Slowbro|Slowbro|393\/393
|move|p2a: Jynx|Psychic|p1a: Slowbro
|-resisted|p1a: Slowbro
|-damage|p1a: Slowbro|338\/393
|-unboost|p1a: Slowbro|spd|1
|-unboost|p1a: Slowbro|spa|1
|
|turn|3
|J|Raspberry
|J|Mael oo
|J|Kingler12345
|
|move|p2a: Jynx|Mimic|p1a: Slowbro
|-start|p2a: Jynx|Mimic|Rest
|move|p1a: Slowbro|Thunder Wave|p2a: Jynx
|-status|p2a: Jynx|par
|
|turn|4
|J|Tesung
|J|Get this Money
|J|lunarr
|
|switch|p2a: Starmie|Starmie|323\/323
|move|p1a: Slowbro|Amnesia|p1a: Slowbro
|-boost|p1a: Slowbro|spd|2
|-boost|p1a: Slowbro|spa|2
|
|turn|5
|J|SOULWIND
|
|move|p2a: Starmie|Thunderbolt|p1a: Slowbro
|-supereffective|p1a: Slowbro
|-damage|p1a: Slowbro|230\/393
|move|p1a: Slowbro|Thunder Wave|p2a: Starmie
|-status|p2a: Starmie|par
|
|turn|6
|J|BODYBAG BONGRINE
|J|Medza
|J|Know My Steez
|
|switch|p1a: Raichu|Raichu|323\/323
|move|p2a: Starmie|Thunder Wave|p1a: Raichu
|-status|p1a: Raichu|par
|
|turn|7
|J|Mr.378
|J|reiku
|J|SparksBlade
|J|kratosmana
|J|radianthero156
|
|switch|p2a: Snorlax|Snorlax|523\/523
|move|p1a: Raichu|Thunder Wave|p2a: Snorlax
|-status|p2a: Snorlax|par
|
|turn|8
|J|bynum
|J|XxRayxX
|J|nazonokusa
|L|bynum
|J|Vileman
|J|the heat goes on
|J|Finchinator
|J|choollio
|J|Luckstard.
|J|pervert s4ge
|J|BKC
|
|switch|p1a: Hypno|Hypno|373\/373
|cant|p2a: Snorlax|par
|
|turn|9
|J|Nails
|J|the pdc show
|J|yond
|
|move|p1a: Hypno|Psychic|p2a: Snorlax
|-damage|p2a: Snorlax|359\/523 par
|move|p2a: Snorlax|Body Slam|p1a: Hypno
|-damage|p1a: Hypno|250\/373
|
|turn|10
|J|Bad Ass
|J|Destiny Device
|J|Xopi
|J|bynum
|
|move|p2a: Snorlax|Body Slam|p1a: Hypno
|-damage|p1a: Hypno|113\/373
|move|p1a: Hypno|Counter|p2a: Snorlax
|-damage|p2a: Snorlax|85\/523 par
|
|turn|11
|
|switch|p2a: Jynx|Jynx|333\/333 par
|move|p1a: Hypno|Psychic|p2a: Jynx
|-crit|p2a: Jynx
|-resisted|p2a: Jynx
|-damage|p2a: Jynx|208\/333 par
|
|turn|12
|J|BlazingDark
|J|Raveana
|J|elodie
|J|pholovvers
|
|move|p2a: Jynx|Blizzard|p1a: Hypno
|-crit|p1a: Hypno
|-damage|p1a: Hypno|0 fnt
|faint|p1a: Hypno
|J|unamed
|L|Raveana
|J|earth
|J|HikeNN
|J|Crying Heavens
|J|Mustounet
|J|Cristal
|L|BlazingDark
|J|Funkasaurus
|J|Aeglos
|J|Tom0410
|J|FINCHINATOR
|
|switch|p1a: Slowbro|Slowbro|230\/393
|turn|13
|J|Betapf
|J|Mumus-Z12
|J|DESTINY DEVICE
|J|El-Soldier
|
|switch|p1a: Raichu|Raichu|323\/323 par
|switch|p2a: Starmie|Starmie|323\/323 par
|
|turn|14
|J|MoxieInfinite
|
|switch|p2a: Chansey|Chansey|703\/703
|cant|p1a: Raichu|par
|
|turn|15
|L|HikeNN
|
|move|p2a: Chansey|Ice Beam|p1a: Raichu
|-damage|p1a: Raichu|236\/323 par
|move|p1a: Raichu|Thunder Wave|p2a: Chansey
|-status|p2a: Chansey|par
|
|turn|16
|J|Sam
|J|Sapientia
|L|the heat goes on
|J|Astounded
|L|Mumus-Z12
|J|Bloodz
|
|switch|p1a: Articuno|Articuno|383\/383 slp
|move|p2a: Chansey|Ice Beam|p1a: Articuno
|-damage|p1a: Articuno|312\/383 slp
|
|turn|17
|J|soulraiser
|
|switch|p1a: Raichu|Raichu|236\/323 par
|switch|p2a: Snorlax|Snorlax|85\/523 par
|
|turn|18
|J|Steve Angello
|J|DennisEG
|J|the heat goes on
|L|Lockheeed
|
|switch|p2a: Chansey|Chansey|703\/703 par
|move|p1a: Raichu|Thunderbolt|p2a: Chansey
|-damage|p2a: Chansey|595\/703 par
|
|turn|19
|J|Lockheeed
|
|switch|p1a: Slowbro|Slowbro|230\/393
|move|p2a: Chansey|Ice Beam|p1a: Slowbro
|-resisted|p1a: Slowbro
|-damage|p1a: Slowbro|183\/393
|
|turn|20
|J|Kefky
|
|move|p1a: Slowbro|Amnesia|p1a: Slowbro
|-boost|p1a: Slowbro|spd|2
|-boost|p1a: Slowbro|spa|2
|move|p2a: Chansey|Thunderbolt|p1a: Slowbro
|-supereffective|p1a: Slowbro
|-damage|p1a: Slowbro|96\/393
|
|turn|21
|
|switch|p2a: Snorlax|Snorlax|85\/523 par
|move|p1a: Slowbro|Rest|p1a: Slowbro
|-status|p1a: Slowbro|slp
|-heal|p1a: Slowbro|393\/393 slp|[silent]
|-status|p1a: Slowbro|slp|[from] move: Rest
|
|turn|22
|J|OG SSJ Bardock
|J|Nachos
|L|DESTINY DEVICE
|J|cosine180
|
|cant|p1a: Slowbro|slp
|move|p2a: Snorlax|Self-Destruct|p1a: Slowbro
|-damage|p1a: Slowbro|92\/393 slp
|faint|p2a: Snorlax
|J|Charizardisdabes
|
|switch|p2a: Tauros|Tauros|353\/353
|turn|23
|
|move|p2a: Tauros|Body Slam|p1a: Slowbro
|-damage|p1a: Slowbro|0 fnt
|faint|p1a: Slowbro
|
|switch|p1a: Tauros|Tauros|353\/353
|turn|24
|
|switch|p2a: Exeggutor|Exeggutor|393\/393
|move|p1a: Tauros|Body Slam|p2a: Exeggutor
|-damage|p2a: Exeggutor|280\/393
|
|turn|25
|
|move|p1a: Tauros|Body Slam|p2a: Exeggutor
|-damage|p2a: Exeggutor|166\/393
|move|p2a: Exeggutor|Psychic|p1a: Tauros
|-crit|p1a: Tauros
|-damage|p1a: Tauros|49\/353
|
|turn|26
|
|switch|p2a: Jynx|Jynx|208\/333 par
|move|p1a: Tauros|Hyper Beam|p2a: Jynx
|-damage|p2a: Jynx|0 fnt
|faint|p2a: Jynx
|
|switch|p2a: Tauros|Tauros|353\/353
|turn|27
|J|Aurious
|
|switch|p1a: Articuno|Articuno|312\/383 slp
|move|p2a: Tauros|Body Slam|p1a: Articuno
|-crit|p1a: Articuno
|-damage|p1a: Articuno|104\/383 slp
|
|turn|28
|
|move|p2a: Tauros|Body Slam|p1a: Articuno|[miss]
|-miss|p2a: Tauros
|cant|p1a: Articuno|slp
|
|turn|29
|c|★Beds|thanks masuda
|
|move|p2a: Tauros|Body Slam|p1a: Articuno
|-crit|p1a: Articuno
|-damage|p1a: Articuno|0 fnt
|faint|p1a: Articuno
|
|switch|p1a: Venusaur|Venusaur|363\/363
|turn|30
|J|DESTINY DEVICE
|J|Starlit Projection
|J|Orch
|J|ladislav
|
|switch|p2a: Chansey|Chansey|595\/703 par
|move|p1a: Venusaur|Swords Dance|p1a: Venusaur
|-boost|p1a: Venusaur|atk|2
|
|turn|31
|L|ladislav
|J|Jaist
|L|Jaist
|J|Evuelf
|J|yohji yanmegamotto
|
|move|p1a: Venusaur|Body Slam|p2a: Chansey
|-crit|p2a: Chansey
|-damage|p2a: Chansey|299\/703 par
|move|p2a: Chansey|Thunder Wave|p1a: Venusaur
|-status|p1a: Venusaur|par
|
|turn|32
|
|move|p1a: Venusaur|Body Slam|p2a: Chansey
|-crit|p2a: Chansey
|-damage|p2a: Chansey|0 fnt
|faint|p2a: Chansey
|J|McMeghan
|J|ImSNT
|
|switch|p2a: Exeggutor|Exeggutor|166\/393
|turn|33
|
|switch|p1a: Raichu|Raichu|236\/323 par
|move|p2a: Exeggutor|Psychic|p1a: Raichu
|-damage|p1a: Raichu|98\/323 par
|-unboost|p1a: Raichu|spd|1
|-unboost|p1a: Raichu|spa|1
|
|turn|34
|
|move|p2a: Exeggutor|Psychic|p1a: Raichu
|-damage|p1a: Raichu|0 fnt
|faint|p1a: Raichu
|
|switch|p1a: Tauros|Tauros|49\/353
|turn|35
|J|Bughouse
|
|switch|p2a: Starmie|Starmie|323\/323 par
|move|p1a: Tauros|Hyper Beam|p2a: Starmie
|-damage|p2a: Starmie|144\/323 par
|
|turn|36
|-mustrecharge|p1a: Tauros
|J|metmaver
|J|Reigako
|-mustrecharge|p1a: Tauros
|
|cant|p1a: Tauros|recharge
|cant|p2a: Starmie|par
|
|turn|37
|
|move|p1a: Tauros|Hyper Beam|p2a: Starmie
|-damage|p2a: Starmie|0 fnt
|faint|p2a: Starmie
|
|switch|p2a: Tauros|Tauros|353\/353
|turn|38
|J|Raiza
|J|Faith Lee
|L|Faith Lee
|J|Giggling Grannie
|J|GCL
|J|maxow
|
|switch|p1a: Venusaur|Venusaur|363\/363 par
|move|p2a: Tauros|Body Slam|p1a: Venusaur
|-damage|p1a: Venusaur|257\/363 par
|
|turn|39
|J|op
|L|Funkasaurus
|
|switch|p2a: Exeggutor|Exeggutor|166\/393
|move|p1a: Venusaur|Sleep Powder|p2a: Exeggutor
|-status|p2a: Exeggutor|slp
|
|turn|40
|J|atomicllamas
|L|BODYBAG BONGRINE
|L|Raspberry
|J|KT Piccaboo
|J|iZocker
|J|Lusso
|L|unamed
|J|HODOR
|
|switch|p2a: Tauros|Tauros|353\/353
|switch|p1a: Tauros|Tauros|49\/353
|
|turn|41
|L|maxow
|
|move|p1a: Tauros|Hyper Beam|p2a: Tauros|[miss]
|-miss|p1a: Tauros
|move|p2a: Tauros|Body Slam|p1a: Tauros
|-damage|p1a: Tauros|0 fnt
|faint|p1a: Tauros
|J|Zebraiken
|
|switch|p1a: Venusaur|Venusaur|257\/363 par
|turn|42
|J|Da Raikage
|L|bynum
|L|yond
|
|move|p2a: Tauros|Body Slam|p1a: Venusaur
|-damage|p1a: Venusaur|145\/363 par
|cant|p1a: Venusaur|par
|
|turn|43
|J|bynum
|
|move|p2a: Tauros|Hyper Beam|p1a: Venusaur
|-damage|p1a: Venusaur|0 fnt
|faint|p1a: Venusaur
|
|win|Beds
|L|Luckstard.
|J|bouff
|L|Lusso
|L|Medza
|c|★bear7|gg
|L|Kefky
|c|★Beds|gg
|L|Zebraiken
|L|bear7
|player|p1
|L|Mustounet
|L|Bughouse
|L|Raiza
|L|Steve Angello
|L|Fruitdealer
|L|Nova
|L|radianthero156
|L|bouff
|L|OG SSJ Bardock
|L|King Tsunami
|L|KT Piccaboo
|L|Nachos
|L|klackiXD
|L|Beds
|player|p2
|L|Charizardisdabes
|L|op
|L|Sapientia
|L|Kingler12345
|L|Yogiras
|L|Bloodz
|L|reiku
|L|iZocker
|L|XxRayxX
|L|HODOR
|L|DESTINY DEVICE
|L|FINCHINATOR
|L|Da Raikage
|L|lunarr
|L|atomicllamas
|L|SOULWIND
|L|Froggy26
|L|Astounded
|L|choollio
|L|Orch
|L|Cristal
|L|VILEMAN
|L|Tesung
|L|BKC
|L|yohji yanmegamotto
|L|Aurious
|L|ZoroarkForever
|L|Sam
|L|bynum
|L|Starlit Projection
|L|MoxieInfinite
|L|Bad Ass
|L|cosine180
|J|maxow
|L|the heat goes on
|L|RainPB
|L|DennisEG
|L|metmaver
|L|GCL
|L|ToF
|L|Get this Money
|J|Froggy26
|L|maxow
|L|ImSNT
|J|Starlit Projection
|L|Starlit Projection
|L|Mael oo
|L|the pdc show