|inactive|Battle timer is ON: inactive players will automatically lose when time's up.
|J|H-C
|J|CrapAtRBY
|player|p1|H-C|244
|player|p2|CrapAtRBY|170
|gametype|singles
|gen|1
|tier|[Gen 1] OU
|rule|Sleep Clause Mod: Limit one foe put to sleep
|rule|Freeze Clause Mod: Limit one foe frozen
|rule|Species Clause: Limit one of each Pokémon
|rule|OHKO Clause: OHKO moves are banned
|rule|Evasion Moves Clause: Evasion moves are banned
|rule|HP Percentage Mod: HP is shown in percentages
|
|start
|switch|p1a: Gengar|Gengar|323\/323
|switch|p2a: Jynx|Jynx|333\/333
|turn|1
|J|Alf
|
|move|p1a: Gengar|Hypnosis|p2a: Jynx|[miss]
|-miss|p1a: Gengar
|move|p2a: Jynx|Psychic|p1a: Gengar
|-supereffective|p1a: Gengar
|-damage|p1a: Gengar|152\/323
|
|turn|2
|J|Isa RC
|
|move|p1a: Gengar|Hypnosis|p2a: Jynx|[miss]
|-miss|p1a: Gengar
|move|p2a: Jynx|Psychic|p1a: Gengar
|-crit|p1a: Gengar
|-supereffective|p1a: Gengar
|-damage|p1a: Gengar|0 fnt
|faint|p1a: Gengar
|c|★H-C|^^^^^^^^^^^^^^^^^^^^^^^^^^^^
|
|switch|p1a: Chansey|Chansey|703\/703
|turn|3
|
|move|p2a: Jynx|Lovely Kiss|p1a: Chansey
|-status|p1a: Chansey|slp
|cant|p1a: Chansey|slp
|
|turn|4
|
|switch|p1a: Snorlax|Snorlax|523\/523
|move|p2a: Jynx|Psychic|p1a: Snorlax
|-damage|p1a: Snorlax|385\/523
|-unboost|p1a: Snorlax|spd|1
|-unboost|p1a: Snorlax|spa|1
|
|turn|5
|
|move|p1a: Snorlax|Body Slam|p2a: Jynx
|-damage|p2a: Jynx|148\/333
|move|p2a: Jynx|Counter|p1a: Snorlax
|-damage|p1a: Snorlax|15\/523
|
|turn|6
|
|move|p2a: Jynx|Psychic|p1a: Snorlax
|-damage|p1a: Snorlax|0 fnt
|faint|p1a: Snorlax
|
|switch|p1a: Tauros|Tauros|353\/353
|turn|7
|c|★H-C|great game indeed
|
|move|p1a: Tauros|Body Slam|p2a: Jynx
|-damage|p2a: Jynx|0 fnt
|faint|p2a: Jynx
|
|switch|p2a: Tauros|Tauros|353\/353
|turn|8
|
|move|p2a: Tauros|Body Slam|p1a: Tauros
|-crit|p1a: Tauros
|-damage|p1a: Tauros|156\/353
|move|p1a: Tauros|Body Slam|p2a: Tauros|[miss]
|-miss|p1a: Tauros
|
|turn|9
|c|★H-C|ok
|c|★H-C|fuck you
|L|H-C
|player|p1
|L|Isa RC
|L|Alf
|-message|Player 1 lost due to inactivity.
|
|win|CrapAtRBY