|J|tamahome
|J|Dice
|player|p1|tamahome|181
|player|p2|Dice|168
|gametype|singles
|gen|1
|tier|[Gen 1] OU
|seed|65189,40749,63844,44226
|rule|Sleep Clause Mod: Limit one foe put to sleep
|rule|Freeze Clause Mod: Limit one foe frozen
|rule|Species Clause: Limit one of each Pokémon
|rule|OHKO Clause: OHKO moves are banned
|rule|Evasion Moves Clause: Evasion moves are banned
|rule|HP Percentage Mod: HP is shown in percentages
|
|start
|switch|p1a: Gengar|Gengar|323\/323
|switch|p2a: Alakazam|Alakazam|313\/313
|turn|1
|choice|switch 5|move 1
|
|switch|p1a: Alakazam|Alakazam|313\/313
|move|p2a: Alakazam|Psychic|p1a: Alakazam
|-resisted|p1a: Alakazam
|-damage|p1a: Alakazam|258\/313
|-unboost|p1a: Alakazam|spd|1
|-unboost|p1a: Alakazam|spa|1
|
|turn|2
|J|BlackWeed
|L|BlackWeed
|choice|move 3|move 2
|
|move|p2a: Alakazam|Thunder Wave|p1a: Alakazam
|-status|p1a: Alakazam|par
|move|p1a: Alakazam|Thunder Wave|p2a: Alakazam
|-status|p2a: Alakazam|par
|
|turn|3
|choice|move 4|move 1
|
|move|p2a: Alakazam|Psychic|p1a: Alakazam
|-resisted|p1a: Alakazam
|-damage|p1a: Alakazam|172\/313 par
|move|p1a: Alakazam|Recover|p1a: Alakazam
|-heal|p1a: Alakazam|313\/313 par
|
|turn|4
|choice|move 2|move 1
|
|cant|p1a: Alakazam|par
|move|p2a: Alakazam|Psychic|p1a: Alakazam
|-resisted|p1a: Alakazam
|-damage|p1a: Alakazam|230\/313 par
|
|turn|5
|choice|move 2|move 1
|
|move|p1a: Alakazam|Seismic Toss|p2a: Alakazam
|-damage|p2a: Alakazam|213\/313 par
|move|p2a: Alakazam|Psychic|p1a: Alakazam
|-resisted|p1a: Alakazam
|-damage|p1a: Alakazam|155\/313 par
|
|turn|6
|choice|move 4|move 1
|
|move|p1a: Alakazam|Recover|p1a: Alakazam
|-heal|p1a: Alakazam|311\/313 par
|move|p2a: Alakazam|Psychic|p1a: Alakazam
|-resisted|p1a: Alakazam
|-damage|p1a: Alakazam|235\/313 par
|
|turn|7
|choice|move 2|move 1
|
|cant|p2a: Alakazam|par
|cant|p1a: Alakazam|par
|
|turn|8
|choice|move 2|move 1
|
|move|p2a: Alakazam|Psychic|p1a: Alakazam
|-resisted|p1a: Alakazam
|-damage|p1a: Alakazam|154\/313 par
|move|p1a: Alakazam|Seismic Toss|p2a: Alakazam
|-damage|p2a: Alakazam|113\/313 par
|
|turn|9
|choice|move 4|move 1
|
|move|p1a: Alakazam|Recover|p1a: Alakazam
|-heal|p1a: Alakazam|310\/313 par
|cant|p2a: Alakazam|par
|
|turn|10
|choice|switch 3|move 4
|
|switch|p1a: Snorlax|Snorlax|523\/523
|cant|p2a: Alakazam|par
|
|turn|11
|choice|move 1|switch 6
|
|switch|p2a: Chansey|Chansey|703\/703
|move|p1a: Snorlax|Body Slam|p2a: Chansey
|-damage|p2a: Chansey|402\/703
|
|turn|12
|choice|move 3|move 2
|
|move|p2a: Chansey|Soft-Boiled|p2a: Chansey
|-heal|p2a: Chansey|703\/703
|move|p1a: Snorlax|Earthquake|p2a: Chansey
|-damage|p2a: Chansey|462\/703
|
|turn|13
|choice|switch 3|move 3
|
|switch|p1a: Alakazam|Alakazam|310\/313 par
|move|p2a: Chansey|Thunder Wave|p1a: Alakazam
|-fail|p1a: Alakazam|par
|
|turn|14
|choice|move 1|move 2
|
|move|p2a: Chansey|Soft-Boiled|p2a: Chansey
|-heal|p2a: Chansey|703\/703
|move|p1a: Alakazam|Psychic|p2a: Chansey
|-crit|p2a: Chansey
|-damage|p2a: Chansey|471\/703
|
|turn|15
|choice|move 1|move 1
|
|move|p2a: Chansey|Seismic Toss|p1a: Alakazam
|-damage|p1a: Alakazam|210\/313 par
|cant|p1a: Alakazam|par
|
|turn|16
|choice|move 4|switch 6
|
|switch|p2a: Alakazam|Alakazam|113\/313 par
|move|p1a: Alakazam|Recover|p1a: Alakazam
|-heal|p1a: Alakazam|313\/313 par
|
|turn|17
|choice|move 2|move 4
|
|cant|p1a: Alakazam|par
|cant|p2a: Alakazam|par
|
|turn|18
|choice|move 2|move 4
|
|move|p1a: Alakazam|Seismic Toss|p2a: Alakazam
|-damage|p2a: Alakazam|13\/313 par
|move|p2a: Alakazam|Recover|p2a: Alakazam
|-heal|p2a: Alakazam|169\/313 par
|
|turn|19
|choice|move 2|move 4
|
|move|p1a: Alakazam|Seismic Toss|p2a: Alakazam
|-damage|p2a: Alakazam|69\/313 par
|move|p2a: Alakazam|Recover|p2a: Alakazam
|-heal|p2a: Alakazam|225\/313 par
|
|turn|20
|choice|move 2|move 4
|
|move|p1a: Alakazam|Seismic Toss|p2a: Alakazam
|-damage|p2a: Alakazam|125\/313 par
|move|p2a: Alakazam|Recover|p2a: Alakazam
|-heal|p2a: Alakazam|281\/313 par
|
|turn|21
|choice|move 2|move 3
|
|move|p2a: Alakazam|Seismic Toss|p1a: Alakazam
|-damage|p1a: Alakazam|213\/313 par
|move|p1a: Alakazam|Seismic Toss|p2a: Alakazam
|-damage|p2a: Alakazam|181\/313 par
|
|turn|22
|choice|move 4|move 4
|
|cant|p1a: Alakazam|par
|move|p2a: Alakazam|Recover|p2a: Alakazam
|-heal|p2a: Alakazam|313\/313 par
|
|turn|23
|choice|move 4|move 3
|
|move|p1a: Alakazam|Recover|p1a: Alakazam
|-heal|p1a: Alakazam|313\/313 par
|move|p2a: Alakazam|Seismic Toss|p1a: Alakazam
|-damage|p1a: Alakazam|213\/313 par
|
|turn|24
|choice|move 2|move 1
|
|move|p1a: Alakazam|Seismic Toss|p2a: Alakazam
|-damage|p2a: Alakazam|213\/313 par
|cant|p2a: Alakazam|par
|
|turn|25
|choice|move 2|move 3
|
|move|p2a: Alakazam|Seismic Toss|p1a: Alakazam
|-damage|p1a: Alakazam|113\/313 par
|move|p1a: Alakazam|Seismic Toss|p2a: Alakazam
|-damage|p2a: Alakazam|113\/313 par
|
|turn|26
|choice|move 2|move 4
|
|cant|p2a: Alakazam|par
|move|p1a: Alakazam|Seismic Toss|p2a: Alakazam
|-damage|p2a: Alakazam|13\/313 par
|
|turn|27
|choice|move 1|move 4
|
|cant|p1a: Alakazam|par
|move|p2a: Alakazam|Recover|p2a: Alakazam
|-heal|p2a: Alakazam|169\/313 par
|
|turn|28
|choice|move 4|move 1
|
|move|p1a: Alakazam|Recover|p1a: Alakazam
|-heal|p1a: Alakazam|269\/313 par
|move|p2a: Alakazam|Psychic|p1a: Alakazam
|-resisted|p1a: Alakazam
|-damage|p1a: Alakazam|212\/313 par
|
|turn|29
|choice|move 2|move 3
|
|move|p2a: Alakazam|Seismic Toss|p1a: Alakazam
|-damage|p1a: Alakazam|112\/313 par
|cant|p1a: Alakazam|par
|
|turn|30
|choice|move 4|move 1
|
|cant|p1a: Alakazam|par
|move|p2a: Alakazam|Psychic|p1a: Alakazam
|-resisted|p1a: Alakazam
|-damage|p1a: Alakazam|64\/313 par
|
|turn|31
|choice|move 4|move 3
|
|move|p2a: Alakazam|Seismic Toss|p1a: Alakazam
|-damage|p1a: Alakazam|0 fnt
|faint|p1a: Alakazam
|choice|switch 3|
|
|switch|p1a: Snorlax|Snorlax|523\/523
|turn|32
|J|Nintendi
|choice|move 1|switch 3
|
|switch|p2a: Slowbro|Slowbro|393\/393
|move|p1a: Snorlax|Body Slam|p2a: Slowbro
|-crit|p2a: Slowbro
|-damage|p2a: Slowbro|203\/393
|
|turn|33
|choice|switch 4|move 1
|
|switch|p1a: Starmie|Starmie|323\/323
|move|p2a: Slowbro|Thunder Wave|p1a: Starmie
|-status|p1a: Starmie|par
|
|turn|34
|choice|switch 5|move 2
|
|switch|p1a: Gengar|Gengar|323\/323
|move|p2a: Slowbro|Amnesia|p2a: Slowbro
|-boost|p2a: Slowbro|spd|2
|-boost|p2a: Slowbro|spa|2
|
|turn|35
|choice|move 1|move 1
|
|move|p1a: Gengar|Hypnosis|p2a: Slowbro
|-status|p2a: Slowbro|slp
|cant|p2a: Slowbro|slp
|
|turn|36
|choice|move 2|switch 6
|
|switch|p2a: Chansey|Chansey|471\/703
|move|p1a: Gengar|Night Shade|p2a: Chansey
|-damage|p2a: Chansey|371\/703
|
|turn|37
|choice|move 4|move 2
|
|move|p1a: Gengar|Explosion|p2a: Chansey
|-damage|p2a: Chansey|0 fnt
|faint|p2a: Chansey
|faint|p1a: Gengar
|choice|switch 4|switch 5
|
|switch|p2a: Snorlax|Snorlax|523\/523
|switch|p1a: Snorlax|Snorlax|523\/523
|turn|38
|choice|move 2|move 1
|
|move|p2a: Snorlax|Body Slam|p1a: Snorlax
|-damage|p1a: Snorlax|374\/523
|move|p1a: Snorlax|Counter|p2a: Snorlax
|-damage|p2a: Snorlax|225\/523
|
|turn|39
|choice|move 1|move 2
|
|move|p1a: Snorlax|Body Slam|p2a: Snorlax
|-damage|p2a: Snorlax|97\/523
|move|p2a: Snorlax|Counter|p1a: Snorlax
|-damage|p1a: Snorlax|118\/523
|
|turn|40
|choice|move 1|move 1
|
|move|p2a: Snorlax|Body Slam|p1a: Snorlax
|-damage|p1a: Snorlax|0 fnt
|faint|p1a: Snorlax
|choice|switch 6|
|
|switch|p1a: Tauros|Tauros|353\/353
|turn|41
|choice|move 1|switch 3
|
|switch|p2a: Alakazam|Alakazam|169\/313 par
|move|p1a: Tauros|Body Slam|p2a: Alakazam
|-crit|p2a: Alakazam
|-damage|p2a: Alakazam|0 fnt
|faint|p2a: Alakazam
|choice||switch 4
|
|switch|p2a: Victreebel|Victreebel|363\/363
|turn|42
|choice|move 3|move 1
|
|move|p1a: Tauros|Blizzard|p2a: Victreebel
|-supereffective|p2a: Victreebel
|-damage|p2a: Victreebel|207\/363
|move|p2a: Victreebel|Sleep Powder|p1a: Tauros
|-status|p1a: Tauros|slp
|
|turn|43
|choice|move 1|move 2
|
|cant|p1a: Tauros|slp
|move|p2a: Victreebel|Swords Dance|p2a: Victreebel
|-boost|p2a: Victreebel|atk|2
|
|turn|44
|choice|move 1|move 4
|
|-curestatus|p1a: Tauros|slp
|move|p2a: Victreebel|Hyper Beam|p1a: Tauros
|-damage|p1a: Tauros|97\/353
|
|turn|45
|-mustrecharge|p2a: Victreebel
|-mustrecharge|p2a: Victreebel
|choice|move 1|move 1
|
|move|p1a: Tauros|Body Slam|p2a: Victreebel
|-damage|p2a: Victreebel|87\/363
|cant|p2a: Victreebel|recharge
|
|turn|46
|choice|move 1|switch 3
|
|switch|p2a: Snorlax|Snorlax|97\/523
|move|p1a: Tauros|Body Slam|p2a: Snorlax
|-damage|p2a: Snorlax|0 fnt
|faint|p2a: Snorlax
|choice||switch 2
|
|switch|p2a: Rhydon|Rhydon|413\/413
|turn|47
|choice|move 3|move 3
|
|move|p1a: Tauros|Blizzard|p2a: Rhydon
|-supereffective|p2a: Rhydon
|-damage|p2a: Rhydon|193\/413
|move|p2a: Rhydon|Earthquake|p1a: Tauros
|-damage|p1a: Tauros|0 fnt
|faint|p1a: Tauros
|choice|switch 2|
|
|switch|p1a: Exeggutor|Exeggutor|393\/393
|turn|48
|choice|move 2|move 1
|
|move|p1a: Exeggutor|Psychic|p2a: Rhydon
|-damage|p2a: Rhydon|0 fnt
|faint|p2a: Rhydon
|choice||switch 3
|
|switch|p2a: Victreebel|Victreebel|87\/363
|turn|49
|choice|move 2|move 3
|
|move|p2a: Victreebel|Razor Leaf|p1a: Exeggutor
|-crit|p1a: Exeggutor
|-resisted|p1a: Exeggutor
|-damage|p1a: Exeggutor|338\/393
|move|p1a: Exeggutor|Psychic|p2a: Victreebel
|-supereffective|p2a: Victreebel
|-damage|p2a: Victreebel|0 fnt
|faint|p2a: Victreebel
|c|★Dice|ugh
|choice||switch 6
|
|switch|p2a: Slowbro|Slowbro|203\/393 slp
|turn|50
|c|★Dice|fker
|c|★tamahome|gottem
|c|★tamahome|gg
|c|★Dice|gg
|choice|move 3|move 1
|
|move|p1a: Exeggutor|Mega Drain|p2a: Slowbro
|-supereffective|p2a: Slowbro
|-damage|p2a: Slowbro|81\/393 slp
|-heal|p1a: Exeggutor|393\/393|[from] drain|[of] p2a: Slowbro
|cant|p2a: Slowbro|slp
|
|turn|51
|choice|move 3|move 1
|
|move|p1a: Exeggutor|Mega Drain|p2a: Slowbro
|-supereffective|p2a: Slowbro
|-damage|p2a: Slowbro|0 fnt
|faint|p2a: Slowbro
|
|win|tamahome