|J|smurfer
|J|Dice
|player|p1|smurfer|164
|player|p2|Dice|2
|gametype|singles
|gen|1
|tier|[Gen 1] OU
|seed|48576,15261,49066,59250
|rule|Sleep Clause Mod: Limit one foe put to sleep
|rule|Freeze Clause Mod: Limit one foe frozen
|rule|Species Clause: Limit one of each Pokémon
|rule|OHKO Clause: OHKO moves are banned
|rule|Evasion Moves Clause: Evasion moves are banned
|rule|HP Percentage Mod: HP is shown in percentages
|
|start
|switch|p1a: Jynx|Jynx|333\/333
|switch|p2a: Hypno|Hypno|373\/373
|turn|1
|J|MegaStarUniverse
|J|Vileman
|L|MegaStarUniverse
|J|user zf
|c|★smurfer|nice goblin
|c|★Dice|what's a goon 2 a goblin
|choice|move 1|move 1
|
|move|p1a: Jynx|Lovely Kiss|p2a: Hypno
|-status|p2a: Hypno|slp
|cant|p2a: Hypno|slp
|
|turn|2
|J|LT2 Otter
|c|+zoroarkforever|dice sucks lol
|J|aqqq
|choice|move 2|move 1
|
|move|p1a: Jynx|Blizzard|p2a: Hypno
|-damage|p2a: Hypno|239\/373 slp
|cant|p2a: Hypno|slp
|
|turn|3
|choice|move 2|switch 4
|
|switch|p2a: Chansey|Chansey|703\/703
|move|p1a: Jynx|Blizzard|p2a: Chansey
|-damage|p2a: Chansey|565\/703
|
|turn|4
|L|aqqq
|c|★smurfer|is blizzard 10 or 30%
|c|★smurfer|for frez
|J|BKC
|c|+zoroarkforever|20
|c|+zoroarkforever|*10
|choice|switch 6|move 2
|
|switch|p1a: Golem|Golem|363\/363
|move|p2a: Chansey|Thunderbolt|p1a: Golem
|-immune|p1a: Golem|[msg]
|
|turn|5
|choice|switch 2|switch 3
|
|switch|p2a: Exeggutor|Exeggutor|393\/393
|switch|p1a: Exeggutor|Exeggutor|393\/393
|
|turn|6
|choice|move 3|move 4
|
|move|p2a: Exeggutor|Sleep Powder|p1a: Exeggutor
|-status|p1a: Exeggutor|slp
|-curestatus|p1a: Exeggutor|slp
|
|turn|7
|choice|move 3|move 4
|
|move|p1a: Exeggutor|Explosion|p2a: Exeggutor
|-damage|p2a: Exeggutor|95\/393
|faint|p1a: Exeggutor
|choice|switch 6|
|
|switch|p1a: Jynx|Jynx|333\/333
|turn|8
|choice|move 2|switch 3
|
|switch|p2a: Chansey|Chansey|565\/703
|move|p1a: Jynx|Blizzard|p2a: Chansey
|-damage|p2a: Chansey|428\/703
|
|turn|9
|J|craing
|choice|move 2|move 4
|
|move|p1a: Jynx|Blizzard|p2a: Chansey
|-damage|p2a: Chansey|303\/703
|move|p2a: Chansey|Soft-Boiled|p2a: Chansey
|-heal|p2a: Chansey|654\/703
|
|turn|10
|L|craing
|choice|switch 2|move 1
|
|switch|p1a: Golem|Golem|363\/363
|move|p2a: Chansey|Thunder Wave|p1a: Golem
|-immune|p1a: Golem|[msg]
|
|turn|11
|choice|move 2|move 3
|
|move|p2a: Chansey|Ice Beam|p1a: Golem
|-supereffective|p1a: Golem
|-damage|p1a: Golem|151\/363
|move|p1a: Golem|Earthquake|p2a: Chansey
|-damage|p2a: Chansey|311\/703
|
|turn|12
|choice|move 4|move 4
|
|move|p2a: Chansey|Soft-Boiled|p2a: Chansey
|-heal|p2a: Chansey|662\/703
|move|p1a: Golem|Explosion|p2a: Chansey
|-damage|p2a: Chansey|0 fnt
|faint|p2a: Chansey
|faint|p1a: Golem
|choice|switch 5|switch 5
|
|switch|p1a: Jolteon|Jolteon|333\/333
|switch|p2a: Snorlax|Snorlax|523\/523
|turn|13
|J|slime season
|choice|switch 3|move 2
|
|switch|p1a: Kabutops|Kabutops|323\/323
|move|p2a: Snorlax|Earthquake|p1a: Kabutops
|-supereffective|p1a: Kabutops
|-damage|p1a: Kabutops|153\/323
|
|turn|14
|choice|move 4|move 2
|
|move|p1a: Kabutops|Hyper Beam|p2a: Snorlax
|-damage|p2a: Snorlax|354\/523
|move|p2a: Snorlax|Earthquake|p1a: Kabutops
|-supereffective|p1a: Kabutops
|-damage|p1a: Kabutops|0 fnt
|faint|p1a: Kabutops
|choice|switch 2|
|
|switch|p1a: Jynx|Jynx|333\/333
|turn|15
|choice|move 2|move 1
|
|move|p1a: Jynx|Blizzard|p2a: Snorlax
|-crit|p2a: Snorlax
|-damage|p2a: Snorlax|35\/523
|move|p2a: Snorlax|Body Slam|p1a: Jynx
|-damage|p1a: Jynx|135\/333
|
|turn|16
|J|reiku
|choice|move 3|move 1
|
|move|p1a: Jynx|Psychic|p2a: Snorlax
|-damage|p2a: Snorlax|0 fnt
|faint|p2a: Snorlax
|choice||switch 6
|
|switch|p2a: Tauros|Tauros|353\/353
|turn|17
|L|reiku
|choice|move 2|move 1
|
|move|p2a: Tauros|Body Slam|p1a: Jynx
|-damage|p1a: Jynx|0 fnt
|faint|p1a: Jynx
|choice|switch 4|
|
|switch|p1a: Chansey|Chansey|703\/703
|turn|18
|choice|move 4|switch 4
|
|switch|p2a: Hypno|Hypno|239\/373 slp
|move|p1a: Chansey|Counter|p2a: Hypno
|-damage|p2a: Hypno|0 fnt
|faint|p2a: Hypno
|choice||switch 3
|
|switch|p2a: Exeggutor|Exeggutor|95\/393
|turn|19
|choice|move 1|move 3
|
|move|p2a: Exeggutor|Explosion|p1a: Chansey
|-damage|p1a: Chansey|0 fnt
|faint|p1a: Chansey
|faint|p2a: Exeggutor
|choice|switch 3|switch 2
|
|switch|p1a: Jolteon|Jolteon|333\/333
|switch|p2a: Zapdos|Zapdos|383\/383
|turn|20
|choice|move 1|move 4
|
|move|p1a: Jolteon|Thunderbolt|p2a: Zapdos
|-crit|p2a: Zapdos
|-damage|p2a: Zapdos|201\/383
|move|p2a: Zapdos|Thunder Wave|p1a: Jolteon
|-status|p1a: Jolteon|par
|
|turn|21
|choice|move 1|move 3
|
|move|p2a: Zapdos|Thunderbolt|p1a: Jolteon
|-resisted|p1a: Jolteon
|-damage|p1a: Jolteon|268\/333 par
|cant|p1a: Jolteon|par
|
|turn|22
|c|★smurfer|aw
|choice|move 1|move 3
|
|move|p2a: Zapdos|Thunderbolt|p1a: Jolteon
|-resisted|p1a: Jolteon
|-damage|p1a: Jolteon|205\/333 par
|move|p1a: Jolteon|Thunderbolt|p2a: Zapdos
|-damage|p2a: Zapdos|95\/383
|
|turn|23
|choice|move 1|move 3
|
|move|p2a: Zapdos|Thunderbolt|p1a: Jolteon
|-resisted|p1a: Jolteon
|-damage|p1a: Jolteon|148\/333 par
|move|p1a: Jolteon|Thunderbolt|p2a: Zapdos
|-damage|p2a: Zapdos|0 fnt
|faint|p2a: Zapdos
|L|LT2 Otter
|choice||switch 4
|
|switch|p2a: Tauros|Tauros|353\/353
|turn|24
|choice|move 1|move 1
|
|move|p2a: Tauros|Body Slam|p1a: Jolteon
|-damage|p1a: Jolteon|2\/333 par
|move|p1a: Jolteon|Thunderbolt|p2a: Tauros
|-damage|p2a: Tauros|201\/353
|
|turn|25
|c|★smurfer|gg
|J|Confide
|choice|move 1|move 1
|
|move|p2a: Tauros|Body Slam|p1a: Jolteon
|-damage|p1a: Jolteon|0 fnt
|faint|p1a: Jolteon
|
|win|Dice