|inactive|Battle timer is ON: inactive players will automatically lose when time's up.
|J|Nails
|J|BKC
|player|p1|Nails|282
|player|p2|BKC|#bkc
|gametype|singles
|gen|1
|tier|[Gen 1] OU
|seed|21941,28069,21114,60054
|rule|Sleep Clause Mod: Limit one foe put to sleep
|rule|Freeze Clause Mod: Limit one foe frozen
|rule|Species Clause: Limit one of each Pokémon
|rule|OHKO Clause: OHKO moves are banned
|rule|Evasion Moves Clause: Evasion moves are banned
|rule|HP Percentage Mod: HP is shown in percentages
|
|start
|switch|p1a: Gengar|Gengar|323\/323
|switch|p2a: Alakazam|Alakazam|313\/313
|turn|1
|J|Bouff
|J|alex galchenyuk
|choice|switch 2|move 1
|
|switch|p1a: Exeggutor|Exeggutor|393\/393
|move|p2a: Alakazam|Psychic|p1a: Exeggutor
|-crit|p1a: Exeggutor
|-resisted|p1a: Exeggutor
|-damage|p1a: Exeggutor|288\/393
|-unboost|p1a: Exeggutor|spd|1
|-unboost|p1a: Exeggutor|spa|1
|
|turn|2
|J|dekzeh
|c|+Bouff|genger
|c|★Nails|ganger
|choice|move 1|move 2
|
|move|p2a: Alakazam|Seismic Toss|p1a: Exeggutor
|-damage|p1a: Exeggutor|188\/393
|move|p1a: Exeggutor|Sleep Powder|p2a: Alakazam
|-status|p2a: Alakazam|slp
|
|turn|3
|choice|move 3|move 2
|
|cant|p2a: Alakazam|slp
|move|p1a: Exeggutor|Stun Spore|p2a: Alakazam
|-fail|p2a: Alakazam
|
|turn|4
|choice|move 4|move 2
|
|cant|p2a: Alakazam|slp
|move|p1a: Exeggutor|Explosion|p2a: Alakazam
|-damage|p2a: Alakazam|0 fnt
|faint|p2a: Alakazam
|faint|p1a: Exeggutor
|J|MeaninglessTilting
|L|MeaninglessTilting
|choice|switch 2|switch 2
|
|switch|p1a: Gengar|Gengar|323\/323
|switch|p2a: Exeggutor|Exeggutor|393\/393
|turn|5
|choice|move 1|move 1
|
|move|p1a: Gengar|Hypnosis|p2a: Exeggutor|[miss]
|-miss|p1a: Gengar
|move|p2a: Exeggutor|Psychic|p1a: Gengar
|-supereffective|p1a: Gengar
|-damage|p1a: Gengar|107\/323
|
|turn|6
|choice|move 1|move 1
|
|move|p1a: Gengar|Hypnosis|p2a: Exeggutor|[miss]
|-miss|p1a: Gengar
|move|p2a: Exeggutor|Psychic|p1a: Gengar
|-supereffective|p1a: Gengar
|-damage|p1a: Gengar|0 fnt
|faint|p1a: Gengar
|J|qsns
|choice|switch 4|
|
|switch|p1a: Cloyster|Cloyster|303\/303
|turn|7
|L|qsns
|choice|move 1|switch 4
|
|switch|p2a: Cloyster|Cloyster|303\/303
|move|p1a: Cloyster|Clamp|p2a: Cloyster
|-crit|p2a: Cloyster
|-resisted|p2a: Cloyster
|-damage|p2a: Cloyster|261\/303
|-activate|p2a: Cloyster|move: Clamp|[of] p1a: Cloyster
|
|turn|8
|choice|move 1|switch 3
|
|switch|p2a: Chansey|Chansey|703\/703
|move|p1a: Cloyster|Clamp|p2a: Chansey
|-damage|p2a: Chansey|668\/703
|-activate|p2a: Chansey|move: Clamp|[of] p1a: Cloyster
|
|turn|9
|c|★BKC|does clamp roll over
|c|★BKC|when it runs out
|c|★Nails|y
|c|★BKC|ah ok
|choice|move 1|move 2
|
|move|p1a: Cloyster|Clamp|p2a: Chansey
|-damage|p2a: Chansey|633\/703
|cant|p2a: Chansey|partiallytrapped
|
|turn|10
|c|★Nails|if you dont stay in
|choice|move 1|move 2
|
|move|p1a: Cloyster|Clamp|p2a: Chansey
|-damage|p2a: Chansey|598\/703
|cant|p2a: Chansey|partiallytrapped
|
|turn|11
|choice|move 1|move 2
|
|move|p1a: Cloyster|Clamp|p2a: Chansey
|-damage|p2a: Chansey|563\/703
|cant|p2a: Chansey|partiallytrapped
|
|turn|12
|c|★Nails|on the 16th
|c|★Nails|on cart you can come into the battle with reduced pps
|c|★Nails|so you can get the roll over
|c|★Nails|at any point from 1-15
|c|★BKC|thats so gay lol
|c|★Nails|depending on where you set it
|choice|move 1|switch 3
|
|switch|p2a: Cloyster|Cloyster|261\/303
|move|p1a: Cloyster|Clamp|p2a: Cloyster
|-resisted|p2a: Cloyster
|-damage|p2a: Cloyster|239\/303
|-activate|p2a: Cloyster|move: Clamp|[of] p1a: Cloyster
|
|turn|13
|c|★Nails|but if you miss that one you're fucked
|c|★Nails|-
|choice|move 1|switch 4
|
|switch|p2a: Exeggutor|Exeggutor|393\/393
|move|p1a: Cloyster|Clamp|p2a: Exeggutor
|-resisted|p2a: Exeggutor
|-damage|p2a: Exeggutor|376\/393
|-activate|p2a: Exeggutor|move: Clamp|[of] p1a: Cloyster
|
|turn|14
|choice|move 1|switch 4
|
|switch|p2a: Cloyster|Cloyster|239\/303
|move|p1a: Cloyster|Clamp|p2a: Cloyster|[miss]
|-miss|p1a: Cloyster
|
|turn|15
|L|dekzeh
|choice|switch 5|move 2
|
|switch|p1a: Alakazam|Alakazam|313\/313
|move|p2a: Cloyster|Clamp|p1a: Alakazam|[miss]
|-miss|p2a: Cloyster
|
|turn|16
|choice|move 4|switch 4
|
|switch|p2a: Exeggutor|Exeggutor|376\/393
|move|p1a: Alakazam|Thunder Wave|p2a: Exeggutor
|-status|p2a: Exeggutor|par
|
|turn|17
|choice|move 2|move 2
|
|move|p1a: Alakazam|Psychic|p2a: Exeggutor
|-crit|p2a: Exeggutor
|-resisted|p2a: Exeggutor
|-damage|p2a: Exeggutor|274\/393 par
|-unboost|p2a: Exeggutor|spd|1
|-unboost|p2a: Exeggutor|spa|1
|move|p2a: Exeggutor|Sleep Powder|p1a: Alakazam
|-status|p1a: Alakazam|slp
|
|turn|18
|choice|move 2|switch 6
|
|switch|p2a: Tauros|Tauros|353\/353
|cant|p1a: Alakazam|slp
|
|turn|19
|choice|switch 5|move 1
|
|switch|p1a: Cloyster|Cloyster|303\/303
|move|p2a: Tauros|Body Slam|p1a: Cloyster
|-damage|p1a: Cloyster|232\/303
|
|turn|20
|choice|move 2|move 1
|
|move|p2a: Tauros|Body Slam|p1a: Cloyster
|-damage|p1a: Cloyster|166\/303
|-status|p1a: Cloyster|par
|cant|p1a: Cloyster|par
|
|turn|21
|choice|move 3|switch 4
|
|switch|p2a: Cloyster|Cloyster|239\/303
|move|p1a: Cloyster|Explosion|p2a: Cloyster
|-crit|p2a: Cloyster
|-damage|p2a: Cloyster|0 fnt
|faint|p2a: Cloyster
|faint|p1a: Cloyster
|c|★Nails|ah!
|c|★BKC|Oh --
|choice|switch 3|switch 4
|
|switch|p2a: Tauros|Tauros|353\/353
|switch|p1a: Snorlax|Snorlax|523\/523
|turn|22
|choice|move 1|switch 3
|
|switch|p2a: Chansey|Chansey|563\/703
|move|p1a: Snorlax|Body Slam|p2a: Chansey
|-damage|p2a: Chansey|281\/703
|
|turn|23
|choice|move 1|move 4
|
|move|p2a: Chansey|Soft-Boiled|p2a: Chansey
|-heal|p2a: Chansey|632\/703
|move|p1a: Snorlax|Body Slam|p2a: Chansey
|-damage|p2a: Chansey|327\/703
|
|turn|24
|choice|move 1|move 4
|
|move|p2a: Chansey|Soft-Boiled|p2a: Chansey
|-heal|p2a: Chansey|678\/703
|move|p1a: Snorlax|Body Slam|p2a: Chansey
|-damage|p2a: Chansey|396\/703
|
|turn|25
|choice|move 3|move 1
|
|move|p2a: Chansey|Ice Beam|p1a: Snorlax
|-damage|p1a: Snorlax|428\/523
|move|p1a: Snorlax|Hyper Beam|p2a: Chansey
|-damage|p2a: Chansey|0 fnt
|faint|p2a: Chansey
|c|★Nails|got it
|c|★BKC|hmmm
|choice||switch 6
|
|switch|p2a: Exeggutor|Exeggutor|274\/393 par
|turn|26
|choice|switch 5|move 1
|
|switch|p1a: Alakazam|Alakazam|313\/313 slp
|cant|p2a: Exeggutor|par
|
|turn|27
|choice|switch 5|switch 3
|
|switch|p1a: Snorlax|Snorlax|428\/523
|switch|p2a: Tauros|Tauros|353\/353
|
|turn|28
|choice|move 1|move 3
|
|move|p2a: Tauros|Blizzard|p1a: Snorlax
|-damage|p1a: Snorlax|328\/523
|move|p1a: Snorlax|Body Slam|p2a: Tauros
|-damage|p2a: Tauros|235\/353
|
|turn|29
|choice|move 1|move 3
|
|move|p2a: Tauros|Blizzard|p1a: Snorlax
|-crit|p1a: Snorlax
|-damage|p1a: Snorlax|127\/523
|-status|p1a: Snorlax|frz
|cant|p1a: Snorlax|frz
|
|turn|30
|c|★BKC|brutal
|choice|move 1|move 1
|
|move|p2a: Tauros|Body Slam|p1a: Snorlax
|-damage|p1a: Snorlax|0 fnt
|faint|p1a: Snorlax
|choice|switch 6|
|
|switch|p1a: Tauros|Tauros|353\/353
|turn|31
|choice|move 2|move 3
|
|move|p2a: Tauros|Blizzard|p1a: Tauros
|-crit|p1a: Tauros
|-damage|p1a: Tauros|159\/353
|move|p1a: Tauros|Fire Blast|p2a: Tauros
|-damage|p2a: Tauros|139\/353
|-status|p2a: Tauros|brn
|
|turn|32
|choice|switch 5|move 3
|
|switch|p1a: Alakazam|Alakazam|313\/313 slp
|move|p2a: Tauros|Blizzard|p1a: Alakazam
|-crit|p1a: Alakazam
|-damage|p1a: Alakazam|188\/313 slp
|-damage|p2a: Tauros|117\/353 brn|[from] brn|[of] p1a: Alakazam
|
|turn|33
|choice|move 2|switch 3
|
|switch|p2a: Exeggutor|Exeggutor|274\/393 par
|cant|p1a: Alakazam|slp
|
|turn|34
|choice|move 2|move 4
|
|cant|p1a: Alakazam|slp
|cant|p2a: Exeggutor|par
|
|turn|35
|choice|move 2|move 4
|
|cant|p1a: Alakazam|slp
|move|p2a: Exeggutor|Explosion|p1a: Alakazam
|-damage|p1a: Alakazam|0 fnt
|faint|p1a: Alakazam
|faint|p2a: Exeggutor
|choice|switch 5|switch 5
|
|switch|p2a: Persian|Persian|333\/333
|switch|p1a: Tauros|Tauros|159\/353
|turn|36
|choice|move 4|move 1
|
|move|p2a: Persian|Slash|p1a: Tauros
|-crit|p1a: Tauros
|-damage|p1a: Tauros|30\/353
|move|p1a: Tauros|Blizzard|p2a: Persian
|-crit|p2a: Persian
|-damage|p2a: Persian|131\/333
|
|turn|37
|c|★Nails|GG
|choice|move 3|move 1
|
|move|p2a: Persian|Slash|p1a: Tauros
|-crit|p1a: Tauros
|-damage|p1a: Tauros|0 fnt
|faint|p1a: Tauros
|
|win|BKC