|J|Lusch
|J|teal6
|player|p1|Lusch|153
|player|p2|teal6|138
|gametype|singles
|gen|1
|tier|[Gen 1] OU
|seed|2331,32709,50983,24552
|rule|Sleep Clause Mod: Limit one foe put to sleep
|rule|Freeze Clause Mod: Limit one foe frozen
|rule|Species Clause: Limit one of each Pokémon
|rule|OHKO Clause: OHKO moves are banned
|rule|Evasion Moves Clause: Evasion moves are banned
|rule|HP Percentage Mod: HP is shown in percentages
|
|start
|switch|p1a: Jynx|Jynx|333\/333
|switch|p2a: Jynx|Jynx|333\/333
|turn|1
|c|★Lusch|gl hf
|choice|move 2|move 2
|
|move|p2a: Jynx|Lovely Kiss|p1a: Jynx
|-status|p1a: Jynx|slp
|cant|p1a: Jynx|slp
|
|turn|2
|c|★teal6|you too man
|choice|switch 2|switch 4
|
|switch|p1a: Chansey|Chansey|703\/703
|switch|p2a: Snorlax|Snorlax, M|523\/523
|
|turn|3
|J|Alexander
|choice|switch 3|move 1
|
|switch|p1a: Exeggutor|Exeggutor|393\/393
|move|p2a: Snorlax|Body Slam|p1a: Exeggutor
|-damage|p1a: Exeggutor|280\/393
|-status|p1a: Exeggutor|par
|
|turn|4
|choice|move 3|switch 4
|
|switch|p2a: Jynx|Jynx|333\/333
|move|p1a: Exeggutor|Sleep Powder|p2a: Jynx|[miss]
|-miss|p1a: Exeggutor
|
|turn|5
|choice|switch 3|move 4
|
|switch|p1a: Chansey|Chansey|703\/703
|move|p2a: Jynx|Blizzard|p1a: Chansey
|-damage|p1a: Chansey|569\/703
|
|turn|6
|c|★teal6|hey man
|c|★teal6|i'll check in every now and then
|c|★teal6|just respond if wifi drops :)
|c|★Lusch|yea
|c|★teal6|err respond if it holds i mean
|c|★teal6|haha
|c|★Lusch|thx^^
|c|★teal6|not a problem
|choice|move 3|move 4
|
|move|p2a: Jynx|Blizzard|p1a: Chansey
|-damage|p1a: Chansey|440\/703
|-status|p1a: Chansey|frz
|cant|p1a: Chansey|frz
|
|turn|7
|c|★Lusch|omg
|c|★Lusch|what a start
|c|★teal6|ye sorry
|c|★teal6|im rest, so i was staying in as long as you were haha
|J|jb champ
|choice|move 3|move 1
|
|move|p2a: Jynx|Psychic|p1a: Chansey
|-damage|p1a: Chansey|339\/703 frz
|cant|p1a: Chansey|frz
|
|turn|8
|choice|move 3|move 1
|
|move|p2a: Jynx|Psychic|p1a: Chansey
|-damage|p1a: Chansey|239\/703 frz
|cant|p1a: Chansey|frz
|
|turn|9
|choice|move 3|move 1
|
|move|p2a: Jynx|Psychic|p1a: Chansey
|-crit|p1a: Chansey
|-damage|p1a: Chansey|37\/703 frz
|-unboost|p1a: Chansey|spd|1
|-unboost|p1a: Chansey|spa|1
|cant|p1a: Chansey|frz
|
|turn|10
|choice|move 3|move 1
|
|move|p2a: Jynx|Psychic|p1a: Chansey
|-damage|p1a: Chansey|0 fnt
|faint|p1a: Chansey
|choice|switch 4|
|
|switch|p1a: Snorlax|Snorlax|523\/523
|turn|11
|choice|switch 3|move 4
|
|switch|p1a: Exeggutor|Exeggutor|280\/393 par
|move|p2a: Jynx|Blizzard|p1a: Exeggutor
|-supereffective|p1a: Exeggutor
|-damage|p1a: Exeggutor|39\/393 par
|
|turn|12
|choice|move 2|move 1
|
|move|p2a: Jynx|Psychic|p1a: Exeggutor
|-crit|p1a: Exeggutor
|-resisted|p1a: Exeggutor
|-damage|p1a: Exeggutor|0 fnt
|faint|p1a: Exeggutor
|choice|switch 3|
|
|switch|p1a: Snorlax|Snorlax|523\/523
|turn|13
|choice|move 1|move 4
|
|move|p2a: Jynx|Blizzard|p1a: Snorlax
|-damage|p1a: Snorlax|341\/523
|move|p1a: Snorlax|Body Slam|p2a: Jynx
|-crit|p2a: Jynx
|-damage|p2a: Jynx|0 fnt
|faint|p2a: Jynx
|c|★Lusch|oh
|c|★Lusch|how lucky i am ;)
|c|★teal6|hehe
|c|★teal6|its RBY
|c|★teal6|these things happen
|c|★Lusch|yeah ik
|choice||switch 4
|
|switch|p2a: Snorlax|Snorlax, M|523\/523
|turn|14
|choice|move 1|move 1
|
|move|p1a: Snorlax|Body Slam|p2a: Snorlax
|-damage|p2a: Snorlax|391\/523
|move|p2a: Snorlax|Body Slam|p1a: Snorlax
|-damage|p1a: Snorlax|211\/523
|
|turn|15
|c|+Alexander|lusch :(
|c|★Lusch|read the turns
|c|★Lusch|what can i do
|c|+Alexander|yea ive been following
|c|+Alexander|i think nothin
|choice|move 4|move 3
|
|move|p1a: Snorlax|Self-Destruct|p2a: Snorlax
|-damage|p2a: Snorlax|0 fnt
|faint|p2a: Snorlax
|faint|p1a: Snorlax
|choice|switch 5|switch 5
|
|switch|p1a: Tauros|Tauros|353\/353
|switch|p2a: Exeggutor|Exeggutor, M|393\/393
|turn|16
|choice|move 1|move 4
|
|move|p1a: Tauros|Blizzard|p2a: Exeggutor
|-crit|p2a: Exeggutor
|-supereffective|p2a: Exeggutor
|-damage|p2a: Exeggutor|159\/393
|move|p2a: Exeggutor|Stun Spore|p1a: Tauros
|-status|p1a: Tauros|par
|
|turn|17
|c|+Alexander|not even freeze
|choice|switch 2|move 1
|
|switch|p1a: Jynx|Jynx|333\/333 slp
|move|p2a: Exeggutor|Psychic|p1a: Jynx
|-resisted|p1a: Jynx
|-damage|p1a: Jynx|270\/333 slp
|
|turn|18
|choice|switch 2|switch 3
|
|switch|p1a: Tauros|Tauros|353\/353 par
|switch|p2a: Tauros|Tauros|353\/353
|
|turn|19
|choice|move 2|move 1
|
|move|p2a: Tauros|Body Slam|p1a: Tauros
|-damage|p1a: Tauros|254\/353 par
|cant|p1a: Tauros|par
|
|turn|20
|choice|move 4|move 1
|
|move|p2a: Tauros|Body Slam|p1a: Tauros
|-damage|p1a: Tauros|146\/353 par
|cant|p1a: Tauros|par
|
|turn|21
|c|★teal6|-_-
|choice|move 4|move 4
|
|move|p2a: Tauros|Hyper Beam|p1a: Tauros
|-damage|p1a: Tauros|0 fnt
|faint|p1a: Tauros
|choice|switch 6|
|
|switch|p1a: Persian|Persian|333\/333
|turn|22
|choice|move 4|move 1
|
|move|p1a: Persian|Slash|p2a: Tauros
|-crit|p2a: Tauros
|-damage|p2a: Tauros|220\/353
|move|p2a: Tauros|Body Slam|p1a: Persian
|-damage|p1a: Persian|201\/333
|
|turn|23
|choice|move 1|move 4
|
|move|p1a: Persian|Hyper Beam|p2a: Tauros
|-damage|p2a: Tauros|65\/353
|move|p2a: Tauros|Hyper Beam|p1a: Persian
|-crit|p1a: Persian
|-damage|p1a: Persian|0 fnt
|faint|p1a: Persian
|choice|switch 2|
|
|switch|p1a: Jynx|Jynx|270\/333 slp
|turn|24
|choice|move 2|move 1
|
|move|p2a: Tauros|Body Slam|p1a: Jynx
|-damage|p1a: Jynx|97\/333 slp
|cant|p1a: Jynx|slp
|
|turn|25
|choice|move 2|move 1
|
|move|p2a: Tauros|Body Slam|p1a: Jynx
|-crit|p1a: Jynx
|-damage|p1a: Jynx|0 fnt
|faint|p1a: Jynx
|
|win|teal6