|J|dice
|J|gromper
|player|p1|dice|169
|player|p2|gromper|1
|gametype|singles
|gen|1
|tier|[Gen 1] OU
|seed|25801,29303,54492,48645
|rule|Sleep Clause Mod: Limit one foe put to sleep
|rule|Freeze Clause Mod: Limit one foe frozen
|rule|Species Clause: Limit one of each Pokémon
|rule|OHKO Clause: OHKO moves are banned
|rule|Evasion Moves Clause: Evasion moves are banned
|rule|HP Percentage Mod: HP is shown in percentages
|
|start
|switch|p1a: Alakazam|Alakazam, M|313\/313
|switch|p2a: Gengar|Gengar|323\/323
|turn|1
|J|MegaStarUniverse
|J|smilzo
|J|fetid slime
|choice|move 1|move 1
|
|move|p1a: Alakazam|Psychic|p2a: Gengar
|-supereffective|p2a: Gengar
|-damage|p2a: Gengar|116\/323
|move|p2a: Gengar|Hypnosis|p1a: Alakazam
|-status|p1a: Alakazam|slp
|
|turn|2
|J|Raekkiiii
|J|MoxieInfinite
|L|MoxieInfinite
|L|Raekkiiii
|J|UmPM
|choice|move 1|switch 2
|
|switch|p2a: Tauros|Tauros|353\/353
|cant|p1a: Alakazam|slp
|
|turn|3
|J|Soviet15
|L|UmPM
|J|Bad Ass
|J|Dread Arceus
|choice|switch 2|move 1
|
|switch|p1a: Snorlax|Snorlax|523\/523
|move|p2a: Tauros|Body Slam|p1a: Snorlax
|-damage|p1a: Snorlax|386\/523
|
|turn|4
|choice|move 1|move 1
|
|move|p2a: Tauros|Body Slam|p1a: Snorlax
|-damage|p1a: Snorlax|260\/523
|move|p1a: Snorlax|Body Slam|p2a: Tauros
|-damage|p2a: Tauros|239\/353
|
|turn|5
|J|KratosMana
|J|Alexander
|choice|move 2|switch 2
|
|switch|p2a: Gengar|Gengar|116\/323
|move|p1a: Snorlax|Earthquake|p2a: Gengar
|-supereffective|p2a: Gengar
|-damage|p2a: Gengar|0 fnt
|faint|p2a: Gengar
|c|★gromper|oh right
|choice||switch 6
|
|switch|p2a: Machamp|Machamp|383\/383
|turn|6
|J|BKC
|c|★gromper|jokes
|c|★gromper|im aware
|choice|switch 6|move 1
|
|switch|p1a: Victreebel|Victreebel, M|363\/363
|move|p2a: Machamp|Body Slam|p1a: Victreebel
|-damage|p1a: Victreebel|252\/363
|-status|p1a: Victreebel|par
|
|turn|7
|J|Tesung
|choice|move 3|move 4
|
|move|p2a: Machamp|Earthquake|p1a: Victreebel
|-damage|p1a: Victreebel|125\/363 par
|cant|p1a: Victreebel|par
|
|turn|8
|J|zoroarkforever
|c|★dice|ofc
|J|Starmei
|choice|move 3|move 2
|
|move|p2a: Machamp|Hyper Beam|p1a: Victreebel
|-damage|p1a: Victreebel|0 fnt
|faint|p1a: Victreebel
|c|★gromper|whats ofc
|c|★gromper|ofcourse isnt even a word
|choice|switch 3|
|
|switch|p1a: Dragonite|Dragonite|385\/385
|turn|9
|L|Starmei
|choice|move 2|move 1
|
|move|p1a: Dragonite|Agility|p1a: Dragonite
|-boost|p1a: Dragonite|spe|2
|move|p2a: Machamp|Body Slam|p1a: Dragonite
|-damage|p1a: Dragonite|301\/385
|-status|p1a: Dragonite|par
|
|turn|10
|c|★dice|crying
|choice|move 4|move 1
|
|move|p2a: Machamp|Body Slam|p1a: Dragonite
|-damage|p1a: Dragonite|223\/385 par
|move|p1a: Dragonite|Surf|p2a: Machamp
|-damage|p2a: Machamp|289\/383
|
|turn|11
|choice|move 2|move 1
|
|move|p2a: Machamp|Body Slam|p1a: Dragonite
|-damage|p1a: Dragonite|143\/385 par
|move|p1a: Dragonite|Agility|p1a: Dragonite
|-boost|p1a: Dragonite|spe|2
|
|turn|12
|L|fetid slime
|choice|move 4|move 2
|
|move|p1a: Dragonite|Surf|p2a: Machamp
|-damage|p2a: Machamp|196\/383
|move|p2a: Machamp|Hyper Beam|p1a: Dragonite|[miss]
|-miss|p2a: Machamp
|
|turn|13
|choice|move 1|move 2
|
|move|p1a: Dragonite|Wrap|p2a: Machamp
|-damage|p2a: Machamp|178\/383
|-activate|p2a: Machamp|move: Wrap|[of] p1a: Dragonite
|cant|p2a: Machamp|partiallytrapped
|
|turn|14
|c|★gromper|rly
|choice|move 1|move 2
|
|move|p1a: Dragonite|Wrap|p2a: Machamp|[from]Wrap
|-damage|p2a: Machamp|160\/383
|cant|p2a: Machamp|partiallytrapped
|
|-end|p2a: Machamp|Wrap|[partiallytrapped]
|turn|15
|choice|move 3|move 2
|
|move|p1a: Dragonite|Hyper Beam|p2a: Machamp
|-damage|p2a: Machamp|0 fnt
|faint|p2a: Machamp
|L|MegaStarUniverse
|choice||switch 2
|
|switch|p2a: Tauros|Tauros|239\/353
|turn|16
|choice|move 1|move 4
|
|move|p1a: Dragonite|Wrap|p2a: Tauros
|-damage|p2a: Tauros|223\/353
|-activate|p2a: Tauros|move: Wrap|[of] p1a: Dragonite
|cant|p2a: Tauros|partiallytrapped
|
|turn|17
|J|Nails
|choice|move 1|move 4
|
|move|p1a: Dragonite|Wrap|p2a: Tauros|[from]Wrap
|-damage|p2a: Tauros|207\/353
|cant|p2a: Tauros|partiallytrapped
|
|turn|18
|choice|move 1|move 4
|
|move|p1a: Dragonite|Wrap|p2a: Tauros|[from]Wrap
|-damage|p2a: Tauros|191\/353
|cant|p2a: Tauros|partiallytrapped
|
|-end|p2a: Tauros|Wrap|[partiallytrapped]
|turn|19
|choice|move 1|move 4
|
|move|p1a: Dragonite|Wrap|p2a: Tauros
|-damage|p2a: Tauros|175\/353
|-activate|p2a: Tauros|move: Wrap|[of] p1a: Dragonite
|cant|p2a: Tauros|partiallytrapped
|
|turn|20
|choice|move 1|move 4
|
|move|p1a: Dragonite|Wrap|p2a: Tauros|[from]Wrap
|-damage|p2a: Tauros|159\/353
|cant|p2a: Tauros|partiallytrapped
|
|turn|21
|choice|move 1|move 4
|
|move|p1a: Dragonite|Wrap|p2a: Tauros|[from]Wrap
|-damage|p2a: Tauros|143\/353
|cant|p2a: Tauros|partiallytrapped
|
|-end|p2a: Tauros|Wrap|[partiallytrapped]
|turn|22
|choice|move 1|move 4
|
|move|p1a: Dragonite|Wrap|p2a: Tauros
|-damage|p2a: Tauros|128\/353
|-activate|p2a: Tauros|move: Wrap|[of] p1a: Dragonite
|cant|p2a: Tauros|partiallytrapped
|
|turn|23
|c|★gromper|err
|c|★gromper|did ur para
|c|★gromper|get reset
|c|★gromper|or something
|J|iamgingy
|c|★dice|no
|choice|move 1|move 4
|
|move|p1a: Dragonite|Wrap|p2a: Tauros|[from]Wrap
|-damage|p2a: Tauros|113\/353
|cant|p2a: Tauros|partiallytrapped
|
|turn|24
|choice|move 1|switch 3
|
|switch|p2a: Snorlax|Snorlax|523\/523
|cant|p1a: Dragonite|par
|
|turn|25
|choice|move 1|move 1
|
|move|p1a: Dragonite|Wrap|p2a: Snorlax
|-damage|p2a: Snorlax|504\/523
|-activate|p2a: Snorlax|move: Wrap|[of] p1a: Dragonite
|cant|p2a: Snorlax|partiallytrapped
|
|turn|26
|choice|move 1|move 1
|
|move|p1a: Dragonite|Wrap|p2a: Snorlax|[from]Wrap
|-damage|p2a: Snorlax|485\/523
|cant|p2a: Snorlax|partiallytrapped
|
|-end|p2a: Snorlax|Wrap|[partiallytrapped]
|turn|27
|J|FREE ZAPDOS
|c|★gromper|man i know u beamed there
|choice|move 1|move 1
|
|move|p1a: Dragonite|Wrap|p2a: Snorlax
|-damage|p2a: Snorlax|466\/523
|-activate|p2a: Snorlax|move: Wrap|[of] p1a: Dragonite
|cant|p2a: Snorlax|partiallytrapped
|
|turn|28
|L|FREE ZAPDOS
|c|★dice|no i didnt
|choice|move 1|move 1
|
|move|p1a: Dragonite|Wrap|p2a: Snorlax|[from]Wrap
|-damage|p2a: Snorlax|447\/523
|cant|p2a: Snorlax|partiallytrapped
|
|turn|29
|choice|move 1|move 1
|
|cant|p1a: Dragonite|par
|cant|p2a: Snorlax|partiallytrapped
|
|-end|p2a: Snorlax|Wrap|[partiallytrapped]
|turn|30
|choice|move 1|move 1
|
|move|p1a: Dragonite|Wrap|p2a: Snorlax
|-damage|p2a: Snorlax|428\/523
|-activate|p2a: Snorlax|move: Wrap|[of] p1a: Dragonite
|cant|p2a: Snorlax|partiallytrapped
|
|turn|31
|choice|move 1|move 1
|
|move|p1a: Dragonite|Wrap|p2a: Snorlax|[from]Wrap
|-damage|p2a: Snorlax|409\/523
|cant|p2a: Snorlax|partiallytrapped
|
|-end|p2a: Snorlax|Wrap|[partiallytrapped]
|turn|32
|choice|move 1|move 1
|
|cant|p1a: Dragonite|par
|move|p2a: Snorlax|Body Slam|p1a: Dragonite
|-damage|p1a: Dragonite|31\/385 par
|
|turn|33
|choice|move 1|move 1
|
|cant|p1a: Dragonite|par
|move|p2a: Snorlax|Body Slam|p1a: Dragonite
|-damage|p1a: Dragonite|0 fnt
|faint|p1a: Dragonite
|J|confide
|choice|switch 4|
|
|switch|p1a: Chansey|Chansey|703\/703
|turn|34
|choice|move 2|move 4
|
|move|p2a: Snorlax|Self-Destruct|p1a: Chansey
|-damage|p1a: Chansey|0 fnt
|faint|p1a: Chansey
|faint|p2a: Snorlax
|L|confide
|J|sunsetsarsaparilla
|choice|switch 5|switch 3
|
|switch|p2a: Tauros|Tauros|113\/353
|switch|p1a: Cloyster|Cloyster, M|303\/303
|turn|35
|choice|move 2|move 3
|
|move|p2a: Tauros|Hyper Beam|p1a: Cloyster
|-crit|p1a: Cloyster
|-damage|p1a: Cloyster|98\/303
|move|p1a: Cloyster|Blizzard|p2a: Tauros
|-damage|p2a: Tauros|0 fnt
|faint|p2a: Tauros
|choice||switch 5
|
|switch|p2a: Raticate|Raticate|313\/313
|turn|36
|c|+HANTSUKI|dice ur bad
|J|fetid slime
|c|★dice|=\/
|choice|switch 6|move 2
|
|switch|p1a: Snorlax|Snorlax|260\/523
|move|p2a: Raticate|Hyper Beam|p1a: Snorlax
|-damage|p1a: Snorlax|54\/523
|
|turn|37
|-mustrecharge|p2a: Raticate
|L|fetid slime
|-mustrecharge|p2a: Raticate
|choice|move 4|move 1
|
|cant|p2a: Raticate|recharge
|move|p1a: Snorlax|Self-Destruct|p2a: Raticate
|-damage|p2a: Raticate|0 fnt
|faint|p2a: Raticate
|faint|p1a: Snorlax
|choice|switch 6|switch 4
|
|switch|p2a: Persian|Persian|333\/333
|switch|p1a: Cloyster|Cloyster, M|98\/303
|turn|38
|choice|switch 2|move 2
|
|switch|p1a: Alakazam|Alakazam, M|313\/313 slp
|move|p2a: Persian|Hyper Beam|p1a: Alakazam
|-damage|p1a: Alakazam|76\/313 slp
|
|turn|39
|-mustrecharge|p2a: Persian
|-mustrecharge|p2a: Persian
|choice|move 1|move 1
|
|-curestatus|p1a: Alakazam|slp
|cant|p2a: Persian|recharge
|
|turn|40
|c|★gromper|brat
|c|★dice|bab gg
|c|+HANTSUKI|lucky n badice
|choice|move 2|move 1
|
|move|p1a: Alakazam|Thunder Wave|p2a: Persian
|-status|p2a: Persian|par
|cant|p2a: Persian|par
|
|turn|41
|L|BKC
|L|KratosMana
|c|★gromper|!data persian
|c|~|\/data-pokemon Persian

|c|★gromper|forgot limber  i guess
|c|★gromper|gg
|c|+HANTSUKI|fuck team builder
|-message|gromper forfeited.
|
|win|dice