|J|The_Chaser
|J|Lutra
|player|p1|The_Chaser|265
|player|p2|Lutra|281
|gametype|singles
|gen|1
|tier|[Gen 1] OU
|rule|Sleep Clause Mod: Limit one foe put to sleep
|rule|Freeze Clause Mod: Limit one foe frozen
|rule|Species Clause: Limit one of each Pokémon
|rule|OHKO Clause: OHKO moves are banned
|rule|Evasion Moves Clause: Evasion moves are banned
|rule|HP Percentage Mod: HP is shown in percentages
|
|start
|switch|p1a: Starmie|Starmie|323\/323
|switch|p2a: Starmie|Starmie|323\/323
|turn|1
|J|Nicojama Robin
|
|move|p2a: Starmie|Blizzard|p1a: Starmie
|-crit|p1a: Starmie
|-resisted|p1a: Starmie
|-damage|p1a: Starmie|239\/323
|move|p1a: Starmie|Thunderbolt|p2a: Starmie
|-supereffective|p2a: Starmie
|-damage|p2a: Starmie|173\/323
|
|turn|2
|
|switch|p2a: Chansey|Chansey|703\/703
|switch|p1a: Chansey|Chansey|703\/703
|
|turn|3
|J|Leftiez
|J|giara
|
|move|p2a: Chansey|Ice Beam|p1a: Chansey
|-damage|p1a: Chansey|628\/703
|-status|p1a: Chansey|frz
|cant|p1a: Chansey|frz
|
|turn|4
|c|★The_Chaser|lol
|c|★Lutra|lol I was fearing that
|c|★The_Chaser|u were right
|c|★Lutra|that's why I delayed
|
|switch|p1a: Snorlax|Snorlax|523\/523
|move|p2a: Chansey|Thunder Wave|p1a: Snorlax
|-status|p1a: Snorlax|par
|
|turn|5
|
|switch|p2a: Cloyster|Cloyster|303\/303
|switch|p1a: Exeggutor|Exeggutor|393\/393
|
|turn|6
|J|MoxieInfinite
|c|+MoxieInfinite|spl?
|c| Nicojama Robin|y
|
|switch|p1a: Starmie|Starmie|239\/323
|move|p2a: Cloyster|Clamp|p1a: Starmie|[miss]
|-miss|p2a: Cloyster
|
|turn|7
|c|+MoxieInfinite|g1?
|c| Nicojama Robin|y
|
|switch|p2a: Exeggutor|Exeggutor|393\/393
|move|p1a: Starmie|Blizzard|p2a: Exeggutor
|-supereffective|p2a: Exeggutor
|-damage|p2a: Exeggutor|221\/393
|
|turn|8
|
|switch|p1a: Snorlax|Snorlax|523\/523 par
|switch|p2a: Chansey|Chansey|703\/703
|
|turn|9
|J|kid pieceofshit
|
|switch|p2a: Cloyster|Cloyster|303\/303
|switch|p1a: Exeggutor|Exeggutor|393\/393
|
|turn|10
|
|switch|p1a: Starmie|Starmie|239\/323
|move|p2a: Cloyster|Clamp|p1a: Starmie
|-resisted|p1a: Starmie
|-damage|p1a: Starmie|219\/323
|-activate|p1a: Starmie|move: Clamp|[of] p2a: Cloyster
|
|turn|11
|
|switch|p1a: Alakazam|Alakazam|313\/313
|move|p2a: Cloyster|Clamp|p1a: Alakazam|[miss]
|-miss|p2a: Cloyster
|
|turn|12
|
|switch|p1a: Exeggutor|Exeggutor|393\/393
|switch|p2a: Chansey|Chansey|703\/703
|
|turn|13
|
|switch|p2a: Starmie|Starmie|173\/323
|move|p1a: Exeggutor|Sleep Powder|p2a: Starmie
|-status|p2a: Starmie|slp
|
|turn|14
|
|switch|p2a: Exeggutor|Exeggutor|221\/393
|move|p1a: Exeggutor|Psychic|p2a: Exeggutor
|-resisted|p2a: Exeggutor
|-damage|p2a: Exeggutor|169\/393
|
|turn|15
|
|move|p2a: Exeggutor|Sleep Powder|p1a: Exeggutor
|-status|p1a: Exeggutor|slp
|cant|p1a: Exeggutor|slp
|
|turn|16
|
|switch|p2a: Snorlax|Snorlax|523\/523
|cant|p1a: Exeggutor|slp
|
|turn|17
|
|switch|p1a: Snorlax|Snorlax|523\/523 par
|move|p2a: Snorlax|Body Slam|p1a: Snorlax
|-damage|p1a: Snorlax|392\/523 par
|
|turn|18
|
|move|p2a: Snorlax|Earthquake|p1a: Snorlax
|-crit|p1a: Snorlax
|-damage|p1a: Snorlax|175\/523 par
|move|p1a: Snorlax|Body Slam|p2a: Snorlax
|-damage|p2a: Snorlax|388\/523
|
|turn|19
|J|Inflikted
|
|switch|p2a: Cloyster|Cloyster|303\/303
|switch|p1a: Chansey|Chansey|628\/703 frz
|
|turn|20
|
|switch|p2a: Chansey|Chansey|703\/703
|switch|p1a: Starmie|Starmie|219\/323
|
|turn|21
|
|switch|p1a: Exeggutor|Exeggutor|393\/393 slp
|move|p2a: Chansey|Thunder Wave|p1a: Exeggutor
|-fail|p1a: Exeggutor
|
|turn|22
|J|Isa RC
|
|cant|p1a: Exeggutor|slp
|move|p2a: Chansey|Ice Beam|p1a: Exeggutor
|-supereffective|p1a: Exeggutor
|-damage|p1a: Exeggutor|262\/393 slp
|
|turn|23
|
|switch|p1a: Alakazam|Alakazam|313\/313
|move|p2a: Chansey|Ice Beam|p1a: Alakazam
|-damage|p1a: Alakazam|247\/313
|
|turn|24
|
|move|p1a: Alakazam|Thunder Wave|p2a: Chansey
|-status|p2a: Chansey|par
|move|p2a: Chansey|Thunder Wave|p1a: Alakazam
|-status|p1a: Alakazam|par
|
|turn|25
|
|move|p1a: Alakazam|Thunder Wave|p2a: Chansey
|-fail|p2a: Chansey|par
|cant|p2a: Chansey|par
|
|turn|26
|
|move|p1a: Alakazam|Psychic|p2a: Chansey
|-damage|p2a: Chansey|576\/703 par
|move|p2a: Chansey|Thunderbolt|p1a: Alakazam
|-damage|p1a: Alakazam|181\/313 par
|
|turn|27
|
|switch|p2a: Exeggutor|Exeggutor|169\/393
|cant|p1a: Alakazam|par
|
|turn|28
|
|switch|p1a: Exeggutor|Exeggutor|262\/393 slp
|move|p2a: Exeggutor|Double-Edge|p1a: Exeggutor
|-damage|p1a: Exeggutor|176\/393 slp
|-damage|p2a: Exeggutor|148\/393|[from] recoil|[of] p1a: Exeggutor
|
|turn|29
|
|switch|p1a: Chansey|Chansey|628\/703 frz
|switch|p2a: Tauros|Tauros|353\/353
|
|turn|30
|
|move|p2a: Tauros|Body Slam|p1a: Chansey
|-damage|p1a: Chansey|366\/703 frz
|cant|p1a: Chansey|frz
|
|turn|31
|
|move|p2a: Tauros|Body Slam|p1a: Chansey
|-damage|p1a: Chansey|104\/703 frz
|cant|p1a: Chansey|frz
|
|turn|32
|
|move|p2a: Tauros|Body Slam|p1a: Chansey
|-damage|p1a: Chansey|0 fnt
|faint|p1a: Chansey
|
|switch|p1a: Tauros|Tauros|353\/353
|turn|33
|
|move|p2a: Tauros|Body Slam|p1a: Tauros
|-damage|p1a: Tauros|245\/353
|move|p1a: Tauros|Body Slam|p2a: Tauros
|-crit|p2a: Tauros
|-damage|p2a: Tauros|137\/353
|
|turn|34
|
|switch|p2a: Cloyster|Cloyster|303\/303
|move|p1a: Tauros|Body Slam|p2a: Cloyster
|-damage|p2a: Cloyster|233\/303
|-status|p2a: Cloyster|par
|
|turn|35
|
|switch|p1a: Starmie|Starmie|219\/323
|move|p2a: Cloyster|Blizzard|p1a: Starmie
|-resisted|p1a: Starmie
|-damage|p1a: Starmie|152\/323
|
|turn|36
|
|switch|p2a: Chansey|Chansey|576\/703 par
|move|p1a: Starmie|Recover|p1a: Starmie
|-heal|p1a: Starmie|313\/323
|
|turn|37
|
|switch|p1a: Alakazam|Alakazam|181\/313 par
|move|p2a: Chansey|Ice Beam|p1a: Alakazam
|-crit|p1a: Alakazam
|-damage|p1a: Alakazam|52\/313 par
|
|turn|38
|
|switch|p2a: Exeggutor|Exeggutor|148\/393
|move|p1a: Alakazam|Recover|p1a: Alakazam
|-heal|p1a: Alakazam|208\/313 par
|
|turn|39
|
|switch|p1a: Starmie|Starmie|313\/323
|move|p2a: Exeggutor|Explosion|p1a: Starmie
|-damage|p1a: Starmie|34\/323
|faint|p2a: Exeggutor
|
|switch|p2a: Snorlax|Snorlax|388\/523
|turn|40
|
|switch|p1a: Exeggutor|Exeggutor|176\/393 slp
|move|p2a: Snorlax|Body Slam|p1a: Exeggutor
|-damage|p1a: Exeggutor|47\/393 slp
|
|turn|41
|J|BLINGAS
|J|H-C
|
|cant|p1a: Exeggutor|slp
|move|p2a: Snorlax|Body Slam|p1a: Exeggutor
|-damage|p1a: Exeggutor|0 fnt
|faint|p1a: Exeggutor
|
|switch|p1a: Snorlax|Snorlax|175\/523 par
|turn|42
|
|switch|p2a: Starmie|Starmie|173\/323 slp
|move|p1a: Snorlax|Self-Destruct|p2a: Starmie
|-damage|p2a: Starmie|0 fnt
|faint|p2a: Starmie
|faint|p1a: Snorlax
|
|switch|p1a: Tauros|Tauros|245\/353
|switch|p2a: Snorlax|Snorlax|388\/523
|turn|43
|
|move|p1a: Tauros|Hyper Beam|p2a: Snorlax
|-crit|p2a: Snorlax
|-damage|p2a: Snorlax|0 fnt
|faint|p2a: Snorlax
|
|switch|p2a: Cloyster|Cloyster|233\/303 par
|turn|44
|
|switch|p1a: Alakazam|Alakazam|208\/313 par
|move|p2a: Cloyster|Blizzard|p1a: Alakazam
|-damage|p1a: Alakazam|104\/313 par
|
|turn|45
|
|switch|p2a: Chansey|Chansey|576\/703 par
|move|p1a: Alakazam|Recover|p1a: Alakazam
|-heal|p1a: Alakazam|260\/313 par
|
|turn|46
|
|move|p1a: Alakazam|Psychic|p2a: Chansey
|-damage|p2a: Chansey|438\/703 par
|move|p2a: Chansey|Soft-Boiled|p2a: Chansey
|-heal|p2a: Chansey|703\/703 par
|
|turn|47
|
|move|p1a: Alakazam|Psychic|p2a: Chansey
|-damage|p2a: Chansey|572\/703 par
|move|p2a: Chansey|Thunderbolt|p1a: Alakazam
|-damage|p1a: Alakazam|196\/313 par
|
|turn|48
|
|cant|p1a: Alakazam|par
|move|p2a: Chansey|Thunderbolt|p1a: Alakazam|[miss]
|-miss|p2a: Chansey
|
|turn|49
|
|move|p1a: Alakazam|Recover|p1a: Alakazam
|-heal|p1a: Alakazam|313\/313 par
|move|p2a: Chansey|Thunderbolt|p1a: Alakazam
|-damage|p1a: Alakazam|251\/313 par
|
|turn|50
|
|move|p1a: Alakazam|Psychic|p2a: Chansey
|-damage|p2a: Chansey|441\/703 par
|move|p2a: Chansey|Soft-Boiled|p2a: Chansey
|-heal|p2a: Chansey|703\/703 par
|
|turn|51
|
|move|p1a: Alakazam|Psychic|p2a: Chansey
|-damage|p2a: Chansey|581\/703 par
|cant|p2a: Chansey|par
|
|turn|52
|
|move|p1a: Alakazam|Psychic|p2a: Chansey
|-crit|p2a: Chansey
|-damage|p2a: Chansey|318\/703 par
|cant|p2a: Chansey|par
|
|turn|53
|
|cant|p1a: Alakazam|par
|cant|p2a: Chansey|par
|
|turn|54
|
|move|p1a: Alakazam|Psychic|p2a: Chansey
|-crit|p2a: Chansey
|-damage|p2a: Chansey|55\/703 par
|move|p2a: Chansey|Soft-Boiled|p2a: Chansey
|-heal|p2a: Chansey|406\/703 par
|
|turn|55
|
|move|p1a: Alakazam|Psychic|p2a: Chansey
|-damage|p2a: Chansey|279\/703 par
|move|p2a: Chansey|Soft-Boiled|p2a: Chansey
|-heal|p2a: Chansey|630\/703 par
|
|turn|56
|c|★The_Chaser|wheres my drops
|
|move|p1a: Alakazam|Psychic|p2a: Chansey
|-crit|p2a: Chansey
|-damage|p2a: Chansey|401\/703 par
|move|p2a: Chansey|Thunderbolt|p1a: Alakazam
|-damage|p1a: Alakazam|184\/313 par
|
|turn|57
|
|move|p1a: Alakazam|Recover|p1a: Alakazam
|-heal|p1a: Alakazam|313\/313 par
|cant|p2a: Chansey|par
|
|turn|58
|
|move|p1a: Alakazam|Psychic|p2a: Chansey
|-damage|p2a: Chansey|279\/703 par
|move|p2a: Chansey|Soft-Boiled|p2a: Chansey
|-heal|p2a: Chansey|630\/703 par
|
|turn|59
|
|move|p1a: Alakazam|Psychic|p2a: Chansey
|-damage|p2a: Chansey|497\/703 par
|-unboost|p2a: Chansey|spd|1
|-unboost|p2a: Chansey|spa|1
|move|p2a: Chansey|Ice Beam|p1a: Alakazam
|-damage|p1a: Alakazam|270\/313 par
|
|turn|60
|
|move|p1a: Alakazam|Psychic|p2a: Chansey
|-damage|p2a: Chansey|306\/703 par
|cant|p2a: Chansey|par
|
|turn|61
|
|move|p1a: Alakazam|Psychic|p2a: Chansey
|-damage|p2a: Chansey|97\/703 par
|-unboost|p2a: Chansey|spd|1
|-unboost|p2a: Chansey|spa|1
|move|p2a: Chansey|Soft-Boiled|p2a: Chansey
|-heal|p2a: Chansey|448\/703 par
|
|turn|62
|
|move|p1a: Alakazam|Psychic|p2a: Chansey
|-damage|p2a: Chansey|177\/703 par
|move|p2a: Chansey|Soft-Boiled|p2a: Chansey
|-heal|p2a: Chansey|528\/703 par
|
|turn|63
|
|move|p1a: Alakazam|Psychic|p2a: Chansey
|-damage|p2a: Chansey|270\/703 par
|-unboost|p2a: Chansey|spd|1
|-unboost|p2a: Chansey|spa|1
|move|p2a: Chansey|Soft-Boiled|p2a: Chansey
|-heal|p2a: Chansey|621\/703 par
|
|turn|64
|c|★The_Chaser|ok thats it
|
|cant|p1a: Alakazam|par
|cant|p2a: Chansey|par
|
|turn|65
|
|move|p1a: Alakazam|Psychic|p2a: Chansey
|-damage|p2a: Chansey|286\/703 par
|-unboost|p2a: Chansey|spd|1
|-unboost|p2a: Chansey|spa|1
|cant|p2a: Chansey|par
|
|turn|66
|J|Kel9901
|
|switch|p1a: Tauros|Tauros|245\/353
|move|p2a: Chansey|Soft-Boiled|p2a: Chansey
|-heal|p2a: Chansey|637\/703 par
|
|turn|67
|
|move|p1a: Tauros|Body Slam|p2a: Chansey
|-damage|p2a: Chansey|382\/703 par
|move|p2a: Chansey|Thunder Wave|p1a: Tauros
|-status|p1a: Tauros|par
|
|turn|68
|
|switch|p2a: Cloyster|Cloyster|233\/303 par
|move|p1a: Tauros|Body Slam|p2a: Cloyster
|-damage|p2a: Cloyster|166\/303 par
|
|turn|69
|
|switch|p1a: Alakazam|Alakazam|270\/313 par
|move|p2a: Cloyster|Blizzard|p1a: Alakazam
|-damage|p1a: Alakazam|175\/313 par
|
|turn|70
|
|switch|p1a: Tauros|Tauros|245\/353 par
|move|p2a: Cloyster|Blizzard|p1a: Tauros
|-damage|p1a: Tauros|77\/353 par
|
|turn|71
|c|★The_Chaser|o gg
|
|switch|p1a: Alakazam|Alakazam|175\/313 par
|move|p2a: Cloyster|Blizzard|p1a: Alakazam
|-crit|p1a: Alakazam
|-damage|p1a: Alakazam|0 fnt
|faint|p1a: Alakazam
|c|★Lutra|gg
|
|switch|p1a: Starmie|Starmie|34\/323
|turn|72
|L|BLINGAS
|c|★The_Chaser|i think i fuked this up down the stretch
|
|move|p1a: Starmie|Thunderbolt|p2a: Cloyster
|-crit|p2a: Cloyster
|-supereffective|p2a: Cloyster
|-damage|p2a: Cloyster|0 fnt
|faint|p2a: Cloyster
|
|switch|p2a: Chansey|Chansey|382\/703 par
|turn|73
|
|move|p1a: Starmie|Recover|p1a: Starmie
|-heal|p1a: Starmie|195\/323
|move|p2a: Chansey|Thunderbolt|p1a: Starmie
|-supereffective|p1a: Starmie
|-damage|p1a: Starmie|41\/323
|
|turn|74
|
|switch|p1a: Tauros|Tauros|77\/353 par
|move|p2a: Chansey|Soft-Boiled|p2a: Chansey
|-heal|p2a: Chansey|703\/703 par
|
|turn|75
|
|move|p1a: Tauros|Body Slam|p2a: Chansey
|-crit|p2a: Chansey
|-damage|p2a: Chansey|195\/703 par
|cant|p2a: Chansey|par
|
|turn|76
|c|★The_Chaser|wow
|c| Nicojama Robin|u must be kidding
|c| Nicojama Robin|that's why i hate those early ggs
|L|H-C
|c| Nicojama Robin|it can crit isa
|c|★Lutra|yeah guess it wasn't
|c|★Lutra|because of starmie
|c| Nicojama Robin|as u can see it, chaser has been good with crits so fa
|c| Nicojama Robin|r
|c| Kel9901|well there might be another parahax this turn
|
|cant|p1a: Tauros|par
|move|p2a: Chansey|Thunderbolt|p1a: Tauros
|-damage|p1a: Tauros|0 fnt
|faint|p1a: Tauros
|c|+Isa RC|see.
|
|switch|p1a: Starmie|Starmie|41\/323
|turn|77
|c|+Isa RC|aint over til its over, etc.
|
|move|p1a: Starmie|Psychic|p2a: Chansey
|-damage|p2a: Chansey|90\/703 par
|move|p2a: Chansey|Soft-Boiled|p2a: Chansey
|-heal|p2a: Chansey|441\/703 par
|
|turn|78
|J|Alf
|L|MoxieInfinite
|
|move|p1a: Starmie|Psychic|p2a: Chansey
|-damage|p2a: Chansey|337\/703 par
|move|p2a: Chansey|Thunderbolt|p1a: Starmie
|-supereffective|p1a: Starmie
|-damage|p1a: Starmie|0 fnt
|faint|p1a: Starmie
|
|win|Lutra
|c|★The_Chaser|gg mate
|L|Nicojama Robin
|L|giara
|L|Kel9901
|L|Alf
|J|Kel9901
|c|★Lutra|gg
|J|Alf
|L|Alf
|L|Lutra
|player|p2
|L|Kel9901
|J|Kel9901
|L|Kel9901
|J|MoxieInfinite
|L|Leftiez
|L|MoxieInfinite
|J|Leftiez
|L|Leftiez
|L|Isa RC
|J|Isa RC