|J|Alexander
|J|Tesung
|player|p1|Alexander|101
|player|p2|Tesung|266
|gametype|singles
|gen|1
|tier|[Gen 1] OU
|seed|39925,11659,60678,25476
|rule|Sleep Clause Mod: Limit one foe put to sleep
|rule|Freeze Clause Mod: Limit one foe frozen
|rule|Species Clause: Limit one of each Pokémon
|rule|OHKO Clause: OHKO moves are banned
|rule|Evasion Moves Clause: Evasion moves are banned
|rule|HP Percentage Mod: HP is shown in percentages
|
|start
|switch|p1a: Alakazam|Alakazam|313\/313
|switch|p2a: Alakazam|Alakazam|313\/313
|turn|1
|choice|move 4|switch 5
|
|switch|p2a: Exeggutor|Exeggutor|393\/393
|move|p1a: Alakazam|Thunder Wave|p2a: Exeggutor
|-status|p2a: Exeggutor|par
|
|turn|2
|choice|move 2|move 4
|
|move|p1a: Alakazam|Seismic Toss|p2a: Exeggutor
|-damage|p2a: Exeggutor|293\/393 par
|move|p2a: Exeggutor|Sleep Powder|p1a: Alakazam
|-status|p1a: Alakazam|slp
|
|turn|3
|choice|move 2|switch 6
|
|switch|p2a: Snorlax|Snorlax|523\/523
|cant|p1a: Alakazam|slp
|
|turn|4
|J|lt1 without love
|choice|switch 2|move 3
|
|switch|p1a: Lapras|Lapras|463\/463
|move|p2a: Snorlax|Body Slam|p1a: Lapras
|-damage|p1a: Lapras|341\/463
|-status|p1a: Lapras|par
|
|turn|5
|choice|move 3|move 4
|
|move|p2a: Snorlax|Headbutt|p1a: Lapras
|-damage|p1a: Lapras|246\/463 par
|move|p1a: Lapras|Blizzard|p2a: Snorlax
|-damage|p2a: Snorlax|349\/523
|-status|p2a: Snorlax|frz
|
|turn|6
|c|★Tesung|dmn
|choice|move 1|switch 2
|
|switch|p2a: Starmie|Starmie|323\/323
|cant|p1a: Lapras|par
|
|turn|7
|choice|switch 6|move 3
|
|switch|p1a: Snorlax|Snorlax|523\/523
|move|p2a: Starmie|Thunder Wave|p1a: Snorlax
|-status|p1a: Snorlax|par
|
|turn|8
|J|W3K
|choice|move 1|move 1
|
|move|p2a: Starmie|Blizzard|p1a: Snorlax
|-crit|p1a: Snorlax
|-damage|p1a: Snorlax|295\/523 par
|move|p1a: Snorlax|Body Slam|p2a: Starmie
|-damage|p2a: Starmie|199\/323
|
|turn|9
|choice|move 4|move 1
|
|move|p2a: Starmie|Blizzard|p1a: Snorlax
|-damage|p1a: Snorlax|170\/523 par
|move|p1a: Snorlax|Self-Destruct|p2a: Starmie
|-damage|p2a: Starmie|0 fnt
|faint|p2a: Starmie
|faint|p1a: Snorlax
|choice|switch 4|switch 5
|
|switch|p2a: Alakazam|Alakazam|313\/313
|switch|p1a: Exeggutor|Exeggutor|393\/393
|turn|10
|J|rodriblutar
|choice|move 3|switch 6
|
|switch|p2a: Exeggutor|Exeggutor|293\/393 par
|move|p1a: Exeggutor|Psychic|p2a: Exeggutor
|-crit|p2a: Exeggutor
|-resisted|p2a: Exeggutor
|-damage|p2a: Exeggutor|184\/393 par
|-unboost|p2a: Exeggutor|spd|1
|-unboost|p2a: Exeggutor|spa|1
|
|turn|11
|choice|switch 6|move 2
|
|switch|p1a: Lapras|Lapras|246\/463 par
|move|p2a: Exeggutor|Explosion|p1a: Lapras
|-damage|p1a: Lapras|0 fnt
|faint|p1a: Lapras
|faint|p2a: Exeggutor
|choice|switch 6|switch 6
|
|switch|p2a: Alakazam|Alakazam|313\/313
|switch|p1a: Exeggutor|Exeggutor|393\/393
|turn|12
|choice|move 1|move 2
|
|move|p2a: Alakazam|Thunder Wave|p1a: Exeggutor
|-status|p1a: Exeggutor|par
|move|p1a: Exeggutor|Sleep Powder|p2a: Alakazam
|-status|p2a: Alakazam|slp
|
|turn|13
|choice|switch 3|move 3
|
|switch|p1a: Tauros|Tauros|353\/353
|cant|p2a: Alakazam|slp
|
|turn|14
|choice|move 1|switch 2
|
|switch|p2a: Snorlax|Snorlax|349\/523 frz
|move|p1a: Tauros|Body Slam|p2a: Snorlax
|-damage|p2a: Snorlax|217\/523 frz
|
|turn|15
|choice|move 1|move 3
|
|move|p1a: Tauros|Body Slam|p2a: Snorlax
|-damage|p2a: Snorlax|84\/523 frz
|cant|p2a: Snorlax|frz
|
|turn|16
|choice|move 1|move 1
|
|move|p1a: Tauros|Body Slam|p2a: Snorlax
|-crit|p2a: Snorlax
|-damage|p2a: Snorlax|0 fnt
|faint|p2a: Snorlax
|choice||switch 4
|
|switch|p2a: Tauros|Tauros|353\/353
|turn|17
|choice|move 1|move 1
|
|move|p2a: Tauros|Body Slam|p1a: Tauros
|-damage|p1a: Tauros|252\/353
|move|p1a: Tauros|Body Slam|p2a: Tauros
|-crit|p2a: Tauros
|-damage|p2a: Tauros|162\/353
|
|turn|18
|c|★Tesung|jesus lol
|choice|move 1|move 4
|
|move|p1a: Tauros|Body Slam|p2a: Tauros
|-damage|p2a: Tauros|55\/353
|move|p2a: Tauros|Hyper Beam|p1a: Tauros|[miss]
|-miss|p2a: Tauros
|
|turn|19
|choice|move 1|move 4
|
|move|p1a: Tauros|Body Slam|p2a: Tauros
|-damage|p2a: Tauros|0 fnt
|faint|p2a: Tauros
|c|★Tesung|well
|c|★Tesung|gg
|choice||switch 3
|
|switch|p2a: Jolteon|Jolteon|333\/333
|turn|20
|choice|move 1|move 4
|
|move|p2a: Jolteon|Thunderbolt|p1a: Tauros
|-crit|p1a: Tauros
|-damage|p1a: Tauros|0 fnt
|faint|p1a: Tauros
|choice|switch 3|
|
|switch|p1a: Exeggutor|Exeggutor|393\/393 par
|turn|21
|c|★Tesung|crit everything!
|choice|move 3|switch 2
|
|switch|p2a: Alakazam|Alakazam|313\/313 slp
|move|p1a: Exeggutor|Psychic|p2a: Alakazam
|-resisted|p2a: Alakazam
|-damage|p2a: Alakazam|267\/313 slp
|
|turn|22
|choice|move 3|move 1
|
|cant|p2a: Alakazam|slp
|cant|p1a: Exeggutor|par
|
|turn|23
|choice|move 3|move 1
|
|-curestatus|p2a: Alakazam|slp
|move|p1a: Exeggutor|Psychic|p2a: Alakazam
|-resisted|p2a: Alakazam
|-damage|p2a: Alakazam|215\/313
|
|turn|24
|J|MoreLost
|choice|switch 5|move 3
|
|switch|p1a: Starmie|Starmie|323\/323
|move|p2a: Alakazam|Seismic Toss|p1a: Starmie
|-damage|p1a: Starmie|223\/323
|
|turn|25
|choice|move 3|move 2
|
|move|p2a: Alakazam|Thunder Wave|p1a: Starmie
|-status|p1a: Starmie|par
|cant|p1a: Starmie|par
|
|turn|26
|choice|move 3|move 3
|
|move|p2a: Alakazam|Seismic Toss|p1a: Starmie
|-damage|p1a: Starmie|123\/323 par
|move|p1a: Starmie|Thunder Wave|p2a: Alakazam
|-status|p2a: Alakazam|par
|
|turn|27
|choice|move 4|move 3
|
|move|p2a: Alakazam|Seismic Toss|p1a: Starmie
|-damage|p1a: Starmie|23\/323 par
|move|p1a: Starmie|Recover|p1a: Starmie
|-heal|p1a: Starmie|184\/323 par
|
|turn|28
|choice|move 4|move 3
|
|move|p2a: Alakazam|Seismic Toss|p1a: Starmie
|-damage|p1a: Starmie|84\/323 par
|cant|p1a: Starmie|par
|
|turn|29
|choice|move 4|move 3
|
|move|p2a: Alakazam|Seismic Toss|p1a: Starmie
|-damage|p1a: Starmie|0 fnt
|faint|p1a: Starmie
|choice|switch 2|
|
|switch|p1a: Alakazam|Alakazam|313\/313 slp
|turn|30
|choice|move 2|switch 2
|
|switch|p2a: Jolteon|Jolteon|333\/333
|cant|p1a: Alakazam|slp
|
|turn|31
|J|Addison Russell
|choice|move 1|move 2
|
|move|p2a: Jolteon|Pin Missile|p1a: Alakazam
|-supereffective|p1a: Alakazam
|-damage|p1a: Alakazam|284\/313 slp
|-damage|p1a: Alakazam|255\/313 slp
|-damage|p1a: Alakazam|226\/313 slp
|-hitcount|p1a: Alakazam|3
|-curestatus|p1a: Alakazam|slp
|
|turn|32
|L|MoreLost
|J|seeme
|c|★Tesung|o cmon
|choice|move 1|switch 2
|
|switch|p2a: Alakazam|Alakazam|215\/313 par
|move|p1a: Alakazam|Psychic|p2a: Alakazam|[miss]
|-miss|p1a: Alakazam
|
|turn|33
|choice|move 2|move 2
|
|move|p1a: Alakazam|Seismic Toss|p2a: Alakazam
|-damage|p2a: Alakazam|115\/313 par
|move|p2a: Alakazam|Thunder Wave|p1a: Alakazam
|-status|p1a: Alakazam|par
|
|turn|34
|choice|move 1|move 4
|
|move|p1a: Alakazam|Psychic|p2a: Alakazam
|-resisted|p2a: Alakazam
|-damage|p2a: Alakazam|64\/313 par
|cant|p2a: Alakazam|par
|
|turn|35
|choice|move 2|move 4
|
|cant|p1a: Alakazam|par
|move|p2a: Alakazam|Recover|p2a: Alakazam
|-heal|p2a: Alakazam|220\/313 par
|
|turn|36
|choice|move 1|move 4
|
|move|p1a: Alakazam|Psychic|p2a: Alakazam
|-resisted|p2a: Alakazam
|-damage|p2a: Alakazam|170\/313 par
|move|p2a: Alakazam|Recover|p2a: Alakazam
|-heal|p2a: Alakazam|313\/313 par
|
|turn|37
|choice|move 1|move 1
|
|cant|p1a: Alakazam|par
|move|p2a: Alakazam|Psychic|p1a: Alakazam
|-resisted|p1a: Alakazam
|-damage|p1a: Alakazam|175\/313 par
|
|turn|38
|choice|move 3|move 1
|
|move|p1a: Alakazam|Recover|p1a: Alakazam
|-heal|p1a: Alakazam|313\/313 par
|move|p2a: Alakazam|Psychic|p1a: Alakazam
|-resisted|p1a: Alakazam
|-damage|p1a: Alakazam|264\/313 par
|
|turn|39
|J|Pohjis
|choice|move 2|move 1
|
|move|p2a: Alakazam|Psychic|p1a: Alakazam
|-crit|p1a: Alakazam
|-resisted|p1a: Alakazam
|-damage|p1a: Alakazam|156\/313 par
|-unboost|p1a: Alakazam|spd|1
|-unboost|p1a: Alakazam|spa|1
|move|p1a: Alakazam|Seismic Toss|p2a: Alakazam
|-damage|p2a: Alakazam|213\/313 par
|
|turn|40
|choice|move 3|move 3
|
|move|p2a: Alakazam|Seismic Toss|p1a: Alakazam
|-damage|p1a: Alakazam|56\/313 par
|cant|p1a: Alakazam|par
|
|turn|41
|choice|move 3|move 3
|
|cant|p2a: Alakazam|par
|move|p1a: Alakazam|Recover|p1a: Alakazam
|-heal|p1a: Alakazam|212\/313 par
|
|turn|42
|J|Leftiez
|choice|move 3|move 3
|
|move|p2a: Alakazam|Seismic Toss|p1a: Alakazam
|-damage|p1a: Alakazam|112\/313 par
|cant|p1a: Alakazam|par
|
|turn|43
|choice|move 3|move 3
|
|cant|p2a: Alakazam|par
|move|p1a: Alakazam|Recover|p1a: Alakazam
|-heal|p1a: Alakazam|268\/313 par
|
|turn|44
|choice|move 2|move 1
|
|cant|p2a: Alakazam|par
|move|p1a: Alakazam|Seismic Toss|p2a: Alakazam
|-damage|p2a: Alakazam|113\/313 par
|
|turn|45
|choice|move 1|move 4
|
|move|p2a: Alakazam|Recover|p2a: Alakazam
|-heal|p2a: Alakazam|269\/313 par
|move|p1a: Alakazam|Psychic|p2a: Alakazam
|-resisted|p2a: Alakazam
|-damage|p2a: Alakazam|236\/313 par
|
|turn|46
|choice|move 2|move 1
|
|cant|p2a: Alakazam|par
|move|p1a: Alakazam|Seismic Toss|p2a: Alakazam
|-damage|p2a: Alakazam|136\/313 par
|
|turn|47
|choice|move 1|move 4
|
|move|p2a: Alakazam|Recover|p2a: Alakazam
|-heal|p2a: Alakazam|292\/313 par
|move|p1a: Alakazam|Psychic|p2a: Alakazam
|-resisted|p2a: Alakazam
|-damage|p2a: Alakazam|257\/313 par
|
|turn|48
|choice|move 2|move 3
|
|cant|p2a: Alakazam|par
|cant|p1a: Alakazam|par
|
|turn|49
|choice|move 2|move 3
|
|cant|p2a: Alakazam|par
|move|p1a: Alakazam|Seismic Toss|p2a: Alakazam
|-damage|p2a: Alakazam|157\/313 par
|
|turn|50
|choice|move 1|move 4
|
|move|p2a: Alakazam|Recover|p2a: Alakazam
|-heal|p2a: Alakazam|313\/313 par
|move|p1a: Alakazam|Psychic|p2a: Alakazam
|-resisted|p2a: Alakazam
|-damage|p2a: Alakazam|281\/313 par
|
|turn|51
|choice|move 2|move 3
|
|move|p2a: Alakazam|Seismic Toss|p1a: Alakazam
|-damage|p1a: Alakazam|168\/313 par
|move|p1a: Alakazam|Seismic Toss|p2a: Alakazam
|-damage|p2a: Alakazam|181\/313 par
|
|turn|52
|choice|move 3|move 3
|
|move|p2a: Alakazam|Seismic Toss|p1a: Alakazam
|-damage|p1a: Alakazam|68\/313 par
|move|p1a: Alakazam|Recover|p1a: Alakazam
|-heal|p1a: Alakazam|224\/313 par
|
|turn|53
|choice|move 2|move 3
|
|move|p2a: Alakazam|Seismic Toss|p1a: Alakazam
|-damage|p1a: Alakazam|124\/313 par
|cant|p1a: Alakazam|par
|
|turn|54
|choice|move 3|move 3
|
|move|p2a: Alakazam|Seismic Toss|p1a: Alakazam
|-damage|p1a: Alakazam|24\/313 par
|move|p1a: Alakazam|Recover|p1a: Alakazam
|-heal|p1a: Alakazam|180\/313 par
|
|turn|55
|choice|move 3|move 3
|
|cant|p2a: Alakazam|par
|move|p1a: Alakazam|Recover|p1a: Alakazam
|-heal|p1a: Alakazam|313\/313 par
|
|turn|56
|L|lt1 without love
|choice|move 2|move 4
|
|move|p2a: Alakazam|Recover|p2a: Alakazam
|-heal|p2a: Alakazam|313\/313 par
|cant|p1a: Alakazam|par
|
|turn|57
|choice|move 2|move 3
|
|move|p2a: Alakazam|Seismic Toss|p1a: Alakazam
|-damage|p1a: Alakazam|213\/313 par
|move|p1a: Alakazam|Seismic Toss|p2a: Alakazam
|-damage|p2a: Alakazam|213\/313 par
|
|turn|58
|choice|move 3|move 3
|
|move|p2a: Alakazam|Seismic Toss|p1a: Alakazam
|-damage|p1a: Alakazam|113\/313 par
|cant|p1a: Alakazam|par
|
|turn|59
|choice|move 3|move 3
|
|move|p2a: Alakazam|Seismic Toss|p1a: Alakazam
|-damage|p1a: Alakazam|13\/313 par
|move|p1a: Alakazam|Recover|p1a: Alakazam
|-heal|p1a: Alakazam|169\/313 par
|
|turn|60
|choice|move 3|move 3
|
|cant|p2a: Alakazam|par
|move|p1a: Alakazam|Recover|p1a: Alakazam
|-heal|p1a: Alakazam|313\/313 par
|
|turn|61
|choice|move 2|move 4
|
|cant|p2a: Alakazam|par
|move|p1a: Alakazam|Seismic Toss|p2a: Alakazam
|-damage|p2a: Alakazam|113\/313 par
|
|turn|62
|choice|move 1|move 4
|
|move|p2a: Alakazam|Recover|p2a: Alakazam
|-heal|p2a: Alakazam|269\/313 par
|move|p1a: Alakazam|Psychic|p2a: Alakazam
|-resisted|p2a: Alakazam
|-damage|p2a: Alakazam|233\/313 par
|
|turn|63
|choice|move 2|move 3
|
|cant|p2a: Alakazam|par
|move|p1a: Alakazam|Seismic Toss|p2a: Alakazam
|-damage|p2a: Alakazam|133\/313 par
|
|turn|64
|choice|move 1|move 4
|
|move|p2a: Alakazam|Recover|p2a: Alakazam
|-heal|p2a: Alakazam|289\/313 par
|cant|p1a: Alakazam|par
|
|turn|65
|choice|move 2|move 3
|
|cant|p2a: Alakazam|par
|move|p1a: Alakazam|Seismic Toss|p2a: Alakazam
|-damage|p2a: Alakazam|189\/313 par
|
|turn|66
|choice|move 1|move 4
|
|move|p2a: Alakazam|Recover|p2a: Alakazam
|-heal|p2a: Alakazam|313\/313 par
|move|p1a: Alakazam|Psychic|p2a: Alakazam
|-crit|p2a: Alakazam
|-resisted|p2a: Alakazam
|-damage|p2a: Alakazam|215\/313 par
|
|turn|67
|choice|move 2|move 3
|
|move|p2a: Alakazam|Seismic Toss|p1a: Alakazam
|-damage|p1a: Alakazam|213\/313 par
|move|p1a: Alakazam|Seismic Toss|p2a: Alakazam
|-damage|p2a: Alakazam|115\/313 par
|
|turn|68
|choice|move 1|move 4
|
|cant|p2a: Alakazam|par
|move|p1a: Alakazam|Psychic|p2a: Alakazam
|-resisted|p2a: Alakazam
|-damage|p2a: Alakazam|83\/313 par
|
|turn|69
|choice|move 2|move 4
|
|move|p2a: Alakazam|Recover|p2a: Alakazam
|-heal|p2a: Alakazam|239\/313 par
|move|p1a: Alakazam|Seismic Toss|p2a: Alakazam
|-damage|p2a: Alakazam|139\/313 par
|
|turn|70
|choice|move 1|move 4
|
|move|p2a: Alakazam|Recover|p2a: Alakazam
|-heal|p2a: Alakazam|295\/313 par
|move|p1a: Alakazam|Psychic|p2a: Alakazam
|-crit|p2a: Alakazam
|-resisted|p2a: Alakazam
|-damage|p2a: Alakazam|195\/313 par
|
|turn|71
|choice|move 2|move 3
|
|move|p2a: Alakazam|Seismic Toss|p1a: Alakazam
|-damage|p1a: Alakazam|113\/313 par
|move|p1a: Alakazam|Seismic Toss|p2a: Alakazam
|-damage|p2a: Alakazam|95\/313 par
|
|turn|72
|choice|move 2|move 4
|
|move|p2a: Alakazam|Recover|p2a: Alakazam
|-heal|p2a: Alakazam|251\/313 par
|move|p1a: Alakazam|Seismic Toss|p2a: Alakazam
|-damage|p2a: Alakazam|151\/313 par
|
|turn|73
|choice|move 3|move 4
|
|move|p2a: Alakazam|Recover|p2a: Alakazam
|-heal|p2a: Alakazam|307\/313 par
|move|p1a: Alakazam|Recover|p1a: Alakazam
|-heal|p1a: Alakazam|269\/313 par
|
|turn|74
|choice|move 3|move 1
|
|move|p2a: Alakazam|Psychic|p1a: Alakazam
|-resisted|p1a: Alakazam
|-damage|p1a: Alakazam|188\/313 par
|move|p1a: Alakazam|Recover|p1a: Alakazam
|-heal|p1a: Alakazam|313\/313 par
|
|turn|75
|choice|move 2|move 3
|
|move|p2a: Alakazam|Seismic Toss|p1a: Alakazam
|-damage|p1a: Alakazam|213\/313 par
|move|p1a: Alakazam|Seismic Toss|p2a: Alakazam
|-damage|p2a: Alakazam|207\/313 par
|
|turn|76
|choice|move 2|move 3
|
|cant|p2a: Alakazam|par
|move|p1a: Alakazam|Seismic Toss|p2a: Alakazam
|-damage|p2a: Alakazam|107\/313 par
|
|turn|77
|L|W3K
|choice|move 1|move 4
|
|move|p2a: Alakazam|Recover|p2a: Alakazam
|-heal|p2a: Alakazam|263\/313 par
|move|p1a: Alakazam|Psychic|p2a: Alakazam
|-resisted|p2a: Alakazam
|-damage|p2a: Alakazam|230\/313 par
|
|turn|78
|choice|move 2|move 3
|
|move|p2a: Alakazam|Seismic Toss|p1a: Alakazam
|-damage|p1a: Alakazam|113\/313 par
|move|p1a: Alakazam|Seismic Toss|p2a: Alakazam
|-damage|p2a: Alakazam|130\/313 par
|
|turn|79
|choice|move 3|move 3
|
|cant|p2a: Alakazam|par
|move|p1a: Alakazam|Recover|p1a: Alakazam
|-heal|p1a: Alakazam|269\/313 par
|
|turn|80
|choice|move 1|move 4
|
|cant|p2a: Alakazam|par
|move|p1a: Alakazam|Psychic|p2a: Alakazam
|-resisted|p2a: Alakazam
|-damage|p2a: Alakazam|95\/313 par
|
|turn|81
|choice|move 2|move 4
|
|move|p2a: Alakazam|Recover|p2a: Alakazam
|-heal|p2a: Alakazam|251\/313 par
|cant|p1a: Alakazam|par
|
|turn|82
|choice|move 2|move 3
|
|cant|p2a: Alakazam|par
|move|p1a: Alakazam|Seismic Toss|p2a: Alakazam
|-damage|p2a: Alakazam|151\/313 par
|
|turn|83
|choice|move 1|move 4
|
|move|p2a: Alakazam|Recover|p2a: Alakazam
|-heal|p2a: Alakazam|307\/313 par
|move|p1a: Alakazam|Psychic|p2a: Alakazam
|-resisted|p2a: Alakazam
|-damage|p2a: Alakazam|275\/313 par
|-unboost|p2a: Alakazam|spd|1
|-unboost|p2a: Alakazam|spa|1
|
|turn|84
|choice|move 2|switch 2
|
|switch|p2a: Jolteon|Jolteon|333\/333
|move|p1a: Alakazam|Seismic Toss|p2a: Jolteon
|-damage|p2a: Jolteon|233\/333
|
|turn|85
|choice|move 4|move 4
|
|move|p2a: Jolteon|Thunderbolt|p1a: Alakazam
|-damage|p1a: Alakazam|116\/313 par
|move|p1a: Alakazam|Thunder Wave|p2a: Jolteon
|-status|p2a: Jolteon|par
|
|turn|86
|choice|move 3|move 2
|
|move|p2a: Jolteon|Pin Missile|p1a: Alakazam
|-supereffective|p1a: Alakazam
|-damage|p1a: Alakazam|85\/313 par
|-damage|p1a: Alakazam|54\/313 par
|-damage|p1a: Alakazam|23\/313 par
|-hitcount|p1a: Alakazam|3
|move|p1a: Alakazam|Recover|p1a: Alakazam
|-heal|p1a: Alakazam|179\/313 par
|
|turn|87
|choice|switch 5|move 4
|
|switch|p1a: Exeggutor|Exeggutor|393\/393 par
|move|p2a: Jolteon|Thunderbolt|p1a: Exeggutor
|-resisted|p1a: Exeggutor
|-damage|p1a: Exeggutor|346\/393 par
|
|turn|88
|choice|move 3|move 2
|
|cant|p2a: Jolteon|par
|move|p1a: Exeggutor|Psychic|p2a: Jolteon
|-damage|p2a: Jolteon|121\/333 par
|
|turn|89
|choice|move 2|move 2
|
|cant|p2a: Jolteon|par
|move|p1a: Exeggutor|Hyper Beam|p2a: Jolteon
|-damage|p2a: Jolteon|0 fnt
|faint|p2a: Jolteon
|c|★Tesung|really
|c|★Tesung|i mean this game has been just ridiculous
|choice||switch 2
|
|switch|p2a: Alakazam|Alakazam|275\/313 par
|turn|90
|choice|move 4|move 3
|
|move|p2a: Alakazam|Seismic Toss|p1a: Exeggutor
|-damage|p1a: Exeggutor|246\/393 par
|move|p1a: Exeggutor|Explosion|p2a: Alakazam|[miss]
|-miss|p1a: Exeggutor
|faint|p1a: Exeggutor
|c|★Tesung|lOL
|c|★Alexander|LL
|c|★Alexander|OL
|choice|switch 5|
|
|switch|p1a: Alakazam|Alakazam|179\/313 par
|turn|91
|c|★Tesung|amazing
|c|★Alexander|man lets stick to oras
|choice|move 3|move 3
|
|move|p1a: Alakazam|Recover|p1a: Alakazam
|-heal|p1a: Alakazam|313\/313 par
|cant|p2a: Alakazam|par
|
|turn|92
|c|★Tesung|yeh fr
|choice|move 1|move 1
|
|move|p1a: Alakazam|Psychic|p2a: Alakazam
|-crit|p2a: Alakazam
|-resisted|p2a: Alakazam
|-damage|p2a: Alakazam|172\/313 par
|cant|p2a: Alakazam|par
|
|turn|93
|L|Addison Russell
|choice|move 2|move 4
|
|move|p1a: Alakazam|Seismic Toss|p2a: Alakazam
|-damage|p2a: Alakazam|72\/313 par
|move|p2a: Alakazam|Recover|p2a: Alakazam
|-heal|p2a: Alakazam|228\/313 par
|
|turn|94
|choice|move 1|move 4
|
|move|p2a: Alakazam|Recover|p2a: Alakazam
|-heal|p2a: Alakazam|313\/313 par
|move|p1a: Alakazam|Psychic|p2a: Alakazam
|-crit|p2a: Alakazam
|-resisted|p2a: Alakazam
|-damage|p2a: Alakazam|213\/313 par
|-unboost|p2a: Alakazam|spd|1
|-unboost|p2a: Alakazam|spa|1
|
|turn|95
|c|★Tesung|hngg
|choice|move 2|move 4
|
|move|p1a: Alakazam|Seismic Toss|p2a: Alakazam
|-damage|p2a: Alakazam|113\/313 par
|move|p2a: Alakazam|Recover|p2a: Alakazam
|-heal|p2a: Alakazam|269\/313 par
|
|turn|96
|choice|move 2|move 4
|
|move|p1a: Alakazam|Seismic Toss|p2a: Alakazam
|-damage|p2a: Alakazam|169\/313 par
|move|p2a: Alakazam|Recover|p2a: Alakazam
|-heal|p2a: Alakazam|313\/313 par
|
|turn|97
|choice|move 1|move 1
|
|move|p1a: Alakazam|Psychic|p2a: Alakazam
|-resisted|p2a: Alakazam
|-damage|p2a: Alakazam|231\/313 par
|move|p2a: Alakazam|Psychic|p1a: Alakazam
|-resisted|p1a: Alakazam
|-damage|p1a: Alakazam|277\/313 par
|
|turn|98
|choice|move 2|move 4
|
|cant|p1a: Alakazam|par
|move|p2a: Alakazam|Recover|p2a: Alakazam
|-heal|p2a: Alakazam|313\/313 par
|
|turn|99
|choice|move 2|move 1
|
|cant|p1a: Alakazam|par
|move|p2a: Alakazam|Psychic|p1a: Alakazam
|-crit|p1a: Alakazam
|-resisted|p1a: Alakazam
|-damage|p1a: Alakazam|168\/313 par
|
|turn|100
|choice|move 3|move 3
|
|move|p1a: Alakazam|Recover|p1a: Alakazam
|-heal|p1a: Alakazam|313\/313 par
|move|p2a: Alakazam|Seismic Toss|p1a: Alakazam
|-damage|p1a: Alakazam|213\/313 par
|
|turn|101
|choice|move 2|move 1
|
|move|p1a: Alakazam|Seismic Toss|p2a: Alakazam
|-damage|p2a: Alakazam|213\/313 par
|move|p2a: Alakazam|Psychic|p1a: Alakazam
|-resisted|p1a: Alakazam
|-damage|p1a: Alakazam|181\/313 par
|
|turn|102
|choice|move 3|move 4
|
|move|p1a: Alakazam|Recover|p1a: Alakazam
|-heal|p1a: Alakazam|313\/313 par
|move|p2a: Alakazam|Recover|p2a: Alakazam
|-heal|p2a: Alakazam|313\/313 par
|
|turn|103
|choice|move 2|move 1
|
|move|p1a: Alakazam|Seismic Toss|p2a: Alakazam
|-damage|p2a: Alakazam|213\/313 par
|move|p2a: Alakazam|Psychic|p1a: Alakazam
|-resisted|p1a: Alakazam
|-damage|p1a: Alakazam|280\/313 par
|
|turn|104
|choice|move 2|move 4
|
|cant|p1a: Alakazam|par
|move|p2a: Alakazam|Recover|p2a: Alakazam
|-heal|p2a: Alakazam|313\/313 par
|
|turn|105
|choice|move 2|move 1
|
|move|p1a: Alakazam|Seismic Toss|p2a: Alakazam
|-damage|p2a: Alakazam|213\/313 par
|move|p2a: Alakazam|Psychic|p1a: Alakazam
|-resisted|p1a: Alakazam
|-damage|p1a: Alakazam|242\/313 par
|
|turn|106
|choice|move 2|move 4
|
|move|p1a: Alakazam|Seismic Toss|p2a: Alakazam
|-damage|p2a: Alakazam|113\/313 par
|move|p2a: Alakazam|Recover|p2a: Alakazam
|-heal|p2a: Alakazam|269\/313 par
|
|turn|107
|choice|move 2|move 1
|
|move|p1a: Alakazam|Seismic Toss|p2a: Alakazam
|-damage|p2a: Alakazam|169\/313 par
|cant|p2a: Alakazam|par
|
|turn|108
|choice|move 2|move 4
|
|cant|p1a: Alakazam|par
|move|p2a: Alakazam|Recover|p2a: Alakazam
|-heal|p2a: Alakazam|313\/313 par
|
|turn|109
|c|★Tesung|gooo 
|c|★Tesung|cool
|choice|move 2|move 4
|
|move|p1a: Alakazam|Seismic Toss|p2a: Alakazam
|-damage|p2a: Alakazam|213\/313 par
|cant|p2a: Alakazam|par
|
|turn|110
|choice|move 2|move 4
|
|move|p1a: Alakazam|Seismic Toss|p2a: Alakazam
|-damage|p2a: Alakazam|113\/313 par
|move|p2a: Alakazam|Recover|p2a: Alakazam
|-heal|p2a: Alakazam|269\/313 par
|
|turn|111
|choice|move 2|move 4
|
|cant|p1a: Alakazam|par
|move|p2a: Alakazam|Recover|p2a: Alakazam
|-heal|p2a: Alakazam|313\/313 par
|
|turn|112
|choice|move 3|move 1
|
|cant|p1a: Alakazam|par
|move|p2a: Alakazam|Psychic|p1a: Alakazam
|-crit|p1a: Alakazam
|-resisted|p1a: Alakazam
|-damage|p1a: Alakazam|147\/313 par
|
|turn|113
|c|★Alexander|yea u got it
|choice|move 3|move 1
|
|move|p1a: Alakazam|Recover|p1a: Alakazam
|-heal|p1a: Alakazam|303\/313 par
|move|p2a: Alakazam|Psychic|p1a: Alakazam
|-resisted|p1a: Alakazam
|-damage|p1a: Alakazam|267\/313 par
|
|turn|114
|c|★Tesung|i just need to not get a crazy weird combo
|c|★Tesung|where u get a lot of paras
|c|★Tesung|but not enough that i kill u
|choice|move 2|move 1
|
|move|p1a: Alakazam|Seismic Toss|p2a: Alakazam
|-damage|p2a: Alakazam|213\/313 par
|move|p2a: Alakazam|Psychic|p1a: Alakazam
|-resisted|p1a: Alakazam
|-damage|p1a: Alakazam|234\/313 par
|
|turn|115
|choice|move 3|move 1
|
|cant|p1a: Alakazam|par
|move|p2a: Alakazam|Psychic|p1a: Alakazam
|-resisted|p1a: Alakazam
|-damage|p1a: Alakazam|197\/313 par
|
|turn|116
|choice|move 3|move 1
|
|move|p1a: Alakazam|Recover|p1a: Alakazam
|-heal|p1a: Alakazam|313\/313 par
|move|p2a: Alakazam|Psychic|p1a: Alakazam
|-resisted|p1a: Alakazam
|-damage|p1a: Alakazam|279\/313 par
|-unboost|p1a: Alakazam|spd|1
|-unboost|p1a: Alakazam|spa|1
|
|turn|117
|choice|move 3|move 1
|
|move|p2a: Alakazam|Psychic|p1a: Alakazam
|-resisted|p1a: Alakazam
|-damage|p1a: Alakazam|228\/313 par
|move|p1a: Alakazam|Recover|p1a: Alakazam
|-heal|p1a: Alakazam|313\/313 par
|
|turn|118
|choice|move 3|move 1
|
|move|p1a: Alakazam|Recover|p1a: Alakazam
|-fail|p1a: Alakazam
|move|p2a: Alakazam|Psychic|p1a: Alakazam
|-crit|p1a: Alakazam
|-resisted|p1a: Alakazam
|-damage|p1a: Alakazam|203\/313 par
|
|turn|119
|L|Leftiez
|choice|move 3|move 3
|
|move|p2a: Alakazam|Seismic Toss|p1a: Alakazam
|-damage|p1a: Alakazam|103\/313 par
|move|p1a: Alakazam|Recover|p1a: Alakazam
|-heal|p1a: Alakazam|259\/313 par
|
|turn|120
|choice|move 4|move 3
|
|move|p1a: Alakazam|Thunder Wave|p2a: Alakazam
|-fail|p2a: Alakazam|par
|cant|p2a: Alakazam|par
|
|turn|121
|choice|move 4|move 3
|
|move|p1a: Alakazam|Thunder Wave|p2a: Alakazam
|-fail|p2a: Alakazam|par
|move|p2a: Alakazam|Seismic Toss|p1a: Alakazam
|-damage|p1a: Alakazam|159\/313 par
|
|turn|122
|J|smilzo
|J|Habanero Parejo
|choice|move 3|move 4
|
|cant|p1a: Alakazam|par
|move|p2a: Alakazam|Recover|p2a: Alakazam
|-heal|p2a: Alakazam|313\/313 par
|
|turn|123
|choice|move 3|move 3
|
|move|p1a: Alakazam|Recover|p1a: Alakazam
|-heal|p1a: Alakazam|313\/313 par
|cant|p2a: Alakazam|par
|
|turn|124
|c|★Tesung|oops idk why i did that
|choice|move 4|move 2
|
|move|p1a: Alakazam|Thunder Wave|p2a: Alakazam
|-fail|p2a: Alakazam|par
|cant|p2a: Alakazam|par
|
|turn|125
|choice|move 4|move 3
|
|move|p2a: Alakazam|Seismic Toss|p1a: Alakazam
|-damage|p1a: Alakazam|213\/313 par
|move|p1a: Alakazam|Thunder Wave|p2a: Alakazam
|-fail|p2a: Alakazam|par
|
|turn|126
|choice|move 3|move 3
|
|move|p1a: Alakazam|Recover|p1a: Alakazam
|-heal|p1a: Alakazam|313\/313 par
|move|p2a: Alakazam|Seismic Toss|p1a: Alakazam
|-damage|p1a: Alakazam|213\/313 par
|
|turn|127
|choice|move 3|move 3
|
|move|p2a: Alakazam|Seismic Toss|p1a: Alakazam
|-damage|p1a: Alakazam|113\/313 par
|move|p1a: Alakazam|Recover|p1a: Alakazam
|-heal|p1a: Alakazam|269\/313 par
|
|turn|128
|choice|move 3|move 3
|
|move|p1a: Alakazam|Recover|p1a: Alakazam
|-heal|p1a: Alakazam|313\/313 par
|move|p2a: Alakazam|Seismic Toss|p1a: Alakazam
|-damage|p1a: Alakazam|213\/313 par
|
|turn|129
|choice|move 3|move 3
|
|move|p1a: Alakazam|Recover|p1a: Alakazam
|-heal|p1a: Alakazam|313\/313 par
|move|p2a: Alakazam|Seismic Toss|p1a: Alakazam
|-damage|p1a: Alakazam|213\/313 par
|
|turn|130
|choice|move 3|move 3
|
|move|p1a: Alakazam|Recover|p1a: Alakazam
|-heal|p1a: Alakazam|313\/313 par
|move|p2a: Alakazam|Seismic Toss|p1a: Alakazam
|-damage|p1a: Alakazam|213\/313 par
|
|turn|131
|choice|move 3|move 3
|
|cant|p2a: Alakazam|par
|move|p1a: Alakazam|Recover|p1a: Alakazam
|-heal|p1a: Alakazam|313\/313 par
|
|turn|132
|choice|move 4|move 2
|
|move|p1a: Alakazam|Thunder Wave|p2a: Alakazam
|-fail|p2a: Alakazam|par
|cant|p2a: Alakazam|par
|
|turn|133
|choice|move 4|move 2
|
|move|p1a: Alakazam|Thunder Wave|p2a: Alakazam
|-fail|p2a: Alakazam|par
|move|p2a: Alakazam|Thunder Wave|p1a: Alakazam
|-fail|p1a: Alakazam|par
|
|turn|134
|choice|move 4|move 2
|
|cant|p2a: Alakazam|par
|cant|p1a: Alakazam|par
|
|turn|135
|choice|move 4|move 2
|
|move|p1a: Alakazam|Thunder Wave|p2a: Alakazam
|-fail|p2a: Alakazam|par
|move|p2a: Alakazam|Thunder Wave|p1a: Alakazam
|-fail|p1a: Alakazam|par
|
|turn|136
|choice|move 4|move 2
|
|cant|p1a: Alakazam|par
|move|p2a: Alakazam|Thunder Wave|p1a: Alakazam
|-fail|p1a: Alakazam|par
|
|turn|137
|choice|move 4|move 2
|
|move|p1a: Alakazam|Thunder Wave|p2a: Alakazam
|-fail|p2a: Alakazam|par
|cant|p2a: Alakazam|par
|
|turn|138
|choice|move 4|move 2
|
|move|p2a: Alakazam|Thunder Wave|p1a: Alakazam
|-fail|p1a: Alakazam|par
|cant|p1a: Alakazam|par
|
|turn|139
|choice|move 4|move 2
|
|move|p1a: Alakazam|Thunder Wave|p2a: Alakazam
|-fail|p2a: Alakazam|par
|move|p2a: Alakazam|Thunder Wave|p1a: Alakazam
|-fail|p1a: Alakazam|par
|
|turn|140
|choice|move 4|move 2
|
|move|p1a: Alakazam|Thunder Wave|p2a: Alakazam
|-fail|p2a: Alakazam|par
|move|p2a: Alakazam|Thunder Wave|p1a: Alakazam
|-fail|p1a: Alakazam|par
|
|turn|141
|choice|move 4|move 2
|
|cant|p1a: Alakazam|par
|move|p2a: Alakazam|Thunder Wave|p1a: Alakazam
|-fail|p1a: Alakazam|par
|
|turn|142
|choice|move 4|move 2
|
|move|p2a: Alakazam|Thunder Wave|p1a: Alakazam
|-fail|p1a: Alakazam|par
|cant|p1a: Alakazam|par
|
|turn|143
|choice|move 4|move 2
|
|move|p2a: Alakazam|Thunder Wave|p1a: Alakazam
|-fail|p1a: Alakazam|par
|move|p1a: Alakazam|Thunder Wave|p2a: Alakazam
|-fail|p2a: Alakazam|par
|
|turn|144
|choice|move 4|move 2
|
|move|p1a: Alakazam|Thunder Wave|p2a: Alakazam
|-fail|p2a: Alakazam|par
|move|p2a: Alakazam|Thunder Wave|p1a: Alakazam
|-fail|p1a: Alakazam|par
|
|turn|145
|choice|move 4|move 2
|
|move|p2a: Alakazam|Thunder Wave|p1a: Alakazam
|-fail|p1a: Alakazam|par
|move|p1a: Alakazam|Thunder Wave|p2a: Alakazam
|-fail|p2a: Alakazam|par
|
|turn|146
|choice|move 4|move 2
|
|cant|p2a: Alakazam|par
|move|p1a: Alakazam|Thunder Wave|p2a: Alakazam
|-fail|p2a: Alakazam|par
|
|turn|147
|choice|move 4|move 2
|
|cant|p1a: Alakazam|par
|move|p2a: Alakazam|Thunder Wave|p1a: Alakazam
|-fail|p1a: Alakazam|par
|
|turn|148
|choice|move 4|move 2
|
|move|p1a: Alakazam|Thunder Wave|p2a: Alakazam
|-fail|p2a: Alakazam|par
|move|p2a: Alakazam|Thunder Wave|p1a: Alakazam
|-fail|p1a: Alakazam|par
|
|turn|149
|choice|move 4|move 2
|
|move|p1a: Alakazam|Thunder Wave|p2a: Alakazam
|-fail|p2a: Alakazam|par
|move|p2a: Alakazam|Thunder Wave|p1a: Alakazam
|-fail|p1a: Alakazam|par
|
|turn|150
|choice|move 4|move 2
|
|move|p1a: Alakazam|Thunder Wave|p2a: Alakazam
|-fail|p2a: Alakazam|par
|cant|p2a: Alakazam|par
|
|turn|151
|choice|move 4|move 2
|
|cant|p1a: Alakazam|par
|cant|p2a: Alakazam|par
|
|turn|152
|choice|move 4|move 2
|
|move|p2a: Alakazam|Thunder Wave|p1a: Alakazam
|-fail|p1a: Alakazam|par
|move|p1a: Alakazam|Thunder Wave|p2a: Alakazam
|-fail|p2a: Alakazam|par
|
|turn|153
|choice|move 4|move 2
|
|cant|p2a: Alakazam|par
|move|p1a: Alakazam|Thunder Wave|p2a: Alakazam
|-fail|p2a: Alakazam|par
|
|turn|154
|choice|move 4|move 2
|
|move|p2a: Alakazam|Thunder Wave|p1a: Alakazam
|-fail|p1a: Alakazam|par
|move|p1a: Alakazam|Thunder Wave|p2a: Alakazam
|-fail|p2a: Alakazam|par
|
|turn|155
|choice|move 4|move 2
|
|move|p2a: Alakazam|Thunder Wave|p1a: Alakazam
|-fail|p1a: Alakazam|par
|move|p1a: Alakazam|Thunder Wave|p2a: Alakazam
|-fail|p2a: Alakazam|par
|
|turn|156
|choice|move 4|move 2
|
|move|p1a: Alakazam|Thunder Wave|p2a: Alakazam
|-fail|p2a: Alakazam|par
|cant|p2a: Alakazam|par
|
|turn|157
|choice|move 4|move 2
|
|move|p1a: Alakazam|Thunder Wave|p2a: Alakazam
|-fail|p2a: Alakazam|par
|move|p2a: Alakazam|Thunder Wave|p1a: Alakazam
|-fail|p1a: Alakazam|par
|
|turn|158
|choice|move 4|move 2
|
|cant|p1a: Alakazam|par
|move|p2a: Alakazam|Thunder Wave|p1a: Alakazam
|-fail|p1a: Alakazam|par
|
|turn|159
|choice|move 4|move 2
|
|cant|p1a: Alakazam|par
|move|p2a: Alakazam|Thunder Wave|p1a: Alakazam
|-fail|p1a: Alakazam|par
|
|turn|160
|choice|move 4|move 2
|
|move|p1a: Alakazam|Thunder Wave|p2a: Alakazam
|-fail|p2a: Alakazam|par
|move|p2a: Alakazam|Thunder Wave|p1a: Alakazam
|-fail|p1a: Alakazam|par
|
|turn|161
|choice|move 4|move 2
|
|move|p1a: Alakazam|Thunder Wave|p2a: Alakazam
|-fail|p2a: Alakazam|par
|move|p2a: Alakazam|Thunder Wave|p1a: Alakazam
|-fail|p1a: Alakazam|par
|
|turn|162
|choice|move 4|move 2
|
|cant|p1a: Alakazam|par
|cant|p2a: Alakazam|par
|
|turn|163
|choice|move 4|move 2
|
|move|p1a: Alakazam|Thunder Wave|p2a: Alakazam
|-fail|p2a: Alakazam|par
|move|p2a: Alakazam|Thunder Wave|p1a: Alakazam
|-fail|p1a: Alakazam|par
|
|turn|164
|choice|move 4|move 2
|
|move|p2a: Alakazam|Thunder Wave|p1a: Alakazam
|-fail|p1a: Alakazam|par
|cant|p1a: Alakazam|par
|
|turn|165
|choice|move 4|move 2
|
|cant|p2a: Alakazam|par
|move|p1a: Alakazam|Thunder Wave|p2a: Alakazam
|-fail|p2a: Alakazam|par
|
|turn|166
|choice|move 4|move 2
|
|move|p1a: Alakazam|Thunder Wave|p2a: Alakazam
|-fail|p2a: Alakazam|par
|move|p2a: Alakazam|Thunder Wave|p1a: Alakazam
|-fail|p1a: Alakazam|par
|
|turn|167
|choice|move 4|move 2
|
|cant|p2a: Alakazam|par
|move|p1a: Alakazam|Thunder Wave|p2a: Alakazam
|-fail|p2a: Alakazam|par
|
|turn|168
|choice|move 4|move 2
|
|move|p1a: Alakazam|Thunder Wave|p2a: Alakazam
|-fail|p2a: Alakazam|par
|move|p2a: Alakazam|Thunder Wave|p1a: Alakazam
|-fail|p1a: Alakazam|par
|
|turn|169
|choice|move 3|move 4
|
|move|p1a: Alakazam|Recover|p1a: Alakazam
|-fail|p1a: Alakazam
|cant|p2a: Alakazam|par
|
|turn|170
|choice|move 3|move 2
|
|move|p2a: Alakazam|Thunder Wave|p1a: Alakazam
|-fail|p1a: Alakazam|par
|move|p1a: Alakazam|Recover|p1a: Alakazam
|-fail|p1a: Alakazam
|
|turn|171
|choice|move 3|move 4
|
|cant|p2a: Alakazam|par
|move|p1a: Alakazam|Recover|p1a: Alakazam
|-fail|p1a: Alakazam
|
|turn|172
|choice|move 3|move 2
|
|move|p2a: Alakazam|Thunder Wave|p1a: Alakazam
|-fail|p1a: Alakazam|par
|move|p1a: Alakazam|Recover|p1a: Alakazam
|-fail|p1a: Alakazam
|
|turn|173
|choice|move 2|move 4
|
|move|p1a: Alakazam|Seismic Toss|p2a: Alakazam
|-damage|p2a: Alakazam|213\/313 par
|move|p2a: Alakazam|Recover|p2a: Alakazam
|-heal|p2a: Alakazam|313\/313 par
|
|turn|174
|choice|move 3|move 3
|
|cant|p2a: Alakazam|par
|move|p1a: Alakazam|Recover|p1a: Alakazam
|-fail|p1a: Alakazam
|
|turn|175
|choice|move 1|move 3
|
|move|p2a: Alakazam|Seismic Toss|p1a: Alakazam
|-damage|p1a: Alakazam|213\/313 par
|cant|p1a: Alakazam|par
|
|turn|176
|choice|move 1|move 3
|
|move|p1a: Alakazam|Struggle|p2a: Alakazam
|-crit|p2a: Alakazam
|-damage|p2a: Alakazam|232\/313 par
|-damage|p1a: Alakazam|173\/313 par|[from] recoil|[of] p2a: Alakazam
|move|p2a: Alakazam|Seismic Toss|p1a: Alakazam
|-damage|p1a: Alakazam|73\/313 par
|
|turn|177
|choice|move 1|move 3
|
|cant|p2a: Alakazam|par
|move|p1a: Alakazam|Struggle|p2a: Alakazam
|-damage|p2a: Alakazam|188\/313 par
|-damage|p1a: Alakazam|51\/313 par|[from] recoil|[of] p2a: Alakazam
|
|turn|178
|c|★Alexander|gg
|c|★Tesung|gg
|c|★Alexander|fuk this gen
|choice|move 1|move 3
|
|move|p1a: Alakazam|Struggle|p2a: Alakazam
|-damage|p2a: Alakazam|148\/313 par
|-damage|p1a: Alakazam|31\/313 par|[from] recoil|[of] p2a: Alakazam
|move|p2a: Alakazam|Seismic Toss|p1a: Alakazam
|-damage|p1a: Alakazam|0 fnt
|faint|p1a: Alakazam
|
|win|Tesung