|inactive|Battle timer is ON: inactive players will automatically lose when time's up.
|J|Beds
|J|AugustRadburn
|player|p1|Beds|252
|player|p2|AugustRadburn|30
|gametype|singles
|gen|1
|tier|[Gen 1] OU
|seed|13557,49914,12797,56922
|rule|Sleep Clause Mod: Limit one foe put to sleep
|rule|Freeze Clause Mod: Limit one foe frozen
|rule|Species Clause: Limit one of each Pokémon
|rule|OHKO Clause: OHKO moves are banned
|rule|Evasion Moves Clause: Evasion moves are banned
|rule|HP Percentage Mod: HP is shown in percentages
|
|start
|switch|p1a: Starmie|Starmie|323\/323
|switch|p2a: Exeggutor|Exeggutor|393\/393
|turn|1
|J|MiltankMilk
|J|Hyperflume
|J|raddical
|c|★Beds|gl hf
|J|Alexander
|J|reeeeeeeeeweeeee
|J|Apt-get
|L|Hyperflume
|L|MiltankMilk
|J|LJDarkrai
|J|bogoljubow
|c|+Apt-get|u gonna get memed on kid
|J|shdrwe
|c|★AugustRadburn|same
|J|Funkasaurus
|J|Tobes
|choice|move 3|move 4
|
|move|p1a: Starmie|Blizzard|p2a: Exeggutor|[miss]
|-miss|p1a: Starmie
|move|p2a: Exeggutor|Stun Spore|p1a: Starmie
|-status|p1a: Starmie|par
|
|turn|2
|L|shdrwe
|J|shdrwe
|choice|move 3|switch 2
|
|switch|p2a: Chansey|Chansey|703\/703
|move|p1a: Starmie|Blizzard|p2a: Chansey
|-crit|p2a: Chansey
|-damage|p2a: Chansey|514\/703
|
|turn|3
|L|shdrwe
|J|Jim Zoldyck
|J|Lusch
|c|+Apt-get|told ya
|choice|switch 5|move 4
|
|switch|p1a: Chansey|Chansey|703\/703
|move|p2a: Chansey|Sing|p1a: Chansey
|-status|p1a: Chansey|slp
|
|turn|4
|J|Reymedy
|J|Ary
|L|Reymedy
|c|+Ary|double memed
|J|I'm Rick Astley
|L|Jim Zoldyck
|choice|move 1|switch 5
|
|switch|p2a: Snorlax|Snorlax|523\/523
|cant|p1a: Chansey|slp
|
|turn|5
|choice|switch 4|move 3
|
|switch|p1a: Exeggutor|Exeggutor|393\/393
|move|p2a: Snorlax|Body Slam|p1a: Exeggutor
|-damage|p1a: Exeggutor|277\/393
|-status|p1a: Exeggutor|par
|
|turn|6
|c|★AugustRadburn|sorry
|J|Erai14
|J|Diegolh
|J|Finchinator
|J|IBIREVER
|L|Finchinator
|c|★Beds|why apologize for an almost 1\/3 chance
|c|★Beds|lol
|choice|move 1|switch 2
|
|switch|p2a: Exeggutor|Exeggutor|393\/393
|move|p1a: Exeggutor|Sleep Powder|p2a: Exeggutor
|-status|p2a: Exeggutor|slp
|
|turn|7
|J|Sp00ky Sp0der
|choice|move 2|switch 2
|
|switch|p2a: Snorlax|Snorlax|523\/523
|move|p1a: Exeggutor|Psychic|p2a: Snorlax
|-damage|p2a: Snorlax|355\/523
|
|turn|8
|J|HernIsBack
|choice|move 4|move 3
|
|move|p2a: Snorlax|Body Slam|p1a: Exeggutor
|-damage|p1a: Exeggutor|168\/393 par
|move|p1a: Exeggutor|Stun Spore|p2a: Snorlax
|-status|p2a: Snorlax|par
|
|turn|9
|L|bogoljubow
|choice|switch 5|move 3
|
|switch|p1a: Starmie|Starmie|323\/323 par
|move|p2a: Snorlax|Body Slam|p1a: Starmie
|-damage|p1a: Starmie|203\/323 par
|
|turn|10
|choice|move 4|move 2
|
|cant|p1a: Starmie|par
|move|p2a: Snorlax|Self-Destruct|p1a: Starmie
|-damage|p1a: Starmie|0 fnt
|faint|p1a: Starmie
|faint|p2a: Snorlax
|J|Nelson
|L|Nelson
|choice|switch 3|switch 6
|
|switch|p2a: Tauros|Tauros|353\/353
|switch|p1a: Snorlax|Snorlax|523\/523
|turn|11
|choice|move 1|switch 4
|
|switch|p2a: Golem|Golem|363\/363
|move|p1a: Snorlax|Body Slam|p2a: Golem
|-resisted|p2a: Golem
|-damage|p2a: Golem|315\/363
|-status|p2a: Golem|par
|
|turn|12
|choice|move 3|move 1
|
|move|p1a: Snorlax|Blizzard|p2a: Golem
|-supereffective|p2a: Golem
|-damage|p2a: Golem|119\/363 par
|move|p2a: Golem|Earthquake|p1a: Snorlax
|-damage|p1a: Snorlax|368\/523
|
|turn|13
|choice|move 3|switch 3
|
|switch|p2a: Starmie|Starmie|323\/323
|move|p1a: Snorlax|Blizzard|p2a: Starmie
|-resisted|p2a: Starmie
|-damage|p2a: Starmie|285\/323
|
|turn|14
|choice|switch 4|move 4
|
|switch|p1a: Chansey|Chansey|703\/703 slp
|move|p2a: Starmie|Thunder Wave|p1a: Chansey
|-fail|p1a: Chansey
|
|turn|15
|choice|move 1|switch 3
|
|switch|p2a: Golem|Golem|119\/363 par
|-curestatus|p1a: Chansey|slp
|
|turn|16
|J|Sweep
|L|Sweep
|J|testing 10203
|J|BKC
|J|lbdakickass
|choice|move 1|switch 5
|
|switch|p2a: Chansey|Chansey|514\/703
|move|p1a: Chansey|Ice Beam|p2a: Chansey
|-damage|p2a: Chansey|436\/703
|
|turn|17
|J|Purrl
|choice|switch 5|move 1
|
|switch|p1a: Exeggutor|Exeggutor|168\/393 par
|move|p2a: Chansey|Soft-Boiled|p2a: Chansey
|-heal|p2a: Chansey|703\/703
|
|turn|18
|J|Test Battler Cyne
|choice|move 4|switch 3
|
|switch|p2a: Starmie|Starmie|285\/323
|move|p1a: Exeggutor|Stun Spore|p2a: Starmie
|-status|p2a: Starmie|par
|
|turn|19
|choice|switch 5|move 3
|
|switch|p1a: Chansey|Chansey|703\/703
|cant|p2a: Starmie|par
|
|turn|20
|choice|move 2|switch 3
|
|switch|p2a: Chansey|Chansey|703\/703
|move|p1a: Chansey|Thunderbolt|p2a: Chansey
|-damage|p2a: Chansey|627\/703
|
|turn|21
|choice|move 4|move 2
|
|move|p2a: Chansey|Ice Beam|p1a: Chansey
|-damage|p1a: Chansey|629\/703
|move|p1a: Chansey|Thunder Wave|p2a: Chansey
|-status|p2a: Chansey|par
|
|turn|22
|choice|switch 5|move 4
|
|switch|p1a: Exeggutor|Exeggutor|168\/393 par
|move|p2a: Chansey|Sing|p1a: Exeggutor|[miss]
|-miss|p2a: Chansey
|
|turn|23
|choice|move 3|switch 3
|
|switch|p2a: Starmie|Starmie|285\/323 par
|move|p1a: Exeggutor|Explosion|p2a: Starmie
|-damage|p2a: Starmie|18\/323 par
|faint|p1a: Exeggutor
|choice|switch 4|
|
|switch|p1a: Snorlax|Snorlax|368\/523
|turn|24
|L|BKC
|choice|move 1|move 4
|
|move|p1a: Snorlax|Body Slam|p2a: Starmie
|-damage|p2a: Starmie|0 fnt
|faint|p2a: Starmie
|choice||switch 4
|
|switch|p2a: Tauros|Tauros|353\/353
|turn|25
|choice|move 4|move 1
|
|move|p2a: Tauros|Body Slam|p1a: Snorlax
|-damage|p1a: Snorlax|243\/523
|move|p1a: Snorlax|Self-Destruct|p2a: Tauros
|-damage|p2a: Tauros|41\/353
|faint|p1a: Snorlax
|choice|switch 2|
|
|switch|p1a: Alakazam|Alakazam|313\/313
|turn|26
|choice|move 1|switch 3
|
|switch|p2a: Chansey|Chansey|627\/703 par
|move|p1a: Alakazam|Psychic|p2a: Chansey
|-damage|p2a: Chansey|504\/703 par
|
|turn|27
|L|Sp00ky Sp0der
|choice|move 1|move 4
|
|move|p1a: Alakazam|Psychic|p2a: Chansey
|-damage|p2a: Chansey|379\/703 par
|-unboost|p2a: Chansey|spd|1
|-unboost|p2a: Chansey|spa|1
|move|p2a: Chansey|Sing|p1a: Alakazam
|-status|p1a: Alakazam|slp
|
|turn|28
|choice|move 1|switch 5
|
|switch|p2a: Golem|Golem|119\/363 par
|cant|p1a: Alakazam|slp
|
|turn|29
|J|Nails
|choice|switch 5|move 1
|
|switch|p1a: Chansey|Chansey|629\/703
|move|p2a: Golem|Earthquake|p1a: Chansey
|-damage|p1a: Chansey|286\/703
|
|turn|30
|choice|move 3|switch 5
|
|switch|p2a: Chansey|Chansey|379\/703 par
|move|p1a: Chansey|Soft-Boiled|p1a: Chansey
|-heal|p1a: Chansey|637\/703
|
|turn|31
|choice|switch 5|move 1
|
|switch|p1a: Alakazam|Alakazam|313\/313 slp
|move|p2a: Chansey|Soft-Boiled|p2a: Chansey
|-heal|p2a: Chansey|703\/703 par
|
|turn|32
|choice|move 1|switch 2
|
|switch|p2a: Exeggutor|Exeggutor|393\/393 slp
|cant|p1a: Alakazam|slp
|
|turn|33
|choice|switch 6|move 2
|
|switch|p1a: Tauros|Tauros|353\/353
|cant|p2a: Exeggutor|slp
|
|turn|34
|choice|move 3|move 4
|
|move|p1a: Tauros|Blizzard|p2a: Exeggutor
|-supereffective|p2a: Exeggutor
|-damage|p2a: Exeggutor|255\/393 slp
|cant|p2a: Exeggutor|slp
|
|turn|35
|choice|move 3|move 4
|
|move|p1a: Tauros|Blizzard|p2a: Exeggutor
|-supereffective|p2a: Exeggutor
|-damage|p2a: Exeggutor|126\/393 slp
|-curestatus|p2a: Exeggutor|slp
|
|turn|36
|J|TFC
|choice|move 4|move 4
|
|move|p1a: Tauros|Hyper Beam|p2a: Exeggutor
|-damage|p2a: Exeggutor|0 fnt
|faint|p2a: Exeggutor
|choice||switch 2
|
|switch|p2a: Chansey|Chansey|703\/703 par
|turn|37
|choice|move 1|move 2
|
|move|p1a: Tauros|Body Slam|p2a: Chansey
|-damage|p2a: Chansey|444\/703 par
|move|p2a: Chansey|Ice Beam|p1a: Tauros
|-damage|p1a: Tauros|255\/353
|
|turn|38
|choice|move 2|move 1
|
|move|p1a: Tauros|Earthquake|p2a: Chansey
|-crit|p2a: Chansey
|-damage|p2a: Chansey|45\/703 par
|move|p2a: Chansey|Soft-Boiled|p2a: Chansey
|-heal|p2a: Chansey|396\/703 par
|
|turn|39
|choice|move 4|switch 5
|
|switch|p2a: Golem|Golem|119\/363 par
|move|p1a: Tauros|Hyper Beam|p2a: Golem
|-crit|p2a: Golem
|-resisted|p2a: Golem
|-damage|p2a: Golem|0 fnt
|faint|p2a: Golem
|c|★AugustRadburn|fuck
|choice||switch 3
|
|switch|p2a: Tauros|Tauros|41\/353
|turn|40
|J|Sassy Funbro
|choice|move 1|move 2
|
|move|p2a: Tauros|Hyper Beam|p1a: Tauros
|-damage|p1a: Tauros|89\/353
|move|p1a: Tauros|Body Slam|p2a: Tauros
|-damage|p2a: Tauros|0 fnt
|faint|p2a: Tauros
|c|★AugustRadburn|no crit no fun
|choice||switch 5
|
|switch|p2a: Chansey|Chansey|396\/703 par
|turn|41
|J|rolling in rolex
|J|Dice
|choice|move 4|move 1
|
|move|p1a: Tauros|Hyper Beam|p2a: Chansey
|-damage|p2a: Chansey|0 fnt
|faint|p2a: Chansey
|
|win|Beds
|player|p1
|player|p2
|c|★Beds|geegee
|c|★AugustRadburn|gg
|c|★AugustRadburn|that crit
|L|rolling in rolex
|L|testing 10203
|L|Erai14
|L|Sassy Funbro
|L|TFC
|L|HernIsBack
|L|raddical
|L|IBIREVER
|L|Beds
|L|Apt-get
|L|Alexander
|J|HernIsBack
|L|reeeeeeeeeweeeee
|L|AugustRadburn
|L|HernIsBack
|L|Test Battler Cyne