|inactive|Battle timer is ON: inactive players will automatically lose when time's up.
|J|Kingler12345
|J|Disaster Area
|player|p1|Kingler12345|253
|player|p2|Disaster Area|32
|gametype|singles
|gen|1
|tier|[Gen 1] OU
|rule|Sleep Clause Mod: Limit one foe put to sleep
|rule|Freeze Clause Mod: Limit one foe frozen
|rule|Species Clause: Limit one of each Pokémon
|rule|OHKO Clause: OHKO moves are banned
|rule|Evasion Moves Clause: Evasion moves are banned
|rule|HP Percentage Mod: HP is shown in percentages
|
|start
|switch|p1a: Alakazam|Alakazam|313\/313
|switch|p2a: Jynx|Jynx|333\/333
|turn|1
|c|★Kingler12345|gl hd
|c|★Disaster Area|gl hf
|c|★Disaster Area|=]
|
|move|p1a: Alakazam|Thunder Wave|p2a: Jynx
|-status|p2a: Jynx|par
|move|p2a: Jynx|Lovely Kiss|p1a: Alakazam|[miss]
|-miss|p2a: Jynx
|
|turn|2
|
|move|p1a: Alakazam|Seismic Toss|p2a: Jynx
|-damage|p2a: Jynx|233\/333 par
|cant|p2a: Jynx|par
|
|turn|3
|
|move|p1a: Alakazam|Seismic Toss|p2a: Jynx
|-damage|p2a: Jynx|133\/333 par
|move|p2a: Jynx|Lovely Kiss|p1a: Alakazam
|-status|p1a: Alakazam|slp
|
|turn|4
|
|switch|p1a: Snorlax|Snorlax|523\/523
|move|p2a: Jynx|Rest|p2a: Jynx
|-status|p2a: Jynx|slp
|-heal|p2a: Jynx|333\/333 slp|[silent]
|-status|p2a: Jynx|slp|[from] move: Rest
|
|turn|5
|
|switch|p2a: Snorlax|Snorlax|523\/523
|move|p1a: Snorlax|Body Slam|p2a: Snorlax
|-damage|p2a: Snorlax|391\/523
|
|turn|6
|
|move|p1a: Snorlax|Earthquake|p2a: Snorlax
|-damage|p2a: Snorlax|280\/523
|move|p2a: Snorlax|Counter|p1a: Snorlax
|-fail|p2a: Snorlax
|
|turn|7
|
|move|p1a: Snorlax|Earthquake|p2a: Snorlax
|-damage|p2a: Snorlax|167\/523
|move|p2a: Snorlax|Body Slam|p1a: Snorlax
|-damage|p1a: Snorlax|383\/523
|
|turn|8
|
|move|p1a: Snorlax|Hyper Beam|p2a: Snorlax
|-damage|p2a: Snorlax|0 fnt
|faint|p2a: Snorlax
|
|switch|p2a: Exeggutor|Exeggutor|393\/393
|turn|9
|
|move|p2a: Exeggutor|Psychic|p1a: Snorlax
|-damage|p1a: Snorlax|222\/523
|move|p1a: Snorlax|Body Slam|p2a: Exeggutor
|-damage|p2a: Exeggutor|275\/393
|-status|p2a: Exeggutor|par
|
|turn|10
|
|switch|p1a: Alakazam|Alakazam|313\/313 slp
|move|p2a: Exeggutor|Psychic|p1a: Alakazam
|-resisted|p1a: Alakazam
|-damage|p1a: Alakazam|265\/313 slp
|
|turn|11
|
|switch|p1a: Chansey|Chansey|703\/703
|switch|p2a: Koopacow|Tauros|353\/353
|
|turn|12
|
|switch|p2a: Jynx|Jynx|333\/333 slp
|move|p1a: Chansey|Thunder Wave|p2a: Jynx
|-fail|p2a: Jynx
|
|turn|13
|
|switch|p2a: Alakazam|Alakazam|313\/313
|switch|p1a: Tauros|Tauros|353\/353
|
|turn|14
|
|switch|p1a: Chansey|Chansey|703\/703
|move|p2a: Alakazam|Thunder Wave|p1a: Chansey
|-status|p1a: Chansey|par
|
|turn|15
|
|switch|p1a: Tauros|Tauros|353\/353
|move|p2a: Alakazam|Psychic|p1a: Tauros|[miss]
|-miss|p2a: Alakazam
|
|turn|16
|c|★Disaster Area|lol
|c|★Disaster Area|:(
|
|switch|p1a: Chansey|Chansey|703\/703 par
|move|p2a: Alakazam|Psychic|p1a: Chansey
|-damage|p1a: Chansey|576\/703 par
|
|turn|17
|c|★Kingler12345|sry
|c|★Kingler12345|lol
|c|★Disaster Area|dw
|
|move|p2a: Alakazam|Psychic|p1a: Chansey
|-damage|p1a: Chansey|438\/703 par
|-unboost|p1a: Chansey|spd|1
|-unboost|p1a: Chansey|spa|1
|cant|p1a: Chansey|par
|
|turn|18
|c|★Disaster Area|it's hilarious but ultimately not a huge deal
|
|move|p2a: Alakazam|Psychic|p1a: Chansey
|-damage|p1a: Chansey|234\/703 par
|move|p1a: Chansey|Thunder Wave|p2a: Alakazam
|-status|p2a: Alakazam|par
|
|turn|19
|
|move|p2a: Alakazam|Psychic|p1a: Chansey
|-damage|p1a: Chansey|55\/703 par
|cant|p1a: Chansey|par
|
|turn|20
|c|★Kingler12345|welp
|
|switch|p2a: Koopacow|Tauros|353\/353
|cant|p1a: Chansey|par
|
|turn|21
|
|move|p2a: Koopacow|Body Slam|p1a: Chansey
|-damage|p1a: Chansey|0 fnt
|faint|p1a: Chansey
|
|switch|p1a: Cloyster|Cloyster|303\/303
|turn|22
|
|switch|p2a: Starmie|Starmie|323\/323
|move|p1a: Cloyster|Blizzard|p2a: Starmie
|-resisted|p2a: Starmie
|-damage|p2a: Starmie|259\/323
|
|turn|23
|
|switch|p1a: Exeggutor|Exeggutor|393\/393
|move|p2a: Starmie|Recover|p2a: Starmie
|-heal|p2a: Starmie|323\/323
|
|turn|24
|
|switch|p2a: Jynx|Jynx|333\/333 slp
|switch|p1a: Alakazam|Alakazam|265\/313 slp
|
|turn|25
|
|switch|p2a: Koopacow|Tauros|353\/353
|cant|p1a: Alakazam|slp
|
|turn|26
|
|cant|p1a: Alakazam|slp
|move|p2a: Koopacow|Body Slam|p1a: Alakazam
|-damage|p1a: Alakazam|115\/313 slp
|
|turn|27
|
|switch|p1a: Exeggutor|Exeggutor|393\/393
|move|p2a: Koopacow|Body Slam|p1a: Exeggutor
|-damage|p1a: Exeggutor|291\/393
|
|turn|28
|
|switch|p2a: Exeggutor|Exeggutor|275\/393 par
|switch|p1a: Alakazam|Alakazam|115\/313 slp
|
|turn|29
|
|cant|p1a: Alakazam|slp
|-curestatus|p1a: Alakazam|slp
|move|p2a: Exeggutor|Psychic|p1a: Alakazam
|-resisted|p1a: Alakazam
|-damage|p1a: Alakazam|61\/313
|-unboost|p1a: Alakazam|spd|1
|-unboost|p1a: Alakazam|spa|1
|
|turn|30
|
|move|p1a: Alakazam|Recover|p1a: Alakazam
|-heal|p1a: Alakazam|217\/313
|move|p2a: Exeggutor|Sleep Powder|p1a: Alakazam
|-status|p1a: Alakazam|slp
|
|turn|31
|J|xJoelituh
|
|switch|p1a: Snorlax|Snorlax|222\/523
|switch|p2a: Koopacow|Tauros|353\/353
|
|turn|32
|
|switch|p2a: Jynx|Jynx|333\/333 slp
|switch|p1a: Exeggutor|Exeggutor|291\/393
|
|turn|33
|
|switch|p1a: Snorlax|Snorlax|222\/523
|cant|p2a: Jynx|slp
|
|turn|34
|J|RaffaeleKing
|
|cant|p2a: Jynx|slp
|-curestatus|p2a: Jynx|slp
|move|p1a: Snorlax|Body Slam|p2a: Jynx
|-damage|p2a: Jynx|129\/333
|
|turn|35
|
|move|p2a: Jynx|Blizzard|p1a: Snorlax
|-damage|p1a: Snorlax|58\/523
|move|p1a: Snorlax|Body Slam|p2a: Jynx
|-damage|p2a: Jynx|0 fnt
|faint|p2a: Jynx
|
|switch|p2a: Koopacow|Tauros|353\/353
|turn|36
|
|switch|p1a: Cloyster|Cloyster|303\/303
|move|p2a: Koopacow|Body Slam|p1a: Cloyster
|-damage|p1a: Cloyster|231\/303
|
|turn|37
|
|switch|p2a: Starmie|Starmie|323\/323
|switch|p1a: Exeggutor|Exeggutor|291\/393
|
|turn|38
|
|switch|p2a: Alakazam|Alakazam|313\/313 par
|switch|p1a: Snorlax|Snorlax|58\/523
|
|turn|39
|
|switch|p2a: Starmie|Starmie|323\/323
|move|p1a: Snorlax|Self-Destruct|p2a: Starmie
|-damage|p2a: Starmie|0 fnt
|faint|p2a: Starmie
|faint|p1a: Snorlax
|
|switch|p2a: Koopacow|Tauros|353\/353
|switch|p1a: Tauros|Tauros|353\/353
|turn|40
|
|move|p2a: Koopacow|Body Slam|p1a: Tauros
|-damage|p1a: Tauros|251\/353
|move|p1a: Tauros|Body Slam|p2a: Koopacow
|-damage|p2a: Koopacow|249\/353
|
|turn|41
|
|switch|p1a: Cloyster|Cloyster|231\/303
|move|p2a: Koopacow|Blizzard|p1a: Cloyster
|-resisted|p1a: Cloyster
|-damage|p1a: Cloyster|210\/303
|
|turn|42
|c|★Disaster Area|lol now that
|c|★Disaster Area|psychic miss matters
|c|★Kingler12345|rip :[
|
|switch|p2a: Alakazam|Alakazam|313\/313 par
|move|p1a: Cloyster|Explosion|p2a: Alakazam
|-damage|p2a: Alakazam|0 fnt
|faint|p2a: Alakazam
|faint|p1a: Cloyster
|c|★Disaster Area|owel
|c|★Disaster Area|when there's a tauros, there's a way
|
|switch|p1a: Exeggutor|Exeggutor|291\/393
|switch|p2a: Exeggutor|Exeggutor|275\/393 par
|turn|43
|
|switch|p1a: Alakazam|Alakazam|217\/313 slp
|move|p2a: Exeggutor|Sleep Powder|p1a: Alakazam
|-fail|p1a: Alakazam|slp
|
|turn|44
|c|★Kingler12345|huh
|c|★Kingler12345|lol
|
|cant|p1a: Alakazam|slp
|move|p2a: Exeggutor|Stun Spore|p1a: Alakazam
|-fail|p1a: Alakazam
|
|turn|45
|c|★Disaster Area|oh
|c|+xJoelituh|wtf piex
|c|+xJoelituh|xD
|c|★Disaster Area|I'm being daft dw
|c|★Disaster Area|I forgot I had slept zam
|c|★Disaster Area|xd
|c|★Disaster Area|should have stun spored
|c|★Kingler12345|sigh
|
|cant|p1a: Alakazam|slp
|cant|p2a: Exeggutor|par
|
|turn|46
|
|cant|p1a: Alakazam|slp
|move|p2a: Exeggutor|Sleep Powder|p1a: Alakazam
|-fail|p1a: Alakazam|slp
|
|turn|47
|
|cant|p1a: Alakazam|slp
|move|p2a: Exeggutor|Sleep Powder|p1a: Alakazam
|-fail|p1a: Alakazam|slp
|
|turn|48
|c|★Kingler12345|looooool
|
|cant|p1a: Alakazam|slp
|move|p2a: Exeggutor|Sleep Powder|p1a: Alakazam|[miss]
|-miss|p2a: Exeggutor
|
|turn|49
|c|★Kingler12345|i love rby
|
|cant|p1a: Alakazam|slp
|-curestatus|p1a: Alakazam|slp
|cant|p2a: Exeggutor|par
|
|turn|50
|c|+xJoelituh|lmao
|
|switch|p1a: Exeggutor|Exeggutor|291\/393
|move|p2a: Exeggutor|Sleep Powder|p1a: Exeggutor
|-status|p1a: Exeggutor|slp
|
|turn|51
|
|switch|p1a: Alakazam|Alakazam|217\/313
|switch|p2a: Koopacow|Tauros|249\/353
|
|turn|52
|
|switch|p2a: Exeggutor|Exeggutor|275\/393 par
|move|p1a: Alakazam|Thunder Wave|p2a: Exeggutor
|-fail|p2a: Exeggutor|par
|
|turn|53
|
|switch|p2a: Koopacow|Tauros|249\/353
|move|p1a: Alakazam|Seismic Toss|p2a: Koopacow
|-damage|p2a: Koopacow|149\/353
|
|turn|54
|c|★Disaster Area|tbh tho think I'm out yo
|c|★Disaster Area|yo just stoss I'm going to eggy
|c|+xJoelituh|is he lagging maybe
|c|★Disaster Area|idk
|c|★Disaster Area|maybe
|c|+xJoelituh|rip 
|c|★Disaster Area|~~pretty sure it's just me striking fear into his heart though~~
|-message|Kingler12345 lost due to inactivity.
|
|win|Disaster Area