|J|Nails
|J|Dice
|player|p1|Nails|282
|player|p2|Dice|2
|gametype|singles
|gen|1
|tier|[Gen 1] OU
|seed|63314,54568,52026,27024
|rule|Sleep Clause Mod: Limit one foe put to sleep
|rule|Freeze Clause Mod: Limit one foe frozen
|rule|Species Clause: Limit one of each Pokémon
|rule|OHKO Clause: OHKO moves are banned
|rule|Evasion Moves Clause: Evasion moves are banned
|rule|HP Percentage Mod: HP is shown in percentages
|
|start
|switch|p1a: Jolteon|Jolteon|333\/333
|switch|p2a: Hypno|Hypno|373\/373
|turn|1
|choice|move 1|move 1
|
|move|p1a: Jolteon|Thunder Wave|p2a: Hypno
|-status|p2a: Hypno|par
|move|p2a: Hypno|Hypnosis|p1a: Jolteon
|-status|p1a: Jolteon|slp
|
|turn|2
|choice|switch 2|move 3
|
|switch|p1a: Slowbro|Slowbro|393\/393
|move|p2a: Hypno|Psychic|p1a: Slowbro
|-resisted|p1a: Slowbro
|-damage|p1a: Slowbro|328\/393
|
|turn|3
|choice|move 2|move 4
|
|move|p1a: Slowbro|Amnesia|p1a: Slowbro
|-boost|p1a: Slowbro|spd|2
|-boost|p1a: Slowbro|spa|2
|move|p2a: Hypno|Thunder Wave|p1a: Slowbro
|-status|p1a: Slowbro|par
|
|turn|4
|choice|move 2|switch 2
|
|switch|p2a: Zapdos|Zapdos|383\/383
|cant|p1a: Slowbro|par
|
|turn|5
|choice|move 1|move 3
|
|move|p2a: Zapdos|Thunderbolt|p1a: Slowbro
|-supereffective|p1a: Slowbro
|-damage|p1a: Slowbro|165\/393 par
|cant|p1a: Slowbro|par
|
|turn|6
|c|★Nails|dam
|choice|switch 2|move 3
|
|switch|p1a: Jolteon|Jolteon|333\/333 slp
|move|p2a: Zapdos|Thunderbolt|p1a: Jolteon
|-resisted|p1a: Jolteon
|-damage|p1a: Jolteon|271\/333 slp
|
|turn|7
|choice|move 2|switch 6
|
|switch|p2a: Tauros|Tauros|353\/353
|-curestatus|p1a: Jolteon|slp
|
|turn|8
|choice|switch 3|switch 3
|
|switch|p1a: Snorlax|Snorlax|523\/523
|switch|p2a: Exeggutor|Exeggutor|393\/393
|
|turn|9
|choice|move 1|move 4
|
|move|p2a: Exeggutor|Sleep Powder|p1a: Snorlax
|-status|p1a: Snorlax|slp
|cant|p1a: Snorlax|slp
|
|turn|10
|choice|switch 2|move 2
|
|switch|p1a: Slowbro|Slowbro|165\/393 par
|move|p2a: Exeggutor|Stun Spore|p1a: Slowbro|[miss]
|-miss|p2a: Exeggutor
|
|turn|11
|choice|move 1|switch 6
|
|switch|p2a: Zapdos|Zapdos|383\/383
|move|p1a: Slowbro|Thunder Wave|p2a: Zapdos
|-status|p2a: Zapdos|par
|
|turn|12
|choice|switch 3|move 4
|
|switch|p1a: Jolteon|Jolteon|271\/333
|move|p2a: Zapdos|Thunder Wave|p1a: Jolteon|[miss]
|-miss|p2a: Zapdos
|
|turn|13
|choice|move 2|move 4
|
|move|p1a: Jolteon|Thunderbolt|p2a: Zapdos
|-damage|p2a: Zapdos|281\/383 par
|cant|p2a: Zapdos|par
|
|turn|14
|choice|move 2|move 4
|
|move|p1a: Jolteon|Thunderbolt|p2a: Zapdos
|-damage|p2a: Zapdos|182\/383 par
|cant|p2a: Zapdos|par
|
|turn|15
|choice|move 2|switch 6
|
|switch|p2a: Exeggutor|Exeggutor|393\/393
|move|p1a: Jolteon|Thunderbolt|p2a: Exeggutor
|-resisted|p2a: Exeggutor
|-damage|p2a: Exeggutor|346\/393
|-status|p2a: Exeggutor|par
|
|turn|16
|choice|switch 3|move 1
|
|switch|p1a: Slowbro|Slowbro|165\/393 par
|move|p2a: Exeggutor|Psychic|p1a: Slowbro
|-crit|p1a: Slowbro
|-resisted|p1a: Slowbro
|-damage|p1a: Slowbro|19\/393 par
|
|turn|17
|choice|switch 4|move 1
|
|switch|p1a: Exeggutor|Exeggutor|393\/393
|cant|p2a: Exeggutor|par
|
|turn|18
|choice|move 1|move 2
|
|move|p1a: Exeggutor|Psychic|p2a: Exeggutor
|-resisted|p2a: Exeggutor
|-damage|p2a: Exeggutor|296\/393 par
|-unboost|p2a: Exeggutor|spd|1
|-unboost|p2a: Exeggutor|spa|1
|move|p2a: Exeggutor|Stun Spore|p1a: Exeggutor|[miss]
|-miss|p2a: Exeggutor
|
|turn|19
|choice|switch 4|move 2
|
|switch|p1a: Slowbro|Slowbro|19\/393 par
|move|p2a: Exeggutor|Stun Spore|p1a: Slowbro|[miss]
|-miss|p2a: Exeggutor
|
|turn|20
|choice|move 4|switch 6
|
|switch|p2a: Zapdos|Zapdos|182\/383 par
|move|p1a: Slowbro|Rest|p1a: Slowbro
|-status|p1a: Slowbro|slp
|-heal|p1a: Slowbro|393\/393 slp|[silent]
|-status|p1a: Slowbro|slp|[from] move: Rest
|
|turn|21
|choice|switch 3|move 4
|
|switch|p1a: Jolteon|Jolteon|271\/333
|cant|p2a: Zapdos|par
|
|turn|22
|choice|move 2|move 4
|
|move|p1a: Jolteon|Thunderbolt|p2a: Zapdos
|-damage|p2a: Zapdos|86\/383 par
|move|p2a: Zapdos|Thunder Wave|p1a: Jolteon
|-status|p1a: Jolteon|par
|
|turn|23
|choice|move 2|switch 2
|
|switch|p2a: Hypno|Hypno|373\/373 par
|cant|p1a: Jolteon|par
|
|turn|24
|choice|move 2|move 3
|
|move|p1a: Jolteon|Thunderbolt|p2a: Hypno
|-damage|p2a: Hypno|273\/373 par
|cant|p2a: Hypno|par
|
|turn|25
|choice|move 2|move 3
|
|move|p1a: Jolteon|Thunderbolt|p2a: Hypno
|-crit|p2a: Hypno
|-damage|p2a: Hypno|60\/373 par
|move|p2a: Hypno|Psychic|p1a: Jolteon
|-damage|p1a: Jolteon|156\/333 par
|
|turn|26
|choice|move 2|switch 6
|
|switch|p2a: Exeggutor|Exeggutor|296\/393 par
|cant|p1a: Jolteon|par
|
|turn|27
|choice|move 4|move 1
|
|move|p1a: Jolteon|Pin Missile|p2a: Exeggutor
|-crit|p2a: Exeggutor
|-supereffective|p2a: Exeggutor
|-damage|p2a: Exeggutor|223\/393 par
|-damage|p2a: Exeggutor|150\/393 par
|-damage|p2a: Exeggutor|77\/393 par
|-damage|p2a: Exeggutor|4\/393 par
|-hitcount|p2a: Exeggutor|4
|move|p2a: Exeggutor|Psychic|p1a: Jolteon
|-crit|p1a: Jolteon
|-damage|p1a: Jolteon|0 fnt
|faint|p1a: Jolteon
|choice|switch 4|
|
|switch|p1a: Exeggutor|Exeggutor|393\/393
|turn|28
|choice|move 1|move 1
|
|move|p1a: Exeggutor|Psychic|p2a: Exeggutor
|-resisted|p2a: Exeggutor
|-damage|p2a: Exeggutor|0 fnt
|faint|p2a: Exeggutor
|choice||switch 6
|
|switch|p2a: Hypno|Hypno|60\/373 par
|turn|29
|choice|move 3|move 2
|
|move|p1a: Exeggutor|Double-Edge|p2a: Hypno
|-damage|p2a: Hypno|0 fnt
|-damage|p1a: Exeggutor|378\/393|[from] recoil|[of] p2a: Hypno
|faint|p2a: Hypno
|choice||switch 5
|
|switch|p2a: Snorlax|Snorlax|523\/523
|turn|30
|choice|move 2|move 1
|
|move|p1a: Exeggutor|Sleep Powder|p2a: Snorlax
|-status|p2a: Snorlax|slp
|cant|p2a: Snorlax|slp
|
|turn|31
|choice|move 1|switch 4
|
|switch|p2a: Chansey|Chansey|703\/703
|move|p1a: Exeggutor|Psychic|p2a: Chansey
|-damage|p2a: Chansey|576\/703
|-unboost|p2a: Chansey|spd|1
|-unboost|p2a: Chansey|spa|1
|
|turn|32
|choice|switch 3|move 1
|
|switch|p1a: Slowbro|Slowbro|393\/393 slp
|move|p2a: Chansey|Thunder Wave|p1a: Slowbro
|-fail|p1a: Slowbro
|
|turn|33
|choice|move 2|switch 2
|
|switch|p2a: Zapdos|Zapdos|86\/383 par
|cant|p1a: Slowbro|slp
|
|turn|34
|choice|switch 2|move 3
|
|switch|p1a: Snorlax|Snorlax|523\/523 slp
|move|p2a: Zapdos|Thunderbolt|p1a: Snorlax
|-damage|p1a: Snorlax|345\/523 slp
|
|turn|35
|choice|move 1|move 1
|
|cant|p1a: Snorlax|slp
|move|p2a: Zapdos|Agility|p2a: Zapdos
|-boost|p2a: Zapdos|spe|2
|
|turn|36
|choice|switch 6|move 3
|
|switch|p1a: Alakazam|Alakazam|313\/313
|move|p2a: Zapdos|Thunderbolt|p1a: Alakazam
|-crit|p1a: Alakazam
|-damage|p1a: Alakazam|92\/313
|-status|p1a: Alakazam|par
|
|turn|37
|c|★Nails|**oof**
|choice|move 3|move 2
|
|cant|p2a: Zapdos|par
|move|p1a: Alakazam|Psychic|p2a: Zapdos
|-damage|p2a: Zapdos|0 fnt
|faint|p2a: Zapdos
|choice||switch 3
|
|switch|p2a: Tauros|Tauros|353\/353
|turn|38
|choice|move 1|move 1
|
|move|p2a: Tauros|Body Slam|p1a: Alakazam
|-damage|p1a: Alakazam|0 fnt
|faint|p1a: Alakazam
|choice|switch 5|
|
|switch|p1a: Tauros|Tauros|353\/353
|turn|39
|choice|move 1|move 2
|
|move|p1a: Tauros|Body Slam|p2a: Tauros
|-damage|p2a: Tauros|251\/353
|move|p2a: Tauros|Fire Blast|p1a: Tauros
|-damage|p1a: Tauros|265\/353
|-status|p1a: Tauros|brn
|
|turn|40
|c|★Nails|nice
|c|★Nails|that needs more usage IMO
|choice|move 3|move 1
|
|move|p1a: Tauros|Blizzard|p2a: Tauros
|-damage|p2a: Tauros|150\/353
|-damage|p1a: Tauros|243\/353 brn|[from] brn|[of] p2a: Tauros
|move|p2a: Tauros|Body Slam|p1a: Tauros
|-damage|p1a: Tauros|141\/353 brn
|
|turn|41
|choice|move 3|move 4
|
|move|p1a: Tauros|Blizzard|p2a: Tauros
|-crit|p2a: Tauros
|-damage|p2a: Tauros|0 fnt
|faint|p2a: Tauros
|choice||switch 2
|
|switch|p2a: Chansey|Chansey|576\/703
|turn|42
|choice|move 3|move 4
|
|move|p1a: Tauros|Blizzard|p2a: Chansey
|-damage|p2a: Chansey|506\/703
|-damage|p1a: Tauros|119\/353 brn|[from] brn|[of] p2a: Chansey
|move|p2a: Chansey|Soft-Boiled|p2a: Chansey
|-heal|p2a: Chansey|703\/703
|
|turn|43
|choice|move 1|move 4
|
|move|p1a: Tauros|Body Slam|p2a: Chansey
|-damage|p2a: Chansey|555\/703
|-damage|p1a: Tauros|97\/353 brn|[from] brn|[of] p2a: Chansey
|move|p2a: Chansey|Soft-Boiled|p2a: Chansey
|-heal|p2a: Chansey|703\/703
|
|turn|44
|choice|move 1|move 4
|
|move|p1a: Tauros|Body Slam|p2a: Chansey
|-damage|p2a: Chansey|555\/703
|-damage|p1a: Tauros|75\/353 brn|[from] brn|[of] p2a: Chansey
|move|p2a: Chansey|Soft-Boiled|p2a: Chansey
|-heal|p2a: Chansey|703\/703
|
|turn|45
|choice|move 1|move 4
|
|move|p1a: Tauros|Body Slam|p2a: Chansey
|-damage|p2a: Chansey|557\/703
|-damage|p1a: Tauros|53\/353 brn|[from] brn|[of] p2a: Chansey
|move|p2a: Chansey|Soft-Boiled|p2a: Chansey
|-heal|p2a: Chansey|703\/703
|
|turn|46
|choice|move 1|move 4
|
|move|p1a: Tauros|Body Slam|p2a: Chansey
|-damage|p2a: Chansey|573\/703
|-damage|p1a: Tauros|31\/353 brn|[from] brn|[of] p2a: Chansey
|move|p2a: Chansey|Soft-Boiled|p2a: Chansey
|-heal|p2a: Chansey|703\/703
|
|turn|47
|choice|move 1|move 4
|
|move|p1a: Tauros|Body Slam|p2a: Chansey
|-damage|p2a: Chansey|555\/703
|-damage|p1a: Tauros|9\/353 brn|[from] brn|[of] p2a: Chansey
|move|p2a: Chansey|Soft-Boiled|p2a: Chansey
|-heal|p2a: Chansey|703\/703
|
|turn|48
|choice|move 1|move 4
|
|move|p1a: Tauros|Body Slam|p2a: Chansey
|-damage|p2a: Chansey|572\/703
|-damage|p1a: Tauros|0 fnt|[from] brn|[of] p2a: Chansey
|faint|p1a: Tauros
|choice|switch 3|
|
|switch|p1a: Exeggutor|Exeggutor|378\/393
|turn|49
|choice|move 4|move 1
|
|move|p1a: Exeggutor|Explosion|p2a: Chansey
|-crit|p2a: Chansey
|-damage|p2a: Chansey|0 fnt
|faint|p2a: Chansey
|faint|p1a: Exeggutor
|choice|switch 2|switch 4
|
|switch|p2a: Snorlax|Snorlax|523\/523 slp
|switch|p1a: Slowbro|Slowbro|393\/393 slp
|turn|50
|choice|move 2|move 1
|
|cant|p2a: Snorlax|slp
|-curestatus|p1a: Slowbro|slp
|
|turn|51
|J|atomicllamas
|choice|move 2|move 1
|
|cant|p2a: Snorlax|slp
|move|p1a: Slowbro|Amnesia|p1a: Slowbro
|-boost|p1a: Slowbro|spd|2
|-boost|p1a: Slowbro|spa|2
|
|turn|52
|choice|move 3|move 1
|
|move|p1a: Slowbro|Psychic|p2a: Snorlax
|-damage|p2a: Snorlax|273\/523 slp
|-unboost|p2a: Snorlax|spd|1
|-unboost|p2a: Snorlax|spa|1
|cant|p2a: Snorlax|slp
|
|turn|53
|choice|move 3|move 1
|
|move|p1a: Slowbro|Psychic|p2a: Snorlax
|-damage|p2a: Snorlax|0 fnt
|faint|p2a: Snorlax
|
|win|Nails