|inactive|Battle timer is ON: inactive players will automatically lose when time's up.
|J|Beds
|J|fleggumfl
|player|p1|Beds|252
|player|p2|fleggumfl|217
|gametype|singles
|gen|1
|tier|[Gen 1] OU
|seed|20381,23629,52477,23578
|rule|Sleep Clause Mod: Limit one foe put to sleep
|rule|Freeze Clause Mod: Limit one foe frozen
|rule|Species Clause: Limit one of each Pokémon
|rule|OHKO Clause: OHKO moves are banned
|rule|Evasion Moves Clause: Evasion moves are banned
|rule|HP Percentage Mod: HP is shown in percentages
|
|start
|switch|p1a: Jynx|Jynx|333\/333
|switch|p2a: Alakazam|Alakazam|313\/313
|turn|1
|choice|move 1|move 1
|
|move|p2a: Alakazam|Thunder Wave|p1a: Jynx
|-status|p1a: Jynx|par
|move|p1a: Jynx|Lovely Kiss|p2a: Alakazam
|-status|p2a: Alakazam|slp
|
|turn|2
|c|★fleggumfl|sup af
|c|★Beds|my dick
|c|★Beds|knowmsaying
|c|★fleggumfl|ok
|J|Tricking
|J|ReshiRampage
|J|Praj.pran
|choice|move 2|move 2
|
|cant|p2a: Alakazam|slp
|move|p1a: Jynx|Blizzard|p2a: Alakazam
|-damage|p2a: Alakazam|203\/313 slp
|
|turn|3
|c|★fleggumfl|true
|L|ReshiRampage
|choice|move 2|move 4
|
|cant|p2a: Alakazam|slp
|move|p1a: Jynx|Blizzard|p2a: Alakazam
|-damage|p2a: Alakazam|86\/313 slp
|
|turn|4
|choice|move 2|switch 6
|
|switch|p2a: Chansey|Chansey|703\/703
|move|p1a: Jynx|Blizzard|p2a: Chansey
|-damage|p2a: Chansey|561\/703
|
|turn|5
|choice|move 2|move 3
|
|move|p2a: Chansey|Thunderbolt|p1a: Jynx
|-crit|p1a: Jynx
|-damage|p1a: Jynx|171\/333 par
|move|p1a: Jynx|Blizzard|p2a: Chansey
|-damage|p2a: Chansey|433\/703
|
|turn|6
|choice|move 4|move 3
|
|move|p2a: Chansey|Thunderbolt|p1a: Jynx
|-damage|p1a: Jynx|94\/333 par
|move|p1a: Jynx|Rest|p1a: Jynx
|-status|p1a: Jynx|slp
|-heal|p1a: Jynx|333\/333 slp|[silent]
|-status|p1a: Jynx|slp|[from] move: Rest
|
|turn|7
|choice|switch 3|switch 4
|
|switch|p2a: Tauros|Tauros|353\/353
|switch|p1a: Snorlax|Snorlax|523\/523
|
|turn|8
|choice|move 1|switch 5
|
|switch|p2a: Exeggutor|Exeggutor|393\/393
|move|p1a: Snorlax|Body Slam|p2a: Exeggutor
|-damage|p2a: Exeggutor|273\/393
|
|turn|9
|choice|switch 3|switch 5
|
|switch|p2a: Tauros|Tauros|353\/353
|switch|p1a: Jynx|Jynx|333\/333 slp
|
|turn|10
|choice|switch 3|move 1
|
|switch|p1a: Snorlax|Snorlax|523\/523
|move|p2a: Tauros|Body Slam|p1a: Snorlax
|-damage|p1a: Snorlax|390\/523
|
|turn|11
|choice|move 3|switch 3
|
|switch|p2a: Snorlax|Snorlax|523\/523
|move|p1a: Snorlax|Counter|p2a: Snorlax
|-damage|p2a: Snorlax|257\/523
|
|turn|12
|c|★Beds|ownaged
|choice|move 3|move 1
|
|move|p2a: Snorlax|Self-Destruct|p1a: Snorlax
|-damage|p1a: Snorlax|0 fnt
|faint|p1a: Snorlax
|faint|p2a: Snorlax
|choice|switch 2|switch 5
|
|switch|p1a: Exeggutor|Exeggutor|393\/393
|switch|p2a: Exeggutor|Exeggutor|273\/393
|turn|13
|choice|move 2|move 2
|
|move|p1a: Exeggutor|Stun Spore|p2a: Exeggutor
|-status|p2a: Exeggutor|par
|move|p2a: Exeggutor|Sleep Powder|p1a: Exeggutor
|-status|p1a: Exeggutor|slp
|
|turn|14
|choice|switch 4|switch 2
|
|switch|p1a: Chansey|Chansey|703\/703
|switch|p2a: Zapdos|Zapdos|383\/383
|
|turn|15
|choice|move 2|switch 2
|
|switch|p2a: Exeggutor|Exeggutor|273\/393 par
|move|p1a: Chansey|Ice Beam|p2a: Exeggutor
|-crit|p2a: Exeggutor
|-supereffective|p2a: Exeggutor
|-damage|p2a: Exeggutor|26\/393 par
|
|turn|16
|c|★fleggumfl|tbh fam
|c|★Beds|truly an astounding play
|choice|move 2|move 4
|
|move|p1a: Chansey|Ice Beam|p2a: Exeggutor
|-supereffective|p2a: Exeggutor
|-damage|p2a: Exeggutor|0 fnt
|faint|p2a: Exeggutor
|choice||switch 2
|
|switch|p2a: Zapdos|Zapdos|383\/383
|turn|17
|choice|move 1|move 4
|
|move|p2a: Zapdos|Thunder Wave|p1a: Chansey
|-status|p1a: Chansey|par
|move|p1a: Chansey|Thunder Wave|p2a: Zapdos
|-status|p2a: Zapdos|par
|
|turn|18
|choice|move 2|move 3
|
|move|p2a: Zapdos|Drill Peck|p1a: Chansey
|-damage|p1a: Chansey|452\/703 par
|move|p1a: Chansey|Ice Beam|p2a: Zapdos
|-supereffective|p2a: Zapdos
|-damage|p2a: Zapdos|246\/383 par
|
|turn|19
|choice|move 4|move 3
|
|move|p2a: Zapdos|Drill Peck|p1a: Chansey
|-damage|p1a: Chansey|227\/703 par
|cant|p1a: Chansey|par
|
|turn|20
|choice|switch 3|move 3
|
|switch|p1a: Jynx|Jynx|333\/333 slp
|cant|p2a: Zapdos|par
|
|turn|21
|choice|move 2|move 3
|
|cant|p1a: Jynx|slp
|cant|p2a: Zapdos|par
|
|turn|22
|choice|move 2|move 4
|
|-curestatus|p1a: Jynx|slp
|move|p2a: Zapdos|Thunder Wave|p1a: Jynx
|-status|p1a: Jynx|par
|
|turn|23
|choice|move 2|switch 4
|
|switch|p2a: Chansey|Chansey|433\/703
|cant|p1a: Jynx|par
|
|turn|24
|choice|move 3|move 4
|
|move|p2a: Chansey|Soft-Boiled|p2a: Chansey
|-heal|p2a: Chansey|703\/703
|move|p1a: Jynx|Psychic|p2a: Chansey
|-damage|p2a: Chansey|595\/703
|-unboost|p2a: Chansey|spd|1
|-unboost|p2a: Chansey|spa|1
|
|turn|25
|choice|move 2|move 2
|
|move|p2a: Chansey|Ice Beam|p1a: Jynx
|-resisted|p1a: Jynx
|-damage|p1a: Jynx|309\/333 par
|move|p1a: Jynx|Blizzard|p2a: Chansey
|-damage|p2a: Chansey|391\/703
|
|turn|26
|choice|move 3|move 4
|
|move|p2a: Chansey|Soft-Boiled|p2a: Chansey
|-heal|p2a: Chansey|703\/703
|move|p1a: Jynx|Psychic|p2a: Chansey
|-damage|p2a: Chansey|546\/703
|-unboost|p2a: Chansey|spd|1
|-unboost|p2a: Chansey|spa|1
|
|turn|27
|choice|move 2|switch 4
|
|switch|p2a: Zapdos|Zapdos|246\/383 par
|move|p1a: Jynx|Blizzard|p2a: Zapdos
|-supereffective|p2a: Zapdos
|-damage|p2a: Zapdos|17\/383 par
|
|turn|28
|choice|move 3|move 3
|
|move|p2a: Zapdos|Drill Peck|p1a: Jynx
|-damage|p1a: Jynx|145\/333 par
|cant|p1a: Jynx|par
|
|turn|29
|c|★fleggumfl|ues
|choice|switch 3|move 3
|
|switch|p1a: Chansey|Chansey|227\/703 par
|move|p2a: Zapdos|Drill Peck|p1a: Chansey
|-damage|p1a: Chansey|0 fnt
|faint|p1a: Chansey
|choice|switch 5|
|
|switch|p1a: Tauros|Tauros|353\/353
|turn|30
|choice|move 1|move 4
|
|move|p1a: Tauros|Body Slam|p2a: Zapdos
|-crit|p2a: Zapdos
|-damage|p2a: Zapdos|0 fnt
|faint|p2a: Zapdos
|choice||switch 3
|
|switch|p2a: Tauros|Tauros|353\/353
|turn|31
|choice|move 1|move 1
|
|move|p2a: Tauros|Body Slam|p1a: Tauros
|-damage|p1a: Tauros|257\/353
|move|p1a: Tauros|Body Slam|p2a: Tauros
|-crit|p2a: Tauros
|-damage|p2a: Tauros|153\/353
|
|turn|32
|choice|move 4|move 2
|
|move|p1a: Tauros|Hyper Beam|p2a: Tauros
|-damage|p2a: Tauros|0 fnt
|faint|p2a: Tauros
|choice||switch 4
|
|switch|p2a: Chansey|Chansey|546\/703
|turn|33
|choice|move 1|move 1
|
|move|p1a: Tauros|Body Slam|p2a: Chansey
|-damage|p2a: Chansey|272\/703
|move|p2a: Chansey|Thunder Wave|p1a: Tauros
|-status|p1a: Tauros|par
|
|turn|34
|choice|move 1|move 4
|
|move|p2a: Chansey|Soft-Boiled|p2a: Chansey
|-heal|p2a: Chansey|623\/703
|move|p1a: Tauros|Body Slam|p2a: Chansey
|-damage|p2a: Chansey|346\/703
|
|turn|35
|choice|move 1|move 4
|
|move|p2a: Chansey|Soft-Boiled|p2a: Chansey
|-heal|p2a: Chansey|697\/703
|move|p1a: Tauros|Body Slam|p2a: Chansey
|-crit|p2a: Chansey
|-damage|p2a: Chansey|146\/703
|
|turn|36
|choice|move 1|move 4
|
|move|p2a: Chansey|Soft-Boiled|p2a: Chansey
|-heal|p2a: Chansey|497\/703
|move|p1a: Tauros|Body Slam|p2a: Chansey
|-damage|p2a: Chansey|220\/703
|
|turn|37
|choice|move 1|move 4
|
|move|p2a: Chansey|Soft-Boiled|p2a: Chansey
|-heal|p2a: Chansey|571\/703
|move|p1a: Tauros|Body Slam|p2a: Chansey
|-damage|p2a: Chansey|315\/703
|
|turn|38
|choice|move 1|move 4
|
|move|p2a: Chansey|Soft-Boiled|p2a: Chansey
|-heal|p2a: Chansey|666\/703
|move|p1a: Tauros|Body Slam|p2a: Chansey
|-damage|p2a: Chansey|406\/703
|
|turn|39
|c|★fleggumfl|miss where
|choice|move 1|move 4
|
|move|p2a: Chansey|Soft-Boiled|p2a: Chansey
|-heal|p2a: Chansey|703\/703
|move|p1a: Tauros|Body Slam|p2a: Chansey
|-crit|p2a: Chansey
|-damage|p2a: Chansey|188\/703
|
|turn|40
|choice|move 1|move 4
|
|move|p2a: Chansey|Soft-Boiled|p2a: Chansey
|-heal|p2a: Chansey|539\/703
|move|p1a: Tauros|Body Slam|p2a: Chansey
|-crit|p2a: Chansey
|-damage|p2a: Chansey|31\/703
|
|turn|41
|choice|move 4|move 4
|
|move|p2a: Chansey|Soft-Boiled|p2a: Chansey
|-heal|p2a: Chansey|382\/703
|move|p1a: Tauros|Hyper Beam|p2a: Chansey
|-damage|p2a: Chansey|0 fnt
|faint|p2a: Chansey
|c|★fleggumfl|WTF
|c|★fleggumfl|fucking para
|c|★fleggumfl|gay
|c|★Beds|last was
|-message|fleggumfl forfeited.
|
|win|Beds