|J|MoxieInfinite
|J|dice
|player|p1|MoxieInfinite|1
|player|p2|dice|169
|gametype|singles
|gen|1
|tier|[Gen 1] OU
|seed|33700,30649,11189,26294
|rule|Sleep Clause Mod: Limit one foe put to sleep
|rule|Freeze Clause Mod: Limit one foe frozen
|rule|Species Clause: Limit one of each Pokémon
|rule|OHKO Clause: OHKO moves are banned
|rule|Evasion Moves Clause: Evasion moves are banned
|rule|HP Percentage Mod: HP is shown in percentages
|
|start
|switch|p1a: Starmie|Starmie|323\/323
|switch|p2a: Alakazam|Alakazam, M|313\/313
|turn|1
|J|choollio
|choice|switch 3|move 2
|
|switch|p1a: Chansey|Chansey|703\/703
|move|p2a: Alakazam|Thunder Wave|p1a: Chansey
|-status|p1a: Chansey|par
|
|turn|2
|choice|move 1|switch 2
|
|switch|p2a: Snorlax|Snorlax|523\/523
|move|p1a: Chansey|Ice Beam|p2a: Snorlax
|-damage|p2a: Snorlax|423\/523
|
|turn|3
|choice|switch 2|move 1
|
|switch|p1a: Exeggutor|Exeggutor|393\/393
|move|p2a: Snorlax|Body Slam|p1a: Exeggutor
|-damage|p1a: Exeggutor|280\/393
|
|turn|4
|choice|move 1|switch 2
|
|switch|p2a: Alakazam|Alakazam, M|313\/313
|move|p1a: Exeggutor|Sleep Powder|p2a: Alakazam
|-status|p2a: Alakazam|slp
|
|turn|5
|choice|move 2|move 2
|
|cant|p2a: Alakazam|slp
|move|p1a: Exeggutor|Psychic|p2a: Alakazam
|-resisted|p2a: Alakazam
|-damage|p2a: Alakazam|266\/313 slp
|-unboost|p2a: Alakazam|spd|1
|-unboost|p2a: Alakazam|spa|1
|
|turn|6
|choice|switch 2|move 2
|
|switch|p1a: Chansey|Chansey|703\/703 par
|cant|p2a: Alakazam|slp
|
|turn|7
|J|Austinf
|choice|move 1|move 4
|
|-curestatus|p2a: Alakazam|slp
|move|p1a: Chansey|Ice Beam|p2a: Alakazam
|-crit|p2a: Alakazam
|-damage|p2a: Alakazam|141\/313
|
|turn|8
|choice|move 1|move 4
|
|move|p2a: Alakazam|Recover|p2a: Alakazam
|-heal|p2a: Alakazam|297\/313
|cant|p1a: Chansey|par
|
|turn|9
|choice|move 1|switch 5
|
|switch|p2a: Cloyster|Cloyster, M|303\/303
|move|p1a: Chansey|Ice Beam|p2a: Cloyster
|-resisted|p2a: Cloyster
|-damage|p2a: Cloyster|282\/303
|
|turn|10
|choice|move 2|switch 4
|
|switch|p2a: Chansey|Chansey|703\/703
|move|p1a: Chansey|Sing|p2a: Chansey
|-status|p2a: Chansey|slp
|
|turn|11
|choice|switch 4|move 2
|
|switch|p1a: Snorlax|Snorlax|523\/523
|-curestatus|p2a: Chansey|slp
|
|turn|12
|choice|switch 4|switch 2
|
|switch|p2a: Snorlax|Snorlax|423\/523
|switch|p1a: Chansey|Chansey|703\/703 par
|
|turn|13
|choice|move 2|move 1
|
|move|p2a: Snorlax|Body Slam|p1a: Chansey
|-damage|p1a: Chansey|432\/703 par
|move|p1a: Chansey|Sing|p2a: Snorlax|[miss]
|-miss|p1a: Chansey
|
|turn|14
|choice|switch 2|move 1
|
|switch|p1a: Exeggutor|Exeggutor|280\/393
|move|p2a: Snorlax|Body Slam|p1a: Exeggutor
|-damage|p1a: Exeggutor|164\/393
|
|turn|15
|choice|move 1|switch 5
|
|switch|p2a: Alakazam|Alakazam, M|297\/313
|move|p1a: Exeggutor|Sleep Powder|p2a: Alakazam
|-status|p2a: Alakazam|slp
|
|turn|16
|choice|move 2|switch 4
|
|switch|p2a: Cloyster|Cloyster, M|282\/303
|move|p1a: Exeggutor|Psychic|p2a: Cloyster
|-damage|p2a: Cloyster|146\/303
|-unboost|p2a: Cloyster|spd|1
|-unboost|p2a: Cloyster|spa|1
|
|turn|17
|choice|switch 3|move 1
|
|switch|p1a: Starmie|Starmie|323\/323
|move|p2a: Cloyster|Clamp|p1a: Starmie
|-resisted|p1a: Starmie
|-damage|p1a: Starmie|311\/323
|-activate|p1a: Starmie|move: Clamp|[of] p2a: Cloyster
|
|turn|18
|choice|switch 3|switch 2
|
|switch|p1a: Exeggutor|Exeggutor|164\/393
|switch|p2a: Chansey|Chansey|703\/703
|
|turn|19
|choice|move 4|switch 5
|
|switch|p2a: Snorlax|Snorlax|423\/523
|move|p1a: Exeggutor|Explosion|p2a: Snorlax
|-damage|p2a: Snorlax|102\/523
|faint|p1a: Exeggutor
|choice|switch 5|
|
|switch|p1a: Zapdos|Zapdos|383\/383
|turn|20
|choice|move 2|switch 5
|
|switch|p2a: Chansey|Chansey|703\/703
|move|p1a: Zapdos|Drill Peck|p2a: Chansey
|-damage|p2a: Chansey|455\/703
|
|turn|21
|choice|switch 2|move 3
|
|switch|p1a: Chansey|Chansey|432\/703 par
|move|p2a: Chansey|Soft-Boiled|p2a: Chansey
|-heal|p2a: Chansey|703\/703
|
|turn|22
|choice|move 1|switch 2
|
|switch|p2a: Cloyster|Cloyster, M|146\/303
|move|p1a: Chansey|Ice Beam|p2a: Cloyster
|-resisted|p2a: Cloyster
|-damage|p2a: Cloyster|126\/303
|
|turn|23
|choice|move 3|switch 2
|
|switch|p2a: Chansey|Chansey|703\/703
|move|p1a: Chansey|Thunder Wave|p2a: Chansey
|-status|p2a: Chansey|par
|
|turn|24
|choice|move 4|move 2
|
|move|p1a: Chansey|Soft-Boiled|p1a: Chansey
|-heal|p1a: Chansey|703\/703 par
|move|p2a: Chansey|Ice Beam|p1a: Chansey
|-damage|p1a: Chansey|625\/703 par
|
|turn|25
|choice|move 1|move 1
|
|move|p2a: Chansey|Thunder Wave|p1a: Chansey
|-fail|p1a: Chansey|par
|move|p1a: Chansey|Ice Beam|p2a: Chansey
|-damage|p2a: Chansey|626\/703 par
|
|turn|26
|choice|move 1|move 4
|
|move|p1a: Chansey|Ice Beam|p2a: Chansey
|-damage|p2a: Chansey|555\/703 par
|move|p2a: Chansey|Thunderbolt|p1a: Chansey
|-damage|p1a: Chansey|555\/703 par
|
|turn|27
|choice|move 1|move 1
|
|move|p2a: Chansey|Thunder Wave|p1a: Chansey
|-fail|p1a: Chansey|par
|move|p1a: Chansey|Ice Beam|p2a: Chansey
|-damage|p2a: Chansey|475\/703 par
|
|turn|28
|choice|switch 4|move 1
|
|switch|p1a: Snorlax|Snorlax|523\/523
|move|p2a: Chansey|Thunder Wave|p1a: Snorlax
|-status|p1a: Snorlax|par
|
|turn|29
|choice|move 1|switch 2
|
|switch|p2a: Cloyster|Cloyster, M|126\/303
|move|p1a: Snorlax|Body Slam|p2a: Cloyster
|-damage|p2a: Cloyster|60\/303
|
|turn|30
|choice|switch 3|move 2
|
|switch|p1a: Starmie|Starmie|311\/323
|move|p2a: Cloyster|Blizzard|p1a: Starmie
|-crit|p1a: Starmie
|-resisted|p1a: Starmie
|-damage|p1a: Starmie|184\/323
|
|turn|31
|choice|move 4|move 4
|
|move|p1a: Starmie|Recover|p1a: Starmie
|-heal|p1a: Starmie|323\/323
|move|p2a: Cloyster|Explosion|p1a: Starmie
|-damage|p1a: Starmie|15\/323
|faint|p2a: Cloyster
|choice||switch 2
|
|switch|p2a: Chansey|Chansey|475\/703 par
|turn|32
|choice|switch 4|move 4
|
|switch|p1a: Chansey|Chansey|555\/703 par
|move|p2a: Chansey|Thunderbolt|p1a: Chansey
|-damage|p1a: Chansey|475\/703 par
|
|turn|33
|choice|move 1|switch 4
|
|switch|p2a: Alakazam|Alakazam, M|297\/313 slp
|move|p1a: Chansey|Ice Beam|p2a: Alakazam
|-damage|p2a: Alakazam|230\/313 slp
|
|turn|34
|choice|switch 2|move 4
|
|switch|p1a: Zapdos|Zapdos|383\/383
|cant|p2a: Alakazam|slp
|
|turn|35
|choice|move 2|move 4
|
|cant|p2a: Alakazam|slp
|move|p1a: Zapdos|Drill Peck|p2a: Alakazam
|-crit|p2a: Alakazam
|-damage|p2a: Alakazam|0 fnt
|faint|p2a: Alakazam
|choice||switch 6
|
|switch|p2a: Victreebel|Victreebel, M|363\/363
|turn|36
|c|★MoxieInfinite|oo
|choice|move 3|move 3
|
|move|p1a: Zapdos|Thunder Wave|p2a: Victreebel
|-status|p2a: Victreebel|par
|move|p2a: Victreebel|Sleep Powder|p1a: Zapdos
|-status|p1a: Zapdos|slp
|
|turn|37
|choice|move 2|switch 3
|
|switch|p2a: Dragonite|Dragonite|385\/385
|cant|p1a: Zapdos|slp
|
|turn|38
|choice|move 4|move 2
|
|cant|p1a: Zapdos|slp
|move|p2a: Dragonite|Agility|p2a: Dragonite
|-boost|p2a: Dragonite|spe|2
|
|turn|39
|choice|move 4|move 4
|
|move|p2a: Dragonite|Surf|p1a: Zapdos
|-damage|p1a: Zapdos|319\/383 slp
|cant|p1a: Zapdos|slp
|
|turn|40
|choice|move 4|move 4
|
|move|p2a: Dragonite|Surf|p1a: Zapdos
|-damage|p1a: Zapdos|259\/383 slp
|-curestatus|p1a: Zapdos|slp
|
|turn|41
|choice|move 4|move 1
|
|move|p2a: Dragonite|Wrap|p1a: Zapdos
|-damage|p1a: Zapdos|242\/383
|-activate|p1a: Zapdos|move: Wrap|[of] p2a: Dragonite
|cant|p1a: Zapdos|partiallytrapped
|
|turn|42
|choice|switch 3|move 1
|
|switch|p1a: Snorlax|Snorlax|523\/523 par
|move|p2a: Dragonite|Wrap|p1a: Snorlax
|-damage|p1a: Snorlax|505\/523 par
|-activate|p1a: Snorlax|move: Wrap|[of] p2a: Dragonite
|
|turn|43
|choice|move 1|move 1
|
|move|p2a: Dragonite|Wrap|p1a: Snorlax|[from]Wrap
|-damage|p1a: Snorlax|487\/523 par
|cant|p1a: Snorlax|partiallytrapped
|
|turn|44
|choice|move 1|move 1
|
|move|p2a: Dragonite|Wrap|p1a: Snorlax|[from]Wrap
|-damage|p1a: Snorlax|469\/523 par
|cant|p1a: Snorlax|partiallytrapped
|
|-end|p1a: Snorlax|Wrap|[partiallytrapped]
|turn|45
|choice|move 4|move 1
|
|move|p2a: Dragonite|Wrap|p1a: Snorlax|[miss]
|-miss|p2a: Dragonite
|move|p1a: Snorlax|Self-Destruct|p2a: Dragonite
|-damage|p2a: Dragonite|74\/385
|faint|p1a: Snorlax
|c|★MoxieInfinite|lol im noob
|choice|switch 6|
|
|switch|p1a: Tauros|Tauros|353\/353
|turn|46
|choice|move 1|move 1
|
|move|p2a: Dragonite|Wrap|p1a: Tauros
|-damage|p1a: Tauros|339\/353
|-activate|p1a: Tauros|move: Wrap|[of] p2a: Dragonite
|cant|p1a: Tauros|partiallytrapped
|
|turn|47
|choice|move 1|move 1
|
|move|p2a: Dragonite|Wrap|p1a: Tauros|[from]Wrap
|-damage|p1a: Tauros|325\/353
|cant|p1a: Tauros|partiallytrapped
|
|-end|p1a: Tauros|Wrap|[partiallytrapped]
|turn|48
|choice|move 1|move 1
|
|move|p2a: Dragonite|Wrap|p1a: Tauros
|-crit|p1a: Tauros
|-damage|p1a: Tauros|297\/353
|-activate|p1a: Tauros|move: Wrap|[of] p2a: Dragonite
|cant|p1a: Tauros|partiallytrapped
|
|turn|49
|choice|move 1|move 1
|
|move|p2a: Dragonite|Wrap|p1a: Tauros|[from]Wrap
|-damage|p1a: Tauros|269\/353
|cant|p1a: Tauros|partiallytrapped
|
|turn|50
|choice|switch 2|move 1
|
|switch|p1a: Chansey|Chansey|475\/703 par
|move|p2a: Dragonite|Wrap|p1a: Chansey
|-damage|p1a: Chansey|437\/703 par
|-activate|p1a: Chansey|move: Wrap|[of] p2a: Dragonite
|
|turn|51
|choice|move 4|move 1
|
|move|p2a: Dragonite|Wrap|p1a: Chansey|[from]Wrap
|-damage|p1a: Chansey|399\/703 par
|cant|p1a: Chansey|partiallytrapped
|
|turn|52
|choice|move 4|move 1
|
|move|p2a: Dragonite|Wrap|p1a: Chansey|[from]Wrap
|-damage|p1a: Chansey|361\/703 par
|cant|p1a: Chansey|partiallytrapped
|
|turn|53
|choice|move 4|move 1
|
|move|p2a: Dragonite|Wrap|p1a: Chansey|[from]Wrap
|-damage|p1a: Chansey|323\/703 par
|cant|p1a: Chansey|partiallytrapped
|
|turn|54
|choice|move 4|move 1
|
|move|p2a: Dragonite|Wrap|p1a: Chansey|[from]Wrap
|-damage|p1a: Chansey|285\/703 par
|cant|p1a: Chansey|partiallytrapped
|
|-end|p1a: Chansey|Wrap|[partiallytrapped]
|turn|55
|choice|switch 2|move 1
|
|switch|p1a: Tauros|Tauros|269\/353
|move|p2a: Dragonite|Wrap|p1a: Tauros
|-damage|p1a: Tauros|254\/353
|-activate|p1a: Tauros|move: Wrap|[of] p2a: Dragonite
|
|turn|56
|choice|move 1|move 1
|
|move|p2a: Dragonite|Wrap|p1a: Tauros|[from]Wrap
|-damage|p1a: Tauros|239\/353
|cant|p1a: Tauros|partiallytrapped
|
|-end|p1a: Tauros|Wrap|[partiallytrapped]
|turn|57
|choice|move 1|move 1
|
|move|p2a: Dragonite|Wrap|p1a: Tauros
|-damage|p1a: Tauros|224\/353
|-activate|p1a: Tauros|move: Wrap|[of] p2a: Dragonite
|cant|p1a: Tauros|partiallytrapped
|
|turn|58
|choice|move 1|move 1
|
|move|p2a: Dragonite|Wrap|p1a: Tauros|[from]Wrap
|-damage|p1a: Tauros|209\/353
|cant|p1a: Tauros|partiallytrapped
|
|turn|59
|choice|move 1|move 1
|
|move|p2a: Dragonite|Wrap|p1a: Tauros|[from]Wrap
|-damage|p1a: Tauros|194\/353
|cant|p1a: Tauros|partiallytrapped
|
|turn|60
|choice|move 1|move 1
|
|move|p2a: Dragonite|Wrap|p1a: Tauros|[from]Wrap
|-damage|p1a: Tauros|179\/353
|cant|p1a: Tauros|partiallytrapped
|
|-end|p1a: Tauros|Wrap|[partiallytrapped]
|turn|61
|choice|move 1|move 1
|
|move|p2a: Dragonite|Wrap|p1a: Tauros|[miss]
|-miss|p2a: Dragonite
|move|p1a: Tauros|Body Slam|p2a: Dragonite
|-damage|p2a: Dragonite|0 fnt
|faint|p2a: Dragonite
|choice||switch 4
|
|switch|p2a: Chansey|Chansey|475\/703 par
|turn|62
|choice|move 1|move 1
|
|move|p1a: Tauros|Body Slam|p2a: Chansey
|-damage|p2a: Chansey|209\/703 par
|move|p2a: Chansey|Thunder Wave|p1a: Tauros
|-status|p1a: Tauros|par
|
|turn|63
|choice|move 1|move 3
|
|move|p1a: Tauros|Body Slam|p2a: Chansey
|-damage|p2a: Chansey|0 fnt
|faint|p2a: Chansey
|choice||switch 5
|
|switch|p2a: Snorlax|Snorlax|102\/523
|turn|64
|choice|move 4|move 1
|
|move|p2a: Snorlax|Body Slam|p1a: Tauros
|-damage|p1a: Tauros|70\/353 par
|move|p1a: Tauros|Hyper Beam|p2a: Snorlax
|-damage|p2a: Snorlax|0 fnt
|faint|p2a: Snorlax
|choice||switch 3
|
|switch|p2a: Victreebel|Victreebel, M|363\/363 par
|turn|65
|choice|move 1|move 1
|
|move|p1a: Tauros|Body Slam|p2a: Victreebel
|-damage|p2a: Victreebel|241\/363 par
|move|p2a: Victreebel|Razor Leaf|p1a: Tauros
|-crit|p1a: Tauros
|-damage|p1a: Tauros|0 fnt
|faint|p1a: Tauros
|choice|switch 4|
|
|switch|p1a: Starmie|Starmie|15\/323
|turn|66
|choice|move 1|move 1
|
|move|p1a: Starmie|Blizzard|p2a: Victreebel
|-supereffective|p2a: Victreebel
|-damage|p2a: Victreebel|68\/363 par
|cant|p2a: Victreebel|par
|
|turn|67
|choice|move 1|move 1
|
|move|p1a: Starmie|Blizzard|p2a: Victreebel
|-supereffective|p2a: Victreebel
|-damage|p2a: Victreebel|0 fnt
|faint|p2a: Victreebel
|
|win|MoxieInfinite