|J|Nails
|J|TDK
|player|p1|Nails|282
|player|p2|TDK|98
|gametype|singles
|gen|1
|tier|[Gen 1] Challenge Cup
|seed|
|rule|Sleep Clause Mod: Limit one foe put to sleep
|rule|Freeze Clause Mod: Limit one foe frozen
|rule|HP Percentage Mod: HP is shown in percentages
|
|start
|switch|p1a: Meowth|Meowth, L79|100\/100
|switch|p2a: Weepinbell|Weepinbell, L71|100\/100
|turn|1
|choice||
|
|move|p1a: Meowth|Hypnosis|p2a: Weepinbell
|-status|p2a: Weepinbell|slp
|cant|p2a: Weepinbell|slp
|
|turn|2
|J|Finchinator
|choice||
|
|move|p1a: Meowth|Slash|p2a: Weepinbell
|-crit|p2a: Weepinbell
|-damage|p2a: Weepinbell|42\/100 slp
|cant|p2a: Weepinbell|slp
|
|turn|3
|choice||
|
|move|p1a: Meowth|Slash|p2a: Weepinbell
|-crit|p2a: Weepinbell
|-damage|p2a: Weepinbell|0 fnt
|faint|p2a: Weepinbell
|c|+Finchinator|go tdk
|c|+Finchinator|nvm
|c|+Finchinator|go nails
|c|+Finchinator|he's winning
|choice||
|
|switch|p2a: Nidoran-F|Nidoran-F, L80|100\/100
|turn|4
|J|Rewer
|J|Sweded
|L|Sweded
|choice||
|
|move|p1a: Meowth|Hypnosis|p2a: Nidoran-F|[miss]
|-miss|p1a: Meowth
|move|p2a: Nidoran-F|Lovely Kiss|p1a: Meowth|[miss]
|-miss|p2a: Nidoran-F
|
|turn|5
|c|★Nails|!learn persian, hypnosis
|raw|<div class="infobox">In Gen 6, Persian <span class="message-learn-canlearn">can<\/span> learn Hypnosis only when obtained from:<ul class="message-learn-list"><li>gen 3 egg: ponyta, psyduck, smeargle, spinda, ...<li>gen 4 egg: glameow, ponyta, psyduck, purugly, ...<li>gen 5 dream world<li>gen 5 egg: glameow, munna, musharna, patrat, ...<li>gen 6 egg<\/ul><\/div>
|c|★Nails|huh.
|c|★TDK|? ? ?
|choice||
|
|move|p1a: Meowth|Hypnosis|p2a: Nidoran-F
|-status|p2a: Nidoran-F|slp
|cant|p2a: Nidoran-F|slp
|
|turn|6
|choice||
|
|move|p1a: Meowth|Slash|p2a: Nidoran-F
|-crit|p2a: Nidoran-F
|-damage|p2a: Nidoran-F|50\/100 slp
|cant|p2a: Nidoran-F|slp
|
|turn|7
|choice||
|
|move|p1a: Meowth|Slash|p2a: Nidoran-F
|-crit|p2a: Nidoran-F
|-damage|p2a: Nidoran-F|3\/100 slp
|cant|p2a: Nidoran-F|slp
|
|turn|8
|choice||
|
|move|p1a: Meowth|Slash|p2a: Nidoran-F
|-crit|p2a: Nidoran-F
|-damage|p2a: Nidoran-F|0 fnt
|faint|p2a: Nidoran-F
|choice||
|
|switch|p2a: Ekans|Ekans, L81|100\/100
|turn|9
|c|+Rewer|meowth.
|choice||
|
|move|p1a: Meowth|Hypnosis|p2a: Ekans
|-status|p2a: Ekans|slp
|cant|p2a: Ekans|slp
|
|turn|10
|choice||
|
|move|p1a: Meowth|Slash|p2a: Ekans
|-crit|p2a: Ekans
|-damage|p2a: Ekans|42\/100 slp
|cant|p2a: Ekans|slp
|
|turn|11
|choice||
|
|move|p1a: Meowth|Slash|p2a: Ekans
|-crit|p2a: Ekans
|-damage|p2a: Ekans|0 fnt
|faint|p2a: Ekans
|choice||
|
|switch|p2a: Seaking|Seaking, L69|100\/100
|turn|12
|choice||
|
|move|p1a: Meowth|Hypnosis|p2a: Seaking
|-status|p2a: Seaking|slp
|-curestatus|p2a: Seaking|slp
|
|turn|13
|choice||
|
|move|p1a: Meowth|Hypnosis|p2a: Seaking
|-status|p2a: Seaking|slp
|-curestatus|p2a: Seaking|slp
|
|turn|14
|choice||
|
|move|p1a: Meowth|Hypnosis|p2a: Seaking
|-status|p2a: Seaking|slp
|cant|p2a: Seaking|slp
|
|turn|15
|choice||
|
|move|p1a: Meowth|Slash|p2a: Seaking
|-crit|p2a: Seaking
|-damage|p2a: Seaking|49\/100 slp
|cant|p2a: Seaking|slp
|
|turn|16
|choice||
|
|move|p1a: Meowth|Slash|p2a: Seaking
|-crit|p2a: Seaking
|-damage|p2a: Seaking|0 fnt
|faint|p2a: Seaking
|choice||
|
|switch|p2a: Drowzee|Drowzee, L74|100\/100
|turn|17
|choice||
|
|move|p1a: Meowth|Hypnosis|p2a: Drowzee
|-status|p2a: Drowzee|slp
|cant|p2a: Drowzee|slp
|
|turn|18
|choice||
|
|move|p1a: Meowth|Slash|p2a: Drowzee
|-damage|p2a: Drowzee|69\/100 slp
|-curestatus|p2a: Drowzee|slp
|
|turn|19
|choice||
|
|move|p1a: Meowth|Hypnosis|p2a: Drowzee
|-status|p2a: Drowzee|slp
|cant|p2a: Drowzee|slp
|
|turn|20
|choice||
|
|move|p1a: Meowth|Slash|p2a: Drowzee
|-crit|p2a: Drowzee
|-damage|p2a: Drowzee|3\/100 slp
|cant|p2a: Drowzee|slp
|
|turn|21
|choice||
|
|move|p1a: Meowth|Slash|p2a: Drowzee
|-crit|p2a: Drowzee
|-damage|p2a: Drowzee|0 fnt
|faint|p2a: Drowzee
|choice||
|
|switch|p2a: Ditto|Ditto, L80|100\/100
|turn|22
|choice||
|
|move|p1a: Meowth|Hypnosis|p2a: Ditto
|-status|p2a: Ditto|slp
|cant|p2a: Ditto|slp
|
|turn|23
|choice||
|
|move|p1a: Meowth|Slash|p2a: Ditto
|-crit|p2a: Ditto
|-damage|p2a: Ditto|52\/100 slp
|cant|p2a: Ditto|slp
|
|turn|24
|choice||
|
|move|p1a: Meowth|Slash|p2a: Ditto
|-crit|p2a: Ditto
|-damage|p2a: Ditto|2\/100 slp
|cant|p2a: Ditto|slp
|
|turn|25
|choice||
|
|move|p1a: Meowth|Pay Day|p2a: Ditto
|-damage|p2a: Ditto|0 fnt
|-fieldactivate|move: Pay Day
|faint|p2a: Ditto
|
|win|Nails
|player|p1
|player|p2
|L|TDK
|L|Rewer
|c|+Finchinator|-