|J|Nails
|J|Tesung
|player|p1|Nails|282
|player|p2|Tesung|2
|gametype|singles
|gen|1
|tier|[Gen 1] OU
|seed|
|rule|Sleep Clause Mod: Limit one foe put to sleep
|rule|Freeze Clause Mod: Limit one foe frozen
|rule|Species Clause: Limit one of each Pokémon
|rule|OHKO Clause: OHKO moves are banned
|rule|Evasion Moves Clause: Evasion moves are banned
|rule|HP Percentage Mod: HP is shown in percentages
|
|start
|switch|p1a: Alakazam|Alakazam|100\/100
|switch|p2a: Tauros|Tauros|100\/100
|turn|1
|choice||
|
|move|p1a: Alakazam|Psychic|p2a: Tauros
|-damage|p2a: Tauros|50\/100
|move|p2a: Tauros|Body Slam|p1a: Alakazam
|-crit|p1a: Alakazam
|-damage|p1a: Alakazam|0 fnt
|faint|p1a: Alakazam
|c|★Nails|well.
|c|★Tesung|-
|c|★Tesung|it worked
|choice||
|
|switch|p1a: Articuno|Articuno|100\/100
|turn|2
|choice||
|
|switch|p2a: Starmie|Starmie|100\/100
|move|p1a: Articuno|Blizzard|p2a: Starmie
|-resisted|p2a: Starmie
|-damage|p2a: Starmie|76\/100
|-status|p2a: Starmie|frz
|
|turn|3
|c|★Nails|it worked
|c|★Tesung|lolol
|choice||
|
|switch|p1a: Exeggutor|Exeggutor|100\/100
|cant|p2a: Starmie|frz
|
|turn|4
|choice||
|
|cant|p2a: Starmie|frz
|move|p1a: Exeggutor|Sleep Powder|p2a: Starmie
|-fail|p2a: Starmie
|
|turn|5
|choice||
|
|cant|p2a: Starmie|frz
|move|p1a: Exeggutor|Sleep Powder|p2a: Starmie|[miss]
|-miss|p1a: Exeggutor
|
|turn|6
|choice||
|
|switch|p1a: Snorlax|Snorlax|100\/100
|cant|p2a: Starmie|frz
|
|turn|7
|choice||
|
|switch|p2a: Exeggutor|Exeggutor|100\/100
|move|p1a: Snorlax|Body Slam|p2a: Exeggutor
|-damage|p2a: Exeggutor|71\/100
|
|turn|8
|choice||
|
|switch|p1a: Chansey|Chansey|100\/100
|move|p2a: Exeggutor|Sleep Powder|p1a: Chansey
|-status|p1a: Chansey|slp
|
|turn|9
|choice||
|
|move|p2a: Exeggutor|Explosion|p1a: Chansey
|-damage|p1a: Chansey|0 fnt
|faint|p1a: Chansey
|faint|p2a: Exeggutor
|c|★Nails|kk
|choice||
|
|switch|p2a: Alakazam|Alakazam|100\/100
|switch|p1a: Exeggutor|Exeggutor|100\/100
|turn|10
|choice||
|
|move|p2a: Alakazam|Thunder Wave|p1a: Exeggutor
|-status|p1a: Exeggutor|par
|cant|p1a: Exeggutor|par
|
|turn|11
|choice||
|
|move|p2a: Alakazam|Seismic Toss|p1a: Exeggutor
|-damage|p1a: Exeggutor|75\/100 par
|cant|p1a: Exeggutor|par
|
|turn|12
|choice||
|
|move|p2a: Alakazam|Seismic Toss|p1a: Exeggutor
|-damage|p1a: Exeggutor|50\/100 par
|cant|p1a: Exeggutor|par
|
|turn|13
|choice||
|
|move|p2a: Alakazam|Seismic Toss|p1a: Exeggutor
|-damage|p1a: Exeggutor|24\/100 par
|move|p1a: Exeggutor|Explosion|p2a: Alakazam
|-damage|p2a: Alakazam|0 fnt
|faint|p2a: Alakazam
|faint|p1a: Exeggutor
|choice||
|
|switch|p1a: Articuno|Articuno|100\/100
|switch|p2a: Snorlax|Snorlax|100\/100
|turn|14
|choice||
|
|move|p1a: Articuno|Blizzard|p2a: Snorlax
|-damage|p2a: Snorlax|57\/100
|move|p2a: Snorlax|Self-Destruct|p1a: Articuno
|-damage|p1a: Articuno|11\/100
|faint|p2a: Snorlax
|J|daftmau5
|c|★Nails|0
|choice||
|
|switch|p2a: Tauros|Tauros|50\/100
|turn|15
|choice||
|
|move|p2a: Tauros|Body Slam|p1a: Articuno
|-damage|p1a: Articuno|0 fnt
|faint|p1a: Articuno
|choice||
|
|switch|p1a: Snorlax|Snorlax|100\/100
|turn|16
|choice||
|
|switch|p2a: Starmie|Starmie|76\/100 frz
|move|p1a: Snorlax|Counter|p2a: Starmie
|-damage|p2a: Starmie|51\/100 frz
|
|turn|17
|choice||
|
|cant|p2a: Starmie|frz
|move|p1a: Snorlax|Counter|p2a: Starmie
|-damage|p2a: Starmie|0 fnt
|faint|p2a: Starmie
|choice||
|
|switch|p2a: Zapdos|Zapdos|100\/100
|turn|18
|c|★Nails|huh
|c|★Tesung|?
|c|★Nails|counter dmg.
|c|+daftmau5|strong mechanics 
|c|★Tesung|yeh i have no clie
|c|★Tesung|LOL
|choice||
|
|move|p2a: Zapdos|Thunderbolt|p1a: Snorlax
|-crit|p1a: Snorlax
|-damage|p1a: Snorlax|41\/100
|-status|p1a: Snorlax|par
|move|p1a: Snorlax|Body Slam|p2a: Zapdos
|-damage|p2a: Zapdos|71\/100
|-status|p2a: Zapdos|par
|
|turn|19
|c|★Tesung|god im good
|choice||
|
|move|p2a: Zapdos|Agility|p2a: Zapdos
|-boost|p2a: Zapdos|spe|2
|move|p1a: Snorlax|Self-Destruct|p2a: Zapdos
|-damage|p2a: Zapdos|0 fnt
|faint|p2a: Zapdos
|faint|p1a: Snorlax
|choice||
|
|switch|p1a: Tauros|Tauros|100\/100
|switch|p2a: Tauros|Tauros|50\/100
|turn|20
|c|★Tesung|not good enough
|choice||
|
|move|p1a: Tauros|Body Slam|p2a: Tauros
|-damage|p2a: Tauros|19\/100
|move|p2a: Tauros|Blizzard|p1a: Tauros
|-damage|p1a: Tauros|74\/100
|
|turn|21
|choice||
|
|move|p1a: Tauros|Body Slam|p2a: Tauros
|-damage|p2a: Tauros|0 fnt
|faint|p2a: Tauros
|
|win|Nails