|J|teal6
|J|KratosMana
|player|p1|teal6|101
|player|p2|KratosMana|1
|gametype|singles
|gen|1
|tier|[Gen 1] OU
|seed|17553,9146,18633,17970
|rule|Sleep Clause Mod: Limit one foe put to sleep
|rule|Freeze Clause Mod: Limit one foe frozen
|rule|Species Clause: Limit one of each Pokémon
|rule|OHKO Clause: OHKO moves are banned
|rule|Evasion Moves Clause: Evasion moves are banned
|rule|HP Percentage Mod: HP is shown in percentages
|
|start
|switch|p1a: Jynx|Jynx|333\/333
|switch|p2a: Starmie|Starmie|323\/323
|turn|1
|choice|switch 6|move 4
|
|switch|p1a: Chansey|Chansey|703\/703
|move|p2a: Starmie|Thunder Wave|p1a: Chansey
|-status|p1a: Chansey|par
|
|turn|2
|choice|move 4|switch 6
|
|switch|p2a: Snorlax|Snorlax|523\/523
|move|p1a: Chansey|Thunderbolt|p2a: Snorlax
|-damage|p2a: Snorlax|426\/523
|-status|p2a: Snorlax|par
|
|turn|3
|J|Alexander
|c|★teal6|shit lol
|choice|switch 4|move 1
|
|switch|p1a: Snorlax|Snorlax|523\/523
|cant|p2a: Snorlax|par
|
|turn|4
|choice|move 1|move 3
|
|move|p1a: Snorlax|Body Slam|p2a: Snorlax
|-damage|p2a: Snorlax|295\/523 par
|move|p2a: Snorlax|Self-Destruct|p1a: Snorlax
|-damage|p1a: Snorlax|111\/523
|faint|p2a: Snorlax
|choice||switch 5
|
|switch|p2a: Tauros|Tauros|353\/353
|turn|5
|choice|move 4|move 1
|
|move|p2a: Tauros|Body Slam|p1a: Snorlax
|-damage|p1a: Snorlax|0 fnt
|faint|p1a: Snorlax
|choice|switch 5|
|
|switch|p1a: Exeggutor|Exeggutor|393\/393
|turn|6
|choice|move 2|switch 6
|
|switch|p2a: Starmie|Starmie|323\/323
|move|p1a: Exeggutor|Sleep Powder|p2a: Starmie
|-status|p2a: Starmie|slp
|
|turn|7
|choice|switch 3|switch 3
|
|switch|p2a: Chansey|Chansey|703\/703
|switch|p1a: Tauros|Tauros|353\/353
|
|turn|8
|J|Cranham
|choice|switch 6|move 2
|
|switch|p1a: Jynx|Jynx|333\/333
|move|p2a: Chansey|Thunder Wave|p1a: Jynx
|-status|p1a: Jynx|par
|
|turn|9
|J|Nintendi
|choice|move 4|move 3
|
|move|p2a: Chansey|Thunderbolt|p1a: Jynx
|-damage|p1a: Jynx|247\/333 par
|move|p1a: Jynx|Blizzard|p2a: Chansey
|-damage|p2a: Chansey|562\/703
|
|turn|10
|choice|move 4|move 3
|
|move|p2a: Chansey|Thunderbolt|p1a: Jynx
|-damage|p1a: Jynx|167\/333 par
|move|p1a: Jynx|Blizzard|p2a: Chansey
|-damage|p2a: Chansey|432\/703
|
|turn|11
|choice|move 4|move 1
|
|move|p2a: Chansey|Soft-Boiled|p2a: Chansey
|-heal|p2a: Chansey|703\/703
|move|p1a: Jynx|Blizzard|p2a: Chansey
|-damage|p2a: Chansey|567\/703
|
|turn|12
|choice|move 4|switch 4
|
|switch|p2a: Kingler|Kingler|313\/313
|move|p1a: Jynx|Blizzard|p2a: Kingler
|-resisted|p2a: Kingler
|-damage|p2a: Kingler|217\/313
|
|turn|13
|choice|switch 4|move 3
|
|switch|p1a: Chansey|Chansey|703\/703 par
|move|p2a: Kingler|Swords Dance|p2a: Kingler
|-boost|p2a: Kingler|atk|2
|
|turn|14
|choice|switch 2|move 2
|
|switch|p1a: Zapdos|Zapdos|383\/383
|move|p2a: Kingler|Hyper Beam|p1a: Zapdos
|-damage|p1a: Zapdos|48\/383
|
|turn|15
|-mustrecharge|p2a: Kingler
|-mustrecharge|p2a: Kingler
|choice|move 1|move 1
|
|move|p1a: Zapdos|Thunderbolt|p2a: Kingler
|-crit|p2a: Kingler
|-supereffective|p2a: Kingler
|-damage|p2a: Kingler|0 fnt
|faint|p2a: Kingler
|choice||switch 6
|
|switch|p2a: Tauros|Tauros|353\/353
|turn|16
|choice|move 4|move 1
|
|move|p2a: Tauros|Body Slam|p1a: Zapdos
|-crit|p1a: Zapdos
|-damage|p1a: Zapdos|0 fnt
|faint|p1a: Zapdos
|choice|switch 3|
|
|switch|p1a: Exeggutor|Exeggutor|393\/393
|turn|17
|choice|move 1|switch 4
|
|switch|p2a: Chansey|Chansey|567\/703
|move|p1a: Exeggutor|Psychic|p2a: Chansey
|-damage|p2a: Chansey|456\/703
|
|turn|18
|choice|switch 4|move 1
|
|switch|p1a: Jynx|Jynx|167\/333 par
|move|p2a: Chansey|Soft-Boiled|p2a: Chansey
|-heal|p2a: Chansey|703\/703
|
|turn|19
|choice|move 4|move 3
|
|move|p2a: Chansey|Thunderbolt|p1a: Jynx
|-damage|p1a: Jynx|90\/333 par
|cant|p1a: Jynx|par
|
|turn|20
|choice|move 3|move 3
|
|move|p2a: Chansey|Thunderbolt|p1a: Jynx
|-damage|p1a: Jynx|12\/333 par
|move|p1a: Jynx|Rest|p1a: Jynx
|-status|p1a: Jynx|slp
|-heal|p1a: Jynx|333\/333 slp|[silent]
|-status|p1a: Jynx|slp|[from] move: Rest
|
|turn|21
|choice|move 4|move 4
|
|move|p2a: Chansey|Ice Beam|p1a: Jynx
|-resisted|p1a: Jynx
|-damage|p1a: Jynx|296\/333 slp
|cant|p1a: Jynx|slp
|
|turn|22
|choice|move 4|switch 4
|
|switch|p2a: Tauros|Tauros|353\/353
|-curestatus|p1a: Jynx|slp
|
|turn|23
|choice|move 4|move 1
|
|move|p2a: Tauros|Body Slam|p1a: Jynx
|-damage|p1a: Jynx|124\/333
|move|p1a: Jynx|Blizzard|p2a: Tauros
|-damage|p2a: Tauros|174\/353
|
|turn|24
|choice|switch 6|move 1
|
|switch|p1a: Tauros|Tauros|353\/353
|move|p2a: Tauros|Body Slam|p1a: Tauros
|-damage|p1a: Tauros|243\/353
|
|turn|25
|choice|move 4|switch 4
|
|switch|p2a: Chansey|Chansey|703\/703
|move|p1a: Tauros|Hyper Beam|p2a: Chansey
|-crit|p2a: Chansey
|-damage|p2a: Chansey|0 fnt
|faint|p2a: Chansey
|c|★KratosMana|o shit
|c|★teal6|ah sorry
|c|★KratosMana|np
|choice||switch 2
|
|switch|p2a: Aerodactyl|Aerodactyl|363\/363
|turn|26
|L|Alexander
|choice|move 2|move 2
|
|move|p2a: Aerodactyl|Double-Edge|p1a: Tauros
|-crit|p1a: Tauros
|-damage|p1a: Tauros|89\/353
|-damage|p2a: Aerodactyl|325\/363|[from] recoil|[of] p1a: Tauros
|move|p1a: Tauros|Blizzard|p2a: Aerodactyl
|-crit|p2a: Aerodactyl
|-supereffective|p2a: Aerodactyl
|-damage|p2a: Aerodactyl|0 fnt
|faint|p2a: Aerodactyl
|J|Alexander
|c|★teal6|.
|choice||switch 4
|
|switch|p2a: Tauros|Tauros|174\/353
|turn|27
|choice|switch 6|move 1
|
|switch|p1a: Jynx|Jynx|124\/333
|move|p2a: Tauros|Body Slam|p1a: Jynx
|-damage|p1a: Jynx|0 fnt
|faint|p1a: Jynx
|choice|switch 2|
|
|switch|p1a: Chansey|Chansey|703\/703 par
|turn|28
|choice|move 3|move 4
|
|move|p2a: Tauros|Hyper Beam|p1a: Chansey
|-damage|p1a: Chansey|228\/703 par
|move|p1a: Chansey|Thunder Wave|p2a: Tauros
|-status|p2a: Tauros|par
|
|turn|29
|-mustrecharge|p2a: Tauros
|c|★KratosMana|gg
|-mustrecharge|p2a: Tauros
|choice|move 4|move 1
|
|cant|p2a: Tauros|recharge
|move|p1a: Chansey|Thunderbolt|p2a: Tauros
|-damage|p2a: Tauros|80\/353 par
|
|turn|30
|c|★teal6|gg
|choice|move 4|move 1
|
|cant|p2a: Tauros|par
|cant|p1a: Chansey|par
|
|turn|31
|choice|move 4|move 1
|
|cant|p2a: Tauros|par
|move|p1a: Chansey|Thunderbolt|p2a: Tauros
|-crit|p2a: Tauros
|-damage|p2a: Tauros|0 fnt
|faint|p2a: Tauros
|choice||switch 3
|
|switch|p2a: Starmie|Starmie|323\/323 slp
|turn|32
|choice|switch 4|move 1
|
|switch|p1a: Exeggutor|Exeggutor|393\/393
|cant|p2a: Starmie|slp
|
|turn|33
|choice|move 3|move 1
|
|-curestatus|p2a: Starmie|slp
|move|p1a: Exeggutor|Explosion|p2a: Starmie
|-damage|p2a: Starmie|25\/323
|faint|p1a: Exeggutor
|c|★teal6|oh
|choice|switch 4|
|
|switch|p1a: Chansey|Chansey|228\/703 par
|turn|34
|choice|move 3|move 1
|
|move|p2a: Starmie|Blizzard|p1a: Chansey
|-crit|p1a: Chansey
|-damage|p1a: Chansey|61\/703 par
|cant|p1a: Chansey|par
|
|turn|35
|c|★teal6|you can still win haha
|c|★KratosMana|ah.
|choice|move 3|move 2
|
|move|p2a: Starmie|Thunderbolt|p1a: Chansey
|-damage|p1a: Chansey|0 fnt
|faint|p1a: Chansey
|choice|switch 6|
|
|switch|p1a: Tauros|Tauros|89\/353
|turn|36
|c|★teal6|gg pal
|choice|move 3|move 1
|
|move|p2a: Starmie|Blizzard|p1a: Tauros|[miss]
|-miss|p2a: Starmie
|move|p1a: Tauros|Earthquake|p2a: Starmie
|-damage|p2a: Starmie|0 fnt
|faint|p2a: Starmie
|
|win|teal6