|J|Vileman
|J|Alexander
|player|p1|Vileman|165
|player|p2|Alexander|101
|gametype|singles
|gen|1
|tier|[Gen 1] OU
|seed|38891,38220,6259,7293
|rule|Sleep Clause Mod: Limit one foe put to sleep
|rule|Freeze Clause Mod: Limit one foe frozen
|rule|Species Clause: Limit one of each Pokémon
|rule|OHKO Clause: OHKO moves are banned
|rule|Evasion Moves Clause: Evasion moves are banned
|rule|HP Percentage Mod: HP is shown in percentages
|
|start
|switch|p1a: Gengar|Gengar|323\/323
|switch|p2a: Jynx|Jynx|333\/333
|turn|1
|c|★Vileman|gl
|J|nintenuendo
|choice|move 1|move 1
|
|move|p1a: Gengar|Hypnosis|p2a: Jynx
|-status|p2a: Jynx|slp
|cant|p2a: Jynx|slp
|
|turn|2
|c|★Alexander|hf
|J|lt1 haxEd
|choice|move 3|switch 3
|
|switch|p2a: Chansey|Chansey|703\/703
|move|p1a: Gengar|Thunderbolt|p2a: Chansey
|-crit|p2a: Chansey
|-damage|p2a: Chansey|529\/703
|
|turn|3
|J|Honoka Kurai
|choice|move 3|move 1
|
|move|p1a: Gengar|Thunderbolt|p2a: Chansey
|-damage|p2a: Chansey|447\/703
|move|p2a: Chansey|Thunder Wave|p1a: Gengar
|-status|p1a: Gengar|par
|
|turn|4
|choice|move 4|move 2
|
|move|p2a: Chansey|Reflect|p2a: Chansey
|-start|p2a: Chansey|Reflect
|move|p1a: Gengar|Explosion|p2a: Chansey
|-crit|p2a: Chansey
|-damage|p2a: Chansey|0 fnt
|faint|p2a: Chansey
|faint|p1a: Gengar
|choice|switch 5|switch 2
|
|switch|p2a: Exeggutor|Exeggutor|393\/393
|switch|p1a: Snorlax|Snorlax|523\/523
|turn|5
|J|MetalGross
|choice|move 1|move 1
|
|move|p2a: Exeggutor|Sleep Powder|p1a: Snorlax|[miss]
|-miss|p2a: Exeggutor
|move|p1a: Snorlax|Body Slam|p2a: Exeggutor
|-damage|p2a: Exeggutor|273\/393
|
|turn|6
|c|+MetalGro$$|gooo vilememe
|c|+MetalGro$$|yesssss
|choice|move 1|move 1
|
|move|p2a: Exeggutor|Sleep Powder|p1a: Snorlax
|-status|p1a: Snorlax|slp
|-curestatus|p1a: Snorlax|slp
|
|turn|7
|choice|move 1|move 1
|
|move|p2a: Exeggutor|Sleep Powder|p1a: Snorlax
|-status|p1a: Snorlax|slp
|cant|p1a: Snorlax|slp
|
|turn|8
|c|+MetalGro$$|yesss
|c|+MetalGro$$|nooo
|choice|move 1|move 3
|
|move|p2a: Exeggutor|Psychic|p1a: Snorlax
|-damage|p1a: Snorlax|374\/523 slp
|cant|p1a: Snorlax|slp
|
|turn|9
|choice|switch 6|move 3
|
|switch|p1a: Zapdos|Zapdos|383\/383
|move|p2a: Exeggutor|Psychic|p1a: Zapdos
|-damage|p1a: Zapdos|275\/383
|-unboost|p1a: Zapdos|spd|1
|-unboost|p1a: Zapdos|spa|1
|
|turn|10
|choice|move 1|switch 6
|
|switch|p2a: Snorlax|Snorlax|523\/523
|move|p1a: Zapdos|Drill Peck|p2a: Snorlax
|-damage|p2a: Snorlax|399\/523
|
|turn|11
|choice|switch 4|move 1
|
|switch|p1a: Slowbro|Slowbro|393\/393
|move|p2a: Snorlax|Body Slam|p1a: Slowbro
|-damage|p1a: Slowbro|284\/393
|
|turn|12
|choice|move 3|switch 3
|
|switch|p2a: Jynx|Jynx|333\/333 slp
|move|p1a: Slowbro|Thunder Wave|p2a: Jynx
|-fail|p2a: Jynx
|
|turn|13
|choice|switch 3|switch 4
|
|switch|p2a: Starmie|Starmie|323\/323
|switch|p1a: Tauros|Tauros|353\/353
|
|turn|14
|choice|switch 2|move 2
|
|switch|p1a: Chansey|Chansey|703\/703
|move|p2a: Starmie|Thunder Wave|p1a: Chansey
|-status|p1a: Chansey|par
|
|turn|15
|J|Joga
|choice|move 4|switch 4
|
|switch|p2a: Jynx|Jynx|333\/333 slp
|move|p1a: Chansey|Thunder Wave|p2a: Jynx
|-fail|p2a: Jynx
|
|turn|16
|choice|switch 4|switch 3
|
|switch|p2a: Snorlax|Snorlax|399\/523
|switch|p1a: Zapdos|Zapdos|275\/383
|
|turn|17
|choice|move 2|move 1
|
|move|p1a: Zapdos|Thunder|p2a: Snorlax
|-damage|p2a: Snorlax|178\/523
|move|p2a: Snorlax|Body Slam|p1a: Zapdos
|-damage|p1a: Zapdos|157\/383
|
|turn|18
|choice|move 2|switch 3
|
|switch|p2a: Jynx|Jynx|333\/333 slp
|move|p1a: Zapdos|Thunder|p2a: Jynx
|-crit|p2a: Jynx
|-damage|p2a: Jynx|18\/333 slp
|
|turn|19
|choice|move 1|move 2
|
|move|p1a: Zapdos|Drill Peck|p2a: Jynx
|-damage|p2a: Jynx|0 fnt
|faint|p2a: Jynx
|choice||switch 5
|
|switch|p2a: Tauros|Tauros|353\/353
|turn|20
|choice|switch 3|move 1
|
|switch|p1a: Slowbro|Slowbro|284\/393
|move|p2a: Tauros|Body Slam|p1a: Slowbro
|-crit|p1a: Slowbro
|-damage|p1a: Slowbro|116\/393
|
|turn|21
|choice|move 3|move 3
|
|move|p2a: Tauros|Hyper Beam|p1a: Slowbro
|-damage|p1a: Slowbro|0 fnt
|faint|p1a: Slowbro
|choice|switch 4|
|
|switch|p1a: Chansey|Chansey|703\/703 par
|turn|22
|choice|move 4|switch 3
|
|switch|p2a: Snorlax|Snorlax|178\/523
|move|p1a: Chansey|Thunder Wave|p2a: Snorlax
|-status|p2a: Snorlax|par
|
|turn|23
|choice|switch 6|move 4
|
|switch|p1a: Snorlax|Snorlax|374\/523 slp
|move|p2a: Snorlax|Self-Destruct|p1a: Snorlax
|-crit|p1a: Snorlax
|-damage|p1a: Snorlax|0 fnt
|faint|p1a: Snorlax
|faint|p2a: Snorlax
|choice|switch 6|switch 6
|
|switch|p2a: Exeggutor|Exeggutor|273\/393
|switch|p1a: Chansey|Chansey|703\/703 par
|turn|24
|c|+MetalGro$$|yes zapper gooo
|choice|switch 3|move 3
|
|switch|p1a: Zapdos|Zapdos|157\/383
|move|p2a: Exeggutor|Psychic|p1a: Zapdos
|-damage|p1a: Zapdos|44\/383
|
|turn|25
|choice|move 4|move 3
|
|move|p1a: Zapdos|Thunder Wave|p2a: Exeggutor
|-status|p2a: Exeggutor|par
|move|p2a: Exeggutor|Psychic|p1a: Zapdos
|-damage|p1a: Zapdos|0 fnt
|faint|p1a: Zapdos
|c|★Vileman|o
|choice|switch 2|
|
|switch|p1a: Tauros|Tauros|353\/353
|turn|26
|choice|move 4|move 4
|
|move|p1a: Tauros|Blizzard|p2a: Exeggutor
|-supereffective|p2a: Exeggutor
|-damage|p2a: Exeggutor|145\/393 par
|move|p2a: Exeggutor|Explosion|p1a: Tauros
|-damage|p1a: Tauros|82\/353
|faint|p2a: Exeggutor
|choice||switch 4
|
|switch|p2a: Starmie|Starmie|323\/323
|turn|27
|choice|switch 3|move 1
|
|switch|p1a: Chansey|Chansey|703\/703 par
|move|p2a: Starmie|Psychic|p1a: Chansey
|-crit|p1a: Chansey
|-damage|p1a: Chansey|504\/703 par
|-unboost|p1a: Chansey|spd|1
|-unboost|p1a: Chansey|spa|1
|
|turn|28
|c|+MetalGro$$|chansey about to piul thlu
|choice|move 4|move 1
|
|move|p2a: Starmie|Psychic|p1a: Chansey
|-damage|p1a: Chansey|341\/703 par
|cant|p1a: Chansey|par
|
|turn|29
|c|+MetalGro$$|ok not like that but
|choice|move 1|move 1
|
|move|p2a: Starmie|Psychic|p1a: Chansey
|-damage|p1a: Chansey|184\/703 par
|move|p1a: Chansey|Soft-Boiled|p1a: Chansey
|-heal|p1a: Chansey|535\/703 par
|
|turn|30
|choice|move 1|switch 3
|
|switch|p2a: Tauros|Tauros|353\/353
|move|p1a: Chansey|Soft-Boiled|p1a: Chansey
|-heal|p1a: Chansey|703\/703 par
|
|turn|31
|choice|move 3|move 2
|
|move|p2a: Tauros|Earthquake|p1a: Chansey
|-damage|p1a: Chansey|484\/703 par
|move|p1a: Chansey|Counter|p2a: Tauros
|-fail|p1a: Chansey
|
|turn|32
|choice|move 1|move 2
|
|move|p2a: Tauros|Earthquake|p1a: Chansey
|-damage|p1a: Chansey|261\/703 par
|move|p1a: Chansey|Soft-Boiled|p1a: Chansey
|-heal|p1a: Chansey|612\/703 par
|
|turn|33
|choice|move 4|move 2
|
|move|p2a: Tauros|Earthquake|p1a: Chansey
|-crit|p1a: Chansey
|-damage|p1a: Chansey|204\/703 par
|cant|p1a: Chansey|par
|
|turn|34
|c|★Vileman|riperino
|choice|move 4|move 1
|
|move|p2a: Tauros|Body Slam|p1a: Chansey
|-damage|p1a: Chansey|0 fnt
|faint|p1a: Chansey
|choice|switch 3|
|
|switch|p1a: Tauros|Tauros|82\/353
|turn|35
|choice|move 2|move 1
|
|move|p1a: Tauros|Hyper Beam|p2a: Tauros
|-crit|p2a: Tauros
|-damage|p2a: Tauros|0 fnt
|faint|p2a: Tauros
|choice||switch 3
|
|switch|p2a: Starmie|Starmie|323\/323
|turn|36
|choice|move 1|move 1
|
|move|p2a: Starmie|Psychic|p1a: Tauros
|-crit|p1a: Tauros
|-damage|p1a: Tauros|0 fnt
|faint|p1a: Tauros
|
|win|Alexander