|inactive|Battle timer is ON: inactive players will automatically lose when time's up.
|J|Beds
|J|TraceofLife
|player|p1|Beds|252
|player|p2|TraceofLife|13
|gametype|singles
|gen|1
|tier|[Gen 1] OU
|seed|55105,17985,12582,38312
|rule|Sleep Clause Mod: Limit one foe put to sleep
|rule|Freeze Clause Mod: Limit one foe frozen
|rule|Species Clause: Limit one of each Pokémon
|rule|OHKO Clause: OHKO moves are banned
|rule|Evasion Moves Clause: Evasion moves are banned
|rule|HP Percentage Mod: HP is shown in percentages
|
|start
|switch|p1a: Jynx|Jynx|333\/333
|switch|p2a: Gengar|Gengar|323\/323
|turn|1
|J|F a p k i n g g
|J|Lusch
|J|Smogtours User
|c|★Beds|gl hf
|c|★TraceofLife|you too
|choice|move 1|move 1
|
|move|p2a: Gengar|Hypnosis|p1a: Jynx
|-status|p1a: Jynx|slp
|cant|p1a: Jynx|slp
|
|turn|2
|choice|switch 2|move 3
|
|switch|p1a: Exeggutor|Exeggutor|393\/393
|move|p2a: Gengar|Night Shade|p1a: Exeggutor
|-damage|p1a: Exeggutor|293\/393
|
|turn|3
|choice|move 1|move 3
|
|move|p2a: Gengar|Night Shade|p1a: Exeggutor
|-damage|p1a: Exeggutor|193\/393
|move|p1a: Exeggutor|Sleep Powder|p2a: Gengar
|-status|p2a: Gengar|slp
|
|turn|4
|choice|move 2|switch 6
|
|switch|p2a: Snorlax|Snorlax|523\/523
|move|p1a: Exeggutor|Stun Spore|p2a: Snorlax
|-status|p2a: Snorlax|par
|
|turn|5
|choice|move 3|move 1
|
|move|p1a: Exeggutor|Psychic|p2a: Snorlax
|-damage|p2a: Snorlax|373\/523 par
|cant|p2a: Snorlax|par
|
|turn|6
|choice|move 3|move 3
|
|move|p1a: Exeggutor|Psychic|p2a: Snorlax
|-damage|p2a: Snorlax|212\/523 par
|cant|p2a: Snorlax|par
|
|turn|7
|choice|switch 2|move 4
|
|switch|p1a: Jynx|Jynx|333\/333 slp
|move|p2a: Snorlax|Self-Destruct|p1a: Jynx
|-damage|p1a: Jynx|0 fnt
|faint|p1a: Jynx
|faint|p2a: Snorlax
|choice|switch 3|switch 4
|
|switch|p2a: Chansey|Chansey|703\/703
|switch|p1a: Snorlax|Snorlax|523\/523
|turn|8
|choice|switch 4|move 1
|
|switch|p1a: Chansey|Chansey|703\/703
|move|p2a: Chansey|Sing|p1a: Chansey|[miss]
|-miss|p2a: Chansey
|
|turn|9
|choice|move 1|move 1
|
|move|p2a: Chansey|Sing|p1a: Chansey
|-status|p1a: Chansey|slp
|-curestatus|p1a: Chansey|slp
|
|turn|10
|choice|move 1|switch 2
|
|switch|p2a: Starmie|Starmie|323\/323
|move|p1a: Chansey|Thunder Wave|p2a: Starmie
|-status|p2a: Starmie|par
|
|turn|11
|c|★TraceofLife|oh
|c|★TraceofLife|didnt pay attention
|choice|move 3|move 1
|
|move|p1a: Chansey|Thunderbolt|p2a: Starmie
|-crit|p2a: Starmie
|-supereffective|p2a: Starmie
|-damage|p2a: Starmie|0 fnt
|faint|p2a: Starmie
|c|★TraceofLife|,
|choice||switch 2
|
|switch|p2a: Chansey|Chansey|703\/703
|turn|12
|choice|move 1|move 1
|
|move|p1a: Chansey|Thunder Wave|p2a: Chansey
|-status|p2a: Chansey|par
|cant|p2a: Chansey|par
|
|turn|13
|choice|switch 2|move 1
|
|switch|p1a: Exeggutor|Exeggutor|193\/393
|cant|p2a: Chansey|par
|
|turn|14
|choice|move 3|move 1
|
|move|p1a: Exeggutor|Psychic|p2a: Chansey
|-crit|p2a: Chansey
|-damage|p2a: Chansey|473\/703 par
|cant|p2a: Chansey|par
|
|turn|15
|choice|move 3|move 4
|
|move|p1a: Exeggutor|Psychic|p2a: Chansey
|-damage|p2a: Chansey|350\/703 par
|move|p2a: Chansey|Soft-Boiled|p2a: Chansey
|-heal|p2a: Chansey|701\/703 par
|
|turn|16
|choice|move 3|move 3
|
|move|p1a: Exeggutor|Psychic|p2a: Chansey
|-crit|p2a: Chansey
|-damage|p2a: Chansey|461\/703 par
|-unboost|p2a: Chansey|spd|1
|-unboost|p2a: Chansey|spa|1
|move|p2a: Chansey|Thunder Wave|p1a: Exeggutor
|-status|p1a: Exeggutor|par
|
|turn|17
|choice|move 4|switch 3
|
|switch|p2a: Lapras|Lapras|463\/463
|move|p1a: Exeggutor|Explosion|p2a: Lapras
|-crit|p2a: Lapras
|-damage|p2a: Lapras|0 fnt
|faint|p2a: Lapras
|faint|p1a: Exeggutor
|c|★TraceofLife|o_k
|choice|switch 4|switch 3
|
|switch|p1a: Snorlax|Snorlax|523\/523
|switch|p2a: Chansey|Chansey|461\/703 par
|turn|18
|c|★Beds|wew lad
|choice|move 1|move 1
|
|move|p1a: Snorlax|Body Slam|p2a: Chansey
|-damage|p2a: Chansey|169\/703 par
|move|p2a: Chansey|Sing|p1a: Snorlax
|-status|p1a: Snorlax|slp
|
|turn|19
|c|★TraceofLife|wew
|choice|move 1|move 4
|
|cant|p1a: Snorlax|slp
|move|p2a: Chansey|Soft-Boiled|p2a: Chansey
|-heal|p2a: Chansey|520\/703 par
|
|turn|20
|choice|move 1|switch 5
|
|switch|p2a: Tauros|Tauros|353\/353
|-curestatus|p1a: Snorlax|slp
|
|turn|21
|choice|move 3|move 1
|
|move|p2a: Tauros|Body Slam|p1a: Snorlax
|-damage|p1a: Snorlax|397\/523
|move|p1a: Snorlax|Counter|p2a: Tauros
|-damage|p2a: Tauros|101\/353
|
|turn|22
|choice|move 1|move 3
|
|move|p2a: Tauros|Hyper Beam|p1a: Snorlax
|-damage|p1a: Snorlax|181\/523
|move|p1a: Snorlax|Body Slam|p2a: Tauros
|-damage|p2a: Tauros|0 fnt
|faint|p2a: Tauros
|choice||switch 5
|
|switch|p2a: Chansey|Chansey|520\/703 par
|turn|23
|choice|move 4|move 1
|
|move|p1a: Snorlax|Self-Destruct|p2a: Chansey
|-damage|p2a: Chansey|0 fnt
|faint|p2a: Chansey
|faint|p1a: Snorlax
|c|★TraceofLife|ya gg
|c|★Beds|gg
|choice|switch 5|switch 6
|
|switch|p1a: Tauros|Tauros|353\/353
|switch|p2a: Gengar|Gengar|323\/323 slp
|turn|24
|choice|move 2|move 1
|
|cant|p2a: Gengar|slp
|move|p1a: Tauros|Earthquake|p2a: Gengar
|-supereffective|p2a: Gengar
|-damage|p2a: Gengar|101\/323 slp
|
|turn|25
|choice|move 2|move 1
|
|move|p1a: Tauros|Earthquake|p2a: Gengar
|-crit|p2a: Gengar
|-supereffective|p2a: Gengar
|-damage|p2a: Gengar|0 fnt
|faint|p2a: Gengar
|
|win|Beds