|J|marcoasd
|J|teal6
|player|p1|marcoasd|265
|player|p2|teal6|138
|gametype|singles
|gen|1
|tier|[Gen 1] OU
|seed|60428,44286,9949,41513
|rule|Sleep Clause Mod: Limit one foe put to sleep
|rule|Freeze Clause Mod: Limit one foe frozen
|rule|Species Clause: Limit one of each Pokémon
|rule|OHKO Clause: OHKO moves are banned
|rule|Evasion Moves Clause: Evasion moves are banned
|rule|HP Percentage Mod: HP is shown in percentages
|
|start
|switch|p1a: Starmie|Starmie|323\/323
|switch|p2a: Jynx|Jynx|333\/333
|turn|1
|choice|move 3|switch 6
|
|switch|p2a: Chansey|Chansey|703\/703
|move|p1a: Starmie|Thunder Wave|p2a: Chansey
|-status|p2a: Chansey|par
|
|turn|2
|choice|move 1|switch 6
|
|switch|p2a: Jynx|Jynx|333\/333
|move|p1a: Starmie|Blizzard|p2a: Jynx
|-crit|p2a: Jynx
|-resisted|p2a: Jynx
|-damage|p2a: Jynx|233\/333
|
|turn|3
|choice|move 2|switch 6
|
|switch|p2a: Chansey|Chansey|703\/703 par
|move|p1a: Starmie|Thunderbolt|p2a: Chansey
|-damage|p2a: Chansey|628\/703 par
|
|turn|4
|J|ZoroDark
|c|+ZoroDark|why fight
|choice|switch 6|switch 6
|
|switch|p1a: Snorlax|Snorlax|523\/523
|switch|p2a: Jynx|Jynx|233\/333
|
|turn|5
|c|★marcoasd|we had an argument
|choice|switch 6|move 2
|
|switch|p1a: Starmie|Starmie|323\/323
|move|p2a: Jynx|Lovely Kiss|p1a: Starmie|[miss]
|-miss|p2a: Jynx
|
|turn|6
|c|★teal6|hahaha
|c|★teal6|yeah we're pretty pissed
|choice|move 3|switch 6
|
|switch|p2a: Chansey|Chansey|628\/703 par
|move|p1a: Starmie|Thunder Wave|p2a: Chansey
|-fail|p2a: Chansey|par
|
|turn|7
|c|+ZoroDark|:o
|c|★teal6|nah its for pokemonperfect tour
|J|Funkasaurus
|c|★teal6|RBY semifinals i believe
|choice|move 2|move 4
|
|move|p1a: Starmie|Thunderbolt|p2a: Chansey
|-crit|p2a: Chansey
|-damage|p2a: Chansey|488\/703 par
|cant|p2a: Chansey|par
|
|turn|8
|c|★marcoasd|y
|choice|switch 6|move 2
|
|switch|p1a: Snorlax|Snorlax|523\/523
|move|p2a: Chansey|Soft-Boiled|p2a: Chansey
|-heal|p2a: Chansey|703\/703 par
|
|turn|9
|choice|move 2|switch 5
|
|switch|p2a: Exeggutor|Exeggutor|393\/393
|move|p1a: Snorlax|Earthquake|p2a: Exeggutor
|-resisted|p2a: Exeggutor
|-damage|p2a: Exeggutor|346\/393
|
|turn|10
|choice|switch 2|move 2
|
|switch|p1a: Exeggutor|Exeggutor|393\/393
|move|p2a: Exeggutor|Sleep Powder|p1a: Exeggutor
|-status|p1a: Exeggutor|slp
|
|turn|11
|choice|switch 3|switch 6
|
|switch|p2a: Jynx|Jynx|233\/333
|switch|p1a: Chansey|Chansey|703\/703
|
|turn|12
|choice|move 2|move 4
|
|move|p2a: Jynx|Blizzard|p1a: Chansey|[miss]
|-miss|p2a: Jynx
|move|p1a: Chansey|Seismic Toss|p2a: Jynx
|-damage|p2a: Jynx|133\/333
|
|turn|13
|choice|move 2|move 4
|
|move|p2a: Jynx|Blizzard|p1a: Chansey
|-damage|p1a: Chansey|572\/703
|move|p1a: Chansey|Seismic Toss|p2a: Jynx
|-damage|p2a: Jynx|33\/333
|
|turn|14
|choice|move 2|move 4
|
|move|p2a: Jynx|Blizzard|p1a: Chansey
|-damage|p1a: Chansey|444\/703
|move|p1a: Chansey|Seismic Toss|p2a: Jynx
|-damage|p2a: Jynx|0 fnt
|faint|p2a: Jynx
|J|Meloettaaa
|choice||switch 3
|
|switch|p2a: Tauros|Tauros|353\/353
|turn|15
|c|+ZoroDark|BULL
|choice|switch 2|move 1
|
|switch|p1a: Snorlax|Snorlax|523\/523
|move|p2a: Tauros|Body Slam|p1a: Snorlax
|-damage|p1a: Snorlax|383\/523
|
|turn|16
|choice|move 3|move 1
|
|move|p2a: Tauros|Body Slam|p1a: Snorlax
|-damage|p1a: Snorlax|257\/523
|move|p1a: Snorlax|Counter|p2a: Tauros
|-damage|p2a: Tauros|101\/353
|
|turn|17
|choice|move 1|move 4
|
|move|p2a: Tauros|Hyper Beam|p1a: Snorlax
|-damage|p1a: Snorlax|45\/523
|move|p1a: Snorlax|Body Slam|p2a: Tauros
|-damage|p2a: Tauros|0 fnt
|faint|p2a: Tauros
|choice||switch 4
|
|switch|p2a: Snorlax|Snorlax|523\/523
|turn|18
|choice|switch 4|move 1
|
|switch|p1a: Golem|Golem|363\/363
|move|p2a: Snorlax|Body Slam|p1a: Golem
|-resisted|p1a: Golem
|-damage|p1a: Golem|315\/363
|-status|p1a: Golem|par
|
|turn|19
|choice|move 4|move 2
|
|move|p2a: Snorlax|Earthquake|p1a: Golem
|-supereffective|p1a: Golem
|-damage|p1a: Golem|170\/363 par
|move|p1a: Golem|Explosion|p2a: Snorlax
|-damage|p2a: Snorlax|178\/523
|faint|p1a: Golem
|choice|switch 6|
|
|switch|p1a: Starmie|Starmie|323\/323
|turn|20
|choice|switch 3|move 4
|
|switch|p1a: Exeggutor|Exeggutor|393\/393 slp
|move|p2a: Snorlax|Self-Destruct|p1a: Exeggutor
|-damage|p1a: Exeggutor|18\/393 slp
|faint|p2a: Snorlax
|choice||switch 2
|
|switch|p2a: Zapdos|Zapdos|383\/383
|turn|21
|choice|switch 5|move 2
|
|switch|p1a: Tauros|Tauros|353\/353
|move|p2a: Zapdos|Agility|p2a: Zapdos
|-boost|p2a: Zapdos|spe|2
|
|turn|22
|choice|move 1|move 1
|
|move|p2a: Zapdos|Thunderbolt|p1a: Tauros
|-crit|p1a: Tauros
|-damage|p1a: Tauros|17\/353
|move|p1a: Tauros|Body Slam|p2a: Zapdos
|-damage|p2a: Zapdos|271\/383
|
|turn|23
|c|★marcoasd|whelp
|choice|move 3|move 3
|
|move|p2a: Zapdos|Drill Peck|p1a: Tauros
|-damage|p1a: Tauros|0 fnt
|faint|p1a: Tauros
|choice|switch 2|
|
|switch|p1a: Chansey|Chansey|444\/703
|turn|24
|choice|move 4|move 3
|
|move|p2a: Zapdos|Drill Peck|p1a: Chansey
|-crit|p1a: Chansey
|-damage|p1a: Chansey|0 fnt
|faint|p1a: Chansey
|choice|switch 3|
|
|switch|p1a: Starmie|Starmie|323\/323
|turn|25
|choice|move 3|move 1
|
|move|p2a: Zapdos|Thunderbolt|p1a: Starmie
|-supereffective|p1a: Starmie
|-damage|p1a: Starmie|53\/323
|move|p1a: Starmie|Thunder Wave|p2a: Zapdos
|-status|p2a: Zapdos|par
|
|turn|26
|choice|move 1|move 1
|
|move|p1a: Starmie|Blizzard|p2a: Zapdos
|-supereffective|p2a: Zapdos
|-damage|p2a: Zapdos|111\/383 par
|move|p2a: Zapdos|Thunderbolt|p1a: Starmie
|-supereffective|p1a: Starmie
|-damage|p1a: Starmie|0 fnt
|faint|p1a: Starmie
|choice|switch 4|
|
|switch|p1a: Snorlax|Snorlax|45\/523
|turn|27
|c|★marcoasd|gg
|choice|move 1|move 1
|
|move|p1a: Snorlax|Body Slam|p2a: Zapdos
|-damage|p2a: Zapdos|0 fnt
|faint|p2a: Zapdos
|c|★teal6|gg
|choice||switch 6
|
|switch|p2a: Exeggutor|Exeggutor|346\/393
|turn|28
|choice|move 1|move 1
|
|move|p2a: Exeggutor|Psychic|p1a: Snorlax
|-damage|p1a: Snorlax|0 fnt
|faint|p1a: Snorlax
|choice|switch 5|
|
|switch|p1a: Exeggutor|Exeggutor|18\/393 slp
|turn|29
|choice|move 4|move 1
|
|cant|p1a: Exeggutor|slp
|move|p2a: Exeggutor|Psychic|p1a: Exeggutor
|-resisted|p1a: Exeggutor
|-damage|p1a: Exeggutor|0 fnt
|faint|p1a: Exeggutor
|
|win|teal6