|J|Real FV13
|J|marcoasd
|player|p1|Real FV13|28
|player|p2|marcoasd|1
|gametype|singles
|gen|1
|tier|[Gen 1] Ubers
|rule|Sleep Clause Mod: Limit one foe put to sleep
|rule|Freeze Clause Mod: Limit one foe frozen
|rule|Species Clause: Limit one of each Pokémon
|rule|OHKO Clause: OHKO moves are banned
|rule|Evasion Moves Clause: Evasion moves are banned
|rule|HP Percentage Mod: HP is shown in percentages
|
|start
|switch|p1a: Gengar|Gengar|323\/323
|switch|p2a: Tauros|Tauros|353\/353
|turn|1
|
|move|p2a: Tauros|Earthquake|p1a: Gengar
|-supereffective|p1a: Gengar
|-damage|p1a: Gengar|121\/323
|move|p1a: Gengar|Hypnosis|p2a: Tauros|[miss]
|-miss|p1a: Gengar
|
|turn|2
|
|move|p2a: Tauros|Earthquake|p1a: Gengar
|-supereffective|p1a: Gengar
|-damage|p1a: Gengar|0 fnt
|faint|p1a: Gengar
|
|switch|p1a: Slowbro|Slowbro|393\/393
|turn|3
|
|switch|p2a: Exeggutor|Exeggutor|393\/393
|move|p1a: Slowbro|Thunder Wave|p2a: Exeggutor
|-status|p2a: Exeggutor|par
|
|turn|4
|
|switch|p1a: Chansey|Chansey|703\/703
|cant|p2a: Exeggutor|par
|
|turn|5
|
|move|p1a: Chansey|Ice Beam|p2a: Exeggutor
|-supereffective|p2a: Exeggutor
|-damage|p2a: Exeggutor|250\/393 par
|move|p2a: Exeggutor|Sleep Powder|p1a: Chansey|[miss]
|-miss|p2a: Exeggutor
|
|turn|6
|
|move|p1a: Chansey|Ice Beam|p2a: Exeggutor
|-supereffective|p2a: Exeggutor
|-damage|p2a: Exeggutor|112\/393 par
|move|p2a: Exeggutor|Explosion|p1a: Chansey
|-damage|p1a: Chansey|0 fnt
|faint|p1a: Chansey
|faint|p2a: Exeggutor
|
|switch|p2a: Zapdos|Zapdos|383\/383
|switch|p1a: Slowbro|Slowbro|393\/393
|turn|7
|
|switch|p1a: Snorlax|Snorlax|523\/523
|move|p2a: Zapdos|Thunder Wave|p1a: Snorlax
|-status|p1a: Snorlax|par
|
|turn|8
|J|Malekith
|
|move|p2a: Zapdos|Thunderbolt|p1a: Snorlax
|-damage|p1a: Snorlax|365\/523 par
|move|p1a: Snorlax|Body Slam|p2a: Zapdos
|-damage|p2a: Zapdos|264\/383
|
|turn|9
|
|move|p2a: Zapdos|Thunderbolt|p1a: Snorlax
|-damage|p1a: Snorlax|200\/523 par
|move|p1a: Snorlax|Body Slam|p2a: Zapdos
|-damage|p2a: Zapdos|151\/383
|
|turn|10
|
|move|p2a: Zapdos|Thunderbolt|p1a: Snorlax
|-damage|p1a: Snorlax|40\/523 par
|move|p1a: Snorlax|Hyper Beam|p2a: Zapdos
|-damage|p2a: Zapdos|0 fnt
|faint|p2a: Zapdos
|
|switch|p2a: Mewtwo|Mewtwo|415\/415
|turn|11
|
|switch|p1a: Slowbro|Slowbro|393\/393
|move|p2a: Mewtwo|Thunderbolt|p1a: Slowbro
|-crit|p1a: Slowbro
|-supereffective|p1a: Slowbro
|-damage|p1a: Slowbro|0 fnt
|faint|p1a: Slowbro
|c|%Malekith|.
|
|switch|p1a: Mew|Mew|403\/403
|turn|12
|
|move|p2a: Mewtwo|Amnesia|p2a: Mewtwo
|-boost|p2a: Mewtwo|spd|2
|-boost|p2a: Mewtwo|spa|2
|move|p1a: Mew|Body Slam|p2a: Mewtwo
|-damage|p2a: Mewtwo|345\/415
|
|turn|13
|
|move|p2a: Mewtwo|Ice Beam|p1a: Mew
|-crit|p1a: Mew
|-damage|p1a: Mew|218\/403
|move|p1a: Mew|Body Slam|p2a: Mewtwo
|-damage|p2a: Mewtwo|276\/415
|-status|p2a: Mewtwo|par
|
|turn|14
|
|move|p1a: Mew|Body Slam|p2a: Mewtwo
|-damage|p2a: Mewtwo|208\/415 par
|move|p2a: Mewtwo|Thunderbolt|p1a: Mew
|-damage|p1a: Mew|7\/403
|
|turn|15
|
|switch|p2a: Tauros|Tauros|353\/353
|move|p1a: Mew|Soft-Boiled|p1a: Mew
|-heal|p1a: Mew|208\/403
|
|turn|16
|
|move|p2a: Tauros|Body Slam|p1a: Mew
|-crit|p1a: Mew
|-damage|p1a: Mew|18\/403
|move|p1a: Mew|Explosion|p2a: Tauros
|-damage|p2a: Tauros|100\/353
|faint|p1a: Mew
|
|switch|p1a: Mewtwo|Mewtwo|415\/415
|turn|17
|
|move|p1a: Mewtwo|Psychic|p2a: Tauros
|-crit|p2a: Tauros
|-damage|p2a: Tauros|0 fnt
|faint|p2a: Tauros
|
|switch|p2a: Mewtwo|Mewtwo|208\/415 par
|turn|18
|
|move|p1a: Mewtwo|Amnesia|p1a: Mewtwo
|-boost|p1a: Mewtwo|spd|2
|-boost|p1a: Mewtwo|spa|2
|cant|p2a: Mewtwo|par
|
|turn|19
|
|move|p1a: Mewtwo|Thunderbolt|p2a: Mewtwo
|-damage|p2a: Mewtwo|63\/415 par
|move|p2a: Mewtwo|Recover|p2a: Mewtwo
|-heal|p2a: Mewtwo|270\/415 par
|
|turn|20
|
|move|p1a: Mewtwo|Thunderbolt|p2a: Mewtwo
|-damage|p2a: Mewtwo|126\/415 par
|move|p2a: Mewtwo|Recover|p2a: Mewtwo
|-heal|p2a: Mewtwo|333\/415 par
|
|turn|21
|
|move|p1a: Mewtwo|Amnesia|p1a: Mewtwo
|-boost|p1a: Mewtwo|spd|2
|-boost|p1a: Mewtwo|spa|2
|move|p2a: Mewtwo|Amnesia|p2a: Mewtwo
|-boost|p2a: Mewtwo|spd|2
|-boost|p2a: Mewtwo|spa|2
|
|turn|22
|
|move|p1a: Mewtwo|Thunderbolt|p2a: Mewtwo
|-crit|p2a: Mewtwo
|-damage|p2a: Mewtwo|194\/415 par
|move|p2a: Mewtwo|Recover|p2a: Mewtwo
|-heal|p2a: Mewtwo|401\/415 par
|
|turn|23
|
|move|p1a: Mewtwo|Amnesia|p1a: Mewtwo
|-boost|p1a: Mewtwo|spd|2
|-boost|p1a: Mewtwo|spa|2
|move|p2a: Mewtwo|Amnesia|p2a: Mewtwo
|-boost|p2a: Mewtwo|spd|2
|-boost|p2a: Mewtwo|spa|2
|
|turn|24
|
|move|p1a: Mewtwo|Thunderbolt|p2a: Mewtwo
|-damage|p2a: Mewtwo|328\/415 par
|move|p2a: Mewtwo|Ice Beam|p1a: Mewtwo
|-crit|p1a: Mewtwo
|-damage|p1a: Mewtwo|282\/415
|-status|p1a: Mewtwo|frz
|
|turn|25
|c|★marcoasd|gg
|-message|Real FV13 forfeited.
|
|win|marcoasd