|J|Stratos
|J|dice
|player|p1|Stratos|#stratos
|player|p2|dice|168
|gametype|singles
|gen|1
|tier|[Gen 1] OU
|seed|21614,37499,43540,46308
|rule|Sleep Clause Mod: Limit one foe put to sleep
|rule|Freeze Clause Mod: Limit one foe frozen
|rule|Species Clause: Limit one of each Pokémon
|rule|OHKO Clause: OHKO moves are banned
|rule|Evasion Moves Clause: Evasion moves are banned
|rule|HP Percentage Mod: HP is shown in percentages
|
|start
|switch|p1a: Jynx|Jynx|333\/333
|switch|p2a: Jynx|Jynx|333\/333
|turn|1
|choice|move 1|move 4
|
|move|p1a: Jynx|Lovely Kiss|p2a: Jynx
|-status|p2a: Jynx|slp
|cant|p2a: Jynx|slp
|
|turn|2
|c|★Stratos|too fukin easy
|c|★Stratos|oml
|choice|move 2|switch 6
|
|switch|p2a: Chansey|Chansey|703\/703
|move|p1a: Jynx|Psychic|p2a: Chansey
|-damage|p2a: Chansey|608\/703
|
|turn|3
|J|LT1 OUTL
|L|LT1 OUTL
|choice|switch 3|move 1
|
|switch|p1a: Chansey|Chansey|703\/703
|move|p2a: Chansey|Thunderbolt|p1a: Chansey
|-damage|p1a: Chansey|627\/703
|
|turn|4
|choice|move 2|move 2
|
|move|p2a: Chansey|Ice Beam|p1a: Chansey
|-damage|p1a: Chansey|551\/703
|move|p1a: Chansey|Ice Beam|p2a: Chansey
|-damage|p2a: Chansey|531\/703
|
|turn|5
|choice|move 2|move 2
|
|move|p2a: Chansey|Ice Beam|p1a: Chansey
|-damage|p1a: Chansey|477\/703
|move|p1a: Chansey|Ice Beam|p2a: Chansey
|-damage|p2a: Chansey|462\/703
|
|turn|6
|J|lt1 fruits
|choice|switch 2|move 2
|
|switch|p1a: Starmie|Starmie|323\/323
|move|p2a: Chansey|Ice Beam|p1a: Starmie
|-resisted|p1a: Starmie
|-damage|p1a: Starmie|288\/323
|
|turn|7
|choice|switch 2|move 4
|
|switch|p1a: Chansey|Chansey|477\/703
|move|p2a: Chansey|Soft-Boiled|p2a: Chansey
|-heal|p2a: Chansey|703\/703
|
|turn|8
|choice|switch 2|move 2
|
|switch|p1a: Starmie|Starmie|288\/323
|move|p2a: Chansey|Ice Beam|p1a: Starmie
|-resisted|p1a: Starmie
|-damage|p1a: Starmie|247\/323
|
|turn|9
|choice|move 1|move 1
|
|move|p1a: Starmie|Blizzard|p2a: Chansey
|-damage|p2a: Chansey|615\/703
|move|p2a: Chansey|Thunderbolt|p1a: Starmie
|-supereffective|p1a: Starmie
|-damage|p1a: Starmie|97\/323
|
|turn|10
|choice|move 4|move 3
|
|move|p1a: Starmie|Recover|p1a: Starmie
|-heal|p1a: Starmie|258\/323
|move|p2a: Chansey|Thunder Wave|p1a: Starmie
|-status|p1a: Starmie|par
|
|turn|11
|c|★Stratos|fuk
|choice|switch 2|move 2
|
|switch|p1a: Chansey|Chansey|477\/703
|move|p2a: Chansey|Ice Beam|p1a: Chansey
|-damage|p1a: Chansey|399\/703
|
|turn|12
|choice|move 1|move 2
|
|move|p2a: Chansey|Ice Beam|p1a: Chansey
|-damage|p1a: Chansey|327\/703
|move|p1a: Chansey|Soft-Boiled|p1a: Chansey
|-heal|p1a: Chansey|678\/703
|
|turn|13
|choice|switch 3|switch 6
|
|switch|p1a: Jynx|Jynx|333\/333
|switch|p2a: Jynx|Jynx|333\/333 slp
|
|turn|14
|choice|move 2|switch 5
|
|switch|p2a: Exeggutor|Exeggutor|393\/393
|move|p1a: Jynx|Psychic|p2a: Exeggutor
|-resisted|p2a: Exeggutor
|-damage|p2a: Exeggutor|348\/393
|
|turn|15
|choice|move 3|switch 6
|
|switch|p2a: Chansey|Chansey|615\/703
|move|p1a: Jynx|Blizzard|p2a: Chansey
|-crit|p2a: Chansey
|-damage|p2a: Chansey|378\/703
|-status|p2a: Chansey|frz
|
|turn|16
|c|★Stratos|loool
|c|★Stratos|in the end, gotem
|choice|move 3|switch 5
|
|switch|p2a: Jynx|Jynx|333\/333 slp
|move|p1a: Jynx|Blizzard|p2a: Jynx
|-resisted|p2a: Jynx
|-damage|p2a: Jynx|268\/333 slp
|
|turn|17
|c|+trc|go stratos!
|choice|switch 4|switch 3
|
|switch|p1a: Snorlax|Snorlax|523\/523
|switch|p2a: Snorlax|Snorlax|523\/523
|
|turn|18
|choice|move 1|move 1
|
|move|p2a: Snorlax|Body Slam|p1a: Snorlax
|-damage|p1a: Snorlax|378\/523
|move|p1a: Snorlax|Reflect|p1a: Snorlax
|-start|p1a: Snorlax|Reflect
|
|turn|19
|choice|move 2|switch 2
|
|switch|p2a: Cloyster|Cloyster|303\/303
|move|p1a: Snorlax|Body Slam|p2a: Cloyster
|-damage|p2a: Cloyster|228\/303
|
|turn|20
|choice|switch 4|move 4
|
|switch|p1a: Jynx|Jynx|333\/333
|move|p2a: Cloyster|Clamp|p1a: Jynx
|-damage|p1a: Jynx|292\/333
|-activate|p1a: Jynx|move: Clamp|[of] p2a: Cloyster
|
|turn|21
|choice|move 3|switch 2
|
|switch|p2a: Snorlax|Snorlax|523\/523
|cant|p1a: Jynx|partiallytrapped
|
|-end|p1a: Jynx|Clamp|[partiallytrapped]
|turn|22
|choice|switch 2|move 1
|
|switch|p1a: Starmie|Starmie|258\/323 par
|move|p2a: Snorlax|Body Slam|p1a: Starmie
|-damage|p1a: Starmie|142\/323 par
|
|turn|23
|choice|switch 5|move 4
|
|switch|p1a: Exeggutor|Exeggutor|393\/393
|move|p2a: Snorlax|Hyper Beam|p1a: Exeggutor
|-damage|p1a: Exeggutor|197\/393
|
|turn|24
|-mustrecharge|p2a: Snorlax
|-mustrecharge|p2a: Snorlax
|choice|move 4|move 1
|
|move|p1a: Exeggutor|Explosion|p2a: Snorlax
|-damage|p2a: Snorlax|182\/523
|faint|p1a: Exeggutor
|choice|switch 6|
|
|switch|p1a: Tauros|Tauros|353\/353
|turn|25
|-mustrecharge|p2a: Snorlax
|-mustrecharge|p2a: Snorlax
|choice|move 2|move 1
|
|move|p1a: Tauros|Body Slam|p2a: Snorlax
|-damage|p2a: Snorlax|45\/523
|cant|p2a: Snorlax|recharge
|
|turn|26
|c|+trc|lol
|c|+trc|is that how it works
|c|★Stratos|y
|c|+trc|how cool
|choice|move 1|switch 5
|
|switch|p2a: Chansey|Chansey|378\/703 frz
|move|p1a: Tauros|Blizzard|p2a: Chansey
|-damage|p2a: Chansey|304\/703 frz
|
|turn|27
|choice|switch 2|move 3
|
|switch|p1a: Jynx|Jynx|292\/333
|cant|p2a: Chansey|frz
|
|turn|28
|choice|move 2|switch 3
|
|switch|p2a: Jynx|Jynx|268\/333 slp
|move|p1a: Jynx|Psychic|p2a: Jynx
|-resisted|p2a: Jynx
|-damage|p2a: Jynx|217\/333 slp
|-unboost|p2a: Jynx|spd|1
|-unboost|p2a: Jynx|spa|1
|
|turn|29
|choice|move 2|move 4
|
|-curestatus|p2a: Jynx|slp
|move|p1a: Jynx|Psychic|p2a: Jynx
|-crit|p2a: Jynx
|-resisted|p2a: Jynx
|-damage|p2a: Jynx|108\/333
|
|turn|30
|choice|switch 4|switch 5
|
|switch|p2a: Snorlax|Snorlax|45\/523
|switch|p1a: Snorlax|Snorlax|378\/523
|
|turn|31
|choice|switch 5|move 3
|
|switch|p1a: Starmie|Starmie|142\/323 par
|move|p2a: Snorlax|Self-Destruct|p1a: Starmie
|-damage|p1a: Starmie|0 fnt
|faint|p1a: Starmie
|faint|p2a: Snorlax
|choice|switch 4|switch 4
|
|switch|p2a: Tauros|Tauros|353\/353
|switch|p1a: Jynx|Jynx|292\/333
|turn|32
|choice|switch 3|move 4
|
|switch|p1a: Chansey|Chansey|678\/703
|move|p2a: Tauros|Hyper Beam|p1a: Chansey
|-damage|p1a: Chansey|195\/703
|
|turn|33
|-mustrecharge|p2a: Tauros
|-mustrecharge|p2a: Tauros
|choice|move 4|move 1
|
|cant|p2a: Tauros|recharge
|move|p1a: Chansey|Thunder Wave|p2a: Tauros
|-status|p2a: Tauros|par
|
|turn|34
|choice|move 1|switch 5
|
|switch|p2a: Jynx|Jynx|108\/333
|move|p1a: Chansey|Soft-Boiled|p1a: Chansey
|-heal|p1a: Chansey|546\/703
|
|turn|35
|choice|move 4|move 4
|
|move|p2a: Jynx|Lovely Kiss|p1a: Chansey|[miss]
|-miss|p2a: Jynx
|move|p1a: Chansey|Thunder Wave|p2a: Jynx
|-status|p2a: Jynx|par
|
|turn|36
|choice|move 3|move 4
|
|move|p1a: Chansey|Thunderbolt|p2a: Jynx
|-damage|p2a: Jynx|31\/333 par
|move|p2a: Jynx|Lovely Kiss|p1a: Chansey
|-status|p1a: Chansey|slp
|
|turn|37
|choice|switch 3|move 3
|
|switch|p1a: Jynx|Jynx|292\/333
|cant|p2a: Jynx|par
|
|turn|38
|c|★dice|mannnnnnnnnnnnnnnn
|choice|move 2|switch 3
|
|switch|p2a: Chansey|Chansey|304\/703 frz
|move|p1a: Jynx|Psychic|p2a: Chansey
|-damage|p2a: Chansey|201\/703 frz
|
|turn|39
|choice|move 2|move 2
|
|move|p1a: Jynx|Psychic|p2a: Chansey
|-damage|p2a: Chansey|99\/703 frz
|-unboost|p2a: Chansey|spd|1
|-unboost|p2a: Chansey|spa|1
|cant|p2a: Chansey|frz
|
|turn|40
|choice|move 2|move 2
|
|move|p1a: Jynx|Psychic|p2a: Chansey
|-damage|p2a: Chansey|0 fnt
|faint|p2a: Chansey
|choice||switch 5
|
|switch|p2a: Tauros|Tauros|353\/353 par
|turn|41
|choice|switch 5|move 1
|
|switch|p1a: Snorlax|Snorlax|378\/523
|cant|p2a: Tauros|par
|
|turn|42
|choice|move 2|move 1
|
|move|p1a: Snorlax|Body Slam|p2a: Tauros
|-damage|p2a: Tauros|241\/353 par
|cant|p2a: Tauros|par
|
|turn|43
|choice|move 2|move 1
|
|move|p1a: Snorlax|Body Slam|p2a: Tauros
|-damage|p2a: Tauros|132\/353 par
|move|p2a: Tauros|Body Slam|p1a: Snorlax
|-damage|p1a: Snorlax|239\/523
|
|turn|44
|choice|move 2|move 4
|
|move|p1a: Snorlax|Body Slam|p2a: Tauros
|-damage|p2a: Tauros|21\/353 par
|move|p2a: Tauros|Hyper Beam|p1a: Snorlax
|-damage|p1a: Snorlax|25\/523
|
|turn|45
|-mustrecharge|p2a: Tauros
|-mustrecharge|p2a: Tauros
|choice|switch 5|move 1
|
|switch|p1a: Jynx|Jynx|292\/333
|cant|p2a: Tauros|recharge
|
|turn|46
|choice|move 2|move 1
|
|move|p1a: Jynx|Psychic|p2a: Tauros
|-damage|p2a: Tauros|0 fnt
|faint|p2a: Tauros
|choice||switch 6
|
|switch|p2a: Exeggutor|Exeggutor|348\/393
|turn|47
|choice|move 3|move 3
|
|move|p1a: Jynx|Blizzard|p2a: Exeggutor
|-supereffective|p2a: Exeggutor
|-damage|p2a: Exeggutor|128\/393
|move|p2a: Exeggutor|Stun Spore|p1a: Jynx|[miss]
|-miss|p2a: Exeggutor
|
|turn|48
|choice|move 3|move 3
|
|move|p1a: Jynx|Blizzard|p2a: Exeggutor|[miss]
|-miss|p1a: Jynx
|move|p2a: Exeggutor|Stun Spore|p1a: Jynx
|-status|p1a: Jynx|par
|
|turn|49
|choice|switch 5|switch 3
|
|switch|p2a: Jynx|Jynx|31\/333 par
|switch|p1a: Snorlax|Snorlax|25\/523
|
|turn|50
|choice|move 2|switch 3
|
|switch|p2a: Exeggutor|Exeggutor|128\/393
|move|p1a: Snorlax|Body Slam|p2a: Exeggutor
|-damage|p2a: Exeggutor|0 fnt
|faint|p2a: Exeggutor
|choice||switch 2
|
|switch|p2a: Cloyster|Cloyster|228\/303
|turn|51
|choice|move 2|move 1
|
|move|p2a: Cloyster|Blizzard|p1a: Snorlax
|-damage|p1a: Snorlax|0 fnt
|faint|p1a: Snorlax
|choice|switch 2|
|
|switch|p1a: Tauros|Tauros|353\/353
|turn|52
|choice|move 2|move 1
|
|move|p1a: Tauros|Body Slam|p2a: Cloyster
|-damage|p2a: Cloyster|165\/303
|-status|p2a: Cloyster|par
|cant|p2a: Cloyster|par
|
|turn|53
|choice|move 2|move 1
|
|move|p1a: Tauros|Body Slam|p2a: Cloyster
|-damage|p2a: Cloyster|102\/303 par
|move|p2a: Cloyster|Blizzard|p1a: Tauros
|-damage|p1a: Tauros|182\/353
|
|turn|54
|choice|move 4|move 1
|
|move|p1a: Tauros|Hyper Beam|p2a: Cloyster
|-damage|p2a: Cloyster|0 fnt
|faint|p2a: Cloyster
|choice||switch 3
|
|switch|p2a: Jynx|Jynx|31\/333 par
|turn|55
|choice|move 2|move 2
|
|move|p1a: Tauros|Body Slam|p2a: Jynx
|-damage|p2a: Jynx|0 fnt
|faint|p2a: Jynx
|
|win|Stratos