|J|BlackWeed
|J|Dice
|player|p1|BlackWeed|265
|player|p2|Dice|170
|gametype|singles
|gen|1
|tier|[Gen 1] OU
|seed|56395,23554,20855,42098
|rule|Sleep Clause Mod: Limit one foe put to sleep
|rule|Freeze Clause Mod: Limit one foe frozen
|rule|Species Clause: Limit one of each Pokémon
|rule|OHKO Clause: OHKO moves are banned
|rule|Evasion Moves Clause: Evasion moves are banned
|rule|HP Percentage Mod: HP is shown in percentages
|
|start
|switch|p1a: Starmie|Starmie|323\/323
|switch|p2a: Jynx|Jynx|333\/333
|turn|1
|c|★Dice|tle me
|c|★Dice|yn
|c|★Dice|o
|c|★BlackWeed|i think
|c|★Dice|u accept
|c|★BlackWeed|alakazam
|c|★Dice|-
|c|★BlackWeed|is best lead
|c|★BlackWeed|oo
|c|★Dice|oo
|choice|move 3|move 4
|
|move|p1a: Starmie|Thunder Wave|p2a: Jynx
|-status|p2a: Jynx|par
|move|p2a: Jynx|Lovely Kiss|p1a: Starmie
|-status|p1a: Starmie|slp
|
|turn|2
|c|★Dice|then why u use
|c|★Dice|starmie
|c|★Dice|-
|c|★BlackWeed|idk
|c|★BlackWeed|its sample team
|c|★BlackWeed|._.
|choice|move 2|move 1
|
|cant|p1a: Starmie|slp
|move|p2a: Jynx|Blizzard|p1a: Starmie
|-crit|p1a: Starmie
|-resisted|p1a: Starmie
|-damage|p1a: Starmie|198\/323 slp
|
|turn|3
|choice|move 4|move 1
|
|cant|p1a: Starmie|slp
|move|p2a: Jynx|Blizzard|p1a: Starmie
|-resisted|p1a: Starmie
|-damage|p1a: Starmie|133\/323 slp
|
|turn|4
|choice|move 4|move 1
|
|-curestatus|p1a: Starmie|slp
|move|p2a: Jynx|Blizzard|p1a: Starmie
|-crit|p1a: Starmie
|-resisted|p1a: Starmie
|-damage|p1a: Starmie|1\/323
|
|turn|5
|choice|move 4|move 4
|
|move|p1a: Starmie|Recover|p1a: Starmie
|-heal|p1a: Starmie|162\/323
|move|p2a: Jynx|Lovely Kiss|p1a: Starmie
|-status|p1a: Starmie|slp
|
|turn|6
|choice|switch 2|move 2
|
|switch|p1a: Chansey|Chansey|703\/703
|cant|p2a: Jynx|par
|
|turn|7
|choice|move 2|move 1
|
|move|p1a: Chansey|Thunderbolt|p2a: Jynx
|-damage|p2a: Jynx|258\/333 par
|move|p2a: Jynx|Blizzard|p1a: Chansey|[miss]
|-miss|p2a: Jynx
|
|turn|8
|choice|move 2|switch 5
|
|switch|p2a: Exeggutor|Exeggutor|393\/393
|move|p1a: Chansey|Thunderbolt|p2a: Exeggutor
|-resisted|p2a: Exeggutor
|-damage|p2a: Exeggutor|362\/393
|
|turn|9
|J|Reiddos
|choice|move 3|switch 6
|
|switch|p2a: Chansey|Chansey|703\/703
|move|p1a: Chansey|Thunder Wave|p2a: Chansey
|-status|p2a: Chansey|par
|
|turn|10
|L|Reiddos
|choice|move 2|move 2
|
|move|p1a: Chansey|Thunderbolt|p2a: Chansey
|-damage|p2a: Chansey|628\/703 par
|move|p2a: Chansey|Ice Beam|p1a: Chansey
|-crit|p1a: Chansey
|-damage|p1a: Chansey|563\/703
|
|turn|11
|choice|move 1|move 2
|
|move|p1a: Chansey|Ice Beam|p2a: Chansey
|-damage|p2a: Chansey|555\/703 par
|move|p2a: Chansey|Ice Beam|p1a: Chansey
|-damage|p1a: Chansey|491\/703
|
|turn|12
|choice|move 1|move 4
|
|move|p1a: Chansey|Ice Beam|p2a: Chansey
|-damage|p2a: Chansey|478\/703 par
|move|p2a: Chansey|Soft-Boiled|p2a: Chansey
|-heal|p2a: Chansey|703\/703 par
|
|turn|13
|choice|move 1|move 2
|
|move|p1a: Chansey|Ice Beam|p2a: Chansey
|-crit|p2a: Chansey
|-damage|p2a: Chansey|548\/703 par
|move|p2a: Chansey|Ice Beam|p1a: Chansey
|-crit|p1a: Chansey
|-damage|p1a: Chansey|355\/703
|
|turn|14
|choice|move 4|move 2
|
|move|p1a: Chansey|Soft-Boiled|p1a: Chansey
|-heal|p1a: Chansey|703\/703
|move|p2a: Chansey|Ice Beam|p1a: Chansey
|-damage|p1a: Chansey|623\/703
|
|turn|15
|choice|move 1|move 4
|
|move|p1a: Chansey|Ice Beam|p2a: Chansey
|-crit|p2a: Chansey
|-damage|p2a: Chansey|403\/703 par
|move|p2a: Chansey|Soft-Boiled|p2a: Chansey
|-heal|p2a: Chansey|703\/703 par
|
|turn|16
|choice|move 2|move 2
|
|move|p1a: Chansey|Thunderbolt|p2a: Chansey
|-damage|p2a: Chansey|624\/703 par
|move|p2a: Chansey|Ice Beam|p1a: Chansey
|-damage|p1a: Chansey|552\/703
|
|turn|17
|choice|move 2|move 2
|
|move|p1a: Chansey|Thunderbolt|p2a: Chansey
|-crit|p2a: Chansey
|-damage|p2a: Chansey|481\/703 par
|move|p2a: Chansey|Ice Beam|p1a: Chansey
|-damage|p1a: Chansey|484\/703
|
|turn|18
|choice|move 4|move 2
|
|move|p1a: Chansey|Soft-Boiled|p1a: Chansey
|-heal|p1a: Chansey|703\/703
|move|p2a: Chansey|Ice Beam|p1a: Chansey
|-damage|p1a: Chansey|625\/703
|
|turn|19
|choice|switch 6|move 4
|
|switch|p1a: Tauros|Tauros|353\/353
|move|p2a: Chansey|Soft-Boiled|p2a: Chansey
|-heal|p2a: Chansey|703\/703 par
|
|turn|20
|c|★BlackWeed|manda boi
|c|★BlackWeed|- tiba
|choice|move 1|switch 6
|
|switch|p2a: Exeggutor|Exeggutor|362\/393
|move|p1a: Tauros|Body Slam|p2a: Exeggutor
|-damage|p2a: Exeggutor|254\/393
|
|turn|21
|choice|switch 6|move 1
|
|switch|p1a: Chansey|Chansey|625\/703
|move|p2a: Exeggutor|Psychic|p1a: Chansey
|-damage|p1a: Chansey|510\/703
|
|turn|22
|choice|move 4|switch 6
|
|switch|p2a: Chansey|Chansey|703\/703 par
|move|p1a: Chansey|Soft-Boiled|p1a: Chansey
|-heal|p1a: Chansey|703\/703
|
|turn|23
|choice|move 2|move 2
|
|move|p1a: Chansey|Thunderbolt|p2a: Chansey
|-crit|p2a: Chansey
|-damage|p2a: Chansey|548\/703 par
|move|p2a: Chansey|Ice Beam|p1a: Chansey
|-damage|p1a: Chansey|630\/703
|-status|p1a: Chansey|frz
|
|turn|24
|c|★BlackWeed|hax
|choice|switch 6|move 3
|
|switch|p1a: Tauros|Tauros|353\/353
|move|p2a: Chansey|Thunder Wave|p1a: Tauros
|-status|p1a: Tauros|par
|
|turn|25
|choice|move 1|switch 6
|
|switch|p2a: Exeggutor|Exeggutor|254\/393
|move|p1a: Tauros|Body Slam|p2a: Exeggutor
|-crit|p2a: Exeggutor
|-damage|p2a: Exeggutor|50\/393
|
|turn|26
|choice|switch 6|move 1
|
|switch|p1a: Chansey|Chansey|630\/703 frz
|move|p2a: Exeggutor|Psychic|p1a: Chansey
|-damage|p1a: Chansey|509\/703 frz
|-unboost|p1a: Chansey|spd|1
|-unboost|p1a: Chansey|spa|1
|
|turn|27
|choice|move 2|move 1
|
|move|p2a: Exeggutor|Psychic|p1a: Chansey
|-crit|p1a: Chansey
|-damage|p1a: Chansey|293\/703 frz
|-unboost|p1a: Chansey|spd|1
|-unboost|p1a: Chansey|spa|1
|cant|p1a: Chansey|frz
|
|turn|28
|choice|switch 3|move 3
|
|switch|p1a: Exeggutor|Exeggutor, M|393\/393
|move|p2a: Exeggutor|Stun Spore|p1a: Exeggutor
|-status|p1a: Exeggutor|par
|
|turn|29
|choice|move 1|move 2
|
|move|p2a: Exeggutor|Explosion|p1a: Exeggutor
|-damage|p1a: Exeggutor|96\/393 par
|faint|p2a: Exeggutor
|choice||switch 3
|
|switch|p2a: Snorlax|Snorlax|523\/523
|turn|30
|choice|switch 3|move 1
|
|switch|p1a: Chansey|Chansey|293\/703 frz
|move|p2a: Snorlax|Body Slam|p1a: Chansey
|-damage|p1a: Chansey|0 fnt
|faint|p1a: Chansey
|choice|switch 5|
|
|switch|p1a: Golem|Golem, M|363\/363
|turn|31
|choice|move 1|move 2
|
|move|p1a: Golem|Earthquake|p2a: Snorlax
|-damage|p2a: Snorlax|366\/523
|move|p2a: Snorlax|Earthquake|p1a: Golem
|-supereffective|p1a: Golem
|-damage|p1a: Golem|221\/363
|
|turn|32
|choice|move 4|switch 2
|
|switch|p2a: Cloyster|Cloyster|303\/303
|move|p1a: Golem|Explosion|p2a: Cloyster
|-damage|p2a: Cloyster|133\/303
|faint|p1a: Golem
|choice|switch 6|
|
|switch|p1a: Tauros|Tauros|353\/353 par
|turn|33
|choice|move 1|move 4
|
|move|p2a: Cloyster|Clamp|p1a: Tauros
|-damage|p1a: Tauros|306\/353 par
|cant|p1a: Tauros|partiallytrapped
|
|turn|34
|J|Luigi
|choice|move 1|move 4
|
|move|p2a: Cloyster|Clamp|p1a: Tauros|[from]Clamp
|-damage|p1a: Tauros|259\/353 par
|cant|p1a: Tauros|partiallytrapped
|
|turn|35
|choice|move 1|move 4
|
|move|p2a: Cloyster|Clamp|p1a: Tauros
|-crit|p1a: Tauros
|-damage|p1a: Tauros|172\/353 par
|cant|p1a: Tauros|partiallytrapped
|
|turn|36
|c|★BlackWeed|what is this
|c|★BlackWeed|-
|choice|switch 4|move 4
|
|switch|p1a: Snorlax|Snorlax, M|523\/523
|move|p2a: Cloyster|Clamp|p1a: Snorlax
|-damage|p1a: Snorlax|469\/523
|
|turn|37
|choice|move 1|move 4
|
|move|p2a: Cloyster|Clamp|p1a: Snorlax|[from]Clamp
|-damage|p1a: Snorlax|415\/523
|cant|p1a: Snorlax|partiallytrapped
|
|turn|38
|c|★BlackWeed|!data clamp
|c|~|\/data-move Clamp

|choice|move 1|move 4
|
|move|p2a: Cloyster|Clamp|p1a: Snorlax|[from]Clamp
|-damage|p1a: Snorlax|361\/523
|cant|p1a: Snorlax|partiallytrapped
|
|turn|39
|c|★Dice|if it hits u
|c|★Dice|u cant move
|c|★Dice|-
|c|★BlackWeed|strategy
|c|★BlackWeed|yn
|choice|move 1|move 4
|
|move|p2a: Cloyster|Clamp|p1a: Snorlax
|-damage|p1a: Snorlax|311\/523
|cant|p1a: Snorlax|partiallytrapped
|
|turn|40
|choice|move 1|move 4
|
|move|p2a: Cloyster|Clamp|p1a: Snorlax|[from]Clamp
|-damage|p1a: Snorlax|261\/523
|cant|p1a: Snorlax|partiallytrapped
|
|turn|41
|choice|move 1|move 4
|
|move|p2a: Cloyster|Clamp|p1a: Snorlax|[from]Clamp
|-damage|p1a: Snorlax|211\/523
|cant|p1a: Snorlax|partiallytrapped
|
|turn|42
|c|★BlackWeed|how do u beat it
|c|★BlackWeed|._.
|choice|move 1|move 4
|
|move|p2a: Cloyster|Clamp|p1a: Snorlax
|-damage|p1a: Snorlax|161\/523
|cant|p1a: Snorlax|partiallytrapped
|
|turn|43
|c|★Dice|para
|c|★Dice|fast mon
|c|★Dice|how it msses
|c|★Dice|yn
|c|★BlackWeed|hax
|c|★Dice|*hope
|choice|move 1|move 4
|
|move|p2a: Cloyster|Clamp|p1a: Snorlax|[from]Clamp
|-damage|p1a: Snorlax|111\/523
|cant|p1a: Snorlax|partiallytrapped
|
|turn|44
|choice|move 4|move 4
|
|move|p2a: Cloyster|Clamp|p1a: Snorlax|[miss]
|-miss|p2a: Cloyster
|move|p1a: Snorlax|Self-Destruct|p2a: Cloyster
|-damage|p2a: Cloyster|0 fnt
|faint|p2a: Cloyster
|faint|p1a: Snorlax
|choice|switch 4|switch 4
|
|switch|p2a: Tauros|Tauros|353\/353
|switch|p1a: Tauros|Tauros|172\/353 par
|turn|45
|choice|move 2|move 4
|
|move|p2a: Tauros|Hyper Beam|p1a: Tauros
|-damage|p1a: Tauros|0 fnt
|faint|p1a: Tauros
|-message|BlackWeed forfeited.
|
|win|Dice