|J|tamahome
|J|Dice
|player|p1|tamahome|169
|player|p2|Dice|134
|gametype|singles
|gen|1
|tier|[Gen 1] OU
|seed|
|rule|Sleep Clause Mod: Limit one foe put to sleep
|rule|Freeze Clause Mod: Limit one foe frozen
|rule|Species Clause: Limit one of each Pokémon
|rule|OHKO Clause: OHKO moves are banned
|rule|Evasion Moves Clause: Evasion moves are banned
|rule|HP Percentage Mod: HP is shown in percentages
|
|start
|switch|p1a: Jynx|Jynx|100\/100
|switch|p2a: Gengar|Gengar|100\/100
|turn|1
|J|AGuyWithPants
|J|autolocked phrases
|choice||
|
|move|p2a: Gengar|Hypnosis|p1a: Jynx
|-status|p1a: Jynx|slp
|-curestatus|p1a: Jynx|slp
|
|turn|2
|J|MEMORIAL DAY 2001
|choice||
|
|switch|p1a: Exeggutor|Exeggutor, M|100\/100
|move|p2a: Gengar|Explosion|p1a: Exeggutor
|-damage|p1a: Exeggutor|42\/100
|faint|p2a: Gengar
|J|Triangles RSE
|choice||
|
|switch|p2a: Lapras|Lapras|100\/100
|turn|3
|L|autolocked phrases
|J|Umlaug
|J|CasedVictory
|L|Umlaug
|J|EG Posho
|J|BKC
|L|CasedVictory
|choice||
|
|switch|p2a: Tauros|Tauros|100\/100
|switch|p1a: Jynx|Jynx|100\/100
|
|turn|4
|J|blarajan
|c|%blarajan|wtf.
|J|ultrabrick
|J|strongsteel
|choice||
|
|move|p2a: Tauros|Body Slam|p1a: Jynx
|-damage|p1a: Jynx|46\/100
|move|p1a: Jynx|Lovely Kiss|p2a: Tauros
|-status|p2a: Tauros|slp
|
|turn|5
|c|+EG Posho|gl tama's opponent
|choice||
|
|switch|p2a: Chansey|Chansey|100\/100
|move|p1a: Jynx|Psychic|p2a: Chansey
|-damage|p2a: Chansey|87\/100
|-unboost|p2a: Chansey|spd|1
|-unboost|p2a: Chansey|spa|1
|
|turn|6
|L|blarajan
|choice||
|
|move|p1a: Jynx|Psychic|p2a: Chansey
|-damage|p2a: Chansey|65\/100
|-unboost|p2a: Chansey|spd|1
|-unboost|p2a: Chansey|spa|1
|move|p2a: Chansey|Ice Beam|p1a: Jynx
|-resisted|p1a: Jynx
|-damage|p1a: Jynx|39\/100
|
|turn|7
|choice||
|
|move|p1a: Jynx|Blizzard|p2a: Chansey
|-crit|p2a: Chansey
|-damage|p2a: Chansey|29\/100
|move|p2a: Chansey|Soft-Boiled|p2a: Chansey
|-heal|p2a: Chansey|79\/100
|
|turn|8
|J|Lusch
|choice||
|
|move|p1a: Jynx|Psychic|p2a: Chansey
|-damage|p2a: Chansey|53\/100
|move|p2a: Chansey|Soft-Boiled|p2a: Chansey
|-heal|p2a: Chansey|100\/100
|
|turn|9
|c|+AGuyWithPants|2 special drops crazy
|choice||
|
|switch|p1a: Chansey|Chansey|100\/100
|move|p2a: Chansey|Thunder Wave|p1a: Chansey
|-status|p1a: Chansey|par
|
|turn|10
|J|Le Austin
|c|★Dice|gay
|choice||
|
|switch|p2a: Snorlax|Snorlax|100\/100
|move|p1a: Chansey|Thunderbolt|p2a: Snorlax
|-damage|p2a: Snorlax|83\/100
|
|turn|11
|choice||
|
|move|p2a: Snorlax|Body Slam|p1a: Chansey
|-damage|p1a: Chansey|56\/100 par
|move|p1a: Chansey|Counter|p2a: Snorlax
|-damage|p2a: Snorlax|0 fnt
|faint|p2a: Snorlax
|c|+EG Posho|lol
|c|★Dice|very gay
|J|LBLOL
|choice||
|
|switch|p2a: Lapras|Lapras|100\/100
|turn|12
|c|★tamahome|you activated my trap card
|choice||
|
|move|p2a: Lapras|Confuse Ray|p1a: Chansey
|-start|p1a: Chansey|confusion
|-activate|p1a: Chansey|confusion
|-damage|p1a: Chansey|51\/100 par|[from] confusion
|
|turn|13
|c|★Dice|i got played this game
|choice||
|
|switch|p1a: Jynx|Jynx|39\/100
|move|p2a: Lapras|Body Slam|p1a: Jynx
|-damage|p1a: Jynx|8\/100
|-status|p1a: Jynx|par
|
|turn|14
|choice||
|
|move|p2a: Lapras|Body Slam|p1a: Jynx
|-damage|p1a: Jynx|0 fnt
|faint|p1a: Jynx
|choice||
|
|switch|p1a: Starmie|Starmie|100\/100
|turn|15
|J|blarajan
|choice||
|
|switch|p2a: Chansey|Chansey|100\/100
|move|p1a: Starmie|Thunderbolt|p2a: Chansey
|-crit|p2a: Chansey
|-damage|p2a: Chansey|80\/100
|
|turn|16
|L|LBLOL
|choice||
|
|switch|p2a: Lapras|Lapras|100\/100
|move|p1a: Starmie|Thunderbolt|p2a: Lapras
|-supereffective|p2a: Lapras
|-damage|p2a: Lapras|67\/100
|
|turn|17
|choice||
|
|switch|p2a: Chansey|Chansey|80\/100
|move|p1a: Starmie|Blizzard|p2a: Chansey
|-damage|p2a: Chansey|67\/100
|
|turn|18
|choice||
|
|switch|p1a: Chansey|Chansey|51\/100 par
|move|p2a: Chansey|Soft-Boiled|p2a: Chansey
|-heal|p2a: Chansey|100\/100
|
|turn|19
|choice||
|
|switch|p2a: Lapras|Lapras|67\/100
|move|p1a: Chansey|Soft-Boiled|p1a: Chansey
|-heal|p1a: Chansey|100\/100 par
|
|turn|20
|choice||
|
|move|p2a: Lapras|Confuse Ray|p1a: Chansey
|-start|p1a: Chansey|confusion
|-activate|p1a: Chansey|confusion
|cant|p1a: Chansey|par
|
|turn|21
|c|%blarajan|tama play me.
|choice||
|
|move|p2a: Lapras|Body Slam|p1a: Chansey
|-damage|p1a: Chansey|78\/100 par
|-end|p1a: Chansey|confusion
|move|p1a: Chansey|Thunderbolt|p2a: Lapras
|-supereffective|p2a: Lapras
|-damage|p2a: Lapras|31\/100
|
|turn|22
|J|ggggd
|c|+EG Posho|.
|c|★tamahome|lemme just end dice's life
|c|+EG Posho|play me first
|c|★tamahome|real quick
|choice||
|
|move|p2a: Lapras|Body Slam|p1a: Chansey
|-damage|p1a: Chansey|54\/100 par
|move|p1a: Chansey|Thunderbolt|p2a: Lapras
|-crit|p2a: Lapras
|-supereffective|p2a: Lapras
|-damage|p2a: Lapras|0 fnt
|faint|p2a: Lapras
|J|Siloban
|choice||
|
|switch|p2a: Exeggutor|Exeggutor|100\/100
|turn|23
|L|BKC
|L|AGuyWithPants
|choice||
|
|switch|p1a: Starmie|Starmie|100\/100
|move|p2a: Exeggutor|Psychic|p1a: Starmie
|-resisted|p1a: Starmie
|-damage|p1a: Starmie|81\/100
|-unboost|p1a: Starmie|spd|1
|-unboost|p1a: Starmie|spa|1
|
|turn|24
|choice||
|
|move|p1a: Starmie|Blizzard|p2a: Exeggutor
|-supereffective|p2a: Exeggutor
|-damage|p2a: Exeggutor|75\/100
|move|p2a: Exeggutor|Sleep Powder|p1a: Starmie
|-status|p1a: Starmie|slp
|
|turn|25
|J|Charizard93maggle
|choice||
|
|switch|p1a: Exeggutor|Exeggutor, M|42\/100
|move|p2a: Exeggutor|Psychic|p1a: Exeggutor
|-resisted|p1a: Exeggutor
|-damage|p1a: Exeggutor|29\/100
|
|turn|26
|choice||
|
|move|p2a: Exeggutor|Stun Spore|p1a: Exeggutor
|-status|p1a: Exeggutor|par
|move|p1a: Exeggutor|Explosion|p2a: Exeggutor
|-damage|p2a: Exeggutor|0 fnt
|faint|p2a: Exeggutor
|faint|p1a: Exeggutor
|choice||
|
|switch|p2a: Chansey|Chansey|100\/100
|switch|p1a: Snorlax|Snorlax, M|100\/100
|turn|27
|choice||
|
|move|p2a: Chansey|Thunder Wave|p1a: Snorlax
|-status|p1a: Snorlax|par
|cant|p1a: Snorlax|par
|
|turn|28
|choice||
|
|move|p2a: Chansey|Ice Beam|p1a: Snorlax
|-damage|p1a: Snorlax|80\/100 par
|move|p1a: Snorlax|Earthquake|p2a: Chansey
|-damage|p2a: Chansey|67\/100
|
|turn|29
|choice||
|
|move|p2a: Chansey|Soft-Boiled|p2a: Chansey
|-heal|p2a: Chansey|100\/100
|cant|p1a: Snorlax|par
|
|turn|30
|choice||
|
|move|p2a: Chansey|Ice Beam|p1a: Snorlax
|-damage|p1a: Snorlax|61\/100 par
|cant|p1a: Snorlax|par
|
|turn|31
|choice||
|
|move|p2a: Chansey|Ice Beam|p1a: Snorlax
|-damage|p1a: Snorlax|41\/100 par
|move|p1a: Snorlax|Self-Destruct|p2a: Chansey
|-damage|p2a: Chansey|0 fnt
|faint|p2a: Chansey
|faint|p1a: Snorlax
|choice||
|
|switch|p2a: Tauros|Tauros|100\/100 slp
|switch|p1a: Tauros|Tauros|100\/100
|turn|32
|choice||
|
|cant|p2a: Tauros|slp
|move|p1a: Tauros|Body Slam|p2a: Tauros
|-damage|p2a: Tauros|71\/100 slp
|
|turn|33
|c|+EG Posho|boom.
|choice||
|
|move|p1a: Tauros|Body Slam|p2a: Tauros
|-damage|p2a: Tauros|42\/100 slp
|cant|p2a: Tauros|slp
|
|turn|34
|choice||
|
|move|p1a: Tauros|Hyper Beam|p2a: Tauros
|-damage|p2a: Tauros|0 fnt
|faint|p2a: Tauros
|
|win|tamahome