|inactive|Battle timer is ON: inactive players will automatically lose when time's up.
|J|Earthworm
|J|Dice
|player|p1|Earthworm|169
|player|p2|Dice|168
|gametype|singles
|gen|1
|tier|[Gen 1] OU
|seed|22092,4694,31922,17799
|rule|Sleep Clause Mod: Limit one foe put to sleep
|rule|Freeze Clause Mod: Limit one foe frozen
|rule|Species Clause: Limit one of each Pokémon
|rule|OHKO Clause: OHKO moves are banned
|rule|Evasion Moves Clause: Evasion moves are banned
|rule|HP Percentage Mod: HP is shown in percentages
|
|start
|switch|p1a: Hypno|Hypno|373\/373
|switch|p2a: Jolteon|Jolteon|333\/333
|turn|1
|J|celebitrainer36
|J|mewwo
|J|OP
|J|Finchinator
|J|trc
|J|Fireburn
|L|celebitrainer36
|c|★Dice|o
|c|★Dice|u accept
|c|★Dice|wasn't looking
|c|★Dice|.trl
|J|Jasmineandkoalas
|choice|move 3|move 3
|
|move|p2a: Jolteon|Thunder Wave|p1a: Hypno
|-status|p1a: Hypno|par
|move|p1a: Hypno|Hypnosis|p2a: Jolteon|[miss]
|-miss|p1a: Hypno
|
|turn|2
|choice|move 3|move 1
|
|move|p2a: Jolteon|Thunderbolt|p1a: Hypno
|-damage|p1a: Hypno|261\/373 par
|cant|p1a: Hypno|par
|
|turn|3
|choice|move 2|move 1
|
|move|p2a: Jolteon|Thunderbolt|p1a: Hypno
|-crit|p1a: Hypno
|-damage|p1a: Hypno|65\/373 par
|cant|p1a: Hypno|par
|
|turn|4
|c|★Dice|i started watching
|c|★Dice|da movie
|c|★Dice|im 50 min in
|c|★Dice|it's good
|choice|switch 4|move 1
|
|switch|p1a: Chansey|Chansey|703\/703
|move|p2a: Jolteon|Thunderbolt|p1a: Chansey
|-damage|p1a: Chansey|582\/703
|
|turn|5
|J|boudouche
|choice|move 1|move 3
|
|move|p2a: Jolteon|Thunder Wave|p1a: Chansey
|-status|p1a: Chansey|par
|cant|p1a: Chansey|par
|
|turn|6
|L|boudouche
|J|boudouche
|L|boudouche
|choice|move 1|move 4
|
|move|p2a: Jolteon|Double Kick|p1a: Chansey
|-supereffective|p1a: Chansey
|-damage|p1a: Chansey|477\/703 par
|-damage|p1a: Chansey|372\/703 par
|-hitcount|p1a: Chansey|2
|move|p1a: Chansey|Sing|p2a: Jolteon|[miss]
|-miss|p1a: Chansey
|
|turn|7
|L|mewwo
|choice|move 4|move 4
|
|move|p2a: Jolteon|Double Kick|p1a: Chansey
|-supereffective|p1a: Chansey
|-damage|p1a: Chansey|273\/703 par
|-damage|p1a: Chansey|174\/703 par
|-hitcount|p1a: Chansey|2
|move|p1a: Chansey|Soft-Boiled|p1a: Chansey
|-heal|p1a: Chansey|525\/703 par
|
|turn|8
|choice|move 4|move 4
|
|move|p2a: Jolteon|Double Kick|p1a: Chansey
|-supereffective|p1a: Chansey
|-damage|p1a: Chansey|429\/703 par
|-damage|p1a: Chansey|333\/703 par
|-hitcount|p1a: Chansey|2
|cant|p1a: Chansey|par
|
|turn|9
|choice|move 4|move 4
|
|move|p2a: Jolteon|Double Kick|p1a: Chansey
|-supereffective|p1a: Chansey
|-damage|p1a: Chansey|224\/703 par
|-damage|p1a: Chansey|115\/703 par
|-hitcount|p1a: Chansey|2
|cant|p1a: Chansey|par
|
|turn|10
|choice|move 4|move 4
|
|move|p2a: Jolteon|Double Kick|p1a: Chansey
|-supereffective|p1a: Chansey
|-damage|p1a: Chansey|6\/703 par
|-damage|p1a: Chansey|0 fnt
|-hitcount|p1a: Chansey|2
|faint|p1a: Chansey
|c|★Dice|this is deserved after our last game
|c|★Dice|AF
|choice|switch 5|
|
|switch|p1a: Snorlax|Snorlax|523\/523
|turn|11
|c|+trc|you're so good dice lol
|choice|move 1|move 3
|
|move|p2a: Jolteon|Thunder Wave|p1a: Snorlax
|-status|p1a: Snorlax|par
|move|p1a: Snorlax|Body Slam|p2a: Jolteon
|-damage|p2a: Jolteon|195\/333
|-status|p2a: Jolteon|par
|
|turn|12
|choice|move 3|move 1
|
|move|p2a: Jolteon|Thunderbolt|p1a: Snorlax
|-damage|p1a: Snorlax|365\/523 par
|move|p1a: Snorlax|Earthquake|p2a: Jolteon
|-supereffective|p2a: Jolteon
|-damage|p2a: Jolteon|0 fnt
|faint|p2a: Jolteon
|choice||switch 3
|
|switch|p2a: Snorlax|Snorlax|523\/523
|turn|13
|choice|move 2|move 2
|
|move|p2a: Snorlax|Body Slam|p1a: Snorlax
|-damage|p1a: Snorlax|237\/523 par
|move|p1a: Snorlax|Self-Destruct|p2a: Snorlax
|-damage|p2a: Snorlax|113\/523
|faint|p1a: Snorlax
|choice|switch 2|
|
|switch|p1a: Tauros|Tauros|353\/353
|turn|14
|J|YABO
|choice|move 3|switch 6
|
|switch|p2a: Exeggutor|Exeggutor|393\/393
|move|p1a: Tauros|Body Slam|p2a: Exeggutor
|-crit|p2a: Exeggutor
|-damage|p2a: Exeggutor|177\/393
|
|turn|15
|choice|move 2|move 3
|
|move|p1a: Tauros|Hyper Beam|p2a: Exeggutor
|-damage|p2a: Exeggutor|0 fnt
|faint|p2a: Exeggutor
|choice||switch 4
|
|switch|p2a: Chansey|Chansey|703\/703
|turn|16
|choice|switch 4|move 4
|
|switch|p1a: Hypno|Hypno|65\/373 par
|move|p2a: Chansey|Sing|p1a: Hypno
|-fail|p1a: Hypno
|
|turn|17
|c|★Dice|hm
|L|YABO
|choice|switch 3|move 2
|
|switch|p1a: Slowbro|Slowbro|393\/393
|move|p2a: Chansey|Seismic Toss|p1a: Slowbro
|-damage|p1a: Slowbro|293\/393
|
|turn|18
|choice|move 3|move 4
|
|move|p2a: Chansey|Sing|p1a: Slowbro|[miss]
|-miss|p2a: Chansey
|move|p1a: Slowbro|Thunder Wave|p2a: Chansey
|-status|p2a: Chansey|par
|
|turn|19
|choice|switch 3|move 2
|
|switch|p1a: Hypno|Hypno|65\/373 par
|move|p2a: Chansey|Seismic Toss|p1a: Hypno
|-damage|p1a: Hypno|0 fnt
|faint|p1a: Hypno
|choice|switch 4|
|
|switch|p1a: Tauros|Tauros|353\/353
|turn|20
|choice|move 3|switch 6
|
|switch|p2a: Snorlax|Snorlax|113\/523
|move|p1a: Tauros|Body Slam|p2a: Snorlax
|-damage|p2a: Snorlax|0 fnt
|faint|p2a: Snorlax
|choice||switch 2
|
|switch|p2a: Zapdos|Zapdos|383\/383
|turn|21
|choice|move 3|move 3
|
|move|p1a: Tauros|Body Slam|p2a: Zapdos
|-damage|p2a: Zapdos|267\/383
|move|p2a: Zapdos|Thunder Wave|p1a: Tauros
|-status|p1a: Tauros|par
|
|turn|22
|choice|move 3|move 1
|
|move|p2a: Zapdos|Thunderbolt|p1a: Tauros
|-damage|p1a: Tauros|194\/353 par
|move|p1a: Tauros|Body Slam|p2a: Zapdos
|-crit|p2a: Zapdos
|-damage|p2a: Zapdos|36\/383
|
|turn|23
|choice|move 3|move 4
|
|move|p2a: Zapdos|Thunder|p1a: Tauros
|-damage|p1a: Tauros|0 fnt
|faint|p1a: Tauros
|choice|switch 6|
|
|switch|p1a: Starmie|Starmie|323\/323
|turn|24
|J|Tobes
|choice|switch 3|switch 6
|
|switch|p1a: Slowbro|Slowbro|293\/393
|switch|p2a: Chansey|Chansey|703\/703 par
|
|turn|25
|choice|move 1|move 4
|
|move|p1a: Slowbro|Amnesia|p1a: Slowbro
|-boost|p1a: Slowbro|spd|2
|-boost|p1a: Slowbro|spa|2
|move|p2a: Chansey|Sing|p1a: Slowbro
|-status|p1a: Slowbro|slp
|
|turn|26
|choice|move 2|switch 6
|
|switch|p2a: Zapdos|Zapdos|36\/383
|cant|p1a: Slowbro|slp
|
|turn|27
|choice|move 2|move 1
|
|move|p2a: Zapdos|Thunderbolt|p1a: Slowbro
|-supereffective|p1a: Slowbro
|-damage|p1a: Slowbro|151\/393 slp
|cant|p1a: Slowbro|slp
|
|turn|28
|choice|switch 3|move 1
|
|switch|p1a: Starmie|Starmie|323\/323
|move|p2a: Zapdos|Thunderbolt|p1a: Starmie
|-supereffective|p1a: Starmie
|-damage|p1a: Starmie|54\/323
|
|turn|29
|choice|move 4|switch 6
|
|switch|p2a: Chansey|Chansey|703\/703 par
|move|p1a: Starmie|Recover|p1a: Starmie
|-heal|p1a: Starmie|215\/323
|
|turn|30
|choice|switch 3|move 1
|
|switch|p1a: Slowbro|Slowbro|151\/393 slp
|cant|p2a: Chansey|par
|
|turn|31
|choice|switch 3|switch 6
|
|switch|p1a: Starmie|Starmie|215\/323
|switch|p2a: Zapdos|Zapdos|36\/383
|
|turn|32
|c|★Dice|u need
|c|★Dice|stealth rock
|c|★Dice|yn
|choice|move 1|switch 6
|
|switch|p2a: Chansey|Chansey|703\/703 par
|move|p1a: Starmie|Thunderbolt|p2a: Chansey
|-crit|p2a: Chansey
|-damage|p2a: Chansey|560\/703 par
|
|turn|33
|choice|switch 3|move 1
|
|switch|p1a: Slowbro|Slowbro|151\/393 slp
|move|p2a: Chansey|Thunder Wave|p1a: Slowbro
|-fail|p1a: Slowbro
|
|turn|34
|choice|switch 3|switch 6
|
|switch|p1a: Starmie|Starmie|215\/323
|switch|p2a: Zapdos|Zapdos|36\/383
|
|turn|35
|choice|move 1|switch 6
|
|switch|p2a: Chansey|Chansey|560\/703 par
|move|p1a: Starmie|Thunderbolt|p2a: Chansey
|-crit|p2a: Chansey
|-damage|p2a: Chansey|414\/703 par
|
|turn|36
|choice|switch 3|move 3
|
|switch|p1a: Slowbro|Slowbro|151\/393 slp
|move|p2a: Chansey|Soft-Boiled|p2a: Chansey
|-heal|p2a: Chansey|703\/703 par
|
|turn|37
|choice|switch 3|switch 6
|
|switch|p1a: Starmie|Starmie|215\/323
|switch|p2a: Zapdos|Zapdos|36\/383
|
|turn|38
|choice|move 1|switch 6
|
|switch|p2a: Chansey|Chansey|703\/703 par
|move|p1a: Starmie|Thunderbolt|p2a: Chansey
|-damage|p2a: Chansey|630\/703 par
|
|turn|39
|choice|move 1|move 2
|
|move|p1a: Starmie|Thunderbolt|p2a: Chansey
|-damage|p2a: Chansey|554\/703 par
|cant|p2a: Chansey|par
|
|turn|40
|J|Stathakis
|choice|switch 3|move 3
|
|switch|p1a: Slowbro|Slowbro|151\/393 slp
|move|p2a: Chansey|Soft-Boiled|p2a: Chansey
|-heal|p2a: Chansey|703\/703 par
|
|turn|41
|J|BLINGAS
|choice|switch 3|switch 6
|
|switch|p1a: Starmie|Starmie|215\/323
|switch|p2a: Zapdos|Zapdos|36\/383
|
|turn|42
|L|trc
|choice|move 1|switch 6
|
|switch|p2a: Chansey|Chansey|703\/703 par
|move|p1a: Starmie|Thunderbolt|p2a: Chansey
|-damage|p2a: Chansey|637\/703 par
|
|turn|43
|choice|switch 3|move 2
|
|switch|p1a: Slowbro|Slowbro|151\/393 slp
|move|p2a: Chansey|Seismic Toss|p1a: Slowbro
|-damage|p1a: Slowbro|51\/393 slp
|
|turn|44
|choice|move 1|switch 6
|
|switch|p2a: Zapdos|Zapdos|36\/383
|cant|p1a: Slowbro|slp
|
|turn|45
|choice|move 1|move 1
|
|move|p2a: Zapdos|Thunderbolt|p1a: Slowbro
|-supereffective|p1a: Slowbro
|-damage|p1a: Slowbro|0 fnt
|faint|p1a: Slowbro
|choice|switch 3|
|
|switch|p1a: Starmie|Starmie|215\/323
|turn|46
|choice|move 3|switch 6
|
|switch|p2a: Chansey|Chansey|637\/703 par
|move|p1a: Starmie|Blizzard|p2a: Chansey
|-damage|p2a: Chansey|542\/703 par
|
|turn|47
|choice|move 3|move 3
|
|move|p1a: Starmie|Blizzard|p2a: Chansey
|-damage|p2a: Chansey|453\/703 par
|move|p2a: Chansey|Soft-Boiled|p2a: Chansey
|-heal|p2a: Chansey|703\/703 par
|
|turn|48
|choice|move 1|move 4
|
|move|p1a: Starmie|Thunderbolt|p2a: Chansey
|-damage|p2a: Chansey|635\/703 par
|move|p2a: Chansey|Sing|p1a: Starmie|[miss]
|-miss|p2a: Chansey
|
|turn|49
|choice|move 1|move 4
|
|move|p1a: Starmie|Thunderbolt|p2a: Chansey
|-damage|p2a: Chansey|559\/703 par
|cant|p2a: Chansey|par
|
|turn|50
|choice|move 4|move 3
|
|move|p1a: Starmie|Recover|p1a: Starmie
|-heal|p1a: Starmie|323\/323
|move|p2a: Chansey|Soft-Boiled|p2a: Chansey
|-heal|p2a: Chansey|703\/703 par
|
|turn|51
|choice|move 1|move 4
|
|move|p1a: Starmie|Thunderbolt|p2a: Chansey
|-crit|p2a: Chansey
|-damage|p2a: Chansey|564\/703 par
|move|p2a: Chansey|Sing|p1a: Starmie|[miss]
|-miss|p2a: Chansey
|
|turn|52
|choice|move 1|move 4
|
|move|p1a: Starmie|Thunderbolt|p2a: Chansey
|-damage|p2a: Chansey|488\/703 par
|move|p2a: Chansey|Sing|p1a: Starmie|[miss]
|-miss|p2a: Chansey
|
|turn|53
|choice|move 1|move 3
|
|move|p1a: Starmie|Thunderbolt|p2a: Chansey
|-damage|p2a: Chansey|416\/703 par
|move|p2a: Chansey|Soft-Boiled|p2a: Chansey
|-heal|p2a: Chansey|703\/703 par
|
|turn|54
|choice|move 1|move 4
|
|move|p1a: Starmie|Thunderbolt|p2a: Chansey
|-crit|p2a: Chansey
|-damage|p2a: Chansey|570\/703 par
|move|p2a: Chansey|Sing|p1a: Starmie
|-status|p1a: Starmie|slp
|
|turn|55
|choice|move 1|switch 6
|
|switch|p2a: Zapdos|Zapdos|36\/383
|cant|p1a: Starmie|slp
|
|turn|56
|choice|move 1|move 1
|
|cant|p1a: Starmie|slp
|move|p2a: Zapdos|Thunderbolt|p1a: Starmie
|-crit|p1a: Starmie
|-supereffective|p1a: Starmie
|-damage|p1a: Starmie|0 fnt
|faint|p1a: Starmie
|
|win|Dice
|player|p1
|player|p2
|c|★Earthworm|gg
|c|★Dice|g g
|L|Dice
|L|BLINGAS
|L|Stathakis
|L|Earthworm
|J|Dice
|L|Dice
|L|Fireburn
|L|OP