|inactive|Battle timer is ON: inactive players will automatically lose when time's up.
|J|Conflict
|J|Dice
|player|p1|Conflict|126
|player|p2|Dice|168
|gametype|singles
|gen|1
|tier|[Gen 1] OU
|seed|48362,12246,17901,59135
|rule|Sleep Clause Mod: Limit one foe put to sleep
|rule|Freeze Clause Mod: Limit one foe frozen
|rule|Species Clause: Limit one of each Pokémon
|rule|OHKO Clause: OHKO moves are banned
|rule|Evasion Moves Clause: Evasion moves are banned
|rule|HP Percentage Mod: HP is shown in percentages
|
|start
|switch|p1a: Gengar|Gengar|323\/323
|switch|p2a: Alakazam|Alakazam|313\/313
|turn|1
|choice|switch 2|move 1
|
|switch|p1a: Exeggutor|Exeggutor|393\/393
|move|p2a: Alakazam|Psychic|p1a: Exeggutor
|-resisted|p1a: Exeggutor
|-damage|p1a: Exeggutor|341\/393
|
|turn|2
|choice|move 4|move 2
|
|move|p2a: Alakazam|Seismic Toss|p1a: Exeggutor
|-damage|p1a: Exeggutor|241\/393
|move|p1a: Exeggutor|Sleep Powder|p2a: Alakazam
|-status|p2a: Alakazam|slp
|
|turn|3
|choice|switch 4|switch 5
|
|switch|p2a: Exeggutor|Exeggutor|393\/393
|switch|p1a: Snorlax|Snorlax|523\/523
|
|turn|4
|choice|switch 4|move 2
|
|switch|p1a: Exeggutor|Exeggutor|241\/393
|move|p2a: Exeggutor|Psychic|p1a: Exeggutor
|-resisted|p1a: Exeggutor
|-damage|p1a: Exeggutor|191\/393
|
|turn|5
|J|Lady bug
|choice|move 1|move 1
|
|move|p1a: Exeggutor|Double-Edge|p2a: Exeggutor
|-damage|p2a: Exeggutor|315\/393
|-damage|p1a: Exeggutor|172\/393|[from] recoil|[of] p2a: Exeggutor
|move|p2a: Exeggutor|Sleep Powder|p1a: Exeggutor
|-status|p1a: Exeggutor|slp
|
|turn|6
|J|Fakkesi
|choice|move 2|move 2
|
|move|p2a: Exeggutor|Psychic|p1a: Exeggutor
|-resisted|p1a: Exeggutor
|-damage|p1a: Exeggutor|124\/393 slp
|-unboost|p1a: Exeggutor|spd|1
|-unboost|p1a: Exeggutor|spa|1
|-curestatus|p1a: Exeggutor|slp
|
|turn|7
|choice|move 2|move 1
|
|move|p2a: Exeggutor|Sleep Powder|p1a: Exeggutor
|-status|p1a: Exeggutor|slp
|cant|p1a: Exeggutor|slp
|
|turn|8
|choice|switch 5|move 2
|
|switch|p1a: Chansey|Chansey|703\/703
|move|p2a: Exeggutor|Psychic|p1a: Chansey
|-damage|p1a: Chansey|581\/703
|-unboost|p1a: Chansey|spd|1
|-unboost|p1a: Chansey|spa|1
|
|turn|9
|choice|move 3|move 4
|
|move|p2a: Exeggutor|Stun Spore|p1a: Chansey
|-status|p1a: Chansey|par
|move|p1a: Chansey|Thunder Wave|p2a: Exeggutor
|-status|p2a: Exeggutor|par
|
|turn|10
|choice|switch 3|move 2
|
|switch|p1a: Articuno|Articuno|383\/383
|move|p2a: Exeggutor|Psychic|p1a: Articuno
|-damage|p1a: Articuno|270\/383
|
|turn|11
|choice|move 1|switch 2
|
|switch|p2a: Lapras|Lapras|463\/463
|move|p1a: Articuno|Blizzard|p2a: Lapras
|-resisted|p2a: Lapras
|-damage|p2a: Lapras|419\/463
|
|turn|12
|c|★Conflict|freeze
|c|★Conflict|fuck
|c|★Conflict|unlucky
|choice|switch 2|move 2
|
|switch|p1a: Gengar|Gengar|323\/323
|move|p2a: Lapras|Blizzard|p1a: Gengar
|-damage|p1a: Gengar|212\/323
|
|turn|13
|c|★Dice|:(
|choice|move 3|move 2
|
|move|p1a: Gengar|Night Shade|p2a: Lapras
|-damage|p2a: Lapras|319\/463
|move|p2a: Lapras|Blizzard|p1a: Gengar
|-crit|p1a: Gengar
|-damage|p1a: Gengar|0 fnt
|faint|p1a: Gengar
|choice|switch 4|
|
|switch|p1a: Snorlax|Snorlax|523\/523
|turn|14
|choice|move 1|move 2
|
|move|p2a: Lapras|Blizzard|p1a: Snorlax
|-damage|p1a: Snorlax|340\/523
|-status|p1a: Snorlax|frz
|cant|p1a: Snorlax|frz
|
|turn|15
|c|★Dice|.
|choice|switch 3|move 2
|
|switch|p1a: Chansey|Chansey|581\/703 par
|move|p2a: Lapras|Blizzard|p1a: Chansey
|-damage|p1a: Chansey|459\/703 par
|
|turn|16
|c|★Conflict|alright
|c|★Conflict|i caught the freeze
|c|★Conflict|now u cant freeze chansey anymore
|choice|move 1|switch 6
|
|switch|p2a: Snorlax|Snorlax|523\/523
|cant|p1a: Chansey|par
|
|turn|17
|choice|switch 2|move 3
|
|switch|p1a: Articuno|Articuno|270\/383
|move|p2a: Snorlax|Hyper Beam|p1a: Articuno
|-damage|p1a: Articuno|88\/383
|
|turn|18
|-mustrecharge|p2a: Snorlax
|-mustrecharge|p2a: Snorlax
|choice|move 1|move 1
|
|move|p1a: Articuno|Blizzard|p2a: Snorlax
|-damage|p2a: Snorlax|311\/523
|-status|p2a: Snorlax|frz
|cant|p2a: Snorlax|recharge
|
|turn|19
|choice|move 4|move 1
|
|move|p1a: Articuno|Sky Attack|p2a: Snorlax|[still]
|-prepare|p1a: Articuno|Sky Attack|p2a: Snorlax
|cant|p2a: Snorlax|frz
|
|turn|20
|c|★Dice|got me
|choice|move 1|move 1
|
|move|p1a: Articuno|Sky Attack|p2a: Snorlax|[from]Sky Attack
|-damage|p2a: Snorlax|121\/523 frz
|cant|p2a: Snorlax|frz
|
|turn|21
|choice|move 4|move 1
|
|move|p1a: Articuno|Sky Attack|p2a: Snorlax|[still]
|-prepare|p1a: Articuno|Sky Attack|p2a: Snorlax
|cant|p2a: Snorlax|frz
|
|turn|22
|choice|move 1|move 1
|
|move|p1a: Articuno|Sky Attack|p2a: Snorlax|[from]Sky Attack
|-damage|p2a: Snorlax|0 fnt
|faint|p2a: Snorlax
|choice||switch 3
|
|switch|p2a: Jolteon|Jolteon|333\/333
|turn|23
|J|Chilled Elephant
|choice|switch 3|move 1
|
|switch|p1a: Snorlax|Snorlax|340\/523 frz
|move|p2a: Jolteon|Thunderbolt|p1a: Snorlax
|-crit|p1a: Snorlax
|-damage|p1a: Snorlax|17\/523 frz
|
|turn|24
|choice|move 3|move 1
|
|move|p2a: Jolteon|Thunderbolt|p1a: Snorlax
|-damage|p1a: Snorlax|0 fnt
|faint|p1a: Snorlax
|choice|switch 2|
|
|switch|p1a: Chansey|Chansey|459\/703 par
|turn|25
|choice|move 3|switch 2
|
|switch|p2a: Exeggutor|Exeggutor|315\/393 par
|cant|p1a: Chansey|par
|
|turn|26
|J|Alexander
|J|Laurel
|choice|move 2|move 3
|
|move|p2a: Exeggutor|Explosion|p1a: Chansey
|-damage|p1a: Chansey|0 fnt
|faint|p1a: Chansey
|faint|p2a: Exeggutor
|L|Laurel
|L|Alexander
|J|Villa
|choice|switch 6|switch 2
|
|switch|p2a: Jolteon|Jolteon|333\/333
|switch|p1a: Tauros|Tauros|353\/353
|turn|27
|choice|move 3|move 3
|
|move|p2a: Jolteon|Thunder Wave|p1a: Tauros
|-status|p1a: Tauros|par
|move|p1a: Tauros|Earthquake|p2a: Jolteon
|-supereffective|p2a: Jolteon
|-damage|p2a: Jolteon|111\/333
|
|turn|28
|J|Bomber
|choice|move 3|move 1
|
|move|p2a: Jolteon|Thunderbolt|p1a: Tauros
|-damage|p1a: Tauros|199\/353 par
|cant|p1a: Tauros|par
|
|turn|29
|choice|move 3|move 1
|
|move|p2a: Jolteon|Thunderbolt|p1a: Tauros
|-damage|p1a: Tauros|60\/353 par
|cant|p1a: Tauros|par
|
|turn|30
|c|★Conflict|gg
|choice|move 3|move 1
|
|move|p2a: Jolteon|Thunderbolt|p1a: Tauros
|-crit|p1a: Tauros
|-damage|p1a: Tauros|0 fnt
|faint|p1a: Tauros
|c|★Dice|g g
|-message|Conflict forfeited.
|
|win|Dice