|J|KratosMana
|J|Nails
|player|p1|KratosMana|265
|player|p2|Nails|1
|gametype|singles
|gen|1
|tier|[Gen 1] Random Battle
|seed|613,43379,16914,32346
|rule|Sleep Clause Mod: Limit one foe put to sleep
|rule|Freeze Clause Mod: Limit one foe frozen
|rule|HP Percentage Mod: HP is shown in percentages
|
|start
|switch|p1a: Tauros|Tauros, L79|280\/280
|switch|p2a: Staryu|Staryu, L90|237\/237
|turn|1
|c|★KratosMana|oh boy
|c|★KratosMana|good lead.
|c|★Nails|,,,
|J|kamisamano49
|c|★Nails|i got the best mon
|c|★Nails|without its set
|c|★Nails|sigh
|choice|move 2|move 3
|
|move|p1a: Tauros|Body Slam|p2a: Staryu
|-damage|p2a: Staryu|144\/237
|move|p2a: Staryu|Thunder Wave|p1a: Tauros
|-status|p1a: Tauros|par
|
|turn|2
|c|★KratosMana|omg
|c|★KratosMana|fat.
|choice|move 2|move 1
|
|move|p2a: Staryu|Recover|p2a: Staryu
|-heal|p2a: Staryu|237\/237
|cant|p1a: Tauros|par
|
|turn|3
|choice|move 2|move 4
|
|move|p2a: Staryu|Surf|p1a: Tauros
|-crit|p1a: Tauros
|-damage|p1a: Tauros|46\/280 par
|move|p1a: Tauros|Body Slam|p2a: Staryu
|-damage|p2a: Staryu|130\/237
|-status|p2a: Staryu|par
|
|turn|4
|c|★KratosMana|rip.
|choice|move 3|switch 2
|
|switch|p2a: Vaporeon|Vaporeon, L85|395\/395
|move|p1a: Tauros|Hyper Beam|p2a: Vaporeon
|-damage|p2a: Vaporeon|223\/395
|
|turn|5
|-mustrecharge|p1a: Tauros
|-mustrecharge|p1a: Tauros
|choice|move 1|move 2
|
|move|p2a: Vaporeon|Body Slam|p1a: Tauros
|-damage|p1a: Tauros|0 fnt
|faint|p1a: Tauros
|choice|switch 4|
|
|switch|p1a: Jolteon|Jolteon, L79|265\/265
|turn|6
|choice|move 1|switch 3
|
|switch|p2a: Ivysaur|Ivysaur, L85|276\/276
|move|p1a: Jolteon|Thunderbolt|p2a: Ivysaur
|-crit|p2a: Ivysaur
|-resisted|p2a: Ivysaur
|-damage|p2a: Ivysaur|178\/276
|
|turn|7
|choice|switch 5|move 2
|
|switch|p1a: Metapod|Metapod, L99|300\/300
|move|p2a: Ivysaur|Body Slam|p1a: Metapod
|-damage|p1a: Metapod|250\/300
|-status|p1a: Metapod|par
|
|turn|8
|choice|move 1|move 3
|
|move|p2a: Ivysaur|Swords Dance|p2a: Ivysaur
|-boost|p2a: Ivysaur|atk|2
|move|p1a: Metapod|Tackle|p2a: Ivysaur
|-damage|p2a: Ivysaur|159\/276
|
|turn|9
|choice|move 1|move 4
|
|move|p2a: Ivysaur|Leech Seed|p1a: Metapod
|-start|p1a: Metapod|move: Leech Seed
|move|p1a: Metapod|Tackle|p2a: Ivysaur
|-damage|p2a: Ivysaur|139\/276
|-damage|p1a: Metapod|232\/300 par|[from] Leech Seed|[of] p2a: Ivysaur
|-heal|p2a: Ivysaur|157\/276|[silent]
|
|turn|10
|choice|switch 3|move 2
|
|switch|p1a: Tentacruel|Tentacruel, L85|310\/310
|move|p2a: Ivysaur|Body Slam|p1a: Tentacruel
|-damage|p1a: Tentacruel|196\/310
|
|turn|11
|J|Luigi
|choice|move 2|switch 3
|
|switch|p2a: Vaporeon|Vaporeon, L85|223\/395
|move|p1a: Tentacruel|Blizzard|p2a: Vaporeon|[miss]
|-miss|p1a: Tentacruel
|
|turn|12
|choice|switch 3|move 2
|
|switch|p1a: Metapod|Metapod, L99|232\/300 par
|move|p2a: Vaporeon|Body Slam|p1a: Metapod
|-damage|p1a: Metapod|178\/300 par
|
|turn|13
|choice|move 1|switch 2
|
|switch|p2a: Staryu|Staryu, L90|130\/237 par
|move|p1a: Metapod|Tackle|p2a: Staryu
|-damage|p2a: Staryu|109\/237 par
|
|turn|14
|J|TDK
|choice|switch 5|move 1
|
|switch|p1a: Jolteon|Jolteon, L79|265\/265
|cant|p2a: Staryu|par
|
|turn|15
|choice|move 1|switch 3
|
|switch|p2a: Ivysaur|Ivysaur, L85|157\/276
|move|p1a: Jolteon|Thunderbolt|p2a: Ivysaur
|-crit|p2a: Ivysaur
|-resisted|p2a: Ivysaur
|-damage|p2a: Ivysaur|54\/276
|
|turn|16
|choice|move 1|move 2
|
|move|p1a: Jolteon|Thunderbolt|p2a: Ivysaur
|-crit|p2a: Ivysaur
|-resisted|p2a: Ivysaur
|-damage|p2a: Ivysaur|0 fnt
|faint|p2a: Ivysaur
|J|SOMALIA
|c|★Nails|.jolteon
|choice||switch 4
|
|switch|p2a: Muk|Muk, L90|372\/372
|turn|17
|c|★KratosMana|.!jolteon
|choice|switch 2|move 2
|
|switch|p1a: Omastar|Omastar, L90|309\/309
|move|p2a: Muk|Body Slam|p1a: Omastar
|-resisted|p1a: Omastar
|-damage|p1a: Omastar|283\/309
|-status|p1a: Omastar|par
|
|turn|18
|choice|move 3|move 4
|
|move|p2a: Muk|Mega Drain|p1a: Omastar
|-supereffective|p1a: Omastar
|-damage|p1a: Omastar|201\/309 par
|move|p1a: Omastar|Surf|p2a: Muk
|-damage|p2a: Muk|238\/372
|
|turn|19
|choice|move 3|move 4
|
|move|p2a: Muk|Mega Drain|p1a: Omastar
|-supereffective|p1a: Omastar
|-damage|p1a: Omastar|115\/309 par
|-heal|p2a: Muk|281\/372|[from] drain|[of] p1a: Omastar
|move|p1a: Omastar|Surf|p2a: Muk
|-damage|p2a: Muk|139\/372
|
|turn|20
|choice|switch 3|switch 3
|
|switch|p2a: Staryu|Staryu, L90|109\/237 par
|switch|p1a: Tentacruel|Tentacruel, L85|196\/310
|
|turn|21
|c|★KratosMana|got me 
|choice|switch 2|move 1
|
|switch|p1a: Jolteon|Jolteon, L79|265\/265
|move|p2a: Staryu|Recover|p2a: Staryu
|-heal|p2a: Staryu|227\/237 par
|
|turn|22
|choice|move 1|switch 3
|
|switch|p2a: Muk|Muk, L90|139\/372
|move|p1a: Jolteon|Thunderbolt|p2a: Muk
|-damage|p2a: Muk|27\/372
|
|turn|23
|choice|move 1|move 1
|
|move|p1a: Jolteon|Thunderbolt|p2a: Muk
|-damage|p2a: Muk|0 fnt
|faint|p2a: Muk
|choice||switch 5
|
|switch|p2a: Pinsir|Pinsir, L85|284\/284
|turn|24
|choice|switch 3|move 2
|
|switch|p1a: Omastar|Omastar, L90|115\/309 par
|move|p2a: Pinsir|Body Slam|p1a: Omastar
|-resisted|p1a: Omastar
|-damage|p1a: Omastar|87\/309 par
|
|turn|25
|choice|move 3|move 3
|
|move|p2a: Pinsir|Submission|p1a: Omastar
|-supereffective|p1a: Omastar
|-damage|p1a: Omastar|0 fnt
|-damage|p2a: Pinsir|263\/284|[from] recoil|[of] p1a: Omastar
|faint|p1a: Omastar
|L|SOMALIA
|choice|switch 6|
|
|switch|p1a: Flareon|Flareon, L90|300\/300
|turn|26
|choice|move 4|move 1
|
|move|p2a: Pinsir|Swords Dance|p2a: Pinsir
|-boost|p2a: Pinsir|atk|2
|move|p1a: Flareon|Body Slam|p2a: Pinsir
|-damage|p2a: Pinsir|185\/284
|-status|p2a: Pinsir|par
|
|turn|27
|c|★Nails|wheres the double
|c|★KratosMana|predicted.
|choice|move 3|move 2
|
|move|p1a: Flareon|Fire Blast|p2a: Pinsir
|-supereffective|p2a: Pinsir
|-damage|p2a: Pinsir|0 fnt
|faint|p2a: Pinsir
|choice||switch 6
|
|switch|p2a: Dragonite|Dragonite, L85|328\/328
|turn|28
|choice|move 4|move 4
|
|move|p2a: Dragonite|Surf|p1a: Flareon
|-supereffective|p1a: Flareon
|-damage|p1a: Flareon|185\/300
|move|p1a: Flareon|Body Slam|p2a: Dragonite
|-crit|p2a: Dragonite
|-damage|p2a: Dragonite|173\/328
|-status|p2a: Dragonite|par
|
|turn|29
|choice|move 4|move 2
|
|move|p1a: Flareon|Body Slam|p2a: Dragonite
|-damage|p2a: Dragonite|94\/328 par
|move|p2a: Dragonite|Hyper Beam|p1a: Flareon|[miss]
|-miss|p2a: Dragonite
|
|turn|30
|c|★KratosMana|well trained.
|c|★Nails|i cant outplay this guy
|c|★Nails|no wonder u did so well in rby
|choice|move 2|move 2
|
|move|p1a: Flareon|Hyper Beam|p2a: Dragonite
|-damage|p2a: Dragonite|0 fnt
|faint|p2a: Dragonite
|c|★KratosMana|lmao
|c|★KratosMana|my rby luck is p insane tbh
|-message|Nails forfeited.
|
|win|KratosMana