|J|BKC
|J|average fella
|player|p1|BKC|#bkc
|player|p2|average fella|271
|gametype|singles
|gen|1
|tier|[Gen 1] OU
|seed|28626,31391,18709,18114
|rule|Sleep Clause Mod: Limit one foe put to sleep
|rule|Freeze Clause Mod: Limit one foe frozen
|rule|Species Clause: Limit one of each Pokémon
|rule|OHKO Clause: OHKO moves are banned
|rule|Evasion Moves Clause: Evasion moves are banned
|rule|HP Percentage Mod: HP is shown in percentages
|
|start
|switch|p1a: psycho killer|Alakazam|313\/313
|switch|p2a: THUNDER WAVE N DIE|Alakazam|313\/313
|turn|1
|c|★average fella|glhf
|c|★BKC|you too
|choice|switch 2|move 3
|
|switch|p1a: qu'estce que c'est|Exeggutor|393\/393
|move|p2a: THUNDER WAVE N DIE|Thunder Wave|p1a: qu'estce que c'est
|-status|p1a: qu'estce que c'est|par
|
|turn|2
|J|Aurious
|J|Smackah1
|choice|move 1|move 1
|
|move|p2a: THUNDER WAVE N DIE|Psychic|p1a: qu'estce que c'est
|-resisted|p1a: qu'estce que c'est
|-damage|p1a: qu'estce que c'est|342\/393 par
|cant|p1a: qu'estce que c'est|par
|
|turn|3
|choice|move 1|move 1
|
|move|p2a: THUNDER WAVE N DIE|Psychic|p1a: qu'estce que c'est
|-resisted|p1a: qu'estce que c'est
|-damage|p1a: qu'estce que c'est|289\/393 par
|move|p1a: qu'estce que c'est|Sleep Powder|p2a: THUNDER WAVE N DIE
|-status|p2a: THUNDER WAVE N DIE|slp
|
|turn|4
|choice|switch 3|switch 2
|
|switch|p2a: Golem|Golem|363\/363
|switch|p1a: fafafafa fafa fa|Snorlax|523\/523
|
|turn|5
|choice|switch 3|move 2
|
|switch|p1a: qu'estce que c'est|Exeggutor|289\/393 par
|move|p2a: Golem|Explosion|p1a: qu'estce que c'est
|-crit|p1a: qu'estce que c'est
|-damage|p1a: qu'estce que c'est|0 fnt
|faint|p1a: qu'estce que c'est
|faint|p2a: Golem
|choice|switch 2|switch 6
|
|switch|p1a: psycho killer|Alakazam|313\/313
|switch|p2a: Persian|Persian|333\/333
|turn|6
|J|xMarth
|choice|move 1|switch 2
|
|switch|p2a: THUNDER WAVE N DIE|Alakazam|313\/313 slp
|move|p1a: psycho killer|Psychic|p2a: THUNDER WAVE N DIE
|-resisted|p2a: THUNDER WAVE N DIE
|-damage|p2a: THUNDER WAVE N DIE|264\/313 slp
|
|turn|7
|choice|move 4|move 3
|
|move|p1a: psycho killer|Seismic Toss|p2a: THUNDER WAVE N DIE
|-damage|p2a: THUNDER WAVE N DIE|164\/313 slp
|-curestatus|p2a: THUNDER WAVE N DIE|slp
|
|turn|8
|choice|move 3|move 3
|
|move|p1a: psycho killer|Thunder Wave|p2a: THUNDER WAVE N DIE
|-status|p2a: THUNDER WAVE N DIE|par
|cant|p2a: THUNDER WAVE N DIE|par
|
|turn|9
|choice|move 4|move 3
|
|move|p1a: psycho killer|Seismic Toss|p2a: THUNDER WAVE N DIE
|-damage|p2a: THUNDER WAVE N DIE|64\/313 par
|move|p2a: THUNDER WAVE N DIE|Thunder Wave|p1a: psycho killer
|-status|p1a: psycho killer|par
|
|turn|10
|J|Despotar274
|choice|move 4|move 1
|
|cant|p1a: psycho killer|par
|move|p2a: THUNDER WAVE N DIE|Psychic|p1a: psycho killer
|-crit|p1a: psycho killer
|-resisted|p1a: psycho killer
|-damage|p1a: psycho killer|207\/313 par
|
|turn|11
|J|heavenhand
|J|quaggsterrr
|choice|move 4|move 1
|
|move|p2a: THUNDER WAVE N DIE|Psychic|p1a: psycho killer
|-crit|p1a: psycho killer
|-resisted|p1a: psycho killer
|-damage|p1a: psycho killer|110\/313 par
|cant|p1a: psycho killer|par
|
|turn|12
|choice|move 2|move 1
|
|move|p1a: psycho killer|Recover|p1a: psycho killer
|-heal|p1a: psycho killer|266\/313 par
|move|p2a: THUNDER WAVE N DIE|Psychic|p1a: psycho killer
|-resisted|p1a: psycho killer
|-damage|p1a: psycho killer|217\/313 par
|
|turn|13
|L|quaggsterrr
|choice|move 4|move 2
|
|move|p1a: psycho killer|Seismic Toss|p2a: THUNDER WAVE N DIE
|-damage|p2a: THUNDER WAVE N DIE|0 fnt
|faint|p2a: THUNDER WAVE N DIE
|choice||switch 2
|
|switch|p2a: Persian|Persian|333\/333
|turn|14
|J|Alex Galchenyuk
|choice|move 3|move 1
|
|move|p2a: Persian|Slash|p1a: psycho killer
|-crit|p1a: psycho killer
|-damage|p1a: psycho killer|10\/313 par
|cant|p1a: psycho killer|par
|
|turn|15
|J|danilo
|c|★BKC|lame
|choice|move 3|move 1
|
|move|p2a: Persian|Slash|p1a: psycho killer
|-crit|p1a: psycho killer
|-damage|p1a: psycho killer|0 fnt
|faint|p1a: psycho killer
|c|★average fella|gen 1 jesus
|c|★BKC|slash always crits
|J|the uranus queen
|choice|switch 4|
|
|switch|p1a: fa fa far better|Starmie|323\/323
|turn|16
|choice|move 3|move 1
|
|move|p1a: fa fa far better|Thunder Wave|p2a: Persian
|-status|p2a: Persian|par
|move|p2a: Persian|Slash|p1a: fa fa far better
|-crit|p1a: fa fa far better
|-damage|p1a: fa fa far better|186\/323
|
|turn|17
|choice|move 4|move 2
|
|move|p1a: fa fa far better|Recover|p1a: fa fa far better
|-heal|p1a: fa fa far better|323\/323
|move|p2a: Persian|Hyper Beam|p1a: fa fa far better
|-damage|p1a: fa fa far better|173\/323
|
|turn|18
|-mustrecharge|p2a: Persian
|-mustrecharge|p2a: Persian
|choice|move 2|move 1
|
|move|p1a: fa fa far better|Psychic|p2a: Persian
|-damage|p2a: Persian|186\/333 par
|cant|p2a: Persian|recharge
|
|turn|19
|J|dancin man
|choice|move 4|switch 3
|
|switch|p2a: CHANSEY THE BBW|Chansey|703\/703
|move|p1a: fa fa far better|Recover|p1a: fa fa far better
|-heal|p1a: fa fa far better|323\/323
|
|turn|20
|choice|move 3|move 4
|
|move|p1a: fa fa far better|Thunder Wave|p2a: CHANSEY THE BBW
|-status|p2a: CHANSEY THE BBW|par
|cant|p2a: CHANSEY THE BBW|par
|
|turn|21
|choice|move 2|move 4
|
|move|p1a: fa fa far better|Psychic|p2a: CHANSEY THE BBW
|-crit|p2a: CHANSEY THE BBW
|-damage|p2a: CHANSEY THE BBW|504\/703 par
|cant|p2a: CHANSEY THE BBW|par
|
|turn|22
|choice|move 2|move 4
|
|move|p1a: fa fa far better|Psychic|p2a: CHANSEY THE BBW
|-damage|p2a: CHANSEY THE BBW|394\/703 par
|cant|p2a: CHANSEY THE BBW|par
|
|turn|23
|choice|switch 3|move 4
|
|switch|p1a: fafafafa fafa fa|Snorlax|523\/523
|move|p2a: CHANSEY THE BBW|Thunder Wave|p1a: fafafafa fafa fa
|-status|p1a: fafafafa fafa fa|par
|
|turn|24
|choice|move 1|switch 3
|
|switch|p2a: Persian|Persian|186\/333 par
|move|p1a: fafafafa fafa fa|Body Slam|p2a: Persian
|-damage|p2a: Persian|47\/333 par
|
|turn|25
|J|quaggsterrr
|c|★average fella|i feel like the parahax chance is never really 25%
|choice|switch 3|move 1
|
|switch|p1a: fa fa far better|Starmie|323\/323
|cant|p2a: Persian|par
|
|turn|26
|c|★average fella|its at LEAST 50%
|c|★BKC|lol same
|choice|move 2|move 1
|
|move|p1a: fa fa far better|Psychic|p2a: Persian
|-damage|p2a: Persian|0 fnt
|faint|p2a: Persian
|choice||switch 3
|
|switch|p2a: CHANSEY THE BBW|Chansey|394\/703 par
|turn|27
|c|★BKC|id love a twave ban tbh
|choice|switch 3|move 2
|
|switch|p1a: fafafafa fafa fa|Snorlax|523\/523 par
|move|p2a: CHANSEY THE BBW|Soft-Boiled|p2a: CHANSEY THE BBW
|-heal|p2a: CHANSEY THE BBW|703\/703 par
|
|turn|28
|choice|move 2|switch 4
|
|switch|p2a: Tauros|Tauros|353\/353
|cant|p1a: fafafafa fafa fa|par
|
|turn|29
|choice|move 1|move 1
|
|move|p2a: Tauros|Body Slam|p1a: fafafafa fafa fa
|-damage|p1a: fafafafa fafa fa|402\/523 par
|move|p1a: fafafafa fafa fa|Body Slam|p2a: Tauros
|-damage|p2a: Tauros|246\/353
|
|turn|30
|choice|switch 3|move 1
|
|switch|p1a: fa fa far better|Starmie|323\/323
|move|p2a: Tauros|Body Slam|p1a: fa fa far better
|-damage|p1a: fa fa far better|214\/323
|
|turn|31
|choice|move 2|move 1
|
|move|p1a: fa fa far better|Psychic|p2a: Tauros
|-damage|p2a: Tauros|106\/353
|-unboost|p2a: Tauros|spd|1
|-unboost|p2a: Tauros|spa|1
|move|p2a: Tauros|Body Slam|p1a: fa fa far better
|-damage|p1a: fa fa far better|111\/323
|-status|p1a: fa fa far better|par
|
|turn|32
|choice|move 2|move 3
|
|move|p2a: Tauros|Hyper Beam|p1a: fa fa far better
|-damage|p1a: fa fa far better|0 fnt
|faint|p1a: fa fa far better
|choice|switch 6|
|
|switch|p1a: run run run away|Tauros|353\/353
|turn|33
|c|★average fella|instead you can have body slam spam!
|choice|move 1|switch 4
|
|switch|p2a: CHANSEY THE BBW|Chansey|703\/703 par
|move|p1a: run run run away|Body Slam|p2a: CHANSEY THE BBW
|-damage|p2a: CHANSEY THE BBW|446\/703 par
|
|turn|34
|J|Jsaok3
|choice|move 3|move 3
|
|move|p1a: run run run away|Hyper Beam|p2a: CHANSEY THE BBW
|-damage|p2a: CHANSEY THE BBW|0 fnt
|faint|p2a: CHANSEY THE BBW
|choice||switch 5
|
|switch|p2a: Zapdos|Zapdos|383\/383
|turn|35
|c|★average fella|is this bo3 or bo1?
|c|★BKC|oh
|c|★BKC|i should check
|c|★average fella|either way i think im losing this
|c|★BKC|3
|choice|move 2|move 4
|
|move|p1a: run run run away|Blizzard|p2a: Zapdos
|-supereffective|p2a: Zapdos
|-damage|p2a: Zapdos|261\/383
|move|p2a: Zapdos|Thunder Wave|p1a: run run run away
|-status|p1a: run run run away|par
|
|turn|36
|choice|move 3|move 3
|
|move|p2a: Zapdos|Drill Peck|p1a: run run run away
|-damage|p1a: run run run away|259\/353 par
|move|p1a: run run run away|Hyper Beam|p2a: Zapdos
|-damage|p2a: Zapdos|70\/383
|
|turn|37
|-mustrecharge|p1a: run run run away
|-mustrecharge|p1a: run run run away
|choice|move 1|move 2
|
|move|p2a: Zapdos|Thunderbolt|p1a: run run run away
|-damage|p1a: run run run away|91\/353 par
|cant|p1a: run run run away|recharge
|
|turn|38
|choice|move 1|move 3
|
|move|p2a: Zapdos|Drill Peck|p1a: run run run away
|-damage|p1a: run run run away|0 fnt
|faint|p1a: run run run away
|choice|switch 5|
|
|switch|p1a: run run run run|Jolteon|333\/333
|turn|39
|choice|move 1|move 2
|
|move|p1a: run run run run|Thunderbolt|p2a: Zapdos
|-damage|p2a: Zapdos|0 fnt
|faint|p2a: Zapdos
|choice||switch 4
|
|switch|p2a: Tauros|Tauros|106\/353
|turn|40
|choice|move 1|move 3
|
|move|p1a: run run run run|Thunderbolt|p2a: Tauros
|-damage|p2a: Tauros|0 fnt
|faint|p2a: Tauros
|
|win|BKC