|J|tamahome
|J|dice
|player|p1|tamahome|265
|player|p2|dice|168
|gametype|singles
|gen|1
|tier|[Gen 1] OU
|seed|55801,59177,50581,58270
|rule|Sleep Clause Mod: Limit one foe put to sleep
|rule|Freeze Clause Mod: Limit one foe frozen
|rule|Species Clause: Limit one of each Pokémon
|rule|OHKO Clause: OHKO moves are banned
|rule|Evasion Moves Clause: Evasion moves are banned
|rule|HP Percentage Mod: HP is shown in percentages
|
|start
|switch|p1a: Gengar|Gengar|323\/323
|switch|p2a: Starmie|Starmie|323\/323
|turn|1
|J|SunnyORAS
|choice|switch 4|move 3
|
|switch|p1a: Starmie|Starmie|323\/323
|move|p2a: Starmie|Psychic|p1a: Starmie
|-resisted|p1a: Starmie
|-damage|p1a: Starmie|269\/323
|
|turn|2
|choice|move 2|switch 2
|
|switch|p2a: Alakazam|Alakazam|313\/313
|move|p1a: Starmie|Thunderbolt|p2a: Alakazam
|-damage|p2a: Alakazam|250\/313
|
|turn|3
|choice|switch 5|move 3
|
|switch|p1a: Alakazam|Alakazam|313\/313
|move|p2a: Alakazam|Thunder Wave|p1a: Alakazam
|-status|p1a: Alakazam|par
|
|turn|4
|choice|move 3|move 1
|
|move|p2a: Alakazam|Psychic|p1a: Alakazam
|-crit|p1a: Alakazam
|-resisted|p1a: Alakazam
|-damage|p1a: Alakazam|206\/313 par
|-unboost|p1a: Alakazam|spd|1
|-unboost|p1a: Alakazam|spa|1
|move|p1a: Alakazam|Thunder Wave|p2a: Alakazam
|-status|p2a: Alakazam|par
|
|turn|5
|choice|move 4|move 1
|
|move|p2a: Alakazam|Psychic|p1a: Alakazam
|-crit|p1a: Alakazam
|-resisted|p1a: Alakazam
|-damage|p1a: Alakazam|112\/313 par
|-unboost|p1a: Alakazam|spd|1
|-unboost|p1a: Alakazam|spa|1
|move|p1a: Alakazam|Recover|p1a: Alakazam
|-heal|p1a: Alakazam|268\/313 par
|
|turn|6
|choice|move 2|move 1
|
|move|p2a: Alakazam|Psychic|p1a: Alakazam
|-crit|p1a: Alakazam
|-resisted|p1a: Alakazam
|-damage|p1a: Alakazam|159\/313 par
|move|p1a: Alakazam|Seismic Toss|p2a: Alakazam
|-damage|p2a: Alakazam|150\/313 par
|
|turn|7
|choice|move 4|move 4
|
|move|p2a: Alakazam|Recover|p2a: Alakazam
|-heal|p2a: Alakazam|306\/313 par
|move|p1a: Alakazam|Recover|p1a: Alakazam
|-heal|p1a: Alakazam|313\/313 par
|
|turn|8
|choice|switch 5|move 1
|
|switch|p1a: Starmie|Starmie|269\/323
|move|p2a: Alakazam|Psychic|p1a: Starmie
|-resisted|p1a: Starmie
|-damage|p1a: Starmie|207\/323
|-unboost|p1a: Starmie|spd|1
|-unboost|p1a: Starmie|spa|1
|
|turn|9
|choice|switch 5|switch 6
|
|switch|p1a: Alakazam|Alakazam|313\/313 par
|switch|p2a: Snorlax|Snorlax|523\/523
|
|turn|10
|choice|move 1|move 1
|
|move|p2a: Snorlax|Body Slam|p1a: Alakazam
|-crit|p1a: Alakazam
|-damage|p1a: Alakazam|0 fnt
|faint|p1a: Alakazam
|J|Asuk4
|choice|switch 4|
|
|switch|p1a: Gengar|Gengar|323\/323
|turn|11
|c|★tamahome|getting tired bro
|choice|move 2|switch 6
|
|switch|p2a: Alakazam|Alakazam|306\/313 par
|move|p1a: Gengar|Night Shade|p2a: Alakazam
|-damage|p2a: Alakazam|206\/313 par
|
|turn|12
|choice|switch 3|move 3
|
|switch|p1a: Snorlax|Snorlax|523\/523
|move|p2a: Alakazam|Thunder Wave|p1a: Snorlax
|-status|p1a: Snorlax|par
|
|turn|13
|choice|move 1|move 2
|
|move|p2a: Alakazam|Reflect|p2a: Alakazam
|-start|p2a: Alakazam|Reflect
|move|p1a: Snorlax|Body Slam|p2a: Alakazam
|-damage|p2a: Alakazam|118\/313 par
|
|turn|14
|choice|move 4|move 4
|
|cant|p2a: Alakazam|par
|move|p1a: Snorlax|Self-Destruct|p2a: Alakazam
|-damage|p2a: Alakazam|0 fnt
|faint|p2a: Alakazam
|faint|p1a: Snorlax
|choice|switch 3|switch 2
|
|switch|p2a: Starmie|Starmie|323\/323
|switch|p1a: Gengar|Gengar|323\/323
|turn|15
|choice|switch 5|move 3
|
|switch|p1a: Starmie|Starmie|207\/323
|move|p2a: Starmie|Psychic|p1a: Starmie
|-resisted|p1a: Starmie
|-damage|p1a: Starmie|154\/323
|
|turn|16
|choice|move 4|move 4
|
|move|p2a: Starmie|Thunder Wave|p1a: Starmie
|-status|p1a: Starmie|par
|move|p1a: Starmie|Recover|p1a: Starmie
|-heal|p1a: Starmie|315\/323 par
|
|turn|17
|choice|move 1|switch 6
|
|switch|p2a: Snorlax|Snorlax|523\/523
|move|p1a: Starmie|Blizzard|p2a: Snorlax
|-damage|p2a: Snorlax|394\/523
|
|turn|18
|choice|move 1|move 3
|
|move|p2a: Snorlax|Ice Beam|p1a: Starmie
|-resisted|p1a: Starmie
|-damage|p1a: Starmie|287\/323 par
|move|p1a: Starmie|Blizzard|p2a: Snorlax
|-damage|p2a: Snorlax|272\/523
|
|turn|19
|choice|switch 5|move 1
|
|switch|p1a: Gengar|Gengar|323\/323
|move|p2a: Snorlax|Body Slam|p1a: Gengar
|-immune|p1a: Gengar|[msg]
|
|turn|20
|choice|move 2|move 3
|
|move|p1a: Gengar|Night Shade|p2a: Snorlax
|-damage|p2a: Snorlax|172\/523
|move|p2a: Snorlax|Ice Beam|p1a: Gengar
|-damage|p1a: Gengar|272\/323
|-status|p1a: Gengar|frz
|
|turn|21
|c|★dice|lol
|c|★tamahome|gg
|-message|tamahome forfeited.
|
|win|dice