|inactive|Battle timer is ON: inactive players will automatically lose when time's up.
|J|teal6
|J|Luigi
|player|p1|teal6|102
|player|p2|Luigi|103
|gametype|singles
|gen|1
|tier|[Gen 1] OU
|seed|27463,45505,17521,32629
|rule|Sleep Clause Mod: Limit one foe put to sleep
|rule|Freeze Clause Mod: Limit one foe frozen
|rule|Species Clause: Limit one of each Pokémon
|rule|OHKO Clause: OHKO moves are banned
|rule|Evasion Moves Clause: Evasion moves are banned
|rule|HP Percentage Mod: HP is shown in percentages
|
|start
|switch|p1a: Jynx|Jynx|333\/333
|switch|p2a: Alakazam|Alakazam|313\/313
|turn|1
|J|Based Scythe
|J|Can-Eh-Dian
|J|TrueGodsLeftUs
|J|prajpran
|J|KratosMana
|J|choollio
|J|Imanalt
|choice|switch 6|move 3
|
|switch|p1a: Chansey|Chansey|703\/703
|move|p2a: Alakazam|Thunder Wave|p1a: Chansey
|-status|p1a: Chansey|par
|
|turn|2
|L|Based Scythe
|L|KratosMana
|J|Vileman
|J|Jimmy Turtwig
|choice|switch 6|switch 4
|
|switch|p2a: Chansey|Chansey|703\/703
|switch|p1a: Jynx|Jynx|333\/333
|
|turn|3
|L|Jimmy Turtwig
|J|Funk
|choice|move 4|switch 4
|
|switch|p2a: Alakazam|Alakazam|313\/313
|move|p1a: Jynx|Blizzard|p2a: Alakazam
|-damage|p2a: Alakazam|196\/313
|
|turn|4
|J|CasedVictory
|J|Kingmidas
|J|Omastar42
|L|TrueGodsLeftUs
|choice|move 4|move 1
|
|move|p2a: Alakazam|Psychic|p1a: Jynx
|-crit|p1a: Jynx
|-resisted|p1a: Jynx
|-damage|p1a: Jynx|195\/333
|-unboost|p1a: Jynx|spd|1
|-unboost|p1a: Jynx|spa|1
|move|p1a: Jynx|Blizzard|p2a: Alakazam
|-damage|p2a: Alakazam|121\/313
|
|turn|5
|L|CasedVictory
|choice|move 2|move 4
|
|move|p2a: Alakazam|Recover|p2a: Alakazam
|-heal|p2a: Alakazam|277\/313
|move|p1a: Jynx|Lovely Kiss|p2a: Alakazam
|-status|p2a: Alakazam|slp
|
|turn|6
|choice|switch 3|switch 2
|
|switch|p2a: Jynx|Jynx|333\/333
|switch|p1a: Tauros|Tauros|353\/353
|
|turn|7
|choice|switch 3|switch 3
|
|switch|p1a: Jynx|Jynx|195\/333
|switch|p2a: Snorlax|Snorlax|523\/523
|
|turn|8
|choice|move 4|move 1
|
|move|p1a: Jynx|Blizzard|p2a: Snorlax
|-damage|p2a: Snorlax|334\/523
|move|p2a: Snorlax|Body Slam|p1a: Jynx
|-damage|p1a: Jynx|0 fnt
|faint|p1a: Jynx
|J|Alexander
|J|TrueGodsLeftUs
|choice|switch 3|
|
|switch|p1a: Tauros|Tauros|353\/353
|turn|9
|choice|move 1|move 2
|
|move|p1a: Tauros|Body Slam|p2a: Snorlax
|-damage|p2a: Snorlax|208\/523
|move|p2a: Snorlax|Reflect|p2a: Snorlax
|-start|p2a: Snorlax|Reflect
|
|turn|10
|J|Jimmy Turtwig
|choice|move 2|move 1
|
|move|p1a: Tauros|Blizzard|p2a: Snorlax
|-damage|p2a: Snorlax|113\/523
|move|p2a: Snorlax|Body Slam|p1a: Tauros
|-damage|p1a: Tauros|248\/353
|
|turn|11
|choice|move 4|switch 5
|
|switch|p2a: Exeggutor|Exeggutor|393\/393
|move|p1a: Tauros|Hyper Beam|p2a: Exeggutor
|-crit|p2a: Exeggutor
|-damage|p2a: Exeggutor|36\/393
|
|turn|12
|-mustrecharge|p1a: Tauros
|-mustrecharge|p1a: Tauros
|choice|move 1|move 4
|
|cant|p1a: Tauros|recharge
|move|p2a: Exeggutor|Stun Spore|p1a: Tauros
|-status|p1a: Tauros|par
|
|turn|13
|choice|move 1|move 3
|
|move|p2a: Exeggutor|Psychic|p1a: Tauros
|-damage|p1a: Tauros|88\/353 par
|move|p1a: Tauros|Body Slam|p2a: Exeggutor
|-damage|p2a: Exeggutor|0 fnt
|faint|p2a: Exeggutor
|choice||switch 6
|
|switch|p2a: Tauros|Tauros|353\/353
|turn|14
|choice|move 2|move 1
|
|move|p2a: Tauros|Body Slam|p1a: Tauros
|-crit|p1a: Tauros
|-damage|p1a: Tauros|0 fnt
|faint|p1a: Tauros
|choice|switch 5|
|
|switch|p1a: Exeggutor|Exeggutor|393\/393
|turn|15
|choice|move 1|switch 4
|
|switch|p2a: Chansey|Chansey|703\/703
|move|p1a: Exeggutor|Psychic|p2a: Chansey
|-damage|p2a: Chansey|586\/703
|-unboost|p2a: Chansey|spd|1
|-unboost|p2a: Chansey|spa|1
|
|turn|16
|choice|switch 6|move 2
|
|switch|p1a: Chansey|Chansey|703\/703 par
|move|p2a: Chansey|Thunder Wave|p1a: Chansey
|-fail|p1a: Chansey|par
|
|turn|17
|choice|switch 6|switch 3
|
|switch|p2a: Jynx|Jynx|333\/333
|switch|p1a: Exeggutor|Exeggutor|393\/393
|
|turn|18
|choice|move 4|move 2
|
|move|p2a: Jynx|Lovely Kiss|p1a: Exeggutor|[miss]
|-miss|p2a: Jynx
|move|p1a: Exeggutor|Stun Spore|p2a: Jynx
|-status|p2a: Jynx|par
|
|turn|19
|L|Imanalt
|choice|switch 6|move 1
|
|switch|p1a: Chansey|Chansey|703\/703 par
|move|p2a: Jynx|Psychic|p1a: Chansey
|-damage|p1a: Chansey|596\/703 par
|
|turn|20
|choice|move 4|move 1
|
|cant|p2a: Jynx|par
|move|p1a: Chansey|Thunderbolt|p2a: Jynx
|-damage|p2a: Jynx|254\/333 par
|
|turn|21
|choice|move 4|move 1
|
|move|p2a: Jynx|Psychic|p1a: Chansey
|-damage|p1a: Chansey|503\/703 par
|move|p1a: Chansey|Thunderbolt|p2a: Jynx
|-damage|p2a: Jynx|172\/333 par
|
|turn|22
|choice|move 4|move 1
|
|move|p2a: Jynx|Psychic|p1a: Chansey
|-crit|p1a: Chansey
|-damage|p1a: Chansey|320\/703 par
|move|p1a: Chansey|Thunderbolt|p2a: Jynx
|-damage|p2a: Jynx|95\/333 par
|
|turn|23
|choice|move 2|move 1
|
|move|p2a: Jynx|Psychic|p1a: Chansey
|-damage|p1a: Chansey|215\/703 par
|move|p1a: Chansey|Soft-Boiled|p1a: Chansey
|-heal|p1a: Chansey|566\/703 par
|
|turn|24
|choice|switch 4|move 3
|
|switch|p1a: Snorlax|Snorlax|523\/523
|move|p2a: Jynx|Rest|p2a: Jynx
|-status|p2a: Jynx|slp
|-heal|p2a: Jynx|333\/333 slp|[silent]
|-status|p2a: Jynx|slp|[from] move: Rest
|
|turn|25
|choice|move 1|move 1
|
|move|p1a: Snorlax|Body Slam|p2a: Jynx
|-damage|p2a: Jynx|130\/333 slp
|cant|p2a: Jynx|slp
|
|turn|26
|choice|move 1|move 2
|
|move|p1a: Snorlax|Body Slam|p2a: Jynx
|-damage|p2a: Jynx|0 fnt
|faint|p2a: Jynx
|choice||switch 3
|
|switch|p2a: Chansey|Chansey|586\/703
|turn|27
|choice|move 2|move 3
|
|move|p2a: Chansey|Reflect|p2a: Chansey
|-start|p2a: Chansey|Reflect
|move|p1a: Snorlax|Earthquake|p2a: Chansey
|-damage|p2a: Chansey|479\/703
|
|turn|28
|choice|move 1|move 2
|
|move|p2a: Chansey|Thunder Wave|p1a: Snorlax
|-status|p1a: Snorlax|par
|move|p1a: Snorlax|Body Slam|p2a: Chansey
|-damage|p2a: Chansey|339\/703
|
|turn|29
|choice|switch 4|move 1
|
|switch|p1a: Chansey|Chansey|566\/703 par
|move|p2a: Chansey|Soft-Boiled|p2a: Chansey
|-heal|p2a: Chansey|690\/703
|
|turn|30
|choice|move 1|switch 2
|
|switch|p2a: Alakazam|Alakazam|277\/313 slp
|move|p1a: Chansey|Ice Beam|p2a: Alakazam
|-damage|p2a: Alakazam|219\/313 slp
|
|turn|31
|choice|switch 4|move 2
|
|switch|p1a: Snorlax|Snorlax|523\/523 par
|cant|p2a: Alakazam|slp
|
|turn|32
|L|Kingmidas
|choice|move 1|switch 2
|
|switch|p2a: Chansey|Chansey|690\/703
|move|p1a: Snorlax|Body Slam|p2a: Chansey
|-damage|p2a: Chansey|399\/703
|
|turn|33
|choice|move 1|move 1
|
|move|p2a: Chansey|Soft-Boiled|p2a: Chansey
|-heal|p2a: Chansey|703\/703
|move|p1a: Snorlax|Body Slam|p2a: Chansey
|-damage|p2a: Chansey|424\/703
|
|turn|34
|choice|move 1|move 3
|
|move|p2a: Chansey|Reflect|p2a: Chansey
|-start|p2a: Chansey|Reflect
|move|p1a: Snorlax|Body Slam|p2a: Chansey
|-damage|p2a: Chansey|288\/703
|
|turn|35
|choice|switch 4|move 1
|
|switch|p1a: Chansey|Chansey|566\/703 par
|move|p2a: Chansey|Soft-Boiled|p2a: Chansey
|-heal|p2a: Chansey|639\/703
|
|turn|36
|choice|move 1|switch 5
|
|switch|p2a: Snorlax|Snorlax|113\/523
|cant|p1a: Chansey|par
|
|turn|37
|choice|switch 4|move 1
|
|switch|p1a: Snorlax|Snorlax|523\/523 par
|move|p2a: Snorlax|Body Slam|p1a: Snorlax
|-damage|p1a: Snorlax|389\/523 par
|
|turn|38
|L|Can-Eh-Dian
|choice|move 1|move 4
|
|move|p2a: Snorlax|Rest|p2a: Snorlax
|-status|p2a: Snorlax|slp
|-heal|p2a: Snorlax|523\/523 slp|[silent]
|-status|p2a: Snorlax|slp|[from] move: Rest
|move|p1a: Snorlax|Body Slam|p2a: Snorlax
|-damage|p2a: Snorlax|384\/523 slp
|
|turn|39
|choice|move 1|move 1
|
|cant|p2a: Snorlax|slp
|move|p1a: Snorlax|Body Slam|p2a: Snorlax
|-damage|p2a: Snorlax|234\/523 slp
|
|turn|40
|choice|move 3|move 2
|
|-curestatus|p2a: Snorlax|slp
|move|p1a: Snorlax|Hyper Beam|p2a: Snorlax
|-damage|p2a: Snorlax|0 fnt
|faint|p2a: Snorlax
|choice||switch 4
|
|switch|p2a: Tauros|Tauros|353\/353
|turn|41
|choice|move 4|move 1
|
|move|p2a: Tauros|Body Slam|p1a: Snorlax
|-damage|p1a: Snorlax|250\/523 par
|move|p1a: Snorlax|Self-Destruct|p2a: Tauros
|-damage|p2a: Tauros|21\/353
|faint|p1a: Snorlax
|choice|switch 2|
|
|switch|p1a: Zapdos|Zapdos|383\/383
|turn|42
|choice|move 1|switch 5
|
|switch|p2a: Chansey|Chansey|639\/703
|move|p1a: Zapdos|Thunderbolt|p2a: Chansey
|-damage|p2a: Chansey|503\/703
|
|turn|43
|choice|switch 4|switch 5
|
|switch|p1a: Chansey|Chansey|566\/703 par
|switch|p2a: Tauros|Tauros|21\/353
|
|turn|44
|choice|move 1|move 1
|
|move|p2a: Tauros|Body Slam|p1a: Chansey
|-crit|p1a: Chansey
|-damage|p1a: Chansey|2\/703 par
|move|p1a: Chansey|Ice Beam|p2a: Tauros
|-damage|p2a: Tauros|0 fnt
|faint|p2a: Tauros
|choice||switch 5
|
|switch|p2a: Chansey|Chansey|503\/703
|turn|45
|choice|move 3|move 4
|
|move|p2a: Chansey|Ice Beam|p1a: Chansey
|-damage|p1a: Chansey|0 fnt
|faint|p1a: Chansey
|choice|switch 6|
|
|switch|p1a: Exeggutor|Exeggutor|393\/393
|turn|46
|choice|move 4|move 2
|
|move|p1a: Exeggutor|Stun Spore|p2a: Chansey
|-status|p2a: Chansey|par
|move|p2a: Chansey|Thunder Wave|p1a: Exeggutor
|-status|p1a: Exeggutor|par
|
|turn|47
|choice|move 1|move 4
|
|move|p1a: Exeggutor|Psychic|p2a: Chansey
|-damage|p2a: Chansey|389\/703 par
|move|p2a: Chansey|Ice Beam|p1a: Exeggutor
|-supereffective|p1a: Exeggutor
|-damage|p1a: Exeggutor|257\/393 par
|
|turn|48
|L|Omastar42
|choice|move 1|move 1
|
|move|p1a: Exeggutor|Psychic|p2a: Chansey
|-damage|p2a: Chansey|272\/703 par
|-unboost|p2a: Chansey|spd|1
|-unboost|p2a: Chansey|spa|1
|move|p2a: Chansey|Soft-Boiled|p2a: Chansey
|-heal|p2a: Chansey|623\/703 par
|
|turn|49
|choice|move 1|move 4
|
|cant|p1a: Exeggutor|par
|move|p2a: Chansey|Ice Beam|p1a: Exeggutor
|-supereffective|p1a: Exeggutor
|-damage|p1a: Exeggutor|171\/393 par
|
|turn|50
|choice|move 3|switch 2
|
|switch|p2a: Alakazam|Alakazam|219\/313 slp
|move|p1a: Exeggutor|Explosion|p2a: Alakazam
|-damage|p2a: Alakazam|0 fnt
|faint|p2a: Alakazam
|faint|p1a: Exeggutor
|choice|switch 4|switch 2
|
|switch|p1a: Zapdos|Zapdos|383\/383
|switch|p2a: Chansey|Chansey|623\/703 par
|turn|51
|c|★teal6|got me -_-
|choice|move 2|move 2
|
|move|p1a: Zapdos|Light Screen|p1a: Zapdos
|-start|p1a: Zapdos|Light Screen
|cant|p2a: Chansey|par
|
|turn|52
|choice|move 3|move 2
|
|move|p1a: Zapdos|Drill Peck|p2a: Chansey
|-damage|p2a: Chansey|398\/703 par
|move|p2a: Chansey|Thunder Wave|p1a: Zapdos
|-status|p1a: Zapdos|par
|
|turn|53
|choice|move 3|move 1
|
|move|p1a: Zapdos|Drill Peck|p2a: Chansey
|-damage|p2a: Chansey|151\/703 par
|move|p2a: Chansey|Soft-Boiled|p2a: Chansey
|-heal|p2a: Chansey|502\/703 par
|
|turn|54
|choice|move 3|move 3
|
|move|p1a: Zapdos|Drill Peck|p2a: Chansey
|-damage|p2a: Chansey|277\/703 par
|cant|p2a: Chansey|par
|
|turn|55
|choice|move 3|move 1
|
|move|p1a: Zapdos|Drill Peck|p2a: Chansey
|-damage|p2a: Chansey|52\/703 par
|move|p2a: Chansey|Soft-Boiled|p2a: Chansey
|-heal|p2a: Chansey|403\/703 par
|
|turn|56
|choice|move 3|move 1
|
|cant|p1a: Zapdos|par
|cant|p2a: Chansey|par
|
|turn|57
|choice|move 3|move 1
|
|cant|p1a: Zapdos|par
|move|p2a: Chansey|Soft-Boiled|p2a: Chansey
|-heal|p2a: Chansey|703\/703 par
|
|turn|58
|choice|move 3|move 3
|
|move|p1a: Zapdos|Drill Peck|p2a: Chansey
|-damage|p2a: Chansey|463\/703 par
|move|p2a: Chansey|Reflect|p2a: Chansey
|-start|p2a: Chansey|Reflect
|
|turn|59
|choice|move 3|move 1
|
|move|p1a: Zapdos|Drill Peck|p2a: Chansey
|-damage|p2a: Chansey|341\/703 par
|move|p2a: Chansey|Soft-Boiled|p2a: Chansey
|-heal|p2a: Chansey|692\/703 par
|
|turn|60
|choice|move 3|move 4
|
|move|p1a: Zapdos|Drill Peck|p2a: Chansey
|-crit|p2a: Chansey
|-damage|p2a: Chansey|239\/703 par
|move|p2a: Chansey|Ice Beam|p1a: Zapdos
|-supereffective|p1a: Zapdos
|-damage|p1a: Zapdos|310\/383 par
|
|turn|61
|choice|move 3|move 1
|
|move|p1a: Zapdos|Drill Peck|p2a: Chansey
|-crit|p2a: Chansey
|-damage|p2a: Chansey|0 fnt
|faint|p2a: Chansey
|
|win|teal6