|inactive|Battle timer is ON: inactive players will automatically lose when time's up.
|J|Jellicent
|J|marcoasd
|player|p1|Jellicent|1
|player|p2|marcoasd|101
|gametype|singles
|gen|1
|tier|[Gen 1] OU
|rule|Sleep Clause Mod: Limit one foe put to sleep
|rule|Freeze Clause Mod: Limit one foe frozen
|rule|Species Clause: Limit one of each Pokémon
|rule|OHKO Clause: OHKO moves are banned
|rule|Evasion Moves Clause: Evasion moves are banned
|rule|HP Percentage Mod: HP is shown in percentages
|
|start
|switch|p1a: Jolteon|Jolteon|333\/333
|switch|p2a: Alakazam|Alakazam|313\/313
|turn|1
|J|Prankster
|J|soulgazer
|J|Navy V3
|J|choollio
|J|M Dragon
|J|Vileman
|J|moony
|J|stall is good
|J|Shogarth
|J|Brazilian Army
|L|stall is good
|L|Brazilian Army
|J|Uxali
|J|ReshiRampage
|J|NUNAVUTIANWRIST
|J|mpahobia
|J|SHE'S NOT ME
|c|★Jellicent|gl hf
|
|move|p1a: Jolteon|Thunder Wave|p2a: Alakazam
|-status|p2a: Alakazam|par
|move|p2a: Alakazam|Thunder Wave|p1a: Jolteon
|-status|p1a: Jolteon|par
|
|turn|2
|J|KratosMana
|J|lord ledian
|J|Prague Kick
|L|lord ledian
|
|cant|p1a: Jolteon|par
|move|p2a: Alakazam|Psychic|p1a: Jolteon
|-damage|p1a: Jolteon|199\/333 par
|
|turn|3
|J|Cronenberg
|
|switch|p1a: Starmie|Starmie|323\/323
|move|p2a: Alakazam|Psychic|p1a: Starmie
|-resisted|p1a: Starmie
|-damage|p1a: Starmie|261\/323
|
|turn|4
|
|move|p1a: Starmie|Thunderbolt|p2a: Alakazam
|-damage|p2a: Alakazam|249\/313 par
|move|p2a: Alakazam|Thunder Wave|p1a: Starmie
|-status|p1a: Starmie|par
|
|turn|5
|J|Asuya
|
|move|p2a: Alakazam|Psychic|p1a: Starmie
|-resisted|p1a: Starmie
|-damage|p1a: Starmie|195\/323 par
|move|p1a: Starmie|Psychic|p2a: Alakazam
|-resisted|p2a: Alakazam
|-damage|p2a: Alakazam|207\/313 par
|-unboost|p2a: Alakazam|spd|1
|-unboost|p2a: Alakazam|spa|1
|
|turn|6
|
|move|p1a: Starmie|Thunderbolt|p2a: Alakazam
|-damage|p2a: Alakazam|111\/313 par
|move|p2a: Alakazam|Recover|p2a: Alakazam
|-heal|p2a: Alakazam|267\/313 par
|
|turn|7
|J|Deidara95
|
|move|p1a: Starmie|Thunderbolt|p2a: Alakazam
|-damage|p2a: Alakazam|173\/313 par
|move|p2a: Alakazam|Recover|p2a: Alakazam
|-heal|p2a: Alakazam|313\/313 par
|
|turn|8
|
|switch|p2a: Chansey|Chansey|703\/703
|move|p1a: Starmie|Psychic|p2a: Chansey
|-damage|p2a: Chansey|597\/703
|
|turn|9
|J|Not Troller
|
|switch|p1a: Snorlax|Snorlax|523\/523
|move|p2a: Chansey|Seismic Toss|p1a: Snorlax
|-damage|p1a: Snorlax|423\/523
|
|turn|10
|
|move|p2a: Chansey|Thunder Wave|p1a: Snorlax
|-status|p1a: Snorlax|par
|move|p1a: Snorlax|Amnesia|p1a: Snorlax
|-boost|p1a: Snorlax|spd|2
|-boost|p1a: Snorlax|spa|2
|
|turn|11
|
|move|p2a: Chansey|Seismic Toss|p1a: Snorlax
|-damage|p1a: Snorlax|323\/523 par
|cant|p1a: Snorlax|par
|
|turn|12
|J|The Kyle
|L|The Kyle
|
|move|p2a: Chansey|Seismic Toss|p1a: Snorlax
|-damage|p1a: Snorlax|223\/523 par
|move|p1a: Snorlax|Body Slam|p2a: Chansey
|-crit|p2a: Chansey
|-damage|p2a: Chansey|23\/703
|
|turn|13
|
|move|p2a: Chansey|Soft-Boiled|p2a: Chansey
|-heal|p2a: Chansey|374\/703
|move|p1a: Snorlax|Body Slam|p2a: Chansey
|-damage|p2a: Chansey|82\/703
|
|turn|14
|
|move|p2a: Chansey|Soft-Boiled|p2a: Chansey
|-heal|p2a: Chansey|433\/703
|cant|p1a: Snorlax|par
|
|turn|15
|
|move|p2a: Chansey|Soft-Boiled|p2a: Chansey
|-heal|p2a: Chansey|703\/703
|cant|p1a: Snorlax|par
|
|turn|16
|J|LJDarkrai
|
|move|p2a: Chansey|Seismic Toss|p1a: Snorlax
|-damage|p1a: Snorlax|123\/523 par
|move|p1a: Snorlax|Rest|p1a: Snorlax
|-status|p1a: Snorlax|slp
|-heal|p1a: Snorlax|523\/523 slp|[silent]
|-status|p1a: Snorlax|slp|[from] move: Rest
|
|turn|17
|J|Brazilian Army
|
|switch|p2a: Exeggutor|Exeggutor|393\/393
|cant|p1a: Snorlax|slp
|
|turn|18
|
|move|p2a: Exeggutor|Psychic|p1a: Snorlax
|-damage|p1a: Snorlax|437\/523 slp
|cant|p1a: Snorlax|slp
|-curestatus|p1a: Snorlax|slp
|
|turn|19
|J|chimpact
|J|PartiuLOLzindobos
|
|switch|p1a: Jolteon|Jolteon|199\/333 par
|move|p2a: Exeggutor|Psychic|p1a: Jolteon
|-damage|p1a: Jolteon|75\/333 par
|-unboost|p1a: Jolteon|spd|1
|-unboost|p1a: Jolteon|spa|1
|
|turn|20
|
|move|p2a: Exeggutor|Psychic|p1a: Jolteon
|-crit|p1a: Jolteon
|-damage|p1a: Jolteon|0 fnt
|faint|p1a: Jolteon
|J|Melancholy Hills
|L|Melancholy Hills
|J|ILoveAisha
|
|switch|p1a: Starmie|Starmie|195\/323 par
|turn|21
|
|switch|p2a: Alakazam|Alakazam|313\/313 par
|cant|p1a: Starmie|par
|
|turn|22
|
|move|p2a: Alakazam|Psychic|p1a: Starmie
|-resisted|p1a: Starmie
|-damage|p1a: Starmie|129\/323 par
|-unboost|p1a: Starmie|spd|1
|-unboost|p1a: Starmie|spa|1
|cant|p1a: Starmie|par
|
|turn|23
|J|Tricking
|
|cant|p2a: Alakazam|par
|move|p1a: Starmie|Recover|p1a: Starmie
|-heal|p1a: Starmie|290\/323 par
|
|turn|24
|
|switch|p1a: Chansey|Chansey|703\/703
|move|p2a: Alakazam|Psychic|p1a: Chansey
|-damage|p1a: Chansey|581\/703
|
|turn|25
|
|move|p1a: Chansey|Ice Beam|p2a: Alakazam
|-damage|p2a: Alakazam|250\/313 par
|move|p2a: Alakazam|Psychic|p1a: Chansey
|-damage|p1a: Chansey|446\/703
|-unboost|p1a: Chansey|spd|1
|-unboost|p1a: Chansey|spa|1
|
|turn|26
|
|move|p1a: Chansey|Soft-Boiled|p1a: Chansey
|-heal|p1a: Chansey|703\/703
|cant|p2a: Alakazam|par
|
|turn|27
|J|DESTINYLOVEE
|
|switch|p1a: Starmie|Starmie|290\/323 par
|cant|p2a: Alakazam|par
|
|turn|28
|
|move|p2a: Alakazam|Psychic|p1a: Starmie
|-resisted|p1a: Starmie
|-damage|p1a: Starmie|220\/323 par
|move|p1a: Starmie|Psychic|p2a: Alakazam
|-resisted|p2a: Alakazam
|-damage|p2a: Alakazam|210\/313 par
|-unboost|p2a: Alakazam|spd|1
|-unboost|p2a: Alakazam|spa|1
|
|turn|29
|L|DESTINYLOVEE
|
|move|p1a: Starmie|Thunderbolt|p2a: Alakazam
|-damage|p2a: Alakazam|123\/313 par
|move|p2a: Alakazam|Recover|p2a: Alakazam
|-heal|p2a: Alakazam|279\/313 par
|
|turn|30
|J|cybre
|
|switch|p2a: Chansey|Chansey|703\/703
|move|p1a: Starmie|Thunderbolt|p2a: Chansey
|-crit|p2a: Chansey
|-damage|p2a: Chansey|571\/703
|
|turn|31
|
|move|p2a: Chansey|Seismic Toss|p1a: Starmie
|-damage|p1a: Starmie|120\/323 par
|move|p1a: Starmie|Psychic|p2a: Chansey
|-damage|p2a: Chansey|472\/703
|
|turn|32
|
|move|p2a: Chansey|Seismic Toss|p1a: Starmie
|-damage|p1a: Starmie|20\/323 par
|move|p1a: Starmie|Recover|p1a: Starmie
|-heal|p1a: Starmie|181\/323 par
|
|turn|33
|J|Uh o goao
|
|move|p2a: Chansey|Seismic Toss|p1a: Starmie
|-damage|p1a: Starmie|81\/323 par
|move|p1a: Starmie|Recover|p1a: Starmie
|-heal|p1a: Starmie|242\/323 par
|
|turn|34
|L|Navy V3
|
|switch|p1a: Exeggutor|Exeggutor|393\/393
|move|p2a: Chansey|Seismic Toss|p1a: Exeggutor
|-damage|p1a: Exeggutor|293\/393
|
|turn|35
|
|switch|p2a: Alakazam|Alakazam|279\/313 par
|move|p1a: Exeggutor|Psychic|p2a: Alakazam
|-resisted|p2a: Alakazam
|-damage|p2a: Alakazam|229\/313 par
|
|turn|36
|
|move|p1a: Exeggutor|Psychic|p2a: Alakazam
|-resisted|p2a: Alakazam
|-damage|p2a: Alakazam|183\/313 par
|move|p2a: Alakazam|Thunder Wave|p1a: Exeggutor
|-status|p1a: Exeggutor|par
|
|turn|37
|
|move|p2a: Alakazam|Recover|p2a: Alakazam
|-heal|p2a: Alakazam|313\/313 par
|cant|p1a: Exeggutor|par
|
|turn|38
|L|KratosMana
|
|move|p2a: Alakazam|Seismic Toss|p1a: Exeggutor
|-damage|p1a: Exeggutor|193\/393 par
|move|p1a: Exeggutor|Psychic|p2a: Alakazam
|-resisted|p2a: Alakazam
|-damage|p2a: Alakazam|260\/313 par
|
|turn|39
|L|ReshiRampage
|
|move|p2a: Alakazam|Seismic Toss|p1a: Exeggutor
|-damage|p1a: Exeggutor|93\/393 par
|move|p1a: Exeggutor|Explosion|p2a: Alakazam
|-damage|p2a: Alakazam|0 fnt
|faint|p2a: Alakazam
|faint|p1a: Exeggutor
|
|switch|p2a: Starmie|Starmie|323\/323
|switch|p1a: Starmie|Starmie|242\/323 par
|turn|40
|J|Brazilian Army
|
|switch|p1a: Chansey|Chansey|703\/703
|move|p2a: Starmie|Blizzard|p1a: Chansey|[miss]
|-miss|p2a: Starmie
|
|turn|41
|
|switch|p2a: Chansey|Chansey|472\/703
|move|p1a: Chansey|Thunder Wave|p2a: Chansey
|-status|p2a: Chansey|par
|
|turn|42
|
|switch|p1a: Snorlax|Snorlax|437\/523
|move|p2a: Chansey|Reflect|p2a: Chansey
|-start|p2a: Chansey|Reflect
|
|turn|43
|
|move|p1a: Snorlax|Amnesia|p1a: Snorlax
|-boost|p1a: Snorlax|spd|2
|-boost|p1a: Snorlax|spa|2
|move|p2a: Chansey|Thunder Wave|p1a: Snorlax
|-status|p1a: Snorlax|par
|
|turn|44
|
|cant|p1a: Snorlax|par
|cant|p2a: Chansey|par
|
|turn|45
|J|Navy V3
|
|move|p1a: Snorlax|Amnesia|p1a: Snorlax
|-boost|p1a: Snorlax|spd|2
|-boost|p1a: Snorlax|spa|2
|move|p2a: Chansey|Soft-Boiled|p2a: Chansey
|-heal|p2a: Chansey|703\/703 par
|
|turn|46
|
|move|p1a: Snorlax|Amnesia|p1a: Snorlax
|-boost|p1a: Snorlax|spd|2
|-boost|p1a: Snorlax|spa|2
|move|p2a: Chansey|Seismic Toss|p1a: Snorlax
|-damage|p1a: Snorlax|337\/523 par
|
|turn|47
|
|move|p1a: Snorlax|Blizzard|p2a: Chansey
|-damage|p2a: Chansey|405\/703 par
|move|p2a: Chansey|Seismic Toss|p1a: Snorlax
|-damage|p1a: Snorlax|237\/523 par
|
|turn|48
|
|move|p1a: Snorlax|Blizzard|p2a: Chansey
|-damage|p2a: Chansey|121\/703 par
|move|p2a: Chansey|Soft-Boiled|p2a: Chansey
|-heal|p2a: Chansey|472\/703 par
|
|turn|49
|
|move|p1a: Snorlax|Rest|p1a: Snorlax
|-status|p1a: Snorlax|slp
|-heal|p1a: Snorlax|523\/523 slp|[silent]
|-status|p1a: Snorlax|slp|[from] move: Rest
|cant|p2a: Chansey|par
|
|turn|50
|
|cant|p1a: Snorlax|slp
|move|p2a: Chansey|Soft-Boiled|p2a: Chansey
|-heal|p2a: Chansey|703\/703 par
|
|turn|51
|
|switch|p2a: Exeggutor|Exeggutor|393\/393
|cant|p1a: Snorlax|slp
|-curestatus|p1a: Snorlax|slp
|
|turn|52
|L|moony
|
|move|p2a: Exeggutor|Explosion|p1a: Snorlax
|-damage|p1a: Snorlax|166\/523
|faint|p2a: Exeggutor
|
|switch|p2a: Tauros|Tauros|353\/353
|turn|53
|J|Melancholy Hills
|J|Raiza
|J|Porengan
|J|Conflict
|L|Porengan
|J|KratosMana
|J|FAJI
|J|sca1d
|J|Mary Macbeth
|J|fleggumfl
|J|TheInsanity
|J|Mr.378
|L|LJDarkrai
|J|1996ito
|J|PNF
|L|PNF
|
|move|p2a: Tauros|Hyper Beam|p1a: Snorlax
|-damage|p1a: Snorlax|0 fnt
|faint|p1a: Snorlax
|J|Mizuhime
|J|galbia
|J|ASTOUNDED
|
|switch|p1a: Tauros|Tauros|353\/353
|turn|54
|
|move|p1a: Tauros|Body Slam|p2a: Tauros
|-damage|p2a: Tauros|243\/353
|move|p2a: Tauros|Body Slam|p1a: Tauros
|-damage|p1a: Tauros|250\/353
|
|turn|55
|J|Kris Bryant
|J|years of winter
|J|radianthero156
|
|move|p1a: Tauros|Body Slam|p2a: Tauros
|-damage|p2a: Tauros|136\/353
|move|p2a: Tauros|Body Slam|p1a: Tauros
|-damage|p1a: Tauros|149\/353
|
|turn|56
|J|Stallion
|J|Lightchu
|c|+Conflict|what team is jellicent
|c|@Mizuhime|metro
|c|+Mr.378|Metro
|J|Nelson
|raw|<div class="broadcast-red"><b>Moderated chat was set to %!<\/b><br \/>Only users of rank % and higher can talk.<\/div>
|J|tml
|J|innovamania
|L|tml
|J|giara
|J|BKC
|J|Porengan
|J|Ciele
|
|switch|p2a: Snorlax|Snorlax|523\/523
|move|p1a: Tauros|Hyper Beam|p2a: Snorlax
|-damage|p2a: Snorlax|284\/523
|
|turn|57
|-mustrecharge|p1a: Tauros
|J|zShiro
|J|HNA
|J|reyscarface
|-mustrecharge|p1a: Tauros
|
|cant|p1a: Tauros|recharge
|move|p2a: Snorlax|Body Slam|p1a: Tauros
|-damage|p1a: Tauros|44\/353
|
|turn|58
|J|Zebraiken
|J|Blueband
|J|Nova
|J|breh
|J|Finchinator
|J|Gene Sp
|J|reiku
|J|Meru
|
|switch|p1a: Starmie|Starmie|242\/323 par
|move|p2a: Snorlax|Body Slam|p1a: Starmie
|-damage|p1a: Starmie|117\/323 par
|
|turn|59
|J|JSanchzz26
|J|robert
|L|Gene Sp
|J|GoaoTwo
|J|Betapf
|
|move|p2a: Snorlax|Body Slam|p1a: Starmie
|-damage|p1a: Starmie|0 fnt
|faint|p1a: Starmie
|J|Yogiras
|J|ceLEsTing
|
|switch|p1a: Chansey|Chansey|703\/703
|turn|60
|J|daftmau5
|L|JSanchzz26
|
|move|p1a: Chansey|Thunderbolt|p2a: Snorlax
|-damage|p2a: Snorlax|192\/523
|move|p2a: Snorlax|Reflect|p2a: Snorlax
|-start|p2a: Snorlax|Reflect
|
|turn|61
|
|move|p1a: Chansey|Thunderbolt|p2a: Snorlax
|-damage|p2a: Snorlax|98\/523
|move|p2a: Snorlax|Rest|p2a: Snorlax
|-status|p2a: Snorlax|slp
|-heal|p2a: Snorlax|523\/523 slp|[silent]
|-status|p2a: Snorlax|slp|[from] move: Rest
|
|turn|62
|J|AIN'T LAURENT
|
|move|p1a: Chansey|Thunderbolt|p2a: Snorlax
|-damage|p2a: Snorlax|416\/523 slp
|cant|p2a: Snorlax|slp
|
|turn|63
|
|move|p1a: Chansey|Thunderbolt|p2a: Snorlax
|-damage|p2a: Snorlax|317\/523 slp
|cant|p2a: Snorlax|slp
|-curestatus|p2a: Snorlax|slp
|
|turn|64
|J|Twin Citiez
|J|H-C
|J|Tyrano
|
|switch|p2a: Chansey|Chansey|703\/703 par
|move|p1a: Chansey|Thunder Wave|p2a: Chansey
|-fail|p2a: Chansey|par
|
|turn|65
|L|breh
|J|JSanchzz26
|
|move|p1a: Chansey|Thunderbolt|p2a: Chansey
|-damage|p2a: Chansey|626\/703 par
|cant|p2a: Chansey|par
|
|turn|66
|
|move|p1a: Chansey|Thunderbolt|p2a: Chansey
|-damage|p2a: Chansey|549\/703 par
|move|p2a: Chansey|Thunder Wave|p1a: Chansey
|-status|p1a: Chansey|par
|
|turn|67
|J|Isa RC
|
|move|p1a: Chansey|Thunderbolt|p2a: Chansey
|-damage|p2a: Chansey|469\/703 par
|move|p2a: Chansey|Seismic Toss|p1a: Chansey
|-damage|p1a: Chansey|603\/703 par
|
|turn|68
|
|cant|p2a: Chansey|par
|cant|p1a: Chansey|par
|
|turn|69
|
|move|p1a: Chansey|Thunderbolt|p2a: Chansey
|-damage|p2a: Chansey|396\/703 par
|cant|p2a: Chansey|par
|
|turn|70
|L|Melancholy Hills
|
|cant|p2a: Chansey|par
|move|p1a: Chansey|Ice Beam|p2a: Chansey
|-damage|p2a: Chansey|324\/703 par
|
|turn|71
|
|move|p1a: Chansey|Thunderbolt|p2a: Chansey
|-damage|p2a: Chansey|248\/703 par
|move|p2a: Chansey|Soft-Boiled|p2a: Chansey
|-heal|p2a: Chansey|599\/703 par
|
|turn|72
|
|cant|p2a: Chansey|par
|move|p1a: Chansey|Thunderbolt|p2a: Chansey
|-damage|p2a: Chansey|526\/703 par
|
|turn|73
|
|move|p1a: Chansey|Thunderbolt|p2a: Chansey
|-crit|p2a: Chansey
|-damage|p2a: Chansey|389\/703 par
|move|p2a: Chansey|Reflect|p2a: Chansey
|-start|p2a: Chansey|Reflect
|
|turn|74
|L|fleggumfl
|
|move|p1a: Chansey|Thunderbolt|p2a: Chansey
|-damage|p2a: Chansey|313\/703 par
|move|p2a: Chansey|Soft-Boiled|p2a: Chansey
|-heal|p2a: Chansey|664\/703 par
|
|turn|75
|
|move|p1a: Chansey|Thunderbolt|p2a: Chansey
|-crit|p2a: Chansey
|-damage|p2a: Chansey|530\/703 par
|move|p2a: Chansey|Seismic Toss|p1a: Chansey
|-damage|p1a: Chansey|503\/703 par
|
|turn|76
|L|soulgazer
|
|move|p1a: Chansey|Ice Beam|p2a: Chansey
|-damage|p2a: Chansey|456\/703 par
|move|p2a: Chansey|Seismic Toss|p1a: Chansey
|-damage|p1a: Chansey|403\/703 par
|
|turn|77
|J|e7e
|
|move|p2a: Chansey|Seismic Toss|p1a: Chansey
|-damage|p1a: Chansey|303\/703 par
|move|p1a: Chansey|Thunderbolt|p2a: Chansey
|-damage|p2a: Chansey|386\/703 par
|
|turn|78
|L|Uxali
|
|move|p2a: Chansey|Seismic Toss|p1a: Chansey
|-damage|p1a: Chansey|203\/703 par
|move|p1a: Chansey|Soft-Boiled|p1a: Chansey
|-heal|p1a: Chansey|554\/703 par
|
|turn|79
|L|Porengan
|
|move|p2a: Chansey|Soft-Boiled|p2a: Chansey
|-heal|p2a: Chansey|703\/703 par
|move|p1a: Chansey|Thunderbolt|p2a: Chansey
|-damage|p2a: Chansey|627\/703 par
|
|turn|80
|L|Tyrano
|
|move|p1a: Chansey|Thunderbolt|p2a: Chansey
|-crit|p2a: Chansey
|-damage|p2a: Chansey|491\/703 par
|move|p2a: Chansey|Reflect|p2a: Chansey
|-fail|p2a: Chansey
|
|turn|81
|
|move|p2a: Chansey|Seismic Toss|p1a: Chansey
|-damage|p1a: Chansey|454\/703 par
|cant|p1a: Chansey|par
|
|turn|82
|J|BahaWin
|
|cant|p1a: Chansey|par
|move|p2a: Chansey|Seismic Toss|p1a: Chansey
|-damage|p1a: Chansey|354\/703 par
|
|turn|83
|
|move|p2a: Chansey|Seismic Toss|p1a: Chansey
|-damage|p1a: Chansey|254\/703 par
|move|p1a: Chansey|Soft-Boiled|p1a: Chansey
|-heal|p1a: Chansey|605\/703 par
|
|turn|84
|
|move|p1a: Chansey|Thunderbolt|p2a: Chansey
|-damage|p2a: Chansey|417\/703 par
|move|p2a: Chansey|Thunder Wave|p1a: Chansey
|-fail|p1a: Chansey|par
|
|turn|85
|
|cant|p1a: Chansey|par
|move|p2a: Chansey|Seismic Toss|p1a: Chansey
|-damage|p1a: Chansey|505\/703 par
|
|turn|86
|L|zShiro
|
|move|p1a: Chansey|Thunderbolt|p2a: Chansey
|-damage|p2a: Chansey|348\/703 par
|move|p2a: Chansey|Thunder Wave|p1a: Chansey
|-fail|p1a: Chansey|par
|
|turn|87
|J|zShiro
|L|AIN'T LAURENT
|
|move|p2a: Chansey|Soft-Boiled|p2a: Chansey
|-heal|p2a: Chansey|699\/703 par
|move|p1a: Chansey|Thunder Wave|p2a: Chansey
|-fail|p2a: Chansey|par
|
|turn|88
|
|cant|p2a: Chansey|par
|move|p1a: Chansey|Thunderbolt|p2a: Chansey
|-damage|p2a: Chansey|626\/703 par
|
|turn|89
|
|cant|p1a: Chansey|par
|move|p2a: Chansey|Reflect|p2a: Chansey
|-fail|p2a: Chansey
|
|turn|90
|
|move|p2a: Chansey|Reflect|p2a: Chansey
|-fail|p2a: Chansey
|move|p1a: Chansey|Ice Beam|p2a: Chansey
|-damage|p2a: Chansey|557\/703 par
|
|turn|91
|L|GoaoTwo
|
|switch|p1a: Tauros|Tauros|44\/353
|move|p2a: Chansey|Reflect|p2a: Chansey
|-fail|p2a: Chansey
|
|turn|92
|L|radianthero156
|J|Lockheeed
|L|reiku
|
|move|p1a: Tauros|Hyper Beam|p2a: Chansey
|-damage|p2a: Chansey|326\/703 par
|move|p2a: Chansey|Seismic Toss|p1a: Tauros
|-damage|p1a: Tauros|0 fnt
|faint|p1a: Tauros
|c|★marcoasd|gg
|
|switch|p1a: Chansey|Chansey|505\/703 par
|turn|93
|L|KratosMana
|c|★Jellicent|gg
|
|move|p1a: Chansey|Thunder Wave|p2a: Chansey
|-fail|p2a: Chansey|par
|cant|p2a: Chansey|par
|
|turn|94
|J|fleggumfl
|
|move|p2a: Chansey|Soft-Boiled|p2a: Chansey
|-heal|p2a: Chansey|677\/703 par
|move|p1a: Chansey|Thunder Wave|p2a: Chansey
|-fail|p2a: Chansey|par
|
|turn|95
|c|★marcoasd|i have more pps
|c|★marcoasd|idk if you can kill it
|c|★marcoasd|vs 5 softboiled
|
|move|p2a: Chansey|Reflect|p2a: Chansey
|-fail|p2a: Chansey
|move|p1a: Chansey|Thunder Wave|p2a: Chansey
|-fail|p2a: Chansey|par
|
|turn|96
|
|cant|p1a: Chansey|par
|cant|p2a: Chansey|par
|
|turn|97
|
|move|p1a: Chansey|Thunder Wave|p2a: Chansey
|-fail|p2a: Chansey|par
|move|p2a: Chansey|Reflect|p2a: Chansey
|-fail|p2a: Chansey
|
|turn|98
|L|reyscarface
|L|fleggumfl
|L|robert
|L|Not Troller
|L|Prankster
|J|RainPB
|-message|Jellicent forfeited.
|
|win|marcoasd
|c|★Jellicent|gg
|L|RainPB
|L|Navy V3
|L|galbia
|c|★marcoasd|y gg
|L|ceLEsTing
|J|Alf
|L|Mizuhime
|L|BahaWin
|L|JSanchzz26
|L|Alf
|L|marcoasd
|player|p2
|L|Yogiras
|L|zShiro
|L|Mary Macbeth
|L|Betapf
|L|Asuya
|L|Tricking
|L|Jellicent
|player|p1
|L|Brazilian Army
|L|FAJI
|L|HNA
|L|Conflict
|L|choollio
|L|Cronenberg
|L|Prague Kick
|L|ASTOUNDED
|L|mpahobia
|L|TheInsanity
|L|Stallion
|J|Prague Kick
|J|Sken
|L|Deidara95
|L|Prague Kick
|L|giara
|L|Raiza
|L|Nelson
|J|Ambar
|L|chimpact
|L|ILoveAisha
|L|1996ito
|L|Lightchu
|L|M Dragon
|L|Ambar
|L|BKC
|L|Nova
|L|Sken
|L|Meru
|L|innovamania
|L|Isa RC
|L|Twin Citiez
|L|Vileman
|L|Blueband
|L|NUNAVUTIANWRIST
|L|Mr.378
|L|Finchinator
|L|sca1d
|J|SoulWind
|L|SoulWind
|L|e7e
|J|giara
|L|Lockheeed
|L|giara
|L|daftmau5
|L|Shogarth