|J|Alexander
|J|Century Express
|player|p1|Alexander|101
|player|p2|Century Express|216
|gametype|singles
|gen|1
|tier|[Gen 1] OU
|seed|3970,25199,43510,26312
|rule|Sleep Clause Mod: Limit one foe put to sleep
|rule|Freeze Clause Mod: Limit one foe frozen
|rule|Species Clause: Limit one of each Pokémon
|rule|OHKO Clause: OHKO moves are banned
|rule|Evasion Moves Clause: Evasion moves are banned
|rule|HP Percentage Mod: HP is shown in percentages
|
|start
|switch|p1a: Jynx|Jynx|333\/333
|switch|p2a: Glam|Jynx|333\/333
|turn|1
|choice|move 1|move 3
|
|move|p1a: Jynx|Lovely Kiss|p2a: Glam
|-status|p2a: Glam|slp
|cant|p2a: Glam|slp
|
|turn|2
|J|GOAO
|choice|switch 6|switch 2
|
|switch|p2a: Melinda|Starmie|323\/323
|switch|p1a: Tauros|Tauros|353\/353
|
|turn|3
|choice|switch 4|move 2
|
|switch|p1a: Chansey|Chansey|703\/703
|move|p2a: Melinda|Blizzard|p1a: Chansey
|-damage|p1a: Chansey|606\/703
|
|turn|4
|choice|move 3|switch 3
|
|switch|p2a: Babooshka|Chansey|703\/703
|move|p1a: Chansey|Thunder Wave|p2a: Babooshka|[miss]
|-miss|p1a: Chansey
|
|turn|5
|J|Sken
|choice|move 3|switch 5
|
|switch|p2a: Roundabout|Snorlax|523\/523
|move|p1a: Chansey|Thunder Wave|p2a: Roundabout
|-status|p2a: Roundabout|par
|
|turn|6
|choice|move 1|move 2
|
|move|p2a: Roundabout|Body Slam|p1a: Chansey
|-damage|p1a: Chansey|325\/703
|move|p1a: Chansey|Counter|p2a: Roundabout
|-damage|p2a: Roundabout|0 fnt
|faint|p2a: Roundabout
|J|Decision Makers
|choice||switch 6
|
|switch|p2a: Taurus Gate|Tauros|353\/353
|turn|7
|L|Decision Makers
|choice|switch 5|switch 5
|
|switch|p2a: Babooshka|Chansey|703\/703
|switch|p1a: Snorlax|Snorlax|523\/523
|
|turn|8
|choice|switch 5|switch 4
|
|switch|p2a: Chorare|Exeggutor|393\/393
|switch|p1a: Chansey|Chansey|325\/703
|
|turn|9
|choice|switch 6|move 1
|
|switch|p1a: Jynx|Jynx|333\/333
|move|p2a: Chorare|Sleep Powder|p1a: Jynx
|-status|p1a: Jynx|slp
|
|turn|10
|choice|switch 2|move 3
|
|switch|p1a: Starmie|Starmie|323\/323
|move|p2a: Chorare|Psychic|p1a: Starmie
|-crit|p1a: Starmie
|-resisted|p1a: Starmie
|-damage|p1a: Starmie|199\/323
|
|turn|11
|choice|move 2|switch 4
|
|switch|p2a: Babooshka|Chansey|703\/703
|move|p1a: Starmie|Thunder Wave|p2a: Babooshka
|-status|p2a: Babooshka|par
|
|turn|12
|choice|switch 5|move 2
|
|switch|p1a: Snorlax|Snorlax|523\/523
|move|p2a: Babooshka|Ice Beam|p1a: Snorlax
|-damage|p1a: Snorlax|417\/523
|
|turn|13
|choice|move 1|move 1
|
|move|p1a: Snorlax|Body Slam|p2a: Babooshka
|-damage|p2a: Babooshka|411\/703 par
|move|p2a: Babooshka|Thunderbolt|p1a: Snorlax
|-damage|p1a: Snorlax|313\/523
|
|turn|14
|choice|move 1|switch 4
|
|switch|p2a: Chorare|Exeggutor|393\/393
|move|p1a: Snorlax|Body Slam|p2a: Chorare
|-damage|p2a: Chorare|271\/393
|
|turn|15
|choice|switch 5|move 2
|
|switch|p1a: Starmie|Starmie|199\/323
|move|p2a: Chorare|Stun Spore|p1a: Starmie
|-status|p1a: Starmie|par
|
|turn|16
|J|e7e
|c|+e7e|.
|choice|move 3|move 3
|
|move|p2a: Chorare|Psychic|p1a: Starmie
|-crit|p1a: Starmie
|-resisted|p1a: Starmie
|-damage|p1a: Starmie|74\/323 par
|move|p1a: Starmie|Recover|p1a: Starmie
|-heal|p1a: Starmie|235\/323 par
|
|turn|17
|c|+e7e|é por qual torneio?
|c|★Century Express|RoA
|choice|move 3|switch 4
|
|switch|p2a: Babooshka|Chansey|411\/703 par
|move|p1a: Starmie|Recover|p1a: Starmie
|-heal|p1a: Starmie|323\/323 par
|
|turn|18
|choice|switch 5|move 3
|
|switch|p1a: Snorlax|Snorlax|313\/523
|cant|p2a: Babooshka|par
|
|turn|19
|choice|move 1|switch 4
|
|switch|p2a: Chorare|Exeggutor|271\/393
|move|p1a: Snorlax|Body Slam|p2a: Chorare
|-damage|p2a: Chorare|157\/393
|
|turn|20
|choice|switch 5|move 3
|
|switch|p1a: Starmie|Starmie|323\/323 par
|move|p2a: Chorare|Psychic|p1a: Starmie
|-resisted|p1a: Starmie
|-damage|p1a: Starmie|262\/323 par
|-unboost|p1a: Starmie|spd|1
|-unboost|p1a: Starmie|spa|1
|
|turn|21
|choice|switch 2|switch 4
|
|switch|p2a: Babooshka|Chansey|411\/703 par
|switch|p1a: Jynx|Jynx|333\/333 slp
|
|turn|22
|choice|switch 5|move 3
|
|switch|p1a: Snorlax|Snorlax|313\/523
|move|p2a: Babooshka|Soft-Boiled|p2a: Babooshka
|-heal|p2a: Babooshka|703\/703 par
|
|turn|23
|choice|move 1|move 2
|
|move|p1a: Snorlax|Body Slam|p2a: Babooshka
|-damage|p2a: Babooshka|401\/703 par
|cant|p2a: Babooshka|par
|
|turn|24
|choice|move 2|switch 4
|
|switch|p2a: Chorare|Exeggutor|157\/393
|move|p1a: Snorlax|Hyper Beam|p2a: Chorare
|-damage|p2a: Chorare|0 fnt
|faint|p2a: Chorare
|choice||switch 5
|
|switch|p2a: Taurus Gate|Tauros|353\/353
|turn|25
|choice|move 1|move 1
|
|move|p2a: Taurus Gate|Body Slam|p1a: Snorlax
|-damage|p1a: Snorlax|190\/523
|move|p1a: Snorlax|Body Slam|p2a: Taurus Gate
|-damage|p2a: Taurus Gate|234\/353
|
|turn|26
|choice|switch 2|move 1
|
|switch|p1a: Starmie|Starmie|262\/323 par
|move|p2a: Taurus Gate|Body Slam|p1a: Starmie
|-crit|p1a: Starmie
|-damage|p1a: Starmie|32\/323 par
|
|turn|27
|choice|move 2|move 1
|
|move|p2a: Taurus Gate|Body Slam|p1a: Starmie
|-damage|p1a: Starmie|0 fnt
|faint|p1a: Starmie
|choice|switch 4|
|
|switch|p1a: Tauros|Tauros|353\/353
|turn|28
|choice|move 1|switch 3
|
|switch|p2a: Melinda|Starmie|323\/323
|move|p1a: Tauros|Body Slam|p2a: Melinda
|-damage|p2a: Melinda|205\/323
|
|turn|29
|choice|move 1|switch 3
|
|switch|p2a: Taurus Gate|Tauros|234\/353
|move|p1a: Tauros|Body Slam|p2a: Taurus Gate
|-damage|p2a: Taurus Gate|125\/353
|
|turn|30
|choice|move 1|switch 2
|
|switch|p2a: Glam|Jynx|333\/333 slp
|move|p1a: Tauros|Body Slam|p2a: Glam
|-damage|p2a: Glam|167\/333 slp
|
|turn|31
|choice|move 1|move 2
|
|move|p1a: Tauros|Body Slam|p2a: Glam
|-crit|p2a: Glam
|-damage|p2a: Glam|0 fnt
|faint|p2a: Glam
|choice||switch 3
|
|switch|p2a: Melinda|Starmie|205\/323
|turn|32
|choice|switch 6|move 3
|
|switch|p1a: Chansey|Chansey|325\/703
|move|p2a: Melinda|Recover|p2a: Melinda
|-heal|p2a: Melinda|323\/323
|
|turn|33
|choice|move 4|switch 4
|
|switch|p2a: Babooshka|Chansey|401\/703 par
|move|p1a: Chansey|Soft-Boiled|p1a: Chansey
|-heal|p1a: Chansey|676\/703
|
|turn|34
|choice|switch 2|move 2
|
|switch|p1a: Snorlax|Snorlax|190\/523
|cant|p2a: Babooshka|par
|
|turn|35
|choice|move 4|switch 4
|
|switch|p2a: Melinda|Starmie|323\/323
|move|p1a: Snorlax|Self-Destruct|p2a: Melinda
|-damage|p2a: Melinda|0 fnt
|faint|p2a: Melinda
|faint|p1a: Snorlax
|choice|switch 3|switch 4
|
|switch|p1a: Zapdos|Zapdos|383\/383
|switch|p2a: Babooshka|Chansey|401\/703 par
|turn|36
|choice|move 4|move 3
|
|move|p1a: Zapdos|Drill Peck|p2a: Babooshka
|-damage|p2a: Babooshka|163\/703 par
|move|p2a: Babooshka|Soft-Boiled|p2a: Babooshka
|-heal|p2a: Babooshka|514\/703 par
|
|turn|37
|choice|switch 2|move 3
|
|switch|p1a: Chansey|Chansey|676\/703
|cant|p2a: Babooshka|par
|
|turn|38
|choice|switch 5|move 3
|
|switch|p1a: Jynx|Jynx|333\/333 slp
|move|p2a: Babooshka|Soft-Boiled|p2a: Babooshka
|-heal|p2a: Babooshka|703\/703 par
|
|turn|39
|choice|move 3|switch 2
|
|switch|p2a: Taurus Gate|Tauros|125\/353
|cant|p1a: Jynx|slp
|
|turn|40
|J|EG Posho
|choice|move 3|move 1
|
|move|p2a: Taurus Gate|Body Slam|p1a: Jynx
|-crit|p1a: Jynx
|-damage|p1a: Jynx|0 fnt
|faint|p1a: Jynx
|choice|switch 6|
|
|switch|p1a: Tauros|Tauros|353\/353
|turn|41
|choice|move 1|move 2
|
|move|p1a: Tauros|Body Slam|p2a: Taurus Gate
|-damage|p2a: Taurus Gate|26\/353
|move|p2a: Taurus Gate|Hyper Beam|p1a: Tauros
|-damage|p1a: Tauros|169\/353
|
|turn|42
|-mustrecharge|p2a: Taurus Gate
|-mustrecharge|p2a: Taurus Gate
|choice|move 1|move 1
|
|move|p1a: Tauros|Body Slam|p2a: Taurus Gate
|-crit|p2a: Taurus Gate
|-damage|p2a: Taurus Gate|0 fnt
|faint|p2a: Taurus Gate
|choice||switch 2
|
|switch|p2a: Babooshka|Chansey|703\/703 par
|turn|43
|choice|move 1|move 4
|
|move|p1a: Tauros|Body Slam|p2a: Babooshka
|-damage|p2a: Babooshka|441\/703 par
|move|p2a: Babooshka|Thunder Wave|p1a: Tauros
|-status|p1a: Tauros|par
|
|turn|44
|choice|move 2|move 3
|
|move|p1a: Tauros|Hyper Beam|p2a: Babooshka
|-damage|p2a: Babooshka|0 fnt
|faint|p2a: Babooshka
|
|win|Alexander