|join|LonelyNess
|join|kid gf lol
|player|p1|LonelyNess|102
|player|p2|kid gf lol|114
|gametype|singles
|gen|1
|tier|[Gen 1] OU (beta)
|rule|Sleep Clause Mod: Limit one foe put to sleep
|rule|Species Clause: Limit one of each Pokémon
|rule|OHKO Clause: OHKO moves are banned
|rule|Evasion Moves Clause: Evasion moves are banned
|rule|HP Percentage Mod: HP is shown in percentages
|
|start
|switch|p1a: Alakazam|Alakazam|313\/313
|switch|p2a: Starmie|Starmie|323\/323
|turn|1
|
|move|p1a: Alakazam|Thunder Wave|p2a: Starmie
|-status|p2a: Starmie|par
|move|p2a: Starmie|Blizzard|p1a: Alakazam|[miss]
|-miss|p2a: Starmie
|
|turn|2
|
|move|p1a: Alakazam|Seismic Toss|p2a: Starmie
|-damage|p2a: Starmie|223\/323 par
|move|p2a: Starmie|Blizzard|p1a: Alakazam
|-damage|p1a: Alakazam|232\/313
|
|turn|3
|
|switch|p2a: Chansey|Chansey|703\/703
|move|p1a: Alakazam|Seismic Toss|p2a: Chansey
|-damage|p2a: Chansey|603\/703
|
|turn|4
|
|move|p1a: Alakazam|Thunder Wave|p2a: Chansey
|-status|p2a: Chansey|par
|cant|p2a: Chansey|par
|
|turn|5
|
|switch|p1a: Snorlax|Snorlax|523\/523
|cant|p2a: Chansey|par
|
|turn|6
|
|switch|p2a: Cloyster|Cloyster|303\/303
|move|p1a: Snorlax|Body Slam|p2a: Cloyster
|-damage|p2a: Cloyster|228\/303
|
|turn|7
|
|switch|p1a: Slowbro|Slowbro|393\/393
|move|p2a: Cloyster|Clamp|p1a: Slowbro|[miss]
|-miss|p2a: Cloyster
|
|turn|8
|
|move|p2a: Cloyster|Clamp|p1a: Slowbro
|-resisted|p1a: Slowbro
|-damage|p1a: Slowbro|371\/393
|-activate|p1a: Slowbro|move: Clamp|[of] p2a: Cloyster
|cant|p1a: Slowbro|partiallytrapped
|
|turn|9
|
|move|p2a: Cloyster|Clamp|p1a: Slowbro
|-damage|p1a: Slowbro|349\/393
|cant|p1a: Slowbro|partiallytrapped
|
|turn|10
|
|switch|p2a: Victreebel|Victreebel|363\/363
|cant|p1a: Slowbro|partiallytrapped
|
|-end|p1a: Slowbro|Clamp|[partiallytrapped]
|turn|11
|
|move|p2a: Victreebel|Sleep Powder|p1a: Slowbro|[miss]
|-miss|p2a: Victreebel
|move|p1a: Slowbro|Thunder Wave|p2a: Victreebel
|-status|p2a: Victreebel|par
|
|turn|12
|
|switch|p1a: Exeggutor|Exeggutor|393\/393
|move|p2a: Victreebel|Sleep Powder|p1a: Exeggutor
|-status|p1a: Exeggutor|slp
|
|turn|13
|
|switch|p1a: Snorlax|Snorlax|523\/523
|switch|p2a: Cloyster|Cloyster|228\/303
|
|turn|14
|
|switch|p1a: Slowbro|Slowbro|349\/393
|move|p2a: Cloyster|Clamp|p1a: Slowbro|[miss]
|-miss|p2a: Cloyster
|
|turn|15
|
|move|p2a: Cloyster|Clamp|p1a: Slowbro
|-resisted|p1a: Slowbro
|-damage|p1a: Slowbro|326\/393
|-activate|p1a: Slowbro|move: Clamp|[of] p2a: Cloyster
|cant|p1a: Slowbro|partiallytrapped
|
|turn|16
|
|move|p2a: Cloyster|Clamp|p1a: Slowbro
|-damage|p1a: Slowbro|303\/393
|cant|p1a: Slowbro|partiallytrapped
|
|turn|17
|
|move|p2a: Cloyster|Clamp|p1a: Slowbro
|-damage|p1a: Slowbro|280\/393
|cant|p1a: Slowbro|partiallytrapped
|
|turn|18
|
|move|p2a: Cloyster|Clamp|p1a: Slowbro
|-damage|p1a: Slowbro|257\/393
|cant|p1a: Slowbro|partiallytrapped
|
|-end|p1a: Slowbro|Clamp|[partiallytrapped]
|turn|19
|
|move|p2a: Cloyster|Clamp|p1a: Slowbro
|-resisted|p1a: Slowbro
|-damage|p1a: Slowbro|236\/393
|-activate|p1a: Slowbro|move: Clamp|[of] p2a: Cloyster
|cant|p1a: Slowbro|partiallytrapped
|
|turn|20
|
|move|p2a: Cloyster|Clamp|p1a: Slowbro
|-damage|p1a: Slowbro|215\/393
|cant|p1a: Slowbro|partiallytrapped
|
|turn|21
|
|switch|p2a: Victreebel|Victreebel|363\/363 par
|cant|p1a: Slowbro|partiallytrapped
|
|-end|p1a: Slowbro|Clamp|[partiallytrapped]
|turn|22
|
|switch|p1a: Alakazam|Alakazam|232\/313
|move|p2a: Victreebel|Razor Leaf|p1a: Alakazam
|-crit|p1a: Alakazam
|-damage|p1a: Alakazam|119\/313
|
|turn|23
|
|switch|p2a: Chansey|Chansey|603\/703 par
|move|p1a: Alakazam|Psychic|p2a: Chansey
|-damage|p2a: Chansey|483\/703 par
|
|turn|24
|
|switch|p2a: Cloyster|Cloyster|228\/303
|move|p1a: Alakazam|Recover|p1a: Alakazam
|-heal|p1a: Alakazam|275\/313
|
|turn|25
|
|switch|p2a: Chansey|Chansey|483\/703 par
|move|p1a: Alakazam|Psychic|p2a: Chansey
|-crit|p2a: Chansey
|-damage|p2a: Chansey|221\/703 par
|
|turn|26
|
|move|p1a: Alakazam|Psychic|p2a: Chansey
|-crit|p2a: Chansey
|-damage|p2a: Chansey|0 fnt
|faint|p2a: Chansey
|
|switch|p2a: Starmie|Starmie|223\/323 par
|turn|27
|
|move|p1a: Alakazam|Seismic Toss|p2a: Starmie
|-damage|p2a: Starmie|123\/323 par
|move|p2a: Starmie|Thunder Wave|p1a: Alakazam
|-status|p1a: Alakazam|par
|
|turn|28
|
|cant|p1a: Alakazam|par
|move|p2a: Starmie|Recover|p2a: Starmie
|-heal|p2a: Starmie|284\/323 par
|
|turn|29
|
|cant|p1a: Alakazam|par
|move|p2a: Starmie|Psychic|p1a: Alakazam
|-resisted|p1a: Alakazam
|-damage|p1a: Alakazam|229\/313 par
|-unboost|p1a: Alakazam|spd|1
|-unboost|p1a: Alakazam|spa|1
|
|turn|30
|
|switch|p1a: Slowbro|Slowbro|215\/393
|move|p2a: Starmie|Psychic|p1a: Slowbro
|-resisted|p1a: Slowbro
|-damage|p1a: Slowbro|158\/393
|-unboost|p1a: Slowbro|spd|1
|-unboost|p1a: Slowbro|spa|1
|
|turn|31
|
|move|p1a: Slowbro|Amnesia|p1a: Slowbro
|-boost|p1a: Slowbro|spd|2
|-boost|p1a: Slowbro|spa|2
|move|p2a: Starmie|Thunder Wave|p1a: Slowbro
|-status|p1a: Slowbro|par
|
|turn|32
|
|cant|p2a: Starmie|par
|move|p1a: Slowbro|Rest|p1a: Slowbro
|-status|p1a: Slowbro|slp
|-heal|p1a: Slowbro|393\/393 slp|[silent]
|-status|p1a: Slowbro|slp|[from] move: Rest
|
|turn|33
|
|switch|p2a: Victreebel|Victreebel|363\/363 par
|cant|p1a: Slowbro|slp
|
|turn|34
|
|switch|p1a: Alakazam|Alakazam|229\/313 par
|move|p2a: Victreebel|Razor Leaf|p1a: Alakazam
|-crit|p1a: Alakazam
|-damage|p1a: Alakazam|123\/313 par
|
|turn|35
|
|switch|p2a: Starmie|Starmie|284\/323 par
|cant|p1a: Alakazam|par
|
|turn|36
|
|move|p1a: Alakazam|Recover|p1a: Alakazam
|-heal|p1a: Alakazam|279\/313 par
|move|p2a: Starmie|Blizzard|p1a: Alakazam
|-damage|p1a: Alakazam|200\/313 par
|
|turn|37
|
|move|p1a: Alakazam|Recover|p1a: Alakazam
|-heal|p1a: Alakazam|313\/313 par
|move|p2a: Starmie|Psychic|p1a: Alakazam
|-crit|p1a: Alakazam
|-resisted|p1a: Alakazam
|-damage|p1a: Alakazam|223\/313 par
|
|turn|38
|
|switch|p1a: Slowbro|Slowbro|393\/393 slp
|move|p2a: Starmie|Psychic|p1a: Slowbro
|-resisted|p1a: Slowbro
|-damage|p1a: Slowbro|332\/393 slp
|
|turn|39
|
|switch|p1a: Snorlax|Snorlax|523\/523
|move|p2a: Starmie|Psychic|p1a: Snorlax
|-damage|p1a: Snorlax|394\/523
|-unboost|p1a: Snorlax|spd|1
|-unboost|p1a: Snorlax|spa|1
|
|turn|40
|
|switch|p1a: Slowbro|Slowbro|332\/393 slp
|move|p2a: Starmie|Psychic|p1a: Slowbro
|-resisted|p1a: Slowbro
|-damage|p1a: Slowbro|273\/393 slp
|
|turn|41
|
|cant|p1a: Slowbro|slp
|-curestatus|p1a: Slowbro|slp
|move|p2a: Starmie|Thunder Wave|p1a: Slowbro
|-status|p1a: Slowbro|par
|
|turn|42
|
|move|p2a: Starmie|Psychic|p1a: Slowbro
|-crit|p1a: Slowbro
|-resisted|p1a: Slowbro
|-damage|p1a: Slowbro|160\/393 par
|move|p1a: Slowbro|Rest|p1a: Slowbro
|-status|p1a: Slowbro|slp
|-heal|p1a: Slowbro|393\/393 slp|[silent]
|-status|p1a: Slowbro|slp|[from] move: Rest
|
|turn|43
|
|switch|p2a: Victreebel|Victreebel|363\/363 par
|cant|p1a: Slowbro|slp
|
|turn|44
|
|switch|p1a: Alakazam|Alakazam|223\/313 par
|move|p2a: Victreebel|Razor Leaf|p1a: Alakazam
|-crit|p1a: Alakazam
|-damage|p1a: Alakazam|118\/313 par
|
|turn|45
|
|switch|p2a: Starmie|Starmie|284\/323 par
|cant|p1a: Alakazam|par
|
|turn|46
|
|move|p1a: Alakazam|Recover|p1a: Alakazam
|-heal|p1a: Alakazam|274\/313 par
|move|p2a: Starmie|Blizzard|p1a: Alakazam
|-damage|p1a: Alakazam|204\/313 par
|
|turn|47
|
|cant|p1a: Alakazam|par
|move|p2a: Starmie|Psychic|p1a: Alakazam
|-crit|p1a: Alakazam
|-resisted|p1a: Alakazam
|-damage|p1a: Alakazam|123\/313 par
|-unboost|p1a: Alakazam|spd|1
|-unboost|p1a: Alakazam|spa|1
|
|turn|48
|
|switch|p1a: Slowbro|Slowbro|393\/393 slp
|switch|p2a: Tauros|Tauros|353\/353
|
|turn|49
|
|move|p2a: Tauros|Body Slam|p1a: Slowbro
|-crit|p1a: Slowbro
|-damage|p1a: Slowbro|189\/393 slp
|cant|p1a: Slowbro|slp
|-curestatus|p1a: Slowbro|slp
|
|turn|50
|
|switch|p2a: Victreebel|Victreebel|363\/363 par
|switch|p1a: Golem|Golem|363\/363
|
|turn|51
|
|switch|p1a: Alakazam|Alakazam|123\/313 par
|move|p2a: Victreebel|Razor Leaf|p1a: Alakazam
|-crit|p1a: Alakazam
|-damage|p1a: Alakazam|11\/313 par
|
|turn|52
|
|move|p1a: Alakazam|Recover|p1a: Alakazam
|-heal|p1a: Alakazam|167\/313 par
|move|p2a: Victreebel|Razor Leaf|p1a: Alakazam
|-crit|p1a: Alakazam
|-damage|p1a: Alakazam|53\/313 par
|
|turn|53
|
|move|p1a: Alakazam|Recover|p1a: Alakazam
|-heal|p1a: Alakazam|209\/313 par
|move|p2a: Victreebel|Razor Leaf|p1a: Alakazam
|-crit|p1a: Alakazam
|-damage|p1a: Alakazam|104\/313 par
|
|turn|54
|
|move|p1a: Alakazam|Psychic|p2a: Victreebel
|-supereffective|p2a: Victreebel
|-damage|p2a: Victreebel|99\/363 par
|-unboost|p2a: Victreebel|spd|1
|-unboost|p2a: Victreebel|spa|1
|move|p2a: Victreebel|Razor Leaf|p1a: Alakazam
|-crit|p1a: Alakazam
|-damage|p1a: Alakazam|0 fnt
|faint|p1a: Alakazam
|
|switch|p1a: Snorlax|Snorlax|394\/523
|turn|55
|
|switch|p2a: Cloyster|Cloyster|228\/303
|move|p1a: Snorlax|Body Slam|p2a: Cloyster
|-damage|p2a: Cloyster|160\/303
|
|turn|56
|
|switch|p1a: Slowbro|Slowbro|189\/393
|move|p2a: Cloyster|Clamp|p1a: Slowbro
|-resisted|p1a: Slowbro
|-damage|p1a: Slowbro|167\/393
|-activate|p1a: Slowbro|move: Clamp|[of] p2a: Cloyster
|
|turn|57
|join|Mystialized
|
|move|p2a: Cloyster|Clamp|p1a: Slowbro
|-damage|p1a: Slowbro|145\/393
|cant|p1a: Slowbro|partiallytrapped
|
|turn|58
|
|move|p2a: Cloyster|Clamp|p1a: Slowbro
|-damage|p1a: Slowbro|123\/393
|cant|p1a: Slowbro|partiallytrapped
|
|-end|p1a: Slowbro|Clamp|[partiallytrapped]
|turn|59
|
|move|p2a: Cloyster|Clamp|p1a: Slowbro
|-resisted|p1a: Slowbro
|-damage|p1a: Slowbro|102\/393
|-activate|p1a: Slowbro|move: Clamp|[of] p2a: Cloyster
|cant|p1a: Slowbro|partiallytrapped
|
|turn|60
|
|move|p2a: Cloyster|Clamp|p1a: Slowbro
|-damage|p1a: Slowbro|81\/393
|cant|p1a: Slowbro|partiallytrapped
|
|turn|61
|
|move|p2a: Cloyster|Clamp|p1a: Slowbro
|-damage|p1a: Slowbro|60\/393
|cant|p1a: Slowbro|partiallytrapped
|
|-end|p1a: Slowbro|Clamp|[partiallytrapped]
|turn|62
|
|move|p2a: Cloyster|Clamp|p1a: Slowbro|[miss]
|-miss|p2a: Cloyster
|move|p1a: Slowbro|Rest|p1a: Slowbro
|-status|p1a: Slowbro|slp
|-heal|p1a: Slowbro|393\/393 slp|[silent]
|-status|p1a: Slowbro|slp|[from] move: Rest
|
|turn|63
|
|switch|p2a: Dragonite|Dragonite|385\/385
|cant|p1a: Slowbro|slp
|
|turn|64
|
|move|p2a: Dragonite|Agility|p2a: Dragonite
|-boost|p2a: Dragonite|spe|2
|cant|p1a: Slowbro|slp
|-curestatus|p1a: Slowbro|slp
|
|turn|65
|
|move|p2a: Dragonite|Wrap|p1a: Slowbro|[miss]
|-miss|p2a: Dragonite
|move|p1a: Slowbro|Thunder Wave|p2a: Dragonite
|-status|p2a: Dragonite|par
|
|turn|66
|c|★kid gf lol|this is pretty tilting tbh
|
|switch|p1a: Tauros|Tauros|353\/353
|move|p2a: Dragonite|Wrap|p1a: Tauros|[miss]
|-miss|p2a: Dragonite
|
|turn|67
|
|move|p1a: Tauros|Blizzard|p2a: Dragonite
|-supereffective|p2a: Dragonite
|-damage|p2a: Dragonite|100\/385 par
|cant|p2a: Dragonite|par
|
|turn|68
|c|★LonelyNess|what do you expect when you're using a wrap tea lol 
|c|★LonelyNess|*team 
|c|★LonelyNess|you're going ot miss 
|c|★LonelyNess|a bunch 
|c|★kid gf lol|first attack miss is rare :\ i've litterally played over 3k rby battles, and this isnt at all an accurate representation of my win\/loss ratio lol
|
|move|p1a: Tauros|Blizzard|p2a: Dragonite
|-supereffective|p2a: Dragonite
|-damage|p2a: Dragonite|0 fnt
|faint|p2a: Dragonite
|
|switch|p2a: Tauros|Tauros|353\/353
|turn|69
|
|switch|p1a: Slowbro|Slowbro|393\/393
|move|p2a: Tauros|Body Slam|p1a: Slowbro
|-damage|p1a: Slowbro|304\/393
|
|turn|70
|
|move|p2a: Tauros|Body Slam|p1a: Slowbro
|-crit|p1a: Slowbro
|-damage|p1a: Slowbro|117\/393
|move|p1a: Slowbro|Surf|p2a: Tauros
|-damage|p2a: Tauros|225\/353
|
|turn|71
|
|switch|p1a: Golem|Golem|363\/363
|move|p2a: Tauros|Blizzard|p1a: Golem
|-supereffective|p1a: Golem
|-damage|p1a: Golem|141\/363
|
|turn|72
|
|move|p2a: Tauros|Blizzard|p1a: Golem
|-supereffective|p1a: Golem
|-damage|p1a: Golem|0 fnt
|faint|p1a: Golem
|
|switch|p1a: Snorlax|Snorlax|394\/523
|turn|73
|
|move|p2a: Tauros|Body Slam|p1a: Snorlax
|-damage|p1a: Snorlax|257\/523
|-status|p1a: Snorlax|par
|move|p1a: Snorlax|Body Slam|p2a: Tauros
|-damage|p2a: Tauros|110\/353
|
|turn|74
|
|move|p2a: Tauros|Body Slam|p1a: Snorlax
|-damage|p1a: Snorlax|137\/523 par
|cant|p1a: Snorlax|par
|
|turn|75
|
|switch|p1a: Tauros|Tauros|353\/353
|move|p2a: Tauros|Hyper Beam|p1a: Tauros
|-damage|p1a: Tauros|157\/353
|
|turn|76
|
|move|p1a: Tauros|Hyper Beam|p2a: Tauros
|-damage|p2a: Tauros|0 fnt
|faint|p2a: Tauros
|
|switch|p2a: Starmie|Starmie|284\/323 par
|turn|77
|
|switch|p1a: Slowbro|Slowbro|117\/393
|cant|p2a: Starmie|par
|
|turn|78
|
|move|p1a: Slowbro|Amnesia|p1a: Slowbro
|-boost|p1a: Slowbro|spd|2
|-boost|p1a: Slowbro|spa|2
|cant|p2a: Starmie|par
|
|turn|79
|
|move|p1a: Slowbro|Surf|p2a: Starmie
|-resisted|p2a: Starmie
|-damage|p2a: Starmie|192\/323 par
|move|p2a: Starmie|Psychic|p1a: Slowbro
|-resisted|p1a: Slowbro
|-damage|p1a: Slowbro|88\/393
|
|turn|80
|
|move|p1a: Slowbro|Surf|p2a: Starmie
|-resisted|p2a: Starmie
|-damage|p2a: Starmie|94\/323 par
|move|p2a: Starmie|Recover|p2a: Starmie
|-heal|p2a: Starmie|255\/323 par
|
|turn|81
|join|Ditto
|
|move|p1a: Slowbro|Surf|p2a: Starmie
|-resisted|p2a: Starmie
|-damage|p2a: Starmie|155\/323 par
|move|p2a: Starmie|Thunder Wave|p1a: Slowbro
|-status|p1a: Slowbro|par
|
|turn|82
|
|move|p2a: Starmie|Recover|p2a: Starmie
|-heal|p2a: Starmie|316\/323 par
|move|p1a: Slowbro|Rest|p1a: Slowbro
|-status|p1a: Slowbro|slp
|-heal|p1a: Slowbro|393\/393 slp|[silent]
|-status|p1a: Slowbro|slp|[from] move: Rest
|
|turn|83
|
|move|p2a: Starmie|Psychic|p1a: Slowbro
|-resisted|p1a: Slowbro
|-damage|p1a: Slowbro|361\/393 slp
|-unboost|p1a: Slowbro|spd|1
|-unboost|p1a: Slowbro|spa|1
|cant|p1a: Slowbro|slp
|
|turn|84
|
|switch|p2a: Victreebel|Victreebel|99\/363 par
|cant|p1a: Slowbro|slp
|-curestatus|p1a: Slowbro|slp
|
|turn|85
|
|switch|p1a: Exeggutor|Exeggutor|393\/393 slp
|move|p2a: Victreebel|Razor Leaf|p1a: Exeggutor
|-crit|p1a: Exeggutor
|-resisted|p1a: Exeggutor
|-damage|p1a: Exeggutor|332\/393 slp
|
|turn|86
|
|switch|p2a: Cloyster|Cloyster|160\/303
|cant|p1a: Exeggutor|slp
|
|turn|87
|
|switch|p1a: Slowbro|Slowbro|361\/393
|move|p2a: Cloyster|Blizzard|p1a: Slowbro
|-crit|p1a: Slowbro
|-resisted|p1a: Slowbro
|-damage|p1a: Slowbro|210\/393
|
|turn|88
|
|move|p2a: Cloyster|Clamp|p1a: Slowbro|[miss]
|-miss|p2a: Cloyster
|move|p1a: Slowbro|Thunder Wave|p2a: Cloyster
|-status|p2a: Cloyster|par
|
|turn|89
|
|switch|p2a: Starmie|Starmie|316\/323 par
|move|p1a: Slowbro|Amnesia|p1a: Slowbro
|-boost|p1a: Slowbro|spd|2
|-boost|p1a: Slowbro|spa|2
|
|turn|90
|
|move|p1a: Slowbro|Surf|p2a: Starmie
|-resisted|p2a: Starmie
|-damage|p2a: Starmie|226\/323 par
|move|p2a: Starmie|Thunder Wave|p1a: Slowbro
|-status|p1a: Slowbro|par
|
|turn|91
|
|move|p2a: Starmie|Psychic|p1a: Slowbro
|-resisted|p1a: Slowbro
|-damage|p1a: Slowbro|182\/393 par
|move|p1a: Slowbro|Rest|p1a: Slowbro
|-status|p1a: Slowbro|slp
|-heal|p1a: Slowbro|393\/393 slp|[silent]
|-status|p1a: Slowbro|slp|[from] move: Rest
|
|turn|92
|
|switch|p2a: Victreebel|Victreebel|99\/363 par
|cant|p1a: Slowbro|slp
|
|turn|93
|
|switch|p2a: Cloyster|Cloyster|160\/303 par
|switch|p1a: Exeggutor|Exeggutor|332\/393 slp
|
|turn|94
|
|switch|p1a: Slowbro|Slowbro|393\/393 slp
|switch|p2a: Victreebel|Victreebel|99\/363 par
|
|turn|95
|
|switch|p1a: Exeggutor|Exeggutor|332\/393 slp
|switch|p2a: Cloyster|Cloyster|160\/303 par
|
|turn|96
|
|switch|p1a: Slowbro|Slowbro|393\/393 slp
|move|p2a: Cloyster|Blizzard|p1a: Slowbro
|-resisted|p1a: Slowbro
|-damage|p1a: Slowbro|319\/393 slp
|
|turn|97
|
|cant|p1a: Slowbro|slp
|-curestatus|p1a: Slowbro|slp
|cant|p2a: Cloyster|par
|
|turn|98
|
|move|p1a: Slowbro|Amnesia|p1a: Slowbro
|-boost|p1a: Slowbro|spd|2
|-boost|p1a: Slowbro|spa|2
|move|p2a: Cloyster|Blizzard|p1a: Slowbro|[miss]
|-miss|p2a: Cloyster
|
|turn|99
|
|move|p1a: Slowbro|Surf|p2a: Cloyster
|-resisted|p2a: Cloyster
|-damage|p2a: Cloyster|46\/303 par
|move|p2a: Cloyster|Explosion|p1a: Slowbro
|-damage|p1a: Slowbro|67\/393
|faint|p2a: Cloyster
|
|switch|p2a: Victreebel|Victreebel|99\/363 par
|turn|100
|
|switch|p1a: Exeggutor|Exeggutor|332\/393 slp
|move|p2a: Victreebel|Razor Leaf|p1a: Exeggutor
|-crit|p1a: Exeggutor
|-resisted|p1a: Exeggutor
|-damage|p1a: Exeggutor|276\/393 slp
|
|turn|101
|
|cant|p1a: Exeggutor|slp
|move|p2a: Victreebel|Razor Leaf|p1a: Exeggutor
|-crit|p1a: Exeggutor
|-resisted|p1a: Exeggutor
|-damage|p1a: Exeggutor|218\/393 slp
|
|turn|102
|
|cant|p1a: Exeggutor|slp
|cant|p2a: Victreebel|par
|
|turn|103
|
|cant|p1a: Exeggutor|slp
|move|p2a: Victreebel|Sleep Powder|p1a: Exeggutor
|-fail|p1a: Exeggutor|slp
|
|turn|104
|
|cant|p1a: Exeggutor|slp
|-curestatus|p1a: Exeggutor|slp
|move|p2a: Victreebel|Sleep Powder|p1a: Exeggutor
|-status|p1a: Exeggutor|slp
|
|turn|105
|
|cant|p1a: Exeggutor|slp
|cant|p2a: Victreebel|par
|
|turn|106
|
|cant|p1a: Exeggutor|slp
|move|p2a: Victreebel|Razor Leaf|p1a: Exeggutor
|-crit|p1a: Exeggutor
|-resisted|p1a: Exeggutor
|-damage|p1a: Exeggutor|165\/393 slp
|
|turn|107
|
|cant|p1a: Exeggutor|slp
|move|p2a: Victreebel|Sleep Powder|p1a: Exeggutor
|-fail|p1a: Exeggutor|slp
|
|turn|108
|
|cant|p1a: Exeggutor|slp
|move|p2a: Victreebel|Stun Spore|p1a: Exeggutor
|-fail|p1a: Exeggutor
|
|turn|109
|
|cant|p1a: Exeggutor|slp
|move|p2a: Victreebel|Sleep Powder|p1a: Exeggutor|[miss]
|-miss|p2a: Victreebel
|
|turn|110
|
|cant|p1a: Exeggutor|slp
|-curestatus|p1a: Exeggutor|slp
|move|p2a: Victreebel|Sleep Powder|p1a: Exeggutor
|-status|p1a: Exeggutor|slp
|
|turn|111
|
|cant|p1a: Exeggutor|slp
|move|p2a: Victreebel|Razor Leaf|p1a: Exeggutor
|-crit|p1a: Exeggutor
|-resisted|p1a: Exeggutor
|-damage|p1a: Exeggutor|105\/393 slp
|
|turn|112
|
|cant|p1a: Exeggutor|slp
|move|p2a: Victreebel|Razor Leaf|p1a: Exeggutor
|-crit|p1a: Exeggutor
|-resisted|p1a: Exeggutor
|-damage|p1a: Exeggutor|51\/393 slp
|
|turn|113
|
|switch|p2a: Starmie|Starmie|226\/323 par
|cant|p1a: Exeggutor|slp
|-curestatus|p1a: Exeggutor|slp
|
|turn|114
|
|switch|p2a: Victreebel|Victreebel|99\/363 par
|move|p1a: Exeggutor|Explosion|p2a: Victreebel
|-damage|p2a: Victreebel|0 fnt
|faint|p2a: Victreebel
|faint|p1a: Exeggutor
|
|switch|p2a: Starmie|Starmie|226\/323 par
|switch|p1a: Snorlax|Snorlax|137\/523 par
|turn|115
|
|move|p2a: Starmie|Psychic|p1a: Snorlax
|-damage|p1a: Snorlax|0 fnt
|faint|p1a: Snorlax
|
|switch|p1a: Tauros|Tauros|157\/353
|turn|116
|
|move|p1a: Tauros|Body Slam|p2a: Starmie
|-crit|p2a: Starmie
|-damage|p2a: Starmie|8\/323 par
|cant|p2a: Starmie|par
|
|turn|117
|
|move|p1a: Tauros|Body Slam|p2a: Starmie
|-crit|p2a: Starmie
|-damage|p2a: Starmie|0 fnt
|faint|p2a: Starmie
|
|win|LonelyNess
|c|★kid gf lol|for what it's worth I play and win vs Isa\/marcoasd about 50-50 and am #1 on showdown ladder \/ have over 3k games played
|c|★kid gf lol|however first impressions are everything so i doubt it means anything
|c|★kid gf lol|i pray that rby isn't hosted on showdown, because the mechanics still aren't correct
|leave|kid gf lol
|player|p2
|leave|Ditto