|inactive|Battle timer is ON: inactive players will automatically lose when time's up.
|J|Lusch
|J|Beds
|player|p1|Lusch|153
|player|p2|Beds|252
|gametype|singles
|gen|1
|tier|[Gen 1] OU
|seed|50293,29120,38540,6003
|rule|Sleep Clause Mod: Limit one foe put to sleep
|rule|Freeze Clause Mod: Limit one foe frozen
|rule|Species Clause: Limit one of each Pokémon
|rule|OHKO Clause: OHKO moves are banned
|rule|Evasion Moves Clause: Evasion moves are banned
|rule|HP Percentage Mod: HP is shown in percentages
|
|start
|switch|p1a: Exeggutor|Exeggutor|393\/393
|switch|p2a: Alakazam|Alakazam|313\/313
|turn|1
|c|★Beds|gl hf
|choice|move 2|move 1
|
|move|p2a: Alakazam|Thunder Wave|p1a: Exeggutor
|-status|p1a: Exeggutor|par
|move|p1a: Exeggutor|Sleep Powder|p2a: Alakazam
|-status|p2a: Alakazam|slp
|
|turn|2
|c|★Lusch|gl hf
|choice|switch 4|move 4
|
|switch|p1a: Tauros|Tauros|353\/353
|cant|p2a: Alakazam|slp
|
|turn|3
|choice|move 2|switch 5
|
|switch|p2a: Lapras|Lapras|463\/463
|move|p1a: Tauros|Body Slam|p2a: Lapras
|-damage|p2a: Lapras|348\/463
|
|turn|4
|choice|switch 6|move 1
|
|switch|p1a: Chansey|Chansey|703\/703
|move|p2a: Lapras|Blizzard|p1a: Chansey
|-damage|p1a: Chansey|562\/703
|
|turn|5
|choice|move 1|move 4
|
|move|p2a: Lapras|Sing|p1a: Chansey|[miss]
|-miss|p2a: Lapras
|move|p1a: Chansey|Thunder Wave|p2a: Lapras
|-status|p2a: Lapras|par
|
|turn|6
|choice|move 3|move 1
|
|move|p1a: Chansey|Thunderbolt|p2a: Lapras
|-supereffective|p2a: Lapras
|-damage|p2a: Lapras|181\/463 par
|move|p2a: Lapras|Blizzard|p1a: Chansey
|-crit|p1a: Chansey
|-damage|p1a: Chansey|320\/703
|
|turn|7
|choice|move 3|move 4
|
|move|p1a: Chansey|Thunderbolt|p2a: Lapras
|-supereffective|p2a: Lapras
|-damage|p2a: Lapras|27\/463 par
|move|p2a: Lapras|Sing|p1a: Chansey|[miss]
|-miss|p2a: Lapras
|
|turn|8
|choice|move 3|switch 6
|
|switch|p2a: Exeggutor|Exeggutor|393\/393
|move|p1a: Chansey|Thunderbolt|p2a: Exeggutor
|-resisted|p2a: Exeggutor
|-damage|p2a: Exeggutor|361\/393
|
|turn|9
|choice|switch 4|switch 6
|
|switch|p2a: Lapras|Lapras|27\/463 par
|switch|p1a: Exeggutor|Exeggutor|393\/393 par
|
|turn|10
|J|ReshiRampage
|L|ReshiRampage
|choice|switch 5|move 1
|
|switch|p1a: Starmie|Starmie|323\/323
|move|p2a: Lapras|Blizzard|p1a: Starmie
|-resisted|p1a: Starmie
|-damage|p1a: Starmie|257\/323
|
|turn|11
|choice|move 4|move 4
|
|move|p1a: Starmie|Thunderbolt|p2a: Lapras
|-supereffective|p2a: Lapras
|-damage|p2a: Lapras|0 fnt
|faint|p2a: Lapras
|choice||switch 4
|
|switch|p2a: Snorlax|Snorlax|523\/523
|turn|12
|choice|move 2|move 1
|
|move|p1a: Starmie|Thunder Wave|p2a: Snorlax
|-status|p2a: Snorlax|par
|move|p2a: Snorlax|Body Slam|p1a: Starmie
|-damage|p1a: Starmie|145\/323
|
|turn|13
|choice|switch 4|move 1
|
|switch|p1a: Chansey|Chansey|320\/703
|move|p2a: Snorlax|Body Slam|p1a: Chansey
|-damage|p1a: Chansey|38\/703
|
|turn|14
|choice|switch 2|move 3
|
|switch|p1a: Rhydon|Rhydon|413\/413
|move|p2a: Snorlax|Hyper Beam|p1a: Rhydon
|-resisted|p1a: Rhydon
|-damage|p1a: Rhydon|323\/413
|
|turn|15
|-mustrecharge|p2a: Snorlax
|-mustrecharge|p2a: Snorlax
|choice|move 2|move 1
|
|move|p1a: Rhydon|Earthquake|p2a: Snorlax
|-damage|p2a: Snorlax|351\/523 par
|cant|p2a: Snorlax|recharge
|
|turn|16
|choice|switch 5|move 1
|
|switch|p1a: Exeggutor|Exeggutor|393\/393 par
|cant|p2a: Snorlax|par
|
|turn|17
|choice|switch 4|move 4
|
|switch|p1a: Starmie|Starmie|145\/323
|move|p2a: Snorlax|Self-Destruct|p1a: Starmie
|-crit|p1a: Starmie
|-damage|p1a: Starmie|0 fnt
|faint|p1a: Starmie
|faint|p2a: Snorlax
|choice|switch 3|switch 6
|
|switch|p1a: Articuno|Articuno|383\/383
|switch|p2a: Exeggutor|Exeggutor|361\/393
|turn|18
|choice|move 2|switch 2
|
|switch|p2a: Starmie|Starmie|323\/323
|move|p1a: Articuno|Blizzard|p2a: Starmie
|-resisted|p2a: Starmie
|-damage|p2a: Starmie|244\/323
|
|turn|19
|choice|move 2|move 2
|
|move|p2a: Starmie|Thunderbolt|p1a: Articuno
|-supereffective|p1a: Articuno
|-damage|p1a: Articuno|257\/383
|move|p1a: Articuno|Blizzard|p2a: Starmie
|-resisted|p2a: Starmie
|-damage|p2a: Starmie|163\/323
|
|turn|20
|choice|move 4|move 2
|
|move|p2a: Starmie|Thunderbolt|p1a: Articuno
|-supereffective|p1a: Articuno
|-damage|p1a: Articuno|137\/383
|move|p1a: Articuno|Agility|p1a: Articuno
|-boost|p1a: Articuno|spe|2
|
|turn|21
|choice|move 2|move 3
|
|move|p1a: Articuno|Blizzard|p2a: Starmie
|-resisted|p2a: Starmie
|-damage|p2a: Starmie|77\/323
|move|p2a: Starmie|Recover|p2a: Starmie
|-heal|p2a: Starmie|238\/323
|
|turn|22
|choice|move 2|move 4
|
|move|p1a: Articuno|Blizzard|p2a: Starmie
|-crit|p2a: Starmie
|-resisted|p2a: Starmie
|-damage|p2a: Starmie|79\/323
|move|p2a: Starmie|Blizzard|p1a: Articuno|[miss]
|-miss|p2a: Starmie
|
|turn|23
|choice|move 3|switch 5
|
|switch|p2a: Alakazam|Alakazam|313\/313 slp
|move|p1a: Articuno|Hyper Beam|p2a: Alakazam
|-damage|p2a: Alakazam|140\/313 slp
|
|turn|24
|-mustrecharge|p1a: Articuno
|-mustrecharge|p1a: Articuno
|choice|move 1|move 2
|
|cant|p1a: Articuno|recharge
|cant|p2a: Alakazam|slp
|
|turn|25
|choice|move 2|move 2
|
|move|p1a: Articuno|Blizzard|p2a: Alakazam
|-crit|p2a: Alakazam
|-damage|p2a: Alakazam|0 fnt
|faint|p2a: Alakazam
|choice||switch 3
|
|switch|p2a: Tauros|Tauros|353\/353
|turn|26
|choice|move 2|move 4
|
|move|p1a: Articuno|Blizzard|p2a: Tauros
|-damage|p2a: Tauros|145\/353
|move|p2a: Tauros|Hyper Beam|p1a: Articuno
|-crit|p1a: Articuno
|-damage|p1a: Articuno|0 fnt
|faint|p1a: Articuno
|choice|switch 6|
|
|switch|p1a: Tauros|Tauros|353\/353
|turn|27
|choice|move 2|move 4
|
|move|p1a: Tauros|Body Slam|p2a: Tauros
|-damage|p2a: Tauros|36\/353
|move|p2a: Tauros|Hyper Beam|p1a: Tauros
|-damage|p1a: Tauros|162\/353
|
|turn|28
|-mustrecharge|p2a: Tauros
|-mustrecharge|p2a: Tauros
|choice|move 2|move 1
|
|move|p1a: Tauros|Body Slam|p2a: Tauros
|-damage|p2a: Tauros|0 fnt
|faint|p2a: Tauros
|choice||switch 5
|
|switch|p2a: Starmie|Starmie|79\/323
|turn|29
|choice|move 2|move 1
|
|move|p2a: Starmie|Hydro Pump|p1a: Tauros|[miss]
|-miss|p2a: Starmie
|move|p1a: Tauros|Body Slam|p2a: Starmie
|-damage|p2a: Starmie|0 fnt
|faint|p2a: Starmie
|c|★Lusch|unluck
|c|★Beds|ficken
|choice||switch 2
|
|switch|p2a: Exeggutor|Exeggutor|361\/393
|turn|30
|c|★Lusch|hatte es mir gedacht, wenn ich ehrlich bin
|c|★Lusch|weil als keien twave kam
|choice|move 2|move 1
|
|move|p1a: Tauros|Body Slam|p2a: Exeggutor
|-crit|p2a: Exeggutor
|-damage|p2a: Exeggutor|136\/393
|-status|p2a: Exeggutor|par
|move|p2a: Exeggutor|Psychic|p1a: Tauros
|-damage|p1a: Tauros|3\/353
|
|turn|31
|choice|move 4|move 1
|
|move|p1a: Tauros|Hyper Beam|p2a: Exeggutor|[miss]
|-miss|p1a: Tauros
|cant|p2a: Exeggutor|par
|
|turn|32
|choice|move 4|move 1
|
|move|p1a: Tauros|Hyper Beam|p2a: Exeggutor
|-damage|p2a: Exeggutor|0 fnt
|faint|p2a: Exeggutor
|
|win|Lusch