|inactive|Battle timer is ON: inactive players will automatically lose when time's up.
|J|Tesung
|J|Nails
|player|p1|Tesung|101
|player|p2|Nails|282
|gametype|singles
|gen|1
|tier|[Gen 1] OU
|seed|31542,54773,3883,33111
|rule|Sleep Clause Mod: Limit one foe put to sleep
|rule|Freeze Clause Mod: Limit one foe frozen
|rule|Species Clause: Limit one of each Pokémon
|rule|OHKO Clause: OHKO moves are banned
|rule|Evasion Moves Clause: Evasion moves are banned
|rule|HP Percentage Mod: HP is shown in percentages
|
|start
|switch|p1a: Jolteon|Jolteon|333\/333
|switch|p2a: Gengar|Gengar|323\/323
|turn|1
|J|BKC
|choice|move 1|move 1
|
|move|p1a: Jolteon|Thunderbolt|p2a: Gengar
|-damage|p2a: Gengar|226\/323
|move|p2a: Gengar|Hypnosis|p1a: Jolteon
|-status|p1a: Jolteon|slp
|
|turn|2
|J|IAmGingy
|choice|move 1|move 3
|
|cant|p1a: Jolteon|slp
|move|p2a: Gengar|Night Shade|p1a: Jolteon
|-damage|p1a: Jolteon|233\/333 slp
|
|turn|3
|choice|switch 4|move 3
|
|switch|p1a: Chansey|Chansey|703\/703
|move|p2a: Gengar|Night Shade|p1a: Chansey
|-damage|p1a: Chansey|603\/703
|
|turn|4
|choice|move 2|move 3
|
|move|p2a: Gengar|Night Shade|p1a: Chansey
|-damage|p1a: Chansey|503\/703
|move|p1a: Chansey|Ice Beam|p2a: Gengar
|-damage|p2a: Gengar|158\/323
|
|turn|5
|choice|switch 4|move 2
|
|switch|p1a: Jolteon|Jolteon|233\/333 slp
|move|p2a: Gengar|Explosion|p1a: Jolteon
|-damage|p1a: Jolteon|0 fnt
|faint|p1a: Jolteon
|faint|p2a: Gengar
|choice|switch 6|switch 2
|
|switch|p2a: Exeggutor|Exeggutor|393\/393
|switch|p1a: Exeggutor|Exeggutor|393\/393
|turn|6
|choice|move 3|move 1
|
|move|p1a: Exeggutor|Sleep Powder|p2a: Exeggutor|[miss]
|-miss|p1a: Exeggutor
|move|p2a: Exeggutor|Sleep Powder|p1a: Exeggutor|[miss]
|-miss|p2a: Exeggutor
|
|turn|7
|choice|move 3|move 1
|
|move|p2a: Exeggutor|Sleep Powder|p1a: Exeggutor
|-status|p1a: Exeggutor|slp
|cant|p1a: Exeggutor|slp
|
|turn|8
|J|dekzeh
|choice|move 3|switch 3
|
|switch|p2a: Snorlax|Snorlax|523\/523
|cant|p1a: Exeggutor|slp
|
|turn|9
|choice|move 3|move 1
|
|cant|p1a: Exeggutor|slp
|move|p2a: Snorlax|Body Slam|p1a: Exeggutor
|-damage|p1a: Exeggutor|276\/393 slp
|
|turn|10
|choice|switch 4|move 1
|
|switch|p1a: Chansey|Chansey|503\/703
|move|p2a: Snorlax|Body Slam|p1a: Chansey
|-damage|p1a: Chansey|233\/703
|
|turn|11
|choice|move 3|move 1
|
|move|p1a: Chansey|Soft-Boiled|p1a: Chansey
|-heal|p1a: Chansey|584\/703
|move|p2a: Snorlax|Body Slam|p1a: Chansey
|-damage|p1a: Chansey|311\/703
|
|turn|12
|choice|move 3|move 1
|
|move|p1a: Chansey|Soft-Boiled|p1a: Chansey
|-heal|p1a: Chansey|662\/703
|move|p2a: Snorlax|Body Slam|p1a: Chansey
|-damage|p1a: Chansey|372\/703
|
|turn|13
|choice|move 3|move 1
|
|move|p1a: Chansey|Soft-Boiled|p1a: Chansey
|-heal|p1a: Chansey|703\/703
|move|p2a: Snorlax|Body Slam|p1a: Chansey
|-damage|p1a: Chansey|409\/703
|
|turn|14
|choice|move 1|move 3
|
|move|p1a: Chansey|Thunder Wave|p2a: Snorlax
|-status|p2a: Snorlax|par
|cant|p2a: Snorlax|par
|
|turn|15
|c|★Nails|ugh
|choice|move 3|move 4
|
|move|p1a: Chansey|Soft-Boiled|p1a: Chansey
|-heal|p1a: Chansey|703\/703
|cant|p2a: Snorlax|par
|
|turn|16
|choice|move 2|move 2
|
|move|p1a: Chansey|Ice Beam|p2a: Snorlax
|-damage|p2a: Snorlax|416\/523 par
|cant|p2a: Snorlax|par
|
|turn|17
|choice|switch 4|move 4
|
|switch|p1a: Exeggutor|Exeggutor|276\/393 slp
|cant|p2a: Snorlax|par
|
|turn|18
|choice|move 4|move 1
|
|cant|p1a: Exeggutor|slp
|move|p2a: Snorlax|Body Slam|p1a: Exeggutor
|-damage|p1a: Exeggutor|161\/393 slp
|
|turn|19
|c|★Tesung|g2g 
|-message|Tesung forfeited.
|
|win|Nails