|J|Prague Kick
|J|Dice
|player|p1|Prague Kick|1
|player|p2|Dice|134
|gametype|singles
|gen|1
|tier|[Gen 1] OU
|seed|
|rule|Sleep Clause Mod: Limit one foe put to sleep
|rule|Freeze Clause Mod: Limit one foe frozen
|rule|Species Clause: Limit one of each Pokémon
|rule|OHKO Clause: OHKO moves are banned
|rule|Evasion Moves Clause: Evasion moves are banned
|rule|HP Percentage Mod: HP is shown in percentages
|
|start
|switch|p1a: spentooo|Starmie|100\/100
|switch|p2a: Jynx|Jynx|100\/100
|turn|1
|c|★Prague Kick|hf
|J|fapkingg
|J|Social
|J|BKC
|L|Social
|J|habajiga
|c|★Dice|u2
|J|Fireburn
|J|Haund
|choice||
|
|move|p1a: spentooo|Thunder Wave|p2a: Jynx
|-status|p2a: Jynx|par
|cant|p2a: Jynx|par
|
|turn|2
|choice||
|
|move|p1a: spentooo|Thunderbolt|p2a: Jynx
|-crit|p2a: Jynx
|-damage|p2a: Jynx|55\/100 par
|move|p2a: Jynx|Lovely Kiss|p1a: spentooo|[miss]
|-miss|p2a: Jynx
|
|turn|3
|choice||
|
|switch|p2a: Chansey|Chansey|100\/100
|move|p1a: spentooo|Thunderbolt|p2a: Chansey
|-damage|p2a: Chansey|90\/100
|
|turn|4
|choice||
|
|move|p1a: spentooo|Thunderbolt|p2a: Chansey
|-damage|p2a: Chansey|80\/100
|move|p2a: Chansey|Thunderbolt|p1a: spentooo
|-supereffective|p1a: spentooo
|-damage|p1a: spentooo|49\/100
|-status|p1a: spentooo|par
|
|turn|5
|choice||
|
|switch|p1a: 80pct spento|Exeggutor|100\/100
|move|p2a: Chansey|Ice Beam|p1a: 80pct spento
|-supereffective|p1a: 80pct spento
|-damage|p1a: 80pct spento|65\/100
|
|turn|6
|choice||
|
|switch|p2a: Jynx|Jynx|55\/100 par
|move|p1a: 80pct spento|Psychic|p2a: Jynx
|-resisted|p2a: Jynx
|-damage|p2a: Jynx|37\/100 par
|
|turn|7
|choice||
|
|move|p1a: 80pct spento|Double-Edge|p2a: Jynx
|-damage|p2a: Jynx|0 fnt
|-damage|p1a: 80pct spento|57\/100|[from] recoil|[of] p2a: Jynx
|faint|p2a: Jynx
|choice||
|
|switch|p2a: Starmie|Starmie|100\/100
|turn|8
|choice||
|
|switch|p1a: spentone|Chansey|100\/100
|move|p2a: Starmie|Blizzard|p1a: spentone
|-damage|p1a: spentone|88\/100
|
|turn|9
|choice||
|
|move|p2a: Starmie|Blizzard|p1a: spentone
|-damage|p1a: spentone|74\/100
|move|p1a: spentone|Thunder Wave|p2a: Starmie
|-status|p2a: Starmie|par
|
|turn|10
|choice||
|
|switch|p2a: Chansey|Chansey|80\/100
|move|p1a: spentone|Seismic Toss|p2a: Chansey
|-damage|p2a: Chansey|66\/100
|
|turn|11
|choice||
|
|move|p2a: Chansey|Soft-Boiled|p2a: Chansey
|-heal|p2a: Chansey|100\/100
|move|p1a: spentone|Thunder Wave|p2a: Chansey
|-status|p2a: Chansey|par
|
|turn|12
|choice||
|
|move|p1a: spentone|Seismic Toss|p2a: Chansey
|-damage|p2a: Chansey|86\/100 par
|cant|p2a: Chansey|par
|
|turn|13
|choice||
|
|switch|p1a: bossdeglispenti|Snorlax|100\/100
|move|p2a: Chansey|Ice Beam|p1a: bossdeglispenti
|-damage|p1a: bossdeglispenti|80\/100
|
|turn|14
|choice||
|
|switch|p2a: Snorlax|Snorlax|100\/100
|move|p1a: bossdeglispenti|Body Slam|p2a: Snorlax
|-damage|p2a: Snorlax|73\/100
|
|turn|15
|choice||
|
|move|p1a: bossdeglispenti|Body Slam|p2a: Snorlax
|-damage|p2a: Snorlax|48\/100
|move|p2a: Snorlax|Body Slam|p1a: bossdeglispenti
|-damage|p1a: bossdeglispenti|53\/100
|
|turn|16
|choice||
|
|move|p2a: Snorlax|Self-Destruct|p1a: bossdeglispenti
|-damage|p1a: bossdeglispenti|0 fnt
|faint|p1a: bossdeglispenti
|faint|p2a: Snorlax
|choice||
|
|switch|p2a: Exeggutor|Exeggutor|100\/100
|switch|p1a: spentone|Chansey|74\/100
|turn|17
|L|habajiga
|choice||
|
|switch|p2a: Tauros|Tauros|100\/100
|move|p1a: spentone|Thunder Wave|p2a: Tauros
|-status|p2a: Tauros|par
|
|turn|18
|L|fapkingg
|choice||
|
|move|p1a: spentone|Seismic Toss|p2a: Tauros
|-damage|p2a: Tauros|72\/100 par
|move|p2a: Tauros|Body Slam|p1a: spentone
|-damage|p1a: spentone|34\/100
|
|turn|19
|choice||
|
|move|p1a: spentone|Soft-Boiled|p1a: spentone
|-heal|p1a: spentone|84\/100
|move|p2a: Tauros|Body Slam|p1a: spentone
|-crit|p1a: spentone
|-damage|p1a: spentone|2\/100
|
|turn|20
|choice||
|
|move|p1a: spentone|Seismic Toss|p2a: Tauros
|-damage|p2a: Tauros|44\/100 par
|move|p2a: Tauros|Hyper Beam|p1a: spentone
|-damage|p1a: spentone|0 fnt
|faint|p1a: spentone
|L|Haund
|choice||
|
|switch|p1a: 20pct spento|Alakazam|100\/100
|turn|21
|choice||
|
|switch|p2a: Starmie|Starmie|100\/100 par
|move|p1a: 20pct spento|Psychic|p2a: Starmie
|-crit|p2a: Starmie
|-resisted|p2a: Starmie
|-damage|p2a: Starmie|61\/100 par
|
|turn|22
|J|Tesung
|c|+Tesung|g1 or g2?
|c|★Prague Kick|g2
|choice||
|
|switch|p1a: spentooo|Starmie|49\/100 par
|cant|p2a: Starmie|par
|
|turn|23
|choice||
|
|cant|p2a: Starmie|par
|cant|p1a: spentooo|par
|
|turn|24
|choice||
|
|cant|p2a: Starmie|par
|cant|p1a: spentooo|par
|
|turn|25
|choice||
|
|move|p1a: spentooo|Thunderbolt|p2a: Starmie
|-supereffective|p2a: Starmie
|-damage|p2a: Starmie|15\/100 par
|cant|p2a: Starmie|par
|
|turn|26
|J|Tricking
|c|★Dice|man.
|choice||
|
|move|p2a: Starmie|Thunderbolt|p1a: spentooo
|-supereffective|p1a: spentooo
|-damage|p1a: spentooo|1\/100 par
|move|p1a: spentooo|Thunderbolt|p2a: Starmie
|-supereffective|p2a: Starmie
|-damage|p2a: Starmie|0 fnt
|faint|p2a: Starmie
|choice||
|
|switch|p2a: Tauros|Tauros|44\/100 par
|turn|27
|choice||
|
|move|p1a: spentooo|Blizzard|p2a: Tauros
|-damage|p2a: Tauros|8\/100 par
|cant|p2a: Tauros|par
|
|turn|28
|choice||
|
|cant|p1a: spentooo|par
|cant|p2a: Tauros|par
|
|turn|29
|choice||
|
|move|p1a: spentooo|Recover|p1a: spentooo
|-heal|p1a: spentooo|51\/100 par
|move|p2a: Tauros|Body Slam|p1a: spentooo
|-crit|p1a: spentooo
|-damage|p1a: spentooo|0 fnt
|faint|p1a: spentooo
|choice||
|
|switch|p1a: 20pct spento|Alakazam|100\/100
|turn|30
|choice||
|
|switch|p2a: Chansey|Chansey|86\/100 par
|move|p1a: 20pct spento|Psychic|p2a: Chansey
|-damage|p2a: Chansey|67\/100 par
|-unboost|p2a: Chansey|spd|1
|-unboost|p2a: Chansey|spa|1
|
|turn|31
|choice||
|
|switch|p2a: Exeggutor|Exeggutor|100\/100
|move|p1a: 20pct spento|Psychic|p2a: Exeggutor
|-crit|p2a: Exeggutor
|-resisted|p2a: Exeggutor
|-damage|p2a: Exeggutor|72\/100
|
|turn|32
|choice||
|
|switch|p1a: 80pct spento|Exeggutor|57\/100
|move|p2a: Exeggutor|Sleep Powder|p1a: 80pct spento
|-status|p1a: 80pct spento|slp
|
|turn|33
|choice||
|
|switch|p1a: 20pct spento|Alakazam|100\/100
|move|p2a: Exeggutor|Psychic|p1a: 20pct spento
|-resisted|p1a: 20pct spento
|-damage|p1a: 20pct spento|85\/100
|
|turn|34
|choice||
|
|switch|p2a: Chansey|Chansey|67\/100 par
|move|p1a: 20pct spento|Psychic|p2a: Chansey
|-damage|p2a: Chansey|50\/100 par
|
|turn|35
|choice||
|
|move|p1a: 20pct spento|Psychic|p2a: Chansey
|-damage|p2a: Chansey|31\/100 par
|cant|p2a: Chansey|par
|
|turn|36
|choice||
|
|move|p1a: 20pct spento|Psychic|p2a: Chansey
|-crit|p2a: Chansey
|-damage|p2a: Chansey|0 fnt
|faint|p2a: Chansey
|c|★Prague Kick|rip
|choice||
|
|switch|p2a: Exeggutor|Exeggutor|72\/100
|turn|37
|choice||
|
|move|p1a: 20pct spento|Reflect|p1a: 20pct spento
|-start|p1a: 20pct spento|Reflect
|move|p2a: Exeggutor|Stun Spore|p1a: 20pct spento|[miss]
|-miss|p2a: Exeggutor
|
|turn|38
|choice||
|
|move|p1a: 20pct spento|Thunder Wave|p2a: Exeggutor
|-status|p2a: Exeggutor|par
|cant|p2a: Exeggutor|par
|
|turn|39
|c|★Dice|yeaaaaaaaaaa
|c|★Dice|ggs
|c|★Prague Kick|gg
|-message|Dice forfeited.
|
|win|Prague Kick
|player|p1
|player|p2
|L|Dice
|L|Tricking
|L|BKC
|L|Prague Kick