|J|Lusch
|J|teal6
|player|p1|Lusch|153
|player|p2|teal6|138
|gametype|singles
|gen|1
|tier|[Gen 1] OU
|seed|15647,65329,7646,53145
|rule|Sleep Clause Mod: Limit one foe put to sleep
|rule|Freeze Clause Mod: Limit one foe frozen
|rule|Species Clause: Limit one of each Pokémon
|rule|OHKO Clause: OHKO moves are banned
|rule|Evasion Moves Clause: Evasion moves are banned
|rule|HP Percentage Mod: HP is shown in percentages
|
|start
|switch|p1a: Gengar|Gengar|323\/323
|switch|p2a: Jynx|Jynx|333\/333
|turn|1
|J|Alexander
|choice|move 4|move 2
|
|move|p1a: Gengar|Hypnosis|p2a: Jynx|[miss]
|-miss|p1a: Gengar
|move|p2a: Jynx|Lovely Kiss|p1a: Gengar
|-status|p1a: Gengar|slp
|
|turn|2
|choice|switch 6|move 1
|
|switch|p1a: Starmie|Starmie|323\/323
|move|p2a: Jynx|Psychic|p1a: Starmie
|-resisted|p1a: Starmie
|-damage|p1a: Starmie|272\/323
|-unboost|p1a: Starmie|spd|1
|-unboost|p1a: Starmie|spa|1
|
|turn|3
|choice|move 3|move 4
|
|move|p1a: Starmie|Thunderbolt|p2a: Jynx
|-damage|p2a: Jynx|277\/333
|move|p2a: Jynx|Blizzard|p1a: Starmie
|-resisted|p1a: Starmie
|-damage|p1a: Starmie|174\/323
|
|turn|4
|choice|move 2|switch 3
|
|switch|p2a: Snorlax|Snorlax, M|523\/523
|move|p1a: Starmie|Recover|p1a: Starmie
|-heal|p1a: Starmie|323\/323
|
|turn|5
|choice|switch 6|move 1
|
|switch|p1a: Gengar|Gengar|323\/323 slp
|move|p2a: Snorlax|Body Slam|p1a: Gengar
|-immune|p1a: Gengar|[msg]
|
|turn|6
|J|scheisse
|choice|switch 2|move 2
|
|switch|p1a: Exeggutor|Exeggutor|393\/393
|move|p2a: Snorlax|Earthquake|p1a: Exeggutor
|-resisted|p1a: Exeggutor
|-damage|p1a: Exeggutor|351\/393
|
|turn|7
|choice|move 3|switch 3
|
|switch|p2a: Jynx|Jynx|277\/333
|move|p1a: Exeggutor|Sleep Powder|p2a: Jynx|[miss]
|-miss|p1a: Exeggutor
|
|turn|8
|choice|switch 6|switch 3
|
|switch|p2a: Snorlax|Snorlax, M|523\/523
|switch|p1a: Starmie|Starmie|323\/323
|
|turn|9
|choice|switch 6|move 1
|
|switch|p1a: Exeggutor|Exeggutor|351\/393
|move|p2a: Snorlax|Body Slam|p1a: Exeggutor
|-damage|p1a: Exeggutor|230\/393
|
|turn|10
|choice|move 3|switch 3
|
|switch|p2a: Jynx|Jynx|277\/333
|move|p1a: Exeggutor|Sleep Powder|p2a: Jynx
|-status|p2a: Jynx|slp
|
|turn|11
|choice|move 4|move 4
|
|cant|p2a: Jynx|slp
|move|p1a: Exeggutor|Stun Spore|p2a: Jynx|[miss]
|-miss|p1a: Exeggutor
|
|turn|12
|choice|switch 5|move 4
|
|switch|p1a: Tauros|Tauros|353\/353
|-curestatus|p2a: Jynx|slp
|
|turn|13
|choice|move 4|move 4
|
|move|p1a: Tauros|Hyper Beam|p2a: Jynx
|-crit|p2a: Jynx
|-damage|p2a: Jynx|0 fnt
|faint|p2a: Jynx
|choice||switch 4
|
|switch|p2a: Exeggutor|Exeggutor, M|393\/393
|turn|14
|choice|switch 5|move 4
|
|switch|p1a: Exeggutor|Exeggutor|230\/393
|move|p2a: Exeggutor|Stun Spore|p1a: Exeggutor
|-status|p1a: Exeggutor|par
|
|turn|15
|choice|switch 2|move 3
|
|switch|p1a: Gengar|Gengar|323\/323 slp
|move|p2a: Exeggutor|Explosion|p1a: Gengar
|-immune|p1a: Gengar|[msg]
|faint|p2a: Exeggutor
|choice||switch 2
|
|switch|p2a: Tauros|Tauros|353\/353
|turn|16
|choice|switch 6|move 2
|
|switch|p1a: Starmie|Starmie|323\/323
|move|p2a: Tauros|Blizzard|p1a: Starmie
|-resisted|p1a: Starmie
|-damage|p1a: Starmie|284\/323
|
|turn|17
|choice|switch 2|switch 5
|
|switch|p1a: Exeggutor|Exeggutor|230\/393 par
|switch|p2a: Chansey|Chansey|703\/703
|
|turn|18
|choice|move 3|move 1
|
|move|p2a: Chansey|Ice Beam|p1a: Exeggutor
|-supereffective|p1a: Exeggutor
|-damage|p1a: Exeggutor|100\/393 par
|move|p1a: Exeggutor|Sleep Powder|p2a: Chansey
|-status|p2a: Chansey|slp
|
|turn|19
|choice|switch 5|move 1
|
|switch|p1a: Tauros|Tauros|353\/353
|cant|p2a: Chansey|slp
|
|turn|20
|choice|move 2|switch 3
|
|switch|p2a: Snorlax|Snorlax, M|523\/523
|move|p1a: Tauros|Body Slam|p2a: Snorlax
|-damage|p2a: Snorlax|389\/523
|
|turn|21
|choice|switch 6|move 4
|
|switch|p1a: Gengar|Gengar|323\/323 slp
|move|p2a: Snorlax|Self-Destruct|p1a: Gengar
|-immune|p1a: Gengar|[msg]
|faint|p2a: Snorlax
|choice||switch 6
|
|switch|p2a: Slowbro|Slowbro|393\/393
|turn|22
|choice|switch 5|move 1
|
|switch|p1a: Exeggutor|Exeggutor|100\/393 par
|move|p2a: Slowbro|Amnesia|p2a: Slowbro
|-boost|p2a: Slowbro|spd|2
|-boost|p2a: Slowbro|spa|2
|
|turn|23
|choice|move 1|move 2
|
|move|p2a: Slowbro|Surf|p1a: Exeggutor
|-resisted|p1a: Exeggutor
|-damage|p1a: Exeggutor|15\/393 par
|move|p1a: Exeggutor|Explosion|p2a: Slowbro
|-damage|p2a: Slowbro|132\/393
|faint|p1a: Exeggutor
|choice|switch 6|
|
|switch|p1a: Tauros|Tauros|353\/353
|turn|24
|choice|move 4|switch 5
|
|switch|p2a: Tauros|Tauros|353\/353
|move|p1a: Tauros|Hyper Beam|p2a: Tauros
|-damage|p2a: Tauros|164\/353
|
|turn|25
|-mustrecharge|p1a: Tauros
|-mustrecharge|p1a: Tauros
|choice|move 1|move 1
|
|cant|p1a: Tauros|recharge
|move|p2a: Tauros|Body Slam|p1a: Tauros
|-damage|p1a: Tauros|249\/353
|
|turn|26
|choice|move 4|move 4
|
|move|p2a: Tauros|Hyper Beam|p1a: Tauros
|-damage|p1a: Tauros|55\/353
|move|p1a: Tauros|Hyper Beam|p2a: Tauros
|-damage|p2a: Tauros|0 fnt
|faint|p2a: Tauros
|choice||switch 3
|
|switch|p2a: Chansey|Chansey|703\/703 slp
|turn|27
|choice|move 2|move 3
|
|move|p1a: Tauros|Body Slam|p2a: Chansey
|-damage|p2a: Chansey|412\/703 slp
|-curestatus|p2a: Chansey|slp
|
|turn|28
|choice|move 4|move 3
|
|move|p1a: Tauros|Hyper Beam|p2a: Chansey
|-damage|p2a: Chansey|0 fnt
|faint|p2a: Chansey
|choice||switch 5
|
|switch|p2a: Slowbro|Slowbro|132\/393
|turn|29
|choice|move 4|move 3
|
|move|p1a: Tauros|Hyper Beam|p2a: Slowbro
|-damage|p2a: Slowbro|0 fnt
|faint|p2a: Slowbro
|
|win|Lusch