|J|fapkingg
|J|jacob
|player|p1|fapkingg|25
|player|p2|jacob|287
|gametype|singles
|gen|1
|tier|[Gen 1] OU
|seed|8476,2970,8520,33
|rule|Sleep Clause Mod: Limit one foe put to sleep
|rule|Freeze Clause Mod: Limit one foe frozen
|rule|Species Clause: Limit one of each Pokémon
|rule|OHKO Clause: OHKO moves are banned
|rule|Evasion Moves Clause: Evasion moves are banned
|rule|HP Percentage Mod: HP is shown in percentages
|
|start
|switch|p1a: Alakazam|Alakazam|313\/313
|switch|p2a: Alakazam|Alakazam|313\/313
|turn|1
|c|★jacob|hf
|choice|move 4|move 3
|
|move|p1a: Alakazam|Thunder Wave|p2a: Alakazam
|-status|p2a: Alakazam|par
|move|p2a: Alakazam|Thunder Wave|p1a: Alakazam
|-status|p1a: Alakazam|par
|
|turn|2
|c|★fapkingg|hf too
|choice|move 3|move 1
|
|move|p1a: Alakazam|Seismic Toss|p2a: Alakazam
|-damage|p2a: Alakazam|213\/313 par
|move|p2a: Alakazam|Psychic|p1a: Alakazam
|-crit|p1a: Alakazam
|-resisted|p1a: Alakazam
|-damage|p1a: Alakazam|207\/313 par
|-unboost|p1a: Alakazam|spd|1
|-unboost|p1a: Alakazam|spa|1
|
|turn|3
|choice|move 2|move 1
|
|cant|p2a: Alakazam|par
|move|p1a: Alakazam|Recover|p1a: Alakazam
|-heal|p1a: Alakazam|313\/313 par
|
|turn|4
|choice|switch 5|move 1
|
|switch|p1a: Snorlax|Snorlax|523\/523
|cant|p2a: Alakazam|par
|
|turn|5
|choice|move 1|move 2
|
|move|p1a: Snorlax|Body Slam|p2a: Alakazam
|-damage|p2a: Alakazam|38\/313 par
|move|p2a: Alakazam|Reflect|p2a: Alakazam
|-start|p2a: Alakazam|Reflect
|
|turn|6
|choice|move 1|move 4
|
|move|p1a: Snorlax|Body Slam|p2a: Alakazam
|-damage|p2a: Alakazam|0 fnt
|faint|p2a: Alakazam
|choice||switch 2
|
|switch|p2a: Exeggutor|Exeggutor|393\/393
|turn|7
|choice|switch 5|move 1
|
|switch|p1a: Alakazam|Alakazam|313\/313 par
|move|p2a: Exeggutor|Sleep Powder|p1a: Alakazam
|-fail|p1a: Alakazam
|
|turn|8
|choice|move 4|switch 5
|
|switch|p2a: Chansey|Chansey|703\/703
|move|p1a: Alakazam|Thunder Wave|p2a: Chansey
|-status|p2a: Chansey|par
|
|turn|9
|choice|move 1|move 2
|
|cant|p1a: Alakazam|par
|move|p2a: Chansey|Thunder Wave|p1a: Alakazam
|-fail|p1a: Alakazam|par
|
|turn|10
|choice|move 1|move 3
|
|move|p1a: Alakazam|Psychic|p2a: Chansey
|-damage|p2a: Chansey|575\/703 par
|move|p2a: Chansey|Reflect|p2a: Chansey
|-start|p2a: Chansey|Reflect
|
|turn|11
|choice|move 1|move 4
|
|cant|p1a: Alakazam|par
|move|p2a: Chansey|Seismic Toss|p1a: Alakazam
|-damage|p1a: Alakazam|213\/313 par
|
|turn|12
|choice|move 1|move 4
|
|move|p1a: Alakazam|Psychic|p2a: Chansey
|-damage|p2a: Chansey|443\/703 par
|cant|p2a: Chansey|par
|
|turn|13
|choice|move 1|move 1
|
|cant|p1a: Alakazam|par
|cant|p2a: Chansey|par
|
|turn|14
|choice|move 1|move 1
|
|move|p1a: Alakazam|Psychic|p2a: Chansey
|-damage|p2a: Chansey|315\/703 par
|cant|p2a: Chansey|par
|
|turn|15
|choice|move 1|move 1
|
|cant|p1a: Alakazam|par
|cant|p2a: Chansey|par
|
|turn|16
|choice|move 1|move 1
|
|cant|p1a: Alakazam|par
|cant|p2a: Chansey|par
|
|turn|17
|choice|move 1|move 1
|
|move|p1a: Alakazam|Psychic|p2a: Chansey
|-damage|p2a: Chansey|186\/703 par
|move|p2a: Chansey|Soft-Boiled|p2a: Chansey
|-heal|p2a: Chansey|537\/703 par
|
|turn|18
|choice|move 1|move 1
|
|cant|p1a: Alakazam|par
|move|p2a: Chansey|Soft-Boiled|p2a: Chansey
|-heal|p2a: Chansey|703\/703 par
|
|turn|19
|choice|move 1|move 4
|
|move|p1a: Alakazam|Psychic|p2a: Chansey
|-damage|p2a: Chansey|577\/703 par
|-unboost|p2a: Chansey|spd|1
|-unboost|p2a: Chansey|spa|1
|move|p2a: Chansey|Seismic Toss|p1a: Alakazam
|-damage|p1a: Alakazam|113\/313 par
|
|turn|20
|choice|move 2|switch 3
|
|switch|p2a: Tauros|Tauros|353\/353
|move|p1a: Alakazam|Recover|p1a: Alakazam
|-heal|p1a: Alakazam|269\/313 par
|
|turn|21
|choice|switch 2|move 1
|
|switch|p1a: Rhydon|Rhydon|413\/413
|move|p2a: Tauros|Body Slam|p1a: Rhydon
|-resisted|p1a: Rhydon
|-damage|p1a: Rhydon|372\/413
|-status|p1a: Rhydon|par
|
|turn|22
|choice|switch 5|move 2
|
|switch|p1a: Snorlax|Snorlax|523\/523
|move|p2a: Tauros|Blizzard|p1a: Snorlax
|-damage|p1a: Snorlax|417\/523
|
|turn|23
|choice|move 1|move 2
|
|move|p2a: Tauros|Blizzard|p1a: Snorlax
|-crit|p1a: Snorlax
|-damage|p1a: Snorlax|215\/523
|move|p1a: Snorlax|Body Slam|p2a: Tauros
|-damage|p2a: Tauros|238\/353
|
|turn|24
|choice|switch 5|move 2
|
|switch|p1a: Rhydon|Rhydon|372\/413 par
|move|p2a: Tauros|Blizzard|p1a: Rhydon
|-supereffective|p1a: Rhydon
|-damage|p1a: Rhydon|127\/413 par
|
|turn|25
|choice|switch 4|move 3
|
|switch|p1a: Chansey|Chansey|703\/703
|move|p2a: Tauros|Earthquake|p1a: Chansey
|-crit|p1a: Chansey
|-damage|p1a: Chansey|268\/703
|
|turn|26
|c|★jacob|sorry
|choice|move 3|move 1
|
|move|p2a: Tauros|Body Slam|p1a: Chansey
|-damage|p1a: Chansey|17\/703
|move|p1a: Chansey|Soft-Boiled|p1a: Chansey
|-heal|p1a: Chansey|368\/703
|
|turn|27
|choice|switch 4|move 4
|
|switch|p1a: Rhydon|Rhydon|127\/413 par
|move|p2a: Tauros|Hyper Beam|p1a: Rhydon|[miss]
|-miss|p2a: Tauros
|
|turn|28
|c|★jacob|lol sorry man
|c|★jacob|this is gay
|c|★fapkingg|all good haha
|choice|move 4|move 3
|
|move|p2a: Tauros|Earthquake|p1a: Rhydon
|-supereffective|p1a: Rhydon
|-damage|p1a: Rhydon|0 fnt
|faint|p1a: Rhydon
|choice|switch 3|
|
|switch|p1a: Exeggutor|Exeggutor|393\/393
|turn|29
|choice|move 3|switch 3
|
|switch|p2a: Chansey|Chansey|577\/703 par
|move|p1a: Exeggutor|Psychic|p2a: Chansey
|-damage|p2a: Chansey|465\/703 par
|
|turn|30
|choice|switch 2|move 2
|
|switch|p1a: Alakazam|Alakazam|269\/313 par
|move|p2a: Chansey|Thunder Wave|p1a: Alakazam
|-fail|p1a: Alakazam|par
|
|turn|31
|choice|move 1|switch 5
|
|switch|p2a: Exeggutor|Exeggutor|393\/393
|move|p1a: Alakazam|Psychic|p2a: Exeggutor
|-resisted|p2a: Exeggutor
|-damage|p2a: Exeggutor|341\/393
|-unboost|p2a: Exeggutor|spd|1
|-unboost|p2a: Exeggutor|spa|1
|
|turn|32
|choice|move 4|move 1
|
|move|p2a: Exeggutor|Sleep Powder|p1a: Alakazam|[miss]
|-miss|p2a: Exeggutor
|move|p1a: Alakazam|Thunder Wave|p2a: Exeggutor
|-status|p2a: Exeggutor|par
|
|turn|33
|choice|move 3|move 3
|
|move|p1a: Alakazam|Seismic Toss|p2a: Exeggutor
|-damage|p2a: Exeggutor|241\/393 par
|cant|p2a: Exeggutor|par
|
|turn|34
|choice|move 3|move 3
|
|move|p1a: Alakazam|Seismic Toss|p2a: Exeggutor
|-damage|p2a: Exeggutor|141\/393 par
|cant|p2a: Exeggutor|par
|
|turn|35
|choice|move 3|move 3
|
|move|p1a: Alakazam|Seismic Toss|p2a: Exeggutor
|-damage|p2a: Exeggutor|41\/393 par
|move|p2a: Exeggutor|Explosion|p1a: Alakazam
|-damage|p1a: Alakazam|0 fnt
|faint|p1a: Alakazam
|faint|p2a: Exeggutor
|choice|switch 2|switch 3
|
|switch|p2a: Tauros|Tauros|238\/353
|switch|p1a: Exeggutor|Exeggutor|393\/393
|turn|36
|choice|move 3|switch 5
|
|switch|p2a: Chansey|Chansey|465\/703 par
|move|p1a: Exeggutor|Psychic|p2a: Chansey
|-damage|p2a: Chansey|336\/703 par
|
|turn|37
|choice|switch 5|move 2
|
|switch|p1a: Snorlax|Snorlax|215\/523
|move|p2a: Chansey|Thunder Wave|p1a: Snorlax
|-status|p1a: Snorlax|par
|
|turn|38
|choice|move 1|switch 6
|
|switch|p2a: Snorlax|Snorlax|523\/523
|move|p1a: Snorlax|Body Slam|p2a: Snorlax
|-damage|p2a: Snorlax|388\/523
|
|turn|39
|choice|move 4|move 1
|
|move|p2a: Snorlax|Body Slam|p1a: Snorlax
|-damage|p1a: Snorlax|74\/523 par
|move|p1a: Snorlax|Self-Destruct|p2a: Snorlax
|-damage|p2a: Snorlax|0 fnt
|faint|p2a: Snorlax
|faint|p1a: Snorlax
|choice|switch 6|switch 5
|
|switch|p2a: Tauros|Tauros|238\/353
|switch|p1a: Tauros|Tauros|353\/353
|turn|40
|choice|move 1|move 2
|
|move|p1a: Tauros|Body Slam|p2a: Tauros
|-damage|p2a: Tauros|143\/353
|move|p2a: Tauros|Blizzard|p1a: Tauros
|-damage|p1a: Tauros|263\/353
|
|turn|41
|choice|move 1|switch 4
|
|switch|p2a: Starmie|Starmie|323\/323
|move|p1a: Tauros|Body Slam|p2a: Starmie
|-damage|p2a: Starmie|218\/323
|-status|p2a: Starmie|par
|
|turn|42
|c|★fapkingg|:s
|choice|switch 4|move 4
|
|switch|p1a: Chansey|Chansey|368\/703
|move|p2a: Starmie|Thunder Wave|p1a: Chansey
|-status|p1a: Chansey|par
|
|turn|43
|choice|move 3|switch 4
|
|switch|p2a: Tauros|Tauros|143\/353
|move|p1a: Chansey|Soft-Boiled|p1a: Chansey
|-heal|p1a: Chansey|703\/703 par
|
|turn|44
|choice|move 1|move 1
|
|move|p2a: Tauros|Body Slam|p1a: Chansey
|-crit|p1a: Chansey
|-damage|p1a: Chansey|155\/703 par
|cant|p1a: Chansey|par
|
|turn|45
|c|★jacob|lol i was just thinking here comes the crit full para
|c|★fapkingg|hahahah
|choice|switch 5|move 1
|
|switch|p1a: Exeggutor|Exeggutor|393\/393
|move|p2a: Tauros|Body Slam|p1a: Exeggutor
|-damage|p1a: Exeggutor|285\/393
|
|turn|46
|choice|move 3|switch 6
|
|switch|p2a: Chansey|Chansey|336\/703 par
|move|p1a: Exeggutor|Psychic|p2a: Chansey
|-damage|p2a: Chansey|208\/703 par
|
|turn|47
|choice|switch 4|move 1
|
|switch|p1a: Tauros|Tauros|263\/353
|move|p2a: Chansey|Soft-Boiled|p2a: Chansey
|-heal|p2a: Chansey|559\/703 par
|
|turn|48
|choice|move 1|move 2
|
|move|p1a: Tauros|Body Slam|p2a: Chansey
|-crit|p2a: Chansey
|-damage|p2a: Chansey|29\/703 par
|move|p2a: Chansey|Thunder Wave|p1a: Tauros
|-status|p1a: Tauros|par
|
|turn|49
|c|★jacob|oo
|choice|move 1|move 4
|
|move|p1a: Tauros|Body Slam|p2a: Chansey
|-crit|p2a: Chansey
|-damage|p2a: Chansey|0 fnt
|faint|p2a: Chansey
|choice||switch 6
|
|switch|p2a: Tauros|Tauros|143\/353
|turn|50
|choice|move 2|move 1
|
|move|p2a: Tauros|Body Slam|p1a: Tauros
|-damage|p1a: Tauros|158\/353 par
|move|p1a: Tauros|Hyper Beam|p2a: Tauros
|-damage|p2a: Tauros|0 fnt
|faint|p2a: Tauros
|choice||switch 4
|
|switch|p2a: Starmie|Starmie|218\/323 par
|turn|51
|choice|move 1|move 3
|
|cant|p2a: Starmie|par
|move|p1a: Tauros|Body Slam|p2a: Starmie
|-damage|p2a: Starmie|103\/323 par
|
|turn|52
|choice|move 1|move 3
|
|cant|p2a: Starmie|par
|move|p1a: Tauros|Body Slam|p2a: Starmie
|-damage|p2a: Starmie|0 fnt
|faint|p2a: Starmie
|
|win|fapkingg