|J|gorgie
|J|Dice
|player|p1|gorgie|170
|player|p2|Dice|168
|gametype|singles
|gen|1
|tier|[Gen 1] OU
|seed|62025,20624,16520,154
|rule|Sleep Clause Mod: Limit one foe put to sleep
|rule|Freeze Clause Mod: Limit one foe frozen
|rule|Species Clause: Limit one of each Pokémon
|rule|OHKO Clause: OHKO moves are banned
|rule|Evasion Moves Clause: Evasion moves are banned
|rule|HP Percentage Mod: HP is shown in percentages
|
|start
|switch|p1a: cardinal|Starmie|323\/323
|switch|p2a: Alakazam|Alakazam|313\/313
|turn|1
|J|BKC
|choice|move 3|switch 6
|
|switch|p2a: Chansey|Chansey|703\/703
|move|p1a: cardinal|Ice Beam|p2a: Chansey
|-damage|p2a: Chansey|630\/703
|
|turn|2
|choice|move 3|move 4
|
|move|p1a: cardinal|Ice Beam|p2a: Chansey
|-damage|p2a: Chansey|555\/703
|move|p2a: Chansey|Sing|p1a: cardinal|[miss]
|-miss|p2a: Chansey
|
|turn|3
|c|★gorgie|n1
|choice|move 3|move 3
|
|move|p1a: cardinal|Ice Beam|p2a: Chansey
|-damage|p2a: Chansey|481\/703
|move|p2a: Chansey|Thunder Wave|p1a: cardinal
|-status|p1a: cardinal|par
|
|turn|4
|c|★gorgie|singwave
|c|★gorgie|shoud be ez
|choice|move 3|move 2
|
|move|p2a: Chansey|Soft-Boiled|p2a: Chansey
|-heal|p2a: Chansey|703\/703
|cant|p1a: cardinal|par
|
|turn|5
|choice|move 3|move 1
|
|move|p2a: Chansey|Seismic Toss|p1a: cardinal
|-damage|p1a: cardinal|223\/323 par
|cant|p1a: cardinal|par
|
|turn|6
|c|%BKC|dice singin his way right into my heart
|choice|move 1|move 1
|
|move|p2a: Chansey|Seismic Toss|p1a: cardinal
|-damage|p1a: cardinal|123\/323 par
|move|p1a: cardinal|Recover|p1a: cardinal
|-heal|p1a: cardinal|284\/323 par
|
|turn|7
|choice|move 1|move 1
|
|move|p2a: Chansey|Seismic Toss|p1a: cardinal
|-damage|p1a: cardinal|184\/323 par
|move|p1a: cardinal|Recover|p1a: cardinal
|-heal|p1a: cardinal|323\/323 par
|
|turn|8
|choice|move 3|move 1
|
|move|p2a: Chansey|Seismic Toss|p1a: cardinal
|-damage|p1a: cardinal|223\/323 par
|cant|p1a: cardinal|par
|
|turn|9
|choice|move 1|switch 5
|
|switch|p2a: Snorlax|Snorlax|523\/523
|move|p1a: cardinal|Recover|p1a: cardinal
|-heal|p1a: cardinal|323\/323 par
|
|turn|10
|choice|switch 2|move 1
|
|switch|p1a: betsy|Chansey|703\/703
|move|p2a: Snorlax|Body Slam|p1a: betsy
|-damage|p1a: betsy|428\/703
|
|turn|11
|choice|move 3|switch 6
|
|switch|p2a: Alakazam|Alakazam|313\/313
|move|p1a: betsy|Soft-Boiled|p1a: betsy
|-heal|p1a: betsy|703\/703
|
|turn|12
|choice|switch 2|move 1
|
|switch|p1a: cardinal|Starmie|323\/323 par
|move|p2a: Alakazam|Psychic|p1a: cardinal
|-resisted|p1a: cardinal
|-damage|p1a: cardinal|258\/323 par
|-unboost|p1a: cardinal|spd|1
|-unboost|p1a: cardinal|spa|1
|
|turn|13
|c|★gorgie|gorgie
|choice|move 1|switch 5
|
|switch|p2a: Chansey|Chansey|703\/703
|cant|p1a: cardinal|par
|
|turn|14
|choice|move 1|move 1
|
|move|p2a: Chansey|Seismic Toss|p1a: cardinal
|-damage|p1a: cardinal|158\/323 par
|move|p1a: cardinal|Recover|p1a: cardinal
|-heal|p1a: cardinal|319\/323 par
|
|turn|15
|choice|move 3|switch 6
|
|switch|p2a: Snorlax|Snorlax|523\/523
|cant|p1a: cardinal|par
|
|turn|16
|choice|switch 4|move 1
|
|switch|p1a: Bastard|Snorlax|523\/523
|move|p2a: Snorlax|Body Slam|p1a: Bastard
|-damage|p1a: Bastard|391\/523
|
|turn|17
|choice|move 4|move 2
|
|move|p1a: Bastard|Counter|p2a: Snorlax
|-damage|p2a: Snorlax|259\/523
|move|p2a: Snorlax|Counter|p1a: Bastard
|-fail|p2a: Snorlax
|
|turn|18
|c|★gorgie|rol
|c|★gorgie|ROLLING
|c|%BKC|isnt that
|c|%BKC|incorrect
|c|★Dice|yea
|c|★gorgie|no
|c|★Dice|i thought it was
|c|★Dice|supposed 2
|c|★Dice|..
|c|★gorgie|its not
|c|★Dice|.-.
|c|★gorgie|leaarn ur mechs
|c|★Dice|teach me master gorg
|c|★Dice|i thought u could counter counters
|choice|switch 2|move 3
|
|switch|p1a: betsy|Chansey|703\/703
|move|p2a: Snorlax|Self-Destruct|p1a: betsy
|-damage|p1a: betsy|0 fnt
|faint|p1a: betsy
|faint|p2a: Snorlax
|c|★gorgie|thats the problem bro
|choice|switch 4|switch 4
|
|switch|p2a: Victreebel|Victreebel|363\/363
|switch|p1a: cardinal|Starmie|319\/323 par
|turn|19
|c|★gorgie|youre thinkin
|choice|move 2|move 3
|
|move|p2a: Victreebel|Razor Leaf|p1a: cardinal
|-crit|p1a: cardinal
|-supereffective|p1a: cardinal
|-damage|p1a: cardinal|53\/323 par
|move|p1a: cardinal|Psychic|p2a: Victreebel
|-crit|p2a: Victreebel
|-supereffective|p2a: Victreebel
|-damage|p2a: Victreebel|0 fnt
|faint|p2a: Victreebel
|c|★gorgie|ez
|c|★Dice|~_~
|choice||switch 5
|
|switch|p2a: Alakazam|Alakazam|313\/313
|turn|20
|choice|switch 3|move 1
|
|switch|p1a: sensei|Alakazam|313\/313
|move|p2a: Alakazam|Psychic|p1a: sensei
|-resisted|p1a: sensei
|-damage|p1a: sensei|262\/313
|-unboost|p1a: sensei|spd|1
|-unboost|p1a: sensei|spa|1
|
|turn|21
|J|atomicllamas
|choice|move 1|move 2
|
|move|p2a: Alakazam|Thunder Wave|p1a: sensei
|-status|p1a: sensei|par
|cant|p1a: sensei|par
|
|turn|22
|choice|move 1|switch 6
|
|switch|p2a: Chansey|Chansey|703\/703
|move|p1a: sensei|Thunder Wave|p2a: Chansey
|-status|p2a: Chansey|par
|
|turn|23
|choice|move 3|move 1
|
|move|p1a: sensei|Recover|p1a: sensei
|-heal|p1a: sensei|313\/313 par
|move|p2a: Chansey|Seismic Toss|p1a: sensei
|-damage|p1a: sensei|213\/313 par
|
|turn|24
|choice|move 3|move 1
|
|move|p1a: sensei|Recover|p1a: sensei
|-heal|p1a: sensei|313\/313 par
|move|p2a: Chansey|Seismic Toss|p1a: sensei
|-damage|p1a: sensei|213\/313 par
|
|turn|25
|choice|move 3|move 1
|
|move|p1a: sensei|Recover|p1a: sensei
|-heal|p1a: sensei|313\/313 par
|move|p2a: Chansey|Seismic Toss|p1a: sensei
|-damage|p1a: sensei|213\/313 par
|
|turn|26
|choice|move 3|move 1
|
|move|p1a: sensei|Recover|p1a: sensei
|-heal|p1a: sensei|313\/313 par
|move|p2a: Chansey|Seismic Toss|p1a: sensei
|-damage|p1a: sensei|213\/313 par
|
|turn|27
|choice|switch 2|move 1
|
|switch|p1a: Bastard|Snorlax|391\/523
|cant|p2a: Chansey|par
|
|turn|28
|choice|move 4|move 4
|
|move|p2a: Chansey|Sing|p1a: Bastard|[miss]
|-miss|p2a: Chansey
|move|p1a: Bastard|Counter|p2a: Chansey
|-fail|p1a: Bastard
|
|turn|29
|choice|move 1|move 1
|
|move|p1a: Bastard|Body Slam|p2a: Chansey
|-damage|p2a: Chansey|427\/703 par
|move|p2a: Chansey|Seismic Toss|p1a: Bastard
|-damage|p1a: Bastard|291\/523
|
|turn|30
|choice|move 4|move 4
|
|move|p2a: Chansey|Sing|p1a: Bastard|[miss]
|-miss|p2a: Chansey
|move|p1a: Bastard|Counter|p2a: Chansey
|-fail|p1a: Bastard
|
|turn|31
|choice|move 1|move 4
|
|move|p1a: Bastard|Body Slam|p2a: Chansey
|-damage|p2a: Chansey|112\/703 par
|move|p2a: Chansey|Sing|p1a: Bastard
|-status|p1a: Bastard|slp
|
|turn|32
|choice|move 1|move 2
|
|cant|p1a: Bastard|slp
|cant|p2a: Chansey|par
|
|turn|33
|choice|move 1|move 2
|
|cant|p1a: Bastard|slp
|move|p2a: Chansey|Soft-Boiled|p2a: Chansey
|-heal|p2a: Chansey|463\/703 par
|
|turn|34
|c|★gorgie|ez 
|choice|move 1|switch 2
|
|switch|p2a: Rhydon|Rhydon|413\/413
|cant|p1a: Bastard|slp
|
|turn|35
|choice|switch 5|move 3
|
|switch|p1a: quem alguem?|Slowbro|393\/393
|move|p2a: Rhydon|Earthquake|p1a: quem alguem?
|-damage|p1a: quem alguem?|251\/393
|
|turn|36
|choice|move 3|switch 3
|
|switch|p2a: Slowbro|Slowbro|393\/393
|move|p1a: quem alguem?|Surf|p2a: Slowbro
|-resisted|p2a: Slowbro
|-damage|p2a: Slowbro|334\/393
|
|turn|37
|choice|switch 2|move 1
|
|switch|p1a: sensei|Alakazam|213\/313 par
|move|p2a: Slowbro|Thunder Wave|p1a: sensei
|-fail|p1a: sensei|par
|
|turn|38
|choice|move 2|move 2
|
|move|p2a: Slowbro|Amnesia|p2a: Slowbro
|-boost|p2a: Slowbro|spd|2
|-boost|p2a: Slowbro|spa|2
|cant|p1a: sensei|par
|
|turn|39
|choice|move 1|move 2
|
|move|p2a: Slowbro|Amnesia|p2a: Slowbro
|-boost|p2a: Slowbro|spd|2
|-boost|p2a: Slowbro|spa|2
|move|p1a: sensei|Thunder Wave|p2a: Slowbro
|-status|p2a: Slowbro|par
|
|turn|40
|choice|switch 5|move 3
|
|switch|p1a: Bastard|Snorlax|291\/523 slp
|move|p2a: Slowbro|Surf|p1a: Bastard
|-damage|p1a: Bastard|0 fnt
|faint|p1a: Bastard
|choice|switch 3|
|
|switch|p1a: cardinal|Starmie|53\/323 par
|turn|41
|choice|move 1|move 3
|
|move|p1a: cardinal|Recover|p1a: cardinal
|-heal|p1a: cardinal|214\/323 par
|move|p2a: Slowbro|Surf|p1a: cardinal
|-resisted|p1a: cardinal
|-damage|p1a: cardinal|68\/323 par
|
|turn|42
|choice|move 1|move 2
|
|cant|p1a: cardinal|par
|move|p2a: Slowbro|Amnesia|p2a: Slowbro
|-boost|p2a: Slowbro|spd|2
|-boost|p2a: Slowbro|spa|2
|
|turn|43
|choice|move 1|move 3
|
|cant|p2a: Slowbro|par
|cant|p1a: cardinal|par
|
|turn|44
|c|★gorgie|how does that work again chicken
|c|★Dice|boosts own ur speed
|c|★Dice|or spdef drops
|c|★Dice|err
|c|★Dice|special
|c|★Dice|if ur para'd
|c|★gorgie|wot
|c|★Dice|if ur para'd
|c|★Dice|and a nigga boosts
|c|★Dice|u lose speed
|c|★gorgie|o
|c|★gorgie|hwo loses speed
|c|★gorgie|o
|c|★Dice|u do
|c|★gorgie|wat if i switch like a man
|c|★Dice|then
|c|★Dice|u get it back
|c|★gorgie|i see....
|choice|switch 5|move 3
|
|switch|p1a: sensei|Alakazam|213\/313 par
|move|p2a: Slowbro|Surf|p1a: sensei
|-damage|p1a: sensei|0 fnt
|faint|p1a: sensei
|choice|switch 2|
|
|switch|p1a: quem alguem?|Slowbro|251\/393
|turn|45
|choice|move 2|move 3
|
|move|p1a: quem alguem?|Amnesia|p1a: quem alguem?
|-boost|p1a: quem alguem?|spd|2
|-boost|p1a: quem alguem?|spa|2
|move|p2a: Slowbro|Surf|p1a: quem alguem?
|-resisted|p1a: quem alguem?
|-damage|p1a: quem alguem?|146\/393
|
|turn|46
|choice|move 2|move 1
|
|move|p1a: quem alguem?|Amnesia|p1a: quem alguem?
|-boost|p1a: quem alguem?|spd|2
|-boost|p1a: quem alguem?|spa|2
|move|p2a: Slowbro|Thunder Wave|p1a: quem alguem?
|-status|p1a: quem alguem?|par
|
|turn|47
|choice|move 4|move 3
|
|cant|p1a: quem alguem?|par
|move|p2a: Slowbro|Surf|p1a: quem alguem?
|-resisted|p1a: quem alguem?
|-damage|p1a: quem alguem?|77\/393 par
|
|turn|48
|choice|move 4|switch 3
|
|switch|p2a: Rhydon|Rhydon|413\/413
|move|p1a: quem alguem?|Rest|p1a: quem alguem?
|-status|p1a: quem alguem?|slp
|-heal|p1a: quem alguem?|393\/393 slp|[silent]
|-status|p1a: quem alguem?|slp|[from] move: Rest
|
|turn|49
|J|Jayde
|choice|switch 5|move 3
|
|switch|p1a: cardinal|Starmie|68\/323 par
|move|p2a: Rhydon|Earthquake|p1a: cardinal
|-damage|p1a: cardinal|0 fnt
|faint|p1a: cardinal
|choice|switch 6|
|
|switch|p1a: resident D|Tauros|353\/353
|turn|50
|choice|move 2|switch 3
|
|switch|p2a: Slowbro|Slowbro|334\/393 par
|move|p1a: resident D|Body Slam|p2a: Slowbro|[miss]
|-miss|p1a: resident D
|
|turn|51
|c|★gorgie|F*CKKCCCCCCCC
|choice|move 1|move 3
|
|move|p1a: resident D|Blizzard|p2a: Slowbro
|-resisted|p2a: Slowbro
|-damage|p2a: Slowbro|293\/393 par
|move|p2a: Slowbro|Surf|p1a: resident D
|-damage|p1a: resident D|235\/353
|
|turn|52
|c|★gorgie|my b
|c|+Jayde|all good
|choice|switch 5|move 3
|
|switch|p1a: quem alguem?|Slowbro|393\/393 slp
|cant|p2a: Slowbro|par
|
|turn|53
|choice|switch 5|switch 2
|
|switch|p1a: resident D|Tauros|235\/353
|switch|p2a: Chansey|Chansey|463\/703 par
|
|turn|54
|choice|move 4|switch 6
|
|switch|p2a: Alakazam|Alakazam|313\/313
|move|p1a: resident D|Hyper Beam|p2a: Alakazam
|-crit|p2a: Alakazam
|-damage|p2a: Alakazam|0 fnt
|faint|p2a: Alakazam
|c|★Dice|.
|c|★gorgie|womped
|choice||switch 2
|
|switch|p2a: Slowbro|Slowbro|293\/393 par
|turn|55
|choice|switch 5|switch 3
|
|switch|p1a: quem alguem?|Slowbro|393\/393 slp
|switch|p2a: Rhydon|Rhydon|413\/413
|
|turn|56
|choice|move 3|move 3
|
|move|p2a: Rhydon|Earthquake|p1a: quem alguem?
|-crit|p1a: quem alguem?
|-damage|p1a: quem alguem?|133\/393 slp
|cant|p1a: quem alguem?|slp
|
|turn|57
|c|★gorgie|you f*ck
|choice|move 3|move 3
|
|move|p2a: Rhydon|Earthquake|p1a: quem alguem?
|-damage|p1a: quem alguem?|8\/393 slp
|-curestatus|p1a: quem alguem?|slp
|
|turn|58
|c|★Dice|u know rhydon
|c|★Dice|can 3hko rite
|c|★Dice|lmao :P!
|choice|move 3|move 3
|
|move|p2a: Rhydon|Earthquake|p1a: quem alguem?
|-damage|p1a: quem alguem?|0 fnt
|faint|p1a: quem alguem?
|c|+Jayde|u freeze it
|choice|switch 5|
|
|switch|p1a: resident D|Tauros|235\/353
|turn|59
|choice|move 2|move 3
|
|move|p1a: resident D|Body Slam|p2a: Rhydon
|-resisted|p2a: Rhydon
|-damage|p2a: Rhydon|371\/413
|move|p2a: Rhydon|Earthquake|p1a: resident D
|-damage|p1a: resident D|80\/353
|
|turn|60
|c|★Dice|dis noob
|c|★Dice|lmao
|choice|move 1|move 3
|
|move|p1a: resident D|Blizzard|p2a: Rhydon
|-supereffective|p2a: Rhydon
|-damage|p2a: Rhydon|116\/413
|move|p2a: Rhydon|Earthquake|p1a: resident D
|-damage|p1a: resident D|0 fnt
|faint|p1a: resident D
|
|win|Dice