|J|Beds
|J|Tesung
|player|p1|Beds|252
|player|p2|Tesung|170
|gametype|singles
|gen|1
|tier|[Gen 1] OU
|seed|3954,2378,15884,62390
|rule|Sleep Clause Mod: Limit one foe put to sleep
|rule|Freeze Clause Mod: Limit one foe frozen
|rule|Species Clause: Limit one of each Pokémon
|rule|OHKO Clause: OHKO moves are banned
|rule|Evasion Moves Clause: Evasion moves are banned
|rule|HP Percentage Mod: HP is shown in percentages
|
|start
|switch|p1a: Jynx|Jynx|333\/333
|switch|p2a: Alakazam|Alakazam|313\/313
|turn|1
|J|Nutella Icing
|J|Alexander
|J|f a p k i n gg
|J|MoxieInfinite
|c|★Beds|gl hf
|J|Based Scythe
|J|SB with a big dick
|J|august
|J|Becks
|J|DropTheTombstone
|J|littlelucario
|c|+littlelucario|spl?
|J|Apt-get
|c|+littlelucario|or fun
|c|+Apt-get|fun obviously
|c|+Apt-get|xD
|c|+august|yea tesung is an spl rby player
|c|+august|smh
|J|Good Bye Crisis
|L|Good Bye Crisis
|L|Becks
|c|★Beds|suck my head? who says that
|L|SB with a big dick
|J|Scotti
|L|Scotti
|c|+Apt-get|https:\/\/u.pomf.is\/qfwzlu.png
|J|superbrick
|c|★Tesung|gl
|c|★Tesung|hey i wanted to
|c|★Tesung|for a week
|choice|move 1|move 4
|
|move|p2a: Alakazam|Thunder Wave|p1a: Jynx
|-status|p1a: Jynx|par
|move|p1a: Jynx|Lovely Kiss|p2a: Alakazam|[miss]
|-miss|p1a: Jynx
|
|turn|2
|c|★Tesung|u can see why i would be good at it
|choice|move 1|move 2
|
|move|p2a: Alakazam|Seismic Toss|p1a: Jynx
|-damage|p1a: Jynx|233\/333 par
|move|p1a: Jynx|Lovely Kiss|p2a: Alakazam
|-status|p2a: Alakazam|slp
|
|turn|3
|choice|move 3|move 2
|
|cant|p2a: Alakazam|slp
|move|p1a: Jynx|Blizzard|p2a: Alakazam
|-damage|p2a: Alakazam|208\/313 slp
|
|turn|4
|J|TheThorn
|choice|move 3|switch 4
|
|switch|p2a: Chansey|Chansey|703\/703
|move|p1a: Jynx|Blizzard|p2a: Chansey|[miss]
|-miss|p1a: Jynx
|
|turn|5
|choice|move 3|move 2
|
|move|p2a: Chansey|Thunderbolt|p1a: Jynx
|-damage|p1a: Jynx|159\/333 par
|cant|p1a: Jynx|par
|
|turn|6
|choice|switch 2|move 2
|
|switch|p1a: Chansey|Chansey|703\/703
|move|p2a: Chansey|Thunderbolt|p1a: Chansey
|-damage|p1a: Chansey|635\/703
|
|turn|7
|choice|move 1|switch 5
|
|switch|p2a: Exeggutor|Exeggutor|393\/393
|move|p1a: Chansey|Ice Beam|p2a: Exeggutor
|-supereffective|p2a: Exeggutor
|-damage|p2a: Exeggutor|252\/393
|
|turn|8
|L|TheThorn
|choice|move 3|move 2
|
|move|p2a: Exeggutor|Psychic|p1a: Chansey
|-damage|p1a: Chansey|520\/703
|move|p1a: Chansey|Thunder Wave|p2a: Exeggutor
|-status|p2a: Exeggutor|par
|
|turn|9
|choice|switch 2|move 3
|
|switch|p1a: Jynx|Jynx|159\/333 par
|move|p2a: Exeggutor|Hyper Beam|p1a: Jynx
|-damage|p1a: Jynx|0 fnt
|faint|p1a: Jynx
|J|Spl4sh
|choice|switch 5|
|
|switch|p1a: Snorlax|Snorlax|523\/523
|turn|10
|L|f a p k i n gg
|L|Spl4sh
|choice|move 1|move 1
|
|move|p1a: Snorlax|Body Slam|p2a: Exeggutor
|-damage|p2a: Exeggutor|127\/393 par
|move|p2a: Exeggutor|Sleep Powder|p1a: Snorlax|[miss]
|-miss|p2a: Exeggutor
|
|turn|11
|choice|move 3|move 1
|
|move|p1a: Snorlax|Blizzard|p2a: Exeggutor
|-supereffective|p2a: Exeggutor
|-damage|p2a: Exeggutor|5\/393 par
|move|p2a: Exeggutor|Sleep Powder|p1a: Snorlax
|-status|p1a: Snorlax|slp
|
|turn|12
|L|littlelucario
|choice|move 1|move 4
|
|cant|p1a: Snorlax|slp
|cant|p2a: Exeggutor|par
|
|turn|13
|choice|move 1|move 2
|
|-curestatus|p1a: Snorlax|slp
|move|p2a: Exeggutor|Psychic|p1a: Snorlax
|-damage|p1a: Snorlax|353\/523
|-unboost|p1a: Snorlax|spd|1
|-unboost|p1a: Snorlax|spa|1
|
|turn|14
|choice|move 1|switch 3
|
|switch|p2a: Rhydon|Rhydon|413\/413
|move|p1a: Snorlax|Body Slam|p2a: Rhydon
|-resisted|p2a: Rhydon
|-damage|p2a: Rhydon|365\/413
|
|turn|15
|choice|switch 3|move 3
|
|switch|p1a: Exeggutor|Exeggutor|393\/393
|move|p2a: Rhydon|Earthquake|p1a: Exeggutor
|-resisted|p1a: Exeggutor
|-damage|p1a: Exeggutor|315\/393
|
|turn|16
|choice|move 2|switch 5
|
|switch|p2a: Chansey|Chansey|703\/703
|move|p1a: Exeggutor|Stun Spore|p2a: Chansey
|-status|p2a: Chansey|par
|
|turn|17
|c|+Alexander|in beds i trust
|J|Nails
|c|★Tesung|lol
|choice|switch 3|move 3
|
|switch|p1a: Snorlax|Snorlax|353\/523
|move|p2a: Chansey|Ice Beam|p1a: Snorlax
|-damage|p1a: Snorlax|246\/523
|
|turn|18
|c|+Nails|bop him beds
|c|★Tesung|dont bop me!
|choice|move 1|switch 5
|
|switch|p2a: Rhydon|Rhydon|365\/413
|move|p1a: Snorlax|Body Slam|p2a: Rhydon
|-resisted|p2a: Rhydon
|-damage|p2a: Rhydon|321\/413
|-status|p2a: Rhydon|par
|
|turn|19
|choice|move 3|move 4
|
|move|p1a: Snorlax|Blizzard|p2a: Rhydon|[miss]
|-miss|p1a: Snorlax
|cant|p2a: Rhydon|par
|
|turn|20
|c|+Apt-get|beds I swear if you get canned I'm going to make fun of you for the next three days
|J|LT2 cloverfield
|c|★Beds|apt if you lose your next spl game i'm going to make fun of you for the next year
|c|★Beds|wait....
|c|+MoxieInfinite|jaj
|choice|move 3|switch 2
|
|switch|p2a: Slowbro|Slowbro|393\/393
|move|p1a: Snorlax|Blizzard|p2a: Slowbro|[miss]
|-miss|p1a: Snorlax
|
|turn|21
|c|+Nails|GOTEEM
|J|Nunno
|L|Nunno
|choice|move 1|move 1
|
|move|p1a: Snorlax|Body Slam|p2a: Slowbro
|-damage|p2a: Slowbro|298\/393
|move|p2a: Slowbro|Thunder Wave|p1a: Snorlax
|-status|p1a: Snorlax|par
|
|turn|22
|choice|move 1|switch 2
|
|switch|p2a: Rhydon|Rhydon|321\/413 par
|move|p1a: Snorlax|Body Slam|p2a: Rhydon
|-resisted|p2a: Rhydon
|-damage|p2a: Rhydon|274\/413 par
|
|turn|23
|L|DropTheTombstone
|choice|move 3|move 4
|
|move|p2a: Rhydon|Rock Slide|p1a: Snorlax
|-damage|p1a: Snorlax|115\/523 par
|move|p1a: Snorlax|Blizzard|p2a: Rhydon|[miss]
|-miss|p1a: Snorlax
|
|turn|24
|c|★Beds|gdi lax
|L|LT2 cloverfield
|choice|move 3|move 4
|
|cant|p2a: Rhydon|par
|move|p1a: Snorlax|Blizzard|p2a: Rhydon
|-supereffective|p2a: Rhydon
|-damage|p2a: Rhydon|62\/413 par
|
|turn|25
|c|★Tesung|id say the lax has done a pretty good job
|c|★Tesung|wouldnt be too hard on it
|J|Bughouse
|choice|move 3|move 4
|
|move|p2a: Rhydon|Rock Slide|p1a: Snorlax
|-damage|p1a: Snorlax|0 fnt
|faint|p1a: Snorlax
|choice|switch 3|
|
|switch|p1a: Exeggutor|Exeggutor|315\/393
|turn|26
|choice|move 3|switch 4
|
|switch|p2a: Alakazam|Alakazam|208\/313 slp
|move|p1a: Exeggutor|Psychic|p2a: Alakazam
|-resisted|p2a: Alakazam
|-damage|p2a: Alakazam|159\/313 slp
|
|turn|27
|c|+Alexander|we need you to lose soz
|c|★Tesung|nah i get it haha
|choice|move 3|move 3
|
|cant|p2a: Alakazam|slp
|move|p1a: Exeggutor|Psychic|p2a: Alakazam
|-resisted|p2a: Alakazam
|-damage|p2a: Alakazam|111\/313 slp
|-unboost|p2a: Alakazam|spd|1
|-unboost|p2a: Alakazam|spa|1
|
|turn|28
|choice|move 3|switch 5
|
|switch|p2a: Chansey|Chansey|703\/703 par
|move|p1a: Exeggutor|Psychic|p2a: Chansey
|-damage|p2a: Chansey|584\/703 par
|-unboost|p2a: Chansey|spd|1
|-unboost|p2a: Chansey|spa|1
|
|turn|29
|c|+Alexander|so we can hax each other another time
|choice|move 3|move 1
|
|move|p1a: Exeggutor|Psychic|p2a: Chansey
|-damage|p2a: Chansey|403\/703 par
|-unboost|p2a: Chansey|spd|1
|-unboost|p2a: Chansey|spa|1
|cant|p2a: Chansey|par
|
|turn|30
|c|★Tesung|lol
|c|★Tesung|hgn
|choice|move 3|switch 4
|
|switch|p2a: Rhydon|Rhydon|62\/413 par
|move|p1a: Exeggutor|Psychic|p2a: Rhydon
|-damage|p2a: Rhydon|0 fnt
|faint|p2a: Rhydon
|choice||switch 4
|
|switch|p2a: Chansey|Chansey|403\/703 par
|turn|31
|choice|move 4|move 1
|
|move|p1a: Exeggutor|Explosion|p2a: Chansey
|-crit|p2a: Chansey
|-damage|p2a: Chansey|0 fnt
|faint|p2a: Chansey
|faint|p1a: Exeggutor
|choice|switch 2|switch 2
|
|switch|p1a: Chansey|Chansey|520\/703
|switch|p2a: Slowbro|Slowbro|298\/393
|turn|32
|choice|move 3|move 1
|
|move|p1a: Chansey|Thunder Wave|p2a: Slowbro
|-status|p2a: Slowbro|par
|move|p2a: Slowbro|Thunder Wave|p1a: Chansey
|-status|p1a: Chansey|par
|
|turn|33
|choice|move 2|move 3
|
|move|p1a: Chansey|Thunderbolt|p2a: Slowbro
|-crit|p2a: Slowbro
|-supereffective|p2a: Slowbro
|-damage|p2a: Slowbro|0 fnt
|faint|p2a: Slowbro
|c|★Tesung|rip
|choice||switch 5
|
|switch|p2a: Alakazam|Alakazam|111\/313 slp
|turn|34
|choice|move 1|move 3
|
|-curestatus|p2a: Alakazam|slp
|move|p1a: Chansey|Ice Beam|p2a: Alakazam
|-damage|p2a: Alakazam|50\/313
|
|turn|35
|choice|move 3|move 3
|
|move|p2a: Alakazam|Recover|p2a: Alakazam
|-heal|p2a: Alakazam|206\/313
|move|p1a: Chansey|Thunder Wave|p2a: Alakazam
|-status|p2a: Alakazam|par
|
|turn|36
|choice|move 4|move 1
|
|move|p2a: Alakazam|Psychic|p1a: Chansey
|-damage|p1a: Chansey|394\/703 par
|move|p1a: Chansey|Soft-Boiled|p1a: Chansey
|-heal|p1a: Chansey|703\/703 par
|
|turn|37
|choice|switch 6|move 3
|
|switch|p1a: Slowbro|Slowbro|393\/393
|move|p2a: Alakazam|Recover|p2a: Alakazam
|-heal|p2a: Alakazam|313\/313 par
|
|turn|38
|choice|move 2|move 4
|
|move|p1a: Slowbro|Amnesia|p1a: Slowbro
|-boost|p1a: Slowbro|spd|2
|-boost|p1a: Slowbro|spa|2
|move|p2a: Alakazam|Thunder Wave|p1a: Slowbro
|-status|p1a: Slowbro|par
|
|turn|39
|choice|move 3|move 2
|
|cant|p1a: Slowbro|par
|cant|p2a: Alakazam|par
|
|turn|40
|choice|move 3|move 2
|
|move|p1a: Slowbro|Surf|p2a: Alakazam
|-damage|p2a: Alakazam|148\/313 par
|move|p2a: Alakazam|Seismic Toss|p1a: Slowbro
|-damage|p1a: Slowbro|293\/393 par
|
|turn|41
|choice|move 3|switch 3
|
|switch|p2a: Exeggutor|Exeggutor|5\/393 par
|move|p1a: Slowbro|Surf|p2a: Exeggutor
|-resisted|p2a: Exeggutor
|-damage|p2a: Exeggutor|0 fnt
|faint|p2a: Exeggutor
|choice||switch 6
|
|switch|p2a: Tauros|Tauros|353\/353
|turn|42
|c|★Tesung|.critpara
|choice|move 3|move 1
|
|move|p2a: Tauros|Body Slam|p1a: Slowbro
|-damage|p1a: Slowbro|205\/393 par
|move|p1a: Slowbro|Surf|p2a: Tauros
|-damage|p2a: Tauros|105\/353
|
|turn|43
|J|faggis the haggis
|choice|move 3|move 1
|
|move|p2a: Tauros|Body Slam|p1a: Slowbro
|-crit|p1a: Slowbro
|-damage|p1a: Slowbro|28\/393 par
|cant|p1a: Slowbro|par
|
|turn|44
|choice|move 3|move 1
|
|move|p2a: Tauros|Body Slam|p1a: Slowbro
|-crit|p1a: Slowbro
|-damage|p1a: Slowbro|0 fnt
|faint|p1a: Slowbro
|L|Bughouse
|choice|switch 4|
|
|switch|p1a: Tauros|Tauros|353\/353
|turn|45
|c|+Alexander|go bull
|choice|move 4|move 4
|
|move|p2a: Tauros|Blizzard|p1a: Tauros
|-damage|p1a: Tauros|264\/353
|move|p1a: Tauros|Hyper Beam|p2a: Tauros
|-damage|p2a: Tauros|0 fnt
|faint|p2a: Tauros
|choice||switch 3
|
|switch|p2a: Alakazam|Alakazam|148\/313 par
|turn|46
|c|★Tesung|gg
|c|+Alexander|1 moreeeee
|choice|move 4|move 4
|
|move|p1a: Tauros|Hyper Beam|p2a: Alakazam
|-damage|p2a: Alakazam|0 fnt
|faint|p2a: Alakazam
|
|win|Beds