|inactive|Battle timer is ON: inactive players will automatically lose when time's up.
|J|x.mop
|J|gfhjfghjfgjfghjfgj
|player|p1|x.mop|101
|player|p2|gfhjfghjfgjfghjfgj|153
|gametype|singles
|gen|1
|tier|[Gen 1] OU
|seed|5933,31845,6086,32077
|rule|Sleep Clause Mod: Limit one foe put to sleep
|rule|Freeze Clause Mod: Limit one foe frozen
|rule|Species Clause: Limit one of each Pokémon
|rule|OHKO Clause: OHKO moves are banned
|rule|Evasion Moves Clause: Evasion moves are banned
|rule|HP Percentage Mod: HP is shown in percentages
|
|start
|switch|p1a: Exeggutor|Exeggutor|393\/393
|switch|p2a: Alakazam|Alakazam|313\/313
|turn|1
|choice|move 1|move 3
|
|move|p2a: Alakazam|Seismic Toss|p1a: Exeggutor
|-damage|p1a: Exeggutor|293\/393
|move|p1a: Exeggutor|Sleep Powder|p2a: Alakazam
|-status|p2a: Alakazam|slp
|
|turn|2
|choice|move 4|switch 5
|
|switch|p2a: Exeggutor|Exeggutor|393\/393
|move|p1a: Exeggutor|Stun Spore|p2a: Exeggutor|[miss]
|-miss|p1a: Exeggutor
|
|turn|3
|choice|move 4|move 3
|
|move|p2a: Exeggutor|Sleep Powder|p1a: Exeggutor
|-status|p1a: Exeggutor|slp
|cant|p1a: Exeggutor|slp
|
|turn|4
|choice|switch 5|switch 3
|
|switch|p2a: Tauros|Tauros|353\/353
|switch|p1a: Chansey|Chansey|703\/703
|
|turn|5
|choice|move 3|switch 4
|
|switch|p2a: Snorlax|Snorlax|523\/523
|move|p1a: Chansey|Thunder Wave|p2a: Snorlax
|-status|p2a: Snorlax|par
|
|turn|6
|choice|switch 3|move 4
|
|switch|p1a: Golem|Golem|363\/363
|cant|p2a: Snorlax|par
|
|turn|7
|choice|move 3|move 3
|
|move|p1a: Golem|Body Slam|p2a: Snorlax
|-damage|p2a: Snorlax|424\/523 par
|move|p2a: Snorlax|Surf|p1a: Golem
|-supereffective|p1a: Golem
|-damage|p1a: Golem|55\/363
|
|turn|8
|choice|move 4|switch 6
|
|switch|p2a: Rhydon|Rhydon|413\/413
|move|p1a: Golem|Explosion|p2a: Rhydon
|-resisted|p2a: Rhydon
|-damage|p2a: Rhydon|298\/413
|faint|p1a: Golem
|choice|switch 2|
|
|switch|p1a: Lapras|Lapras|463\/463
|turn|9
|choice|move 2|switch 2
|
|switch|p2a: Lapras|Lapras|463\/463
|move|p1a: Lapras|Blizzard|p2a: Lapras
|-resisted|p2a: Lapras
|-damage|p2a: Lapras|428\/463
|
|turn|10
|choice|switch 3|move 4
|
|switch|p1a: Chansey|Chansey|703\/703
|move|p2a: Lapras|Thunderbolt|p1a: Chansey
|-damage|p1a: Chansey|635\/703
|
|turn|11
|choice|switch 3|switch 6
|
|switch|p2a: Snorlax|Snorlax|424\/523 par
|switch|p1a: Lapras|Lapras|463\/463
|
|turn|12
|choice|move 2|move 1
|
|move|p1a: Lapras|Blizzard|p2a: Snorlax
|-damage|p2a: Snorlax|243\/523 par
|move|p2a: Snorlax|Body Slam|p1a: Lapras
|-damage|p1a: Lapras|329\/463
|-status|p1a: Lapras|par
|
|turn|13
|choice|move 2|switch 6
|
|switch|p2a: Lapras|Lapras|428\/463
|move|p1a: Lapras|Blizzard|p2a: Lapras|[miss]
|-miss|p1a: Lapras
|
|turn|14
|choice|switch 3|switch 6
|
|switch|p2a: Snorlax|Snorlax|243\/523 par
|switch|p1a: Chansey|Chansey|635\/703
|
|turn|15
|choice|switch 3|move 4
|
|switch|p1a: Lapras|Lapras|329\/463 par
|move|p2a: Snorlax|Self-Destruct|p1a: Lapras
|-damage|p1a: Lapras|0 fnt
|faint|p1a: Lapras
|faint|p2a: Snorlax
|choice|switch 6|switch 3
|
|switch|p2a: Exeggutor|Exeggutor|393\/393
|switch|p1a: Snorlax|Snorlax|523\/523
|turn|16
|choice|switch 3|move 4
|
|switch|p1a: Chansey|Chansey|635\/703
|move|p2a: Exeggutor|Stun Spore|p1a: Chansey
|-status|p1a: Chansey|par
|
|turn|17
|choice|move 3|switch 5
|
|switch|p2a: Alakazam|Alakazam|313\/313 slp
|move|p1a: Chansey|Thunder Wave|p2a: Alakazam
|-fail|p2a: Alakazam
|
|turn|18
|choice|switch 3|switch 6
|
|switch|p2a: Lapras|Lapras|428\/463
|switch|p1a: Snorlax|Snorlax|523\/523
|
|turn|19
|choice|switch 3|move 1
|
|switch|p1a: Chansey|Chansey|635\/703 par
|move|p2a: Lapras|Blizzard|p1a: Chansey
|-damage|p1a: Chansey|511\/703 par
|
|turn|20
|choice|move 3|switch 2
|
|switch|p2a: Rhydon|Rhydon|298\/413
|move|p1a: Chansey|Thunder Wave|p2a: Rhydon
|-immune|p2a: Rhydon|[msg]
|
|turn|21
|choice|switch 3|move 2
|
|switch|p1a: Snorlax|Snorlax|523\/523
|move|p2a: Rhydon|Earthquake|p1a: Snorlax
|-damage|p1a: Snorlax|329\/523
|
|turn|22
|choice|move 1|switch 2
|
|switch|p2a: Lapras|Lapras|428\/463
|move|p1a: Snorlax|Body Slam|p2a: Lapras
|-damage|p2a: Lapras|297\/463
|
|turn|23
|choice|switch 3|move 2
|
|switch|p1a: Chansey|Chansey|511\/703 par
|move|p2a: Lapras|Body Slam|p1a: Chansey
|-damage|p1a: Chansey|348\/703 par
|
|turn|24
|choice|move 4|switch 2
|
|switch|p2a: Rhydon|Rhydon|298\/413
|move|p1a: Chansey|Soft-Boiled|p1a: Chansey
|-heal|p1a: Chansey|699\/703 par
|
|turn|25
|choice|move 1|move 2
|
|move|p2a: Rhydon|Earthquake|p1a: Chansey
|-damage|p1a: Chansey|336\/703 par
|cant|p1a: Chansey|par
|
|turn|26
|choice|switch 4|move 2
|
|switch|p1a: Tauros|Tauros|353\/353
|move|p2a: Rhydon|Earthquake|p1a: Tauros
|-damage|p1a: Tauros|209\/353
|
|turn|27
|choice|move 1|switch 5
|
|switch|p2a: Exeggutor|Exeggutor|393\/393
|move|p1a: Tauros|Body Slam|p2a: Exeggutor
|-damage|p2a: Exeggutor|289\/393
|-status|p2a: Exeggutor|par
|
|turn|28
|choice|switch 4|switch 5
|
|switch|p1a: Chansey|Chansey|336\/703 par
|switch|p2a: Rhydon|Rhydon|298\/413
|
|turn|29
|c|★x.mop|nice play
|choice|switch 5|move 2
|
|switch|p1a: Exeggutor|Exeggutor|293\/393 slp
|move|p2a: Rhydon|Earthquake|p1a: Exeggutor
|-resisted|p1a: Exeggutor
|-damage|p1a: Exeggutor|218\/393 slp
|
|turn|30
|c|★gfhjfghjfgjfghjfgj|ty
|choice|move 2|move 3
|
|cant|p1a: Exeggutor|slp
|move|p2a: Rhydon|Rock Slide|p1a: Exeggutor|[miss]
|-miss|p2a: Rhydon
|
|turn|31
|choice|move 2|move 3
|
|cant|p1a: Exeggutor|slp
|move|p2a: Rhydon|Rock Slide|p1a: Exeggutor
|-damage|p1a: Exeggutor|107\/393 slp
|
|turn|32
|choice|switch 4|move 1
|
|switch|p1a: Tauros|Tauros|209\/353
|move|p2a: Rhydon|Body Slam|p1a: Tauros
|-damage|p1a: Tauros|130\/353
|
|turn|33
|choice|move 4|move 2
|
|move|p1a: Tauros|Blizzard|p2a: Rhydon|[miss]
|-miss|p1a: Tauros
|move|p2a: Rhydon|Earthquake|p1a: Tauros
|-damage|p1a: Tauros|0 fnt
|faint|p1a: Tauros
|c|★x.mop|gg
|c|★gfhjfghjfgjfghjfgj|gg
|choice|switch 4|
|
|switch|p1a: Exeggutor|Exeggutor|107\/393 slp
|turn|34
|choice|move 2|move 1
|
|-curestatus|p1a: Exeggutor|slp
|move|p2a: Rhydon|Body Slam|p1a: Exeggutor
|-damage|p1a: Exeggutor|12\/393
|
|turn|35
|choice|move 2|switch 5
|
|switch|p2a: Exeggutor|Exeggutor|289\/393 par
|move|p1a: Exeggutor|Psychic|p2a: Exeggutor
|-resisted|p2a: Exeggutor
|-damage|p2a: Exeggutor|236\/393 par
|-unboost|p2a: Exeggutor|spd|1
|-unboost|p2a: Exeggutor|spa|1
|
|turn|36
|choice|move 2|move 2
|
|move|p1a: Exeggutor|Psychic|p2a: Exeggutor
|-resisted|p2a: Exeggutor
|-damage|p2a: Exeggutor|152\/393 par
|move|p2a: Exeggutor|Psychic|p1a: Exeggutor
|-crit|p1a: Exeggutor
|-resisted|p1a: Exeggutor
|-damage|p1a: Exeggutor|0 fnt
|faint|p1a: Exeggutor
|choice|switch 3|
|
|switch|p1a: Snorlax|Snorlax|329\/523
|turn|37
|choice|move 2|move 1
|
|move|p1a: Snorlax|Hyper Beam|p2a: Exeggutor|[miss]
|-miss|p1a: Snorlax
|move|p2a: Exeggutor|Explosion|p1a: Snorlax
|-damage|p1a: Snorlax|0 fnt
|faint|p1a: Snorlax
|faint|p2a: Exeggutor
|choice|switch 5|switch 5
|
|switch|p2a: Rhydon|Rhydon|298\/413
|switch|p1a: Chansey|Chansey|336\/703 par
|turn|38
|choice|move 2|move 2
|
|move|p2a: Rhydon|Earthquake|p1a: Chansey
|-damage|p1a: Chansey|0 fnt
|faint|p1a: Chansey
|
|win|gfhjfghjfgjfghjfgj