|inactive|Battle timer is ON: inactive players will automatically lose when time's up.
|J|gorgie
|J|Dice
|player|p1|gorgie|102
|player|p2|Dice|168
|gametype|singles
|gen|1
|tier|[Gen 1] OU
|seed|62723,22370,39812,706
|rule|Sleep Clause Mod: Limit one foe put to sleep
|rule|Freeze Clause Mod: Limit one foe frozen
|rule|Species Clause: Limit one of each Pokémon
|rule|OHKO Clause: OHKO moves are banned
|rule|Evasion Moves Clause: Evasion moves are banned
|rule|HP Percentage Mod: HP is shown in percentages
|
|start
|switch|p1a: oprah|Jynx|333\/333
|switch|p2a: Jynx|Jynx|333\/333
|turn|1
|J|LauReL
|J|sugarhigh
|c|★gorgie|bro
|J|Time Stall
|J|smurfer
|c|★gorgie|be your own man
|c|+smurfer|lol
|c|+smurfer|he actually accepted
|c|+Time Stall|lol
|choice|move 1|move 2
|
|move|p1a: oprah|Lovely Kiss|p2a: Jynx|[miss]
|-miss|p1a: oprah
|move|p2a: Jynx|Lovely Kiss|p1a: oprah
|-status|p1a: oprah|slp
|
|turn|2
|J|BKC
|c|+smurfer|old man bonsly out of retirement
|c|+Time Stall|LOL
|choice|move 1|move 1
|
|move|p2a: Jynx|Psychic|p1a: oprah
|-resisted|p1a: oprah
|-damage|p1a: oprah|283\/333 slp
|cant|p1a: oprah|slp
|
|turn|3
|c|★Dice|gorgies gonna regret accepting the chall tho
|c|+smurfer|fck your warnings
|c|+smurfer|queer
|c|★Dice|3-0 incoming
|choice|move 1|move 1
|
|-curestatus|p1a: oprah|slp
|move|p2a: Jynx|Psychic|p1a: oprah
|-resisted|p1a: oprah
|-damage|p1a: oprah|233\/333
|
|turn|4
|c|★gorgie|ez
|c|★gorgie|learn to play bro
|choice|move 1|move 2
|
|move|p1a: oprah|Lovely Kiss|p2a: Jynx
|-status|p2a: Jynx|slp
|cant|p2a: Jynx|slp
|
|turn|5
|c|★gorgie|ZzZz
|c|★gorgie|get womped
|choice|switch 5|switch 6
|
|switch|p2a: Chansey|Chansey|703\/703
|switch|p1a: DONKIST|Tauros|353\/353
|
|turn|6
|c|★gorgie|Donkist =]
|J|tzkulilidfh
|c|★gorgie|hmmmz
|c|+smurfer|use blizzard dude
|L|tzkulilidfh
|c|%BKC|donkaroo
|c|★gorgie|HMMMMZ
|c|★gorgie|bro
|c|★gorgie|u want to see soething **BASED**
|c|★gorgie|hmm
|c|+Time Stall|based godfish
|c|+Time Stall|?
|c|+Time Stall|l0l
|c|★Dice|nigga u have like
|c|★Dice|three options
|c|★Dice|jynx chansey or lax
|c|★Dice|pick 1
|c|★gorgie|bro im catchin a twave no matter wot
|c|★gorgie|but its tha plays that follow
|c|★gorgie|are u new
|choice|switch 6|move 1
|
|switch|p1a: sensei|Alakazam|313\/313
|move|p2a: Chansey|Ice Beam|p1a: sensei
|-crit|p1a: sensei
|-damage|p1a: sensei|183\/313
|
|turn|7
|c|★gorgie|noob
|choice|move 4|move 1
|
|move|p1a: sensei|Thunder Wave|p2a: Chansey
|-status|p2a: Chansey|par
|move|p2a: Chansey|Ice Beam|p1a: sensei
|-damage|p1a: sensei|116\/313
|
|turn|8
|c|★gorgie|why y new
|choice|move 2|move 1
|
|move|p1a: sensei|Recover|p1a: sensei
|-heal|p1a: sensei|272\/313
|move|p2a: Chansey|Ice Beam|p1a: sensei
|-crit|p1a: sensei
|-damage|p1a: sensei|152\/313
|
|turn|9
|choice|move 2|move 1
|
|move|p1a: sensei|Recover|p1a: sensei
|-heal|p1a: sensei|308\/313
|cant|p2a: Chansey|par
|
|turn|10
|c|★gorgie|nice fp
|c|★gorgie|ez
|choice|switch 5|move 3
|
|switch|p1a: oprah|Jynx|233\/333
|move|p2a: Chansey|Thunder Wave|p1a: oprah
|-status|p1a: oprah|par
|
|turn|11
|c|★gorgie|EZ CHEEZY
|choice|move 4|move 4
|
|move|p1a: oprah|Mimic|p2a: Chansey
|-start|p1a: oprah|Mimic|Soft-Boiled
|cant|p2a: Chansey|par
|
|turn|12
|c|★gorgie|LOL
|c|★gorgie|get womped
|choice|move 4|switch 4
|
|switch|p2a: Snorlax|Snorlax|523\/523
|move|p1a: oprah|Soft-Boiled|p1a: oprah
|-heal|p1a: oprah|333\/333 par
|
|turn|13
|choice|switch 3|move 1
|
|switch|p1a: Bastard|Snorlax|523\/523
|move|p2a: Snorlax|Body Slam|p1a: Bastard
|-damage|p1a: Bastard|396\/523
|
|turn|14
|choice|move 2|move 4
|
|move|p2a: Snorlax|Reflect|p2a: Snorlax
|-start|p2a: Snorlax|Reflect
|move|p1a: Bastard|Counter|p2a: Snorlax
|-fail|p1a: Bastard
|
|turn|15
|c|★gorgie|n1
|choice|move 2|move 1
|
|move|p2a: Snorlax|Body Slam|p1a: Bastard
|-crit|p1a: Bastard
|-damage|p1a: Bastard|115\/523
|move|p1a: Bastard|Counter|p2a: Snorlax
|-damage|p2a: Snorlax|0 fnt
|faint|p2a: Snorlax
|c|★gorgie|rofl
|c|★Dice|hm
|choice||switch 3
|
|switch|p2a: Tauros|Tauros|353\/353
|turn|16
|c|★gorgie|love mos
|c|★gorgie|I LOVE MONS
|choice|switch 2|move 1
|
|switch|p1a: c milli|Gengar|323\/323
|move|p2a: Tauros|Body Slam|p1a: c milli
|-immune|p1a: c milli|[msg]
|
|turn|17
|choice|switch 5|move 3
|
|switch|p1a: sensei|Alakazam|308\/313
|move|p2a: Tauros|Earthquake|p1a: sensei
|-crit|p1a: sensei
|-damage|p1a: sensei|48\/313
|
|turn|18
|L|LauReL
|c|★gorgie|n1 noob
|choice|move 4|switch 4
|
|switch|p2a: Chansey|Chansey|703\/703 par
|move|p1a: sensei|Thunder Wave|p2a: Chansey
|-fail|p2a: Chansey|par
|
|turn|19
|c|★gorgie|hmm
|c|★gorgie|obv wave but i aint got no choice
|choice|move 2|move 3
|
|move|p1a: sensei|Recover|p1a: sensei
|-heal|p1a: sensei|204\/313
|cant|p2a: Chansey|par
|
|turn|20
|c|★gorgie|Ez
|choice|switch 3|move 3
|
|switch|p1a: oprah|Jynx|333\/333 par
|move|p2a: Chansey|Thunder Wave|p1a: oprah
|-fail|p1a: oprah|par
|
|turn|21
|choice|move 2|move 4
|
|cant|p1a: oprah|par
|cant|p2a: Chansey|par
|
|turn|22
|choice|move 4|move 4
|
|move|p1a: oprah|Mimic|p2a: Chansey
|-start|p1a: oprah|Mimic|Thunderbolt
|move|p2a: Chansey|Thunderbolt|p1a: oprah
|-damage|p1a: oprah|252\/333 par
|
|turn|23
|choice|move 2|move 4
|
|move|p1a: oprah|Psychic|p2a: Chansey
|-damage|p2a: Chansey|601\/703 par
|move|p2a: Chansey|Thunderbolt|p1a: oprah
|-damage|p1a: oprah|171\/333 par
|
|turn|24
|choice|move 2|move 4
|
|cant|p1a: oprah|par
|move|p2a: Chansey|Thunderbolt|p1a: oprah
|-damage|p1a: oprah|89\/333 par
|
|turn|25
|choice|switch 2|move 4
|
|switch|p1a: Bastard|Snorlax|115\/523
|move|p2a: Chansey|Thunderbolt|p1a: Bastard
|-damage|p1a: Bastard|9\/523
|
|turn|26
|c|★gorgie|Gorgie
|c|★Dice|hm
|choice|move 4|switch 6
|
|switch|p2a: Jynx|Jynx|333\/333 slp
|move|p1a: Bastard|Self-Destruct|p2a: Jynx
|-crit|p2a: Jynx
|-damage|p2a: Jynx|0 fnt
|faint|p2a: Jynx
|faint|p1a: Bastard
|c|★gorgie|wompist
|choice|switch 5|switch 4
|
|switch|p2a: Tauros|Tauros|353\/353
|switch|p1a: c milli|Gengar|323\/323
|turn|27
|choice|move 4|switch 6
|
|switch|p2a: Chansey|Chansey|601\/703 par
|move|p1a: c milli|Night Shade|p2a: Chansey
|-damage|p2a: Chansey|501\/703 par
|
|turn|28
|J|choollio
|choice|move 3|move 3
|
|move|p1a: c milli|Explosion|p2a: Chansey
|-damage|p2a: Chansey|0 fnt
|faint|p2a: Chansey
|faint|p1a: c milli
|c|★gorgie|bro
|choice|switch 6|switch 5
|
|switch|p1a: DONKIST|Tauros|353\/353
|switch|p2a: Exeggutor|Exeggutor|393\/393
|turn|29
|choice|move 2|move 1
|
|move|p1a: DONKIST|Body Slam|p2a: Exeggutor
|-damage|p2a: Exeggutor|282\/393
|move|p2a: Exeggutor|Psychic|p1a: DONKIST
|-damage|p1a: DONKIST|189\/353
|-unboost|p1a: DONKIST|spd|1
|-unboost|p1a: DONKIST|spa|1
|
|turn|30
|choice|switch 3|move 1
|
|switch|p1a: sensei|Alakazam|204\/313
|move|p2a: Exeggutor|Psychic|p1a: sensei
|-resisted|p1a: sensei
|-damage|p1a: sensei|156\/313
|
|turn|31
|choice|switch 2|move 2
|
|switch|p1a: oprah|Jynx|89\/333 par
|move|p2a: Exeggutor|Sleep Powder|p1a: oprah
|-fail|p1a: oprah
|
|turn|32
|c|★gorgie|gorgie
|choice|move 1|move 1
|
|move|p2a: Exeggutor|Psychic|p1a: oprah
|-resisted|p1a: oprah
|-damage|p1a: oprah|29\/333 par
|move|p1a: oprah|Lovely Kiss|p2a: Exeggutor
|-status|p2a: Exeggutor|slp
|
|turn|33
|c|★gorgie|\/me gorgie
|choice|move 3|move 1
|
|-curestatus|p2a: Exeggutor|slp
|move|p1a: oprah|Blizzard|p2a: Exeggutor
|-supereffective|p2a: Exeggutor
|-damage|p2a: Exeggutor|31\/393
|
|turn|34
|c|★gorgie|easy
|c|★gorgie|is smurfer muted
|c|★gorgie|LOL
|c|★gorgie|das right
|c|★gorgie|be easy yung noob
|choice|move 2|move 1
|
|move|p2a: Exeggutor|Psychic|p1a: oprah
|-resisted|p1a: oprah
|-damage|p1a: oprah|0 fnt
|faint|p1a: oprah
|choice|switch 3|
|
|switch|p1a: DONKIST|Tauros|189\/353
|turn|35
|c|★gorgie|brodice
|c|★Dice|sup
|c|★gorgie|im on 45%
|c|★gorgie|power
|c|★gorgie|do better
|choice|move 2|move 3
|
|move|p1a: DONKIST|Body Slam|p2a: Exeggutor
|-damage|p2a: Exeggutor|0 fnt
|faint|p2a: Exeggutor
|c|%BKC|ah
|c|%BKC|dices donkist is healthier
|c|%BKC|but; is he stronger
|c|★Dice|hmmmm
|c|★Dice|hb is like
|L|Rat pack nigg
|c|★gorgie|bro youre ****F*CKED
|c|★Dice|47-56
|c|★Dice|i think
|c|★Dice|ugh
|c|★gorgie|bro youre **F*CKED**
|c|★gorgie| **F*CKED**
|c|★Dice|hmmmmmmm
|c|★Dice|hmmmmm
|c|★Dice|whats the best course of action
|c|★gorgie|lose?
|c|★gorgie|lol wtf
|J|MoxieInfinite
|choice||switch 2
|
|switch|p2a: Zapdos|Zapdos|383\/383
|turn|36
|c|★gorgie|UM.
|c|★gorgie|HM
|choice|move 2|move 2
|
|move|p1a: DONKIST|Body Slam|p2a: Zapdos
|-crit|p2a: Zapdos
|-damage|p2a: Zapdos|179\/383
|move|p2a: Zapdos|Agility|p2a: Zapdos
|-boost|p2a: Zapdos|spe|2
|
|turn|37
|c|★gorgie|ez
|choice|move 4|move 1
|
|move|p2a: Zapdos|Thunder|p1a: DONKIST|[miss]
|-miss|p2a: Zapdos
|move|p1a: DONKIST|Hyper Beam|p2a: Zapdos
|-damage|p2a: Zapdos|0 fnt
|faint|p2a: Zapdos
|c|★gorgie|lols
|choice||switch 6
|
|switch|p2a: Tauros|Tauros|353\/353
|turn|38
|c|★gorgie|did i just see a thunder zapper
|c|%BKC|"i said god DAMN" - dice
|J|Krauersaut
|c|★Dice|dam
|c|+smurfer|typical gorg
|c|★Dice|dat sux
|c|★gorgie|F*CK
|c|+Krauersaut|lol
|c|+smurfer|needing luck
|c|★gorgie|this guy rly bad
|choice|move 4|move 4
|
|move|p2a: Tauros|Hyper Beam|p1a: DONKIST
|-damage|p1a: DONKIST|21\/353
|move|p1a: DONKIST|Hyper Beam|p2a: Tauros
|-damage|p2a: Tauros|171\/353
|
|turn|39
|-mustrecharge|p1a: DONKIST
|-mustrecharge|p2a: Tauros
|-mustrecharge|p2a: Tauros
|-mustrecharge|p1a: DONKIST
|choice|move 1|move 1
|
|cant|p1a: DONKIST|recharge
|cant|p2a: Tauros|recharge
|
|turn|40
|c|%BKC|oh boy
|c|★gorgie|DONKIST, End Times.
|c|★gorgie|\/me summons the power of the **FOURTH GOD** 
|c|★gorgie|\/me Engages.
|choice|move 4|move 1
|
|move|p2a: Tauros|Body Slam|p1a: DONKIST
|-crit|p1a: DONKIST
|-damage|p1a: DONKIST|0 fnt
|faint|p1a: DONKIST
|c|+Krauersaut|lol
|c|★gorgie|F*CK
|c|★gorgie|UMMMMMMMMMMMMMMMMMMMMMMMMMMMMMMMMMMMMMMMMMMMZ
|c|+smurfer|what u engagin bro
|c|+smurfer|????
|choice|switch 2|
|
|switch|p1a: sensei|Alakazam|156\/313
|turn|41
|c|+Krauersaut|^
|c|★gorgie|Sensei, u there
|choice|move 1|move 4
|
|move|p1a: sensei|Psychic|p2a: Tauros
|-damage|p2a: Tauros|12\/353
|move|p2a: Tauros|Hyper Beam|p1a: sensei
|-damage|p1a: sensei|0 fnt
|faint|p1a: sensei
|c|★gorgie|sensei: ya
|c|+smurfer|lol
|c|★gorgie|Cool
|choice|switch 4|
|
|switch|p1a: TOMAS|Persian|333\/333
|turn|42
|c|+smurfer|nooob
|c|%BKC|o gg
|c|★gorgie|TOMAS
|c|★Dice|gg
|c|+smurfer|damn
|c|★gorgie|U F*ck
|choice|move 1|move 4
|
|move|p1a: TOMAS|Bubble Beam|p2a: Tauros
|-damage|p2a: Tauros|0 fnt
|faint|p2a: Tauros
|
|win|gorgie