|inactive|Battle timer is ON: inactive players will automatically lose when time's up.
|J|disaster area
|J|Kingler12345
|player|p1|disaster area|32
|player|p2|Kingler12345|1
|gametype|singles
|gen|1
|tier|[Gen 1] OU
|rule|Sleep Clause Mod: Limit one foe put to sleep
|rule|Freeze Clause Mod: Limit one foe frozen
|rule|Species Clause: Limit one of each Pokémon
|rule|OHKO Clause: OHKO moves are banned
|rule|Evasion Moves Clause: Evasion moves are banned
|rule|HP Percentage Mod: HP is shown in percentages
|
|start
|switch|p1a: Alakazam|Alakazam|313\/313
|switch|p2a: Jynx|Jynx|333\/333
|turn|1
|c|★Kingler12345|glhf
|c|★disaster area|you too
|
|move|p1a: Alakazam|Thunder Wave|p2a: Jynx
|-status|p2a: Jynx|par
|move|p2a: Jynx|Blizzard|p1a: Alakazam
|-damage|p1a: Alakazam|204\/313
|
|turn|2
|
|switch|p2a: Rhydon|Rhydon|413\/413
|move|p1a: Alakazam|Seismic Toss|p2a: Rhydon
|-damage|p2a: Rhydon|313\/413
|
|turn|3
|
|move|p1a: Alakazam|Psychic|p2a: Rhydon
|-damage|p2a: Rhydon|98\/413
|move|p2a: Rhydon|Body Slam|p1a: Alakazam
|-damage|p1a: Alakazam|71\/313
|-status|p1a: Alakazam|par
|
|turn|4
|
|switch|p1a: Exeggutor|Exeggutor|393\/393
|move|p2a: Rhydon|Body Slam|p1a: Exeggutor
|-damage|p1a: Exeggutor|301\/393
|
|turn|5
|
|switch|p2a: Jynx|Jynx|333\/333 par
|move|p1a: Exeggutor|Psychic|p2a: Jynx
|-resisted|p2a: Jynx
|-damage|p2a: Jynx|270\/333 par
|-unboost|p2a: Jynx|spd|1
|-unboost|p2a: Jynx|spa|1
|
|turn|6
|
|switch|p1a: Lapras|Lapras|463\/463
|cant|p2a: Jynx|par
|
|turn|7
|
|switch|p1a: Alakazam|Alakazam|71\/313 par
|move|p2a: Jynx|Lovely Kiss|p1a: Alakazam
|-fail|p1a: Alakazam
|
|turn|8
|
|cant|p1a: Alakazam|par
|move|p2a: Jynx|Blizzard|p1a: Alakazam
|-damage|p1a: Alakazam|0 fnt
|faint|p1a: Alakazam
|
|switch|p1a: Rhydon|Rhydon|413\/413
|turn|9
|c|★Kingler12345|sry lol
|
|switch|p2a: Exeggutor|Exeggutor|393\/393
|move|p1a: Rhydon|Rock Slide|p2a: Exeggutor|[miss]
|-miss|p1a: Rhydon
|
|turn|10
|c|★disaster area|owel
|c|★disaster area|dw it's mons
|
|switch|p1a: Exeggutor|Exeggutor|301\/393
|move|p2a: Exeggutor|Stun Spore|p1a: Exeggutor
|-status|p1a: Exeggutor|par
|
|turn|11
|
|switch|p2a: Jynx|Jynx|270\/333 par
|switch|p1a: Lapras|Lapras|463\/463
|
|turn|12
|
|move|p1a: Lapras|Body Slam|p2a: Jynx
|-crit|p2a: Jynx
|-damage|p2a: Jynx|47\/333 par
|cant|p2a: Jynx|par
|
|turn|13
|
|move|p1a: Lapras|Body Slam|p2a: Jynx
|-damage|p2a: Jynx|0 fnt
|faint|p2a: Jynx
|
|switch|p2a: Chansey|Chansey|703\/703
|turn|14
|
|move|p1a: Lapras|Blizzard|p2a: Chansey|[miss]
|-miss|p1a: Lapras
|move|p2a: Chansey|Thunderbolt|p1a: Lapras
|-supereffective|p1a: Lapras
|-damage|p1a: Lapras|314\/463
|
|turn|15
|
|move|p1a: Lapras|Confuse Ray|p2a: Chansey
|-start|p2a: Chansey|confusion
|-activate|p2a: Chansey|confusion
|move|p2a: Chansey|Thunder Wave|p1a: Lapras
|-status|p1a: Lapras|par
|
|turn|16
|
|switch|p1a: Chansey|Chansey|703\/703
|-end|p2a: Chansey|confusion
|move|p2a: Chansey|Thunderbolt|p1a: Chansey
|-damage|p1a: Chansey|631\/703
|-status|p1a: Chansey|par
|
|turn|17
|
|switch|p2a: Rhydon|Rhydon|98\/413
|move|p1a: Chansey|Sing|p2a: Rhydon|[miss]
|-miss|p1a: Chansey
|
|turn|18
|c|★Kingler12345|lol
|
|switch|p1a: Exeggutor|Exeggutor|301\/393 par
|move|p2a: Rhydon|Rock Slide|p1a: Exeggutor
|-crit|p1a: Exeggutor
|-damage|p1a: Exeggutor|56\/393 par
|
|turn|19
|c|★disaster area|i shoulda stossed predicting that but eh
|
|move|p2a: Rhydon|Body Slam|p1a: Exeggutor
|-damage|p1a: Exeggutor|0 fnt
|faint|p1a: Exeggutor
|
|switch|p1a: Tauros|Tauros|353\/353
|turn|20
|
|move|p1a: Tauros|Blizzard|p2a: Rhydon
|-supereffective|p2a: Rhydon
|-damage|p2a: Rhydon|0 fnt
|faint|p2a: Rhydon
|
|switch|p2a: Exeggutor|Exeggutor|393\/393
|turn|21
|
|switch|p1a: Chansey|Chansey|631\/703 par
|switch|p2a: Snorlax|Snorlax|523\/523
|
|turn|22
|
|move|p2a: Snorlax|Earthquake|p1a: Chansey
|-damage|p1a: Chansey|410\/703 par
|cant|p1a: Chansey|par
|
|turn|23
|J|SOMALIA
|
|switch|p1a: Rhydon|Rhydon|413\/413
|move|p2a: Snorlax|Earthquake|p1a: Rhydon
|-supereffective|p1a: Rhydon
|-damage|p1a: Rhydon|268\/413
|
|turn|24
|L|SOMALIA
|
|switch|p2a: Exeggutor|Exeggutor|393\/393
|move|p1a: Rhydon|Earthquake|p2a: Exeggutor
|-resisted|p2a: Exeggutor
|-damage|p2a: Exeggutor|317\/393
|
|turn|25
|
|switch|p2a: Snorlax|Snorlax|523\/523
|switch|p1a: Chansey|Chansey|410\/703 par
|
|turn|26
|
|switch|p1a: Rhydon|Rhydon|268\/413
|move|p2a: Snorlax|Body Slam|p1a: Rhydon
|-resisted|p1a: Rhydon
|-damage|p1a: Rhydon|220\/413
|-status|p1a: Rhydon|par
|
|turn|27
|c|★Kingler12345|ssry
|
|switch|p1a: Lapras|Lapras|314\/463 par
|move|p2a: Snorlax|Earthquake|p1a: Lapras
|-damage|p1a: Lapras|209\/463 par
|
|turn|28
|c|★disaster area|lol
|c|★disaster area|don't worry bout it lol
|
|switch|p1a: Rhydon|Rhydon|220\/413 par
|move|p2a: Snorlax|Hyper Beam|p1a: Rhydon
|-resisted|p1a: Rhydon
|-damage|p1a: Rhydon|138\/413 par
|
|turn|29
|
|cant|p2a: Snorlax|recharge
|move|p1a: Rhydon|Earthquake|p2a: Snorlax
|-damage|p2a: Snorlax|332\/523
|
|turn|30
|
|switch|p1a: Lapras|Lapras|209\/463 par
|move|p2a: Snorlax|Earthquake|p1a: Lapras
|-damage|p1a: Lapras|111\/463 par
|
|turn|31
|
|move|p2a: Snorlax|Body Slam|p1a: Lapras
|-damage|p1a: Lapras|0 fnt
|faint|p1a: Lapras
|
|switch|p1a: Tauros|Tauros|353\/353
|turn|32
|
|switch|p2a: Chansey|Chansey|703\/703
|move|p1a: Tauros|Blizzard|p2a: Chansey
|-damage|p2a: Chansey|632\/703
|
|turn|33
|
|move|p1a: Tauros|Hyper Beam|p2a: Chansey
|-damage|p2a: Chansey|168\/703
|move|p2a: Chansey|Ice Beam|p1a: Tauros
|-damage|p1a: Tauros|249\/353
|
|turn|34
|
|cant|p1a: Tauros|recharge
|move|p2a: Chansey|Thunder Wave|p1a: Tauros
|-status|p1a: Tauros|par
|
|turn|35
|
|switch|p1a: Chansey|Chansey|410\/703 par
|move|p2a: Chansey|Soft-Boiled|p2a: Chansey
|-heal|p2a: Chansey|519\/703
|
|turn|36
|
|switch|p2a: Exeggutor|Exeggutor|317\/393
|move|p1a: Chansey|Soft-Boiled|p1a: Chansey
|-heal|p1a: Chansey|703\/703 par
|
|turn|37
|
|move|p2a: Exeggutor|Psychic|p1a: Chansey
|-damage|p1a: Chansey|583\/703 par
|cant|p1a: Chansey|par
|
|turn|38
|c|★Kingler12345|lol
|
|switch|p1a: Rhydon|Rhydon|138\/413 par
|move|p2a: Exeggutor|Psychic|p1a: Rhydon
|-crit|p1a: Rhydon
|-damage|p1a: Rhydon|0 fnt
|faint|p1a: Rhydon
|
|switch|p1a: Chansey|Chansey|583\/703 par
|turn|39
|
|move|p2a: Exeggutor|Explosion|p1a: Chansey
|-damage|p1a: Chansey|0 fnt
|faint|p1a: Chansey
|faint|p2a: Exeggutor
|
|switch|p1a: Tauros|Tauros|249\/353 par
|switch|p2a: Tauros|Tauros|353\/353
|turn|40
|c|★disaster area|ggwp
|c|★Kingler12345|gg
|
|move|p2a: Tauros|Hyper Beam|p1a: Tauros|[miss]
|-miss|p2a: Tauros
|move|p1a: Tauros|Hyper Beam|p2a: Tauros
|-damage|p2a: Tauros|182\/353
|
|turn|41
|
|move|p2a: Tauros|Body Slam|p1a: Tauros
|-damage|p1a: Tauros|146\/353 par
|cant|p1a: Tauros|recharge
|
|turn|42
|
|move|p2a: Tauros|Hyper Beam|p1a: Tauros
|-damage|p1a: Tauros|0 fnt
|faint|p1a: Tauros
|
|win|Kingler12345