|J|Nails
|J|teal6
|player|p1|Nails|282
|player|p2|teal6|280
|gametype|singles
|gen|1
|tier|[Gen 1] OU
|seed|
|rule|Sleep Clause Mod: Limit one foe put to sleep
|rule|Freeze Clause Mod: Limit one foe frozen
|rule|Species Clause: Limit one of each Pokémon
|rule|OHKO Clause: OHKO moves are banned
|rule|Evasion Moves Clause: Evasion moves are banned
|rule|HP Percentage Mod: HP is shown in percentages
|
|start
|switch|p1a: Jynx|Jynx|100\/100
|switch|p2a: Gengar|Gengar|100\/100
|turn|1
|J|TDK
|J|myfrensandi
|choice||
|
|move|p2a: Gengar|Hypnosis|p1a: Jynx
|-status|p1a: Jynx|slp
|cant|p1a: Jynx|slp
|
|turn|2
|choice||
|
|switch|p1a: Starmie|Starmie|100\/100
|move|p2a: Gengar|Night Shade|p1a: Starmie
|-damage|p1a: Starmie|70\/100
|
|turn|3
|choice||
|
|move|p1a: Starmie|Recover|p1a: Starmie
|-heal|p1a: Starmie|100\/100
|move|p2a: Gengar|Thunderbolt|p1a: Starmie
|-supereffective|p1a: Starmie
|-damage|p1a: Starmie|48\/100
|
|turn|4
|choice||
|
|switch|p1a: Golem|Golem|100\/100
|move|p2a: Gengar|Thunderbolt|p1a: Golem
|-immune|p1a: Golem|[msg]
|
|turn|5
|J|CrashinBoomBang
|L|TDK
|choice||
|
|switch|p2a: Starmie|Starmie|100\/100
|move|p1a: Golem|Earthquake|p2a: Starmie
|-damage|p2a: Starmie|61\/100
|
|turn|6
|J|TDK
|J|Esteemed User
|J|Rewer
|choice||
|
|switch|p1a: Snorlax|Snorlax|100\/100
|move|p2a: Starmie|Psychic|p1a: Snorlax
|-damage|p1a: Snorlax|72\/100
|-unboost|p1a: Snorlax|spd|1
|-unboost|p1a: Snorlax|spa|1
|
|turn|7
|choice||
|
|switch|p1a: Jynx|Jynx|100\/100 slp
|move|p2a: Starmie|Psychic|p1a: Jynx
|-crit|p1a: Jynx
|-resisted|p1a: Jynx
|-damage|p1a: Jynx|70\/100 slp
|
|turn|8
|choice||
|
|move|p2a: Starmie|Recover|p2a: Starmie
|-heal|p2a: Starmie|100\/100
|cant|p1a: Jynx|slp
|
|turn|9
|choice||
|
|switch|p2a: Tauros|Tauros|100\/100
|cant|p1a: Jynx|slp
|
|turn|10
|J|Luigi
|L|Rewer
|choice||
|
|switch|p1a: Golem|Golem|100\/100
|move|p2a: Tauros|Earthquake|p1a: Golem
|-supereffective|p1a: Golem
|-damage|p1a: Golem|67\/100
|
|turn|11
|choice||
|
|switch|p1a: Starmie|Starmie|48\/100
|move|p2a: Tauros|Blizzard|p1a: Starmie
|-crit|p1a: Starmie
|-resisted|p1a: Starmie
|-damage|p1a: Starmie|26\/100
|
|turn|12
|J|Jirachee
|L|Jirachee
|J|Honoka Kurai
|choice||
|
|switch|p2a: Starmie|Starmie|100\/100
|move|p1a: Starmie|Recover|p1a: Starmie
|-heal|p1a: Starmie|76\/100
|
|turn|13
|choice||
|
|move|p1a: Starmie|Thunder Wave|p2a: Starmie
|-status|p2a: Starmie|par
|move|p2a: Starmie|Thunderbolt|p1a: Starmie
|-supereffective|p1a: Starmie
|-damage|p1a: Starmie|31\/100
|
|turn|14
|L|Esteemed User
|choice||
|
|move|p1a: Starmie|Recover|p1a: Starmie
|-heal|p1a: Starmie|81\/100
|move|p2a: Starmie|Thunder Wave|p1a: Starmie
|-status|p1a: Starmie|par
|
|turn|15
|L|CrashinBoomBang
|choice||
|
|move|p2a: Starmie|Psychic|p1a: Starmie
|-resisted|p1a: Starmie
|-damage|p1a: Starmie|65\/100 par
|move|p1a: Starmie|Thunderbolt|p2a: Starmie
|-supereffective|p2a: Starmie
|-damage|p2a: Starmie|56\/100 par
|
|turn|16
|choice||
|
|switch|p1a: Snorlax|Snorlax|72\/100
|move|p2a: Starmie|Thunderbolt|p1a: Snorlax
|-damage|p1a: Snorlax|53\/100
|
|turn|17
|choice||
|
|switch|p2a: Gengar|Gengar|100\/100
|move|p1a: Snorlax|Body Slam|p2a: Gengar
|-immune|p2a: Gengar|[msg]
|
|turn|18
|J|Tobes
|choice||
|
|move|p2a: Gengar|Night Shade|p1a: Snorlax
|-damage|p1a: Snorlax|34\/100
|move|p1a: Snorlax|Earthquake|p2a: Gengar
|-supereffective|p2a: Gengar
|-damage|p2a: Gengar|35\/100
|
|turn|19
|choice||
|
|switch|p1a: Golem|Golem|67\/100
|move|p2a: Gengar|Night Shade|p1a: Golem
|-damage|p1a: Golem|40\/100
|
|turn|20
|choice||
|
|move|p2a: Gengar|Night Shade|p1a: Golem
|-damage|p1a: Golem|12\/100
|move|p1a: Golem|Earthquake|p2a: Gengar
|-supereffective|p2a: Gengar
|-damage|p2a: Gengar|0 fnt
|faint|p2a: Gengar
|choice||
|
|switch|p2a: Tauros|Tauros|100\/100
|turn|21
|choice||
|
|move|p2a: Tauros|Earthquake|p1a: Golem
|-crit|p1a: Golem
|-supereffective|p1a: Golem
|-damage|p1a: Golem|0 fnt
|faint|p1a: Golem
|choice||
|
|switch|p1a: Dragonite|Dragonite|100\/100
|turn|22
|choice||
|
|move|p2a: Tauros|Blizzard|p1a: Dragonite
|-supereffective|p1a: Dragonite
|-damage|p1a: Dragonite|21\/100
|-status|p1a: Dragonite|frz
|cant|p1a: Dragonite|frz
|
|turn|23
|c|★Nails|well
|c|★Nails|i lose
|-message|Nails forfeited.
|
|win|teal6