|inactive|Battle timer is ON: inactive players will automatically lose when time's up.
|J|KratosMana
|J|Nails
|player|p1|KratosMana|166
|player|p2|Nails|170
|gametype|singles
|gen|1
|tier|[Gen 1] OU
|seed|3542,38436,24390,15714
|rule|Sleep Clause Mod: Limit one foe put to sleep
|rule|Freeze Clause Mod: Limit one foe frozen
|rule|Species Clause: Limit one of each Pokémon
|rule|OHKO Clause: OHKO moves are banned
|rule|Evasion Moves Clause: Evasion moves are banned
|rule|HP Percentage Mod: HP is shown in percentages
|
|start
|switch|p1a: Alakazam|Alakazam|313\/313
|switch|p2a: Jynx|Jynx|333\/333
|turn|1
|choice|move 1|move 1
|
|move|p1a: Alakazam|Thunder Wave|p2a: Jynx
|-status|p2a: Jynx|par
|move|p2a: Jynx|Lovely Kiss|p1a: Alakazam|[miss]
|-miss|p2a: Jynx
|
|turn|2
|choice|move 2|move 1
|
|move|p1a: Alakazam|Seismic Toss|p2a: Jynx
|-damage|p2a: Jynx|233\/333 par
|move|p2a: Jynx|Lovely Kiss|p1a: Alakazam
|-status|p1a: Alakazam|slp
|
|turn|3
|choice|switch 4|move 4
|
|switch|p1a: Starmie|Starmie|323\/323
|cant|p2a: Jynx|par
|
|turn|4
|choice|move 1|switch 5
|
|switch|p2a: Chansey|Chansey|703\/703
|move|p1a: Starmie|Blizzard|p2a: Chansey
|-damage|p2a: Chansey|607\/703
|-status|p2a: Chansey|frz
|
|turn|5
|choice|move 4|switch 2
|
|switch|p2a: Alakazam|Alakazam|313\/313
|move|p1a: Starmie|Thunder Wave|p2a: Alakazam
|-status|p2a: Alakazam|par
|
|turn|6
|choice|switch 5|move 4
|
|switch|p1a: Snorlax|Snorlax|523\/523
|move|p2a: Alakazam|Toxic|p1a: Snorlax
|-status|p1a: Snorlax|tox
|
|turn|7
|c|★KratosMana|,
|choice|move 2|move 1
|
|move|p1a: Snorlax|Body Slam|p2a: Alakazam
|-damage|p2a: Alakazam|133\/313 par
|-damage|p1a: Snorlax|491\/523 tox|[from] tox|[of] p2a: Alakazam
|move|p2a: Alakazam|Reflect|p2a: Alakazam
|-start|p2a: Alakazam|Reflect
|
|turn|8
|c|★Nails|unlucky
|choice|move 2|move 3
|
|move|p1a: Snorlax|Body Slam|p2a: Alakazam
|-damage|p2a: Alakazam|50\/313 par
|-damage|p1a: Snorlax|427\/523 tox|[from] tox|[of] p2a: Alakazam
|move|p2a: Alakazam|Recover|p2a: Alakazam
|-heal|p2a: Alakazam|206\/313 par
|
|turn|9
|choice|move 2|move 3
|
|move|p1a: Snorlax|Body Slam|p2a: Alakazam
|-crit|p2a: Alakazam
|-damage|p2a: Alakazam|0 fnt
|faint|p2a: Alakazam
|c|★Nails|ugh
|c|★Nails|yea this game is over as fuck not
|c|★Nails|now*
|c|★KratosMana|rip
|choice||switch 6
|
|switch|p2a: Dragonite|Dragonite|385\/385
|turn|10
|choice|switch 3|move 1
|
|switch|p1a: Nidoking|Nidoking|365\/365
|move|p2a: Dragonite|Wrap|p1a: Nidoking
|-damage|p1a: Nidoking|347\/365
|-activate|p1a: Nidoking|move: Wrap|[of] p2a: Dragonite
|
|turn|11
|choice|switch 6|move 1
|
|switch|p1a: Tauros|Tauros|353\/353
|move|p2a: Dragonite|Wrap|p1a: Tauros
|-crit|p1a: Tauros
|-damage|p1a: Tauros|321\/353
|-activate|p1a: Tauros|move: Wrap|[of] p2a: Dragonite
|
|turn|12
|choice|switch 6|move 1
|
|switch|p1a: Nidoking|Nidoking|347\/365
|move|p2a: Dragonite|Wrap|p1a: Nidoking
|-crit|p1a: Nidoking
|-damage|p1a: Nidoking|313\/365
|-activate|p1a: Nidoking|move: Wrap|[of] p2a: Dragonite
|
|turn|13
|choice|switch 6|move 1
|
|switch|p1a: Tauros|Tauros|321\/353
|move|p2a: Dragonite|Wrap|p1a: Tauros|[miss]
|-miss|p2a: Dragonite
|
|turn|14
|choice|move 3|switch 2
|
|switch|p2a: Chansey|Chansey|607\/703 frz
|move|p1a: Tauros|Blizzard|p2a: Chansey
|-damage|p2a: Chansey|532\/703 frz
|
|turn|15
|choice|move 1|move 4
|
|move|p1a: Tauros|Body Slam|p2a: Chansey
|-damage|p2a: Chansey|278\/703 frz
|cant|p2a: Chansey|frz
|
|turn|16
|choice|move 2|move 4
|
|move|p1a: Tauros|Earthquake|p2a: Chansey
|-crit|p2a: Chansey
|-damage|p2a: Chansey|0 fnt
|faint|p2a: Chansey
|choice||switch 3
|
|switch|p2a: Snorlax|Snorlax|523\/523
|turn|17
|choice|switch 5|move 1
|
|switch|p1a: Starmie|Starmie|323\/323
|move|p2a: Snorlax|Body Slam|p1a: Starmie
|-damage|p1a: Starmie|205\/323
|-status|p1a: Starmie|par
|
|turn|18
|choice|move 3|move 2
|
|move|p2a: Snorlax|Hyper Beam|p1a: Starmie
|-damage|p1a: Starmie|1\/323 par
|move|p1a: Starmie|Recover|p1a: Starmie
|-heal|p1a: Starmie|162\/323 par
|
|turn|19
|-mustrecharge|p2a: Snorlax
|c|★Nails|unfort
|-mustrecharge|p2a: Snorlax
|choice|move 4|move 1
|
|cant|p2a: Snorlax|recharge
|move|p1a: Starmie|Thunder Wave|p2a: Snorlax
|-status|p2a: Snorlax|par
|
|turn|20
|choice|move 3|move 1
|
|move|p1a: Starmie|Recover|p1a: Starmie
|-heal|p1a: Starmie|323\/323 par
|move|p2a: Snorlax|Body Slam|p1a: Starmie
|-damage|p1a: Starmie|198\/323 par
|
|turn|21
|choice|move 3|move 1
|
|move|p1a: Starmie|Recover|p1a: Starmie
|-heal|p1a: Starmie|323\/323 par
|move|p2a: Snorlax|Body Slam|p1a: Starmie
|-damage|p1a: Starmie|204\/323 par
|
|turn|22
|choice|move 3|move 1
|
|move|p1a: Starmie|Recover|p1a: Starmie
|-heal|p1a: Starmie|323\/323 par
|move|p2a: Snorlax|Body Slam|p1a: Starmie
|-damage|p1a: Starmie|212\/323 par
|
|turn|23
|choice|move 1|move 1
|
|cant|p1a: Starmie|par
|move|p2a: Snorlax|Body Slam|p1a: Starmie
|-damage|p1a: Starmie|88\/323 par
|
|turn|24
|choice|switch 2|move 1
|
|switch|p1a: Chansey|Chansey|703\/703
|move|p2a: Snorlax|Body Slam|p1a: Chansey
|-damage|p1a: Chansey|392\/703
|
|turn|25
|choice|switch 2|move 1
|
|switch|p1a: Starmie|Starmie|88\/323 par
|move|p2a: Snorlax|Body Slam|p1a: Starmie
|-damage|p1a: Starmie|0 fnt
|faint|p1a: Starmie
|c|★KratosMana|rude
|choice|switch 2|
|
|switch|p1a: Chansey|Chansey|392\/703
|turn|26
|choice|move 3|move 1
|
|move|p1a: Chansey|Soft-Boiled|p1a: Chansey
|-heal|p1a: Chansey|703\/703
|cant|p2a: Snorlax|par
|
|turn|27
|choice|move 1|move 3
|
|move|p1a: Chansey|Seismic Toss|p2a: Snorlax
|-damage|p2a: Snorlax|423\/523 par
|cant|p2a: Snorlax|par
|
|turn|28
|choice|move 1|move 1
|
|move|p1a: Chansey|Seismic Toss|p2a: Snorlax
|-damage|p2a: Snorlax|323\/523 par
|cant|p2a: Snorlax|par
|
|turn|29
|choice|move 1|switch 5
|
|switch|p2a: Jynx|Jynx|233\/333 par
|move|p1a: Chansey|Seismic Toss|p2a: Jynx
|-damage|p2a: Jynx|133\/333 par
|
|turn|30
|choice|switch 5|move 4
|
|switch|p1a: Tauros|Tauros|321\/353
|cant|p2a: Jynx|par
|
|turn|31
|c|★Nails|NO
|c|★KratosMana|lol
|c|★Nails|fucking
|choice|move 1|move 4
|
|move|p1a: Tauros|Body Slam|p2a: Jynx
|-damage|p2a: Jynx|0 fnt
|faint|p2a: Jynx
|choice||switch 5
|
|switch|p2a: Snorlax|Snorlax|323\/523 par
|turn|32
|choice|switch 5|move 4
|
|switch|p1a: Chansey|Chansey|703\/703
|move|p2a: Snorlax|Self-Destruct|p1a: Chansey
|-damage|p1a: Chansey|0 fnt
|faint|p1a: Chansey
|faint|p2a: Snorlax
|choice|switch 5|switch 2
|
|switch|p1a: Tauros|Tauros|321\/353
|switch|p2a: Dragonite|Dragonite|385\/385
|turn|33
|choice|move 3|move 3
|
|move|p1a: Tauros|Blizzard|p2a: Dragonite
|-supereffective|p2a: Dragonite
|-damage|p2a: Dragonite|85\/385
|move|p2a: Dragonite|Agility|p2a: Dragonite
|-boost|p2a: Dragonite|spe|2
|
|turn|34
|choice|move 1|move 1
|
|move|p2a: Dragonite|Wrap|p1a: Tauros|[miss]
|-miss|p2a: Dragonite
|move|p1a: Tauros|Body Slam|p2a: Dragonite
|-crit|p2a: Dragonite
|-damage|p2a: Dragonite|0 fnt
|faint|p2a: Dragonite
|c|★KratosMana|rip
|choice||switch 4
|
|switch|p2a: Tauros|Tauros|353\/353
|turn|35
|choice|switch 4|move 2
|
|switch|p1a: Alakazam|Alakazam|313\/313 slp
|move|p2a: Tauros|Hyper Beam|p1a: Alakazam
|-crit|p1a: Alakazam
|-damage|p1a: Alakazam|0 fnt
|faint|p1a: Alakazam
|choice|switch 6|
|
|switch|p1a: Nidoking|Nidoking|313\/365
|turn|36
|c|★Nails|ah i got my crit
|J|pokemon65ash
|L|pokemon65ash
|choice|move 1|move 1
|
|move|p2a: Tauros|Body Slam|p1a: Nidoking
|-damage|p1a: Nidoking|192\/365
|-status|p1a: Nidoking|par
|move|p1a: Nidoking|Earthquake|p2a: Tauros
|-damage|p2a: Tauros|233\/353
|
|turn|37
|choice|move 1|move 3
|
|move|p2a: Tauros|Earthquake|p1a: Nidoking
|-crit|p1a: Nidoking
|-supereffective|p1a: Nidoking
|-damage|p1a: Nidoking|0 fnt
|faint|p1a: Nidoking
|choice|switch 4|
|
|switch|p1a: Tauros|Tauros|321\/353
|turn|38
|c|★Nails|hmm
|c|★KratosMana|beam then lax
|c|★Nails|beam crit doesnt ohko lax
|c|★Nails|i think.
|c|★KratosMana|yeah
|c|★KratosMana|thats why
|c|★KratosMana|i beam then lax
|c|★KratosMana|oo
|c|★Nails|so yea i gotta
|c|★Nails|beam this
|c|★Nails|af.
|c|★KratosMana|y
|c|★KratosMana|and crit
|J|yung stef
|choice|move 4|move 2
|
|move|p1a: Tauros|Hyper Beam|p2a: Tauros
|-damage|p2a: Tauros|59\/353
|move|p2a: Tauros|Hyper Beam|p1a: Tauros|[miss]
|-miss|p2a: Tauros
|
|turn|39
|-mustrecharge|p1a: Tauros
|c|★Nails|unlucky.
|c|★KratosMana|almost.
|-mustrecharge|p1a: Tauros
|choice|move 1|move 4
|
|cant|p1a: Tauros|recharge
|move|p2a: Tauros|Blizzard|p1a: Tauros
|-damage|p1a: Tauros|231\/353
|
|turn|40
|choice|move 3|move 2
|
|move|p1a: Tauros|Blizzard|p2a: Tauros
|-damage|p2a: Tauros|0 fnt
|faint|p2a: Tauros
|
|win|KratosMana