|inactive|Battle timer is ON: inactive players will automatically lose when time's up.
|J|BlackWeed
|J|Dice
|player|p1|BlackWeed|1
|player|p2|Dice|168
|gametype|singles
|gen|1
|tier|[Gen 1] OU
|seed|1175,19740,52043,61808
|rule|Sleep Clause Mod: Limit one foe put to sleep
|rule|Freeze Clause Mod: Limit one foe frozen
|rule|Species Clause: Limit one of each Pokémon
|rule|OHKO Clause: OHKO moves are banned
|rule|Evasion Moves Clause: Evasion moves are banned
|rule|HP Percentage Mod: HP is shown in percentages
|
|start
|switch|p1a: Alakazam|Alakazam|313\/313
|switch|p2a: Jynx|Jynx|333\/333
|turn|1
|c|★BlackWeed|exchange twave
|c|★BlackWeed|yn
|c|★BlackWeed|wait
|c|★BlackWeed|u sleep
|c|★Dice|y
|c|★Dice|i sleep
|c|★BlackWeed|no twave
|choice|move 3|move 1
|
|move|p1a: Alakazam|Thunder Wave|p2a: Jynx
|-status|p2a: Jynx|par
|move|p2a: Jynx|Lovely Kiss|p1a: Alakazam
|-status|p1a: Alakazam|slp
|
|turn|2
|c|★Dice|:(
|c|★BlackWeed|does this have
|c|★BlackWeed|good ac
|c|★BlackWeed|in this gen
|c|★BlackWeed|oO
|c|★Dice|blizzard is
|c|★Dice|90
|c|★Dice|oo
|c|★BlackWeed|why was it nerfed
|c|★BlackWeed|.crazy
|c|★Dice|because
|c|★Dice|op
|c|★Dice|yn
|choice|move 2|move 2
|
|cant|p1a: Alakazam|slp
|move|p2a: Jynx|Blizzard|p1a: Alakazam
|-damage|p1a: Alakazam|203\/313 slp
|
|turn|3
|c|★BlackWeed|n
|choice|switch 2|move 2
|
|switch|p1a: Chansey|Chansey|703\/703
|move|p2a: Jynx|Blizzard|p1a: Chansey
|-damage|p1a: Chansey|569\/703
|
|turn|4
|c|★BlackWeed|lol
|c|★BlackWeed|I ont like this
|choice|move 1|move 2
|
|move|p1a: Chansey|Thunderbolt|p2a: Jynx
|-crit|p2a: Jynx
|-damage|p2a: Jynx|179\/333 par
|cant|p2a: Jynx|par
|
|turn|5
|c|★BlackWeed|I like this
|c|★BlackWeed|yn
|choice|move 1|move 4
|
|move|p1a: Chansey|Thunderbolt|p2a: Jynx
|-damage|p2a: Jynx|104\/333 par
|move|p2a: Jynx|Rest|p2a: Jynx
|-status|p2a: Jynx|slp
|-heal|p2a: Jynx|333\/333 slp|[silent]
|-status|p2a: Jynx|slp|[from] move: Rest
|
|turn|6
|choice|switch 3|switch 4
|
|switch|p1a: Rhydon|Rhydon|413\/413
|switch|p2a: Chansey|Chansey|703\/703
|
|turn|7
|choice|move 1|switch 3
|
|switch|p2a: Exeggutor|Exeggutor|393\/393
|move|p1a: Rhydon|Earthquake|p2a: Exeggutor
|-resisted|p2a: Exeggutor
|-damage|p2a: Exeggutor|309\/393
|
|turn|8
|choice|switch 3|move 2
|
|switch|p1a: Chansey|Chansey|569\/703
|move|p2a: Exeggutor|Stun Spore|p1a: Chansey|[miss]
|-miss|p2a: Exeggutor
|
|turn|9
|choice|move 2|move 4
|
|move|p2a: Exeggutor|Explosion|p1a: Chansey
|-damage|p1a: Chansey|0 fnt
|faint|p1a: Chansey
|faint|p2a: Exeggutor
|c|★BlackWeed|.
|choice|switch 5|switch 4
|
|switch|p2a: Jynx|Jynx|333\/333 slp
|switch|p1a: Snorlax|Snorlax|523\/523
|turn|10
|choice|move 1|switch 3
|
|switch|p2a: Chansey|Chansey|703\/703
|move|p1a: Snorlax|Body Slam|p2a: Chansey
|-damage|p2a: Chansey|411\/703
|
|turn|11
|choice|switch 3|move 4
|
|switch|p1a: Rhydon|Rhydon|413\/413
|move|p2a: Chansey|Soft-Boiled|p2a: Chansey
|-heal|p2a: Chansey|703\/703
|
|turn|12
|choice|move 2|move 2
|
|move|p2a: Chansey|Ice Beam|p1a: Rhydon
|-supereffective|p1a: Rhydon
|-damage|p1a: Rhydon|157\/413
|-status|p1a: Rhydon|frz
|cant|p1a: Rhydon|frz
|
|turn|13
|c|★Dice|owned
|c|★BlackWeed|.
|c|★BlackWeed|lol
|c|★BlackWeed|how is it
|c|★BlackWeed|faster
|c|★Dice|because
|choice|switch 3|move 2
|
|switch|p1a: Snorlax|Snorlax|523\/523
|move|p2a: Chansey|Ice Beam|p1a: Snorlax
|-damage|p1a: Snorlax|419\/523
|
|turn|14
|c|★Dice|its faster
|c|★Dice|o_O
|choice|move 1|move 1
|
|move|p2a: Chansey|Thunder Wave|p1a: Snorlax
|-status|p1a: Snorlax|par
|move|p1a: Snorlax|Body Slam|p2a: Chansey
|-damage|p2a: Chansey|390\/703
|
|turn|15
|choice|switch 4|move 4
|
|switch|p1a: Exeggutor|Exeggutor|393\/393
|move|p2a: Chansey|Soft-Boiled|p2a: Chansey
|-heal|p2a: Chansey|703\/703
|
|turn|16
|choice|move 4|switch 3
|
|switch|p2a: Jynx|Jynx|333\/333 slp
|move|p1a: Exeggutor|Explosion|p2a: Jynx
|-damage|p2a: Jynx|0 fnt
|faint|p2a: Jynx
|faint|p1a: Exeggutor
|choice|switch 2|switch 2
|
|switch|p2a: Alakazam|Alakazam|313\/313
|switch|p1a: Alakazam|Alakazam|203\/313 slp
|turn|17
|choice|move 3|switch 6
|
|switch|p2a: Tauros|Tauros|353\/353
|cant|p1a: Alakazam|slp
|
|turn|18
|choice|move 3|move 1
|
|-curestatus|p1a: Alakazam|slp
|move|p2a: Tauros|Body Slam|p1a: Alakazam
|-damage|p1a: Alakazam|49\/313
|
|turn|19
|choice|move 4|switch 5
|
|switch|p2a: Snorlax|Snorlax|523\/523
|move|p1a: Alakazam|Recover|p1a: Alakazam
|-heal|p1a: Alakazam|205\/313
|
|turn|20
|choice|move 3|move 1
|
|move|p1a: Alakazam|Thunder Wave|p2a: Snorlax
|-status|p2a: Snorlax|par
|move|p2a: Snorlax|Body Slam|p1a: Alakazam
|-damage|p1a: Alakazam|33\/313
|
|turn|21
|choice|move 4|move 1
|
|move|p1a: Alakazam|Recover|p1a: Alakazam
|-heal|p1a: Alakazam|189\/313
|move|p2a: Snorlax|Body Slam|p1a: Alakazam
|-crit|p1a: Alakazam
|-damage|p1a: Alakazam|0 fnt
|faint|p1a: Alakazam
|c|★BlackWeed|alakazam is kinda
|c|★BlackWeed|mediocre
|c|★BlackWeed|._.
|c|★Dice|alakazam
|c|★Dice|is good
|c|★Dice|oo
|c|★BlackWeed|n
|c|★BlackWeed|starmie is best
|choice|switch 4|
|
|switch|p1a: Snorlax|Snorlax|419\/523 par
|turn|22
|c|★Dice|._.
|choice|move 3|switch 3
|
|switch|p2a: Chansey|Chansey|703\/703
|move|p1a: Snorlax|Reflect|p1a: Snorlax
|-start|p1a: Snorlax|Reflect
|
|turn|23
|choice|move 1|move 2
|
|move|p2a: Chansey|Ice Beam|p1a: Snorlax
|-damage|p1a: Snorlax|316\/523 par
|move|p1a: Snorlax|Body Slam|p2a: Chansey
|-damage|p2a: Chansey|398\/703
|
|turn|24
|choice|move 1|move 2
|
|move|p2a: Chansey|Ice Beam|p1a: Snorlax
|-damage|p1a: Snorlax|219\/523 par
|move|p1a: Snorlax|Body Slam|p2a: Chansey
|-damage|p2a: Chansey|121\/703
|
|turn|25
|choice|move 1|move 4
|
|move|p2a: Chansey|Soft-Boiled|p2a: Chansey
|-heal|p2a: Chansey|472\/703
|move|p1a: Snorlax|Body Slam|p2a: Chansey
|-damage|p2a: Chansey|172\/703
|
|turn|26
|choice|switch 6|move 4
|
|switch|p1a: Tauros|Tauros|353\/353
|move|p2a: Chansey|Soft-Boiled|p2a: Chansey
|-heal|p2a: Chansey|523\/703
|
|turn|27
|c|★BlackWeed|HUGO
|c|★BlackWeed|CUM ON MY FACE
|c|★BlackWeed|LOL
|choice|move 2|move 1
|
|move|p1a: Tauros|Blizzard|p2a: Chansey
|-damage|p2a: Chansey|448\/703
|move|p2a: Chansey|Thunder Wave|p1a: Tauros
|-status|p1a: Tauros|par
|
|turn|28
|choice|move 2|move 4
|
|move|p2a: Chansey|Soft-Boiled|p2a: Chansey
|-fail|p2a: Chansey
|move|p1a: Tauros|Blizzard|p2a: Chansey
|-damage|p2a: Chansey|370\/703
|
|turn|29
|choice|move 2|move 4
|
|move|p2a: Chansey|Soft-Boiled|p2a: Chansey
|-heal|p2a: Chansey|703\/703
|cant|p1a: Tauros|par
|
|turn|30
|choice|move 2|move 3
|
|move|p2a: Chansey|Thunderbolt|p1a: Tauros
|-crit|p1a: Tauros
|-damage|p1a: Tauros|171\/353 par
|move|p1a: Tauros|Blizzard|p2a: Chansey
|-damage|p2a: Chansey|636\/703
|-status|p2a: Chansey|frz
|
|turn|31
|c|★BlackWeed|-
|choice|move 1|switch 5
|
|switch|p2a: Tauros|Tauros|353\/353
|move|p1a: Tauros|Body Slam|p2a: Tauros
|-damage|p2a: Tauros|258\/353
|
|turn|32
|choice|switch 3|move 4
|
|switch|p1a: Rhydon|Rhydon|157\/413 frz
|move|p2a: Tauros|Hyper Beam|p1a: Rhydon|[miss]
|-miss|p2a: Tauros
|
|turn|33
|choice|move 1|move 3
|
|move|p2a: Tauros|Blizzard|p1a: Rhydon
|-supereffective|p1a: Rhydon
|-damage|p1a: Rhydon|0 fnt
|faint|p1a: Rhydon
|c|★BlackWeed|lol
|c|★BlackWeed|hax
|choice|switch 6|
|
|switch|p1a: Snorlax|Snorlax|219\/523 par
|turn|34
|choice|move 4|move 4
|
|move|p2a: Tauros|Hyper Beam|p1a: Snorlax
|-damage|p1a: Snorlax|0 fnt
|faint|p1a: Snorlax
|c|★BlackWeed|roll
|-message|BlackWeed forfeited.
|
|win|Dice