|inactive|Battle timer is ON: inactive players will automatically lose when time's up.
|J|teal6
|J|negusown1992
|player|p1|teal6|115
|player|p2|negusown1992|65
|gametype|singles
|gen|1
|tier|[Gen 1] OU
|seed|42944,53787,55232,28237
|rule|Sleep Clause Mod: Limit one foe put to sleep
|rule|Freeze Clause Mod: Limit one foe frozen
|rule|Species Clause: Limit one of each Pokémon
|rule|OHKO Clause: OHKO moves are banned
|rule|Evasion Moves Clause: Evasion moves are banned
|rule|HP Percentage Mod: HP is shown in percentages
|
|start
|switch|p1a: Jynx|Jynx|333\/333
|switch|p2a: Alakazam|Alakazam|313\/313
|turn|1
|J|Confide
|choice|move 2|move 1
|
|move|p2a: Alakazam|Thunder Wave|p1a: Jynx
|-status|p1a: Jynx|par
|move|p1a: Jynx|Lovely Kiss|p2a: Alakazam|[miss]
|-miss|p1a: Jynx
|
|turn|2
|L|Confide
|choice|move 2|move 2
|
|move|p2a: Alakazam|Seismic Toss|p1a: Jynx
|-damage|p1a: Jynx|233\/333 par
|move|p1a: Jynx|Lovely Kiss|p2a: Alakazam|[miss]
|-miss|p1a: Jynx
|
|turn|3
|choice|move 2|move 2
|
|move|p2a: Alakazam|Seismic Toss|p1a: Jynx
|-damage|p1a: Jynx|133\/333 par
|cant|p1a: Jynx|par
|
|turn|4
|choice|move 2|move 2
|
|move|p2a: Alakazam|Seismic Toss|p1a: Jynx
|-damage|p1a: Jynx|33\/333 par
|move|p1a: Jynx|Lovely Kiss|p2a: Alakazam|[miss]
|-miss|p1a: Jynx
|
|turn|5
|choice|switch 6|move 3
|
|switch|p1a: Chansey|Chansey|703\/703
|move|p2a: Alakazam|Psychic|p1a: Chansey
|-damage|p1a: Chansey|574\/703
|
|turn|6
|choice|move 3|switch 5
|
|switch|p2a: Chansey|Chansey|703\/703
|move|p1a: Chansey|Thunder Wave|p2a: Chansey
|-status|p2a: Chansey|par
|
|turn|7
|choice|switch 6|move 2
|
|switch|p1a: Jynx|Jynx|33\/333 par
|move|p2a: Chansey|Ice Beam|p1a: Jynx
|-resisted|p1a: Jynx
|-damage|p1a: Jynx|0 fnt
|faint|p1a: Jynx
|choice|switch 4|
|
|switch|p1a: Snorlax|Snorlax|523\/523
|turn|8
|choice|move 1|move 1
|
|move|p1a: Snorlax|Body Slam|p2a: Chansey
|-damage|p2a: Chansey|411\/703 par
|cant|p2a: Chansey|par
|
|turn|9
|choice|move 3|switch 4
|
|switch|p2a: Exeggutor|Exeggutor|393\/393
|move|p1a: Snorlax|Hyper Beam|p2a: Exeggutor
|-damage|p2a: Exeggutor|177\/393
|
|turn|10
|-mustrecharge|p1a: Snorlax
|-mustrecharge|p1a: Snorlax
|choice|move 1|move 2
|
|move|p2a: Exeggutor|Sleep Powder|p1a: Snorlax
|-status|p1a: Snorlax|slp
|cant|p1a: Snorlax|recharge
|
|turn|11
|choice|switch 5|move 1
|
|switch|p1a: Exeggutor|Exeggutor|393\/393
|move|p2a: Exeggutor|Psychic|p1a: Exeggutor
|-resisted|p1a: Exeggutor
|-damage|p1a: Exeggutor|337\/393
|
|turn|12
|choice|move 2|switch 4
|
|switch|p2a: Chansey|Chansey|411\/703 par
|move|p1a: Exeggutor|Sleep Powder|p2a: Chansey|[miss]
|-miss|p1a: Exeggutor
|
|turn|13
|choice|move 1|switch 4
|
|switch|p2a: Exeggutor|Exeggutor|177\/393
|move|p1a: Exeggutor|Psychic|p2a: Exeggutor
|-resisted|p2a: Exeggutor
|-damage|p2a: Exeggutor|123\/393
|
|turn|14
|choice|move 2|move 4
|
|move|p2a: Exeggutor|Explosion|p1a: Exeggutor
|-damage|p1a: Exeggutor|34\/393
|faint|p2a: Exeggutor
|choice||switch 5
|
|switch|p2a: Alakazam|Alakazam|313\/313
|turn|15
|choice|switch 6|move 3
|
|switch|p1a: Chansey|Chansey|574\/703
|move|p2a: Alakazam|Psychic|p1a: Chansey
|-damage|p1a: Chansey|455\/703
|
|turn|16
|choice|switch 6|switch 4
|
|switch|p2a: Chansey|Chansey|411\/703 par
|switch|p1a: Exeggutor|Exeggutor|34\/393
|
|turn|17
|choice|move 3|switch 4
|
|switch|p2a: Alakazam|Alakazam|313\/313
|move|p1a: Exeggutor|Explosion|p2a: Alakazam
|-damage|p2a: Alakazam|0 fnt
|faint|p2a: Alakazam
|faint|p1a: Exeggutor
|choice|switch 3|switch 2
|
|switch|p1a: Tauros|Tauros|353\/353
|switch|p2a: Snorlax|Snorlax|523\/523
|turn|18
|choice|move 1|move 2
|
|move|p1a: Tauros|Body Slam|p2a: Snorlax
|-damage|p2a: Snorlax|393\/523
|move|p2a: Snorlax|Body Slam|p1a: Tauros
|-damage|p1a: Tauros|243\/353
|
|turn|19
|choice|move 1|move 2
|
|move|p1a: Tauros|Body Slam|p2a: Snorlax
|-crit|p2a: Snorlax
|-damage|p2a: Snorlax|152\/523
|move|p2a: Snorlax|Body Slam|p1a: Tauros
|-crit|p1a: Tauros
|-damage|p1a: Tauros|37\/353
|
|turn|20
|choice|move 1|move 2
|
|move|p1a: Tauros|Body Slam|p2a: Snorlax
|-damage|p2a: Snorlax|20\/523
|move|p2a: Snorlax|Body Slam|p1a: Tauros
|-damage|p1a: Tauros|0 fnt
|faint|p1a: Tauros
|choice|switch 2|
|
|switch|p1a: Zapdos|Zapdos|383\/383
|turn|21
|choice|move 3|switch 4
|
|switch|p2a: Chansey|Chansey|411\/703 par
|move|p1a: Zapdos|Drill Peck|p2a: Chansey
|-damage|p2a: Chansey|167\/703 par
|
|turn|22
|choice|move 3|move 1
|
|move|p1a: Zapdos|Drill Peck|p2a: Chansey
|-crit|p2a: Chansey
|-damage|p2a: Chansey|0 fnt
|faint|p2a: Chansey
|choice||switch 6
|
|switch|p2a: Zapdos|Zapdos|383\/383
|turn|23
|choice|switch 6|move 4
|
|switch|p1a: Chansey|Chansey|455\/703
|move|p2a: Zapdos|Thunder Wave|p1a: Chansey
|-status|p1a: Chansey|par
|
|turn|24
|choice|move 2|move 3
|
|move|p2a: Zapdos|Drill Peck|p1a: Chansey
|-crit|p1a: Chansey
|-damage|p1a: Chansey|0 fnt
|faint|p1a: Chansey
|choice|switch 6|
|
|switch|p1a: Zapdos|Zapdos|383\/383
|turn|25
|choice|move 4|move 4
|
|move|p2a: Zapdos|Thunder Wave|p1a: Zapdos
|-status|p1a: Zapdos|par
|cant|p1a: Zapdos|par
|
|turn|26
|c|★teal6|geez
|choice|move 4|move 2
|
|move|p2a: Zapdos|Thunderbolt|p1a: Zapdos
|-damage|p1a: Zapdos|281\/383 par
|move|p1a: Zapdos|Thunder Wave|p2a: Zapdos
|-status|p2a: Zapdos|par
|
|turn|27
|choice|move 2|move 2
|
|move|p1a: Zapdos|Agility|p1a: Zapdos
|-boost|p1a: Zapdos|spe|2
|move|p2a: Zapdos|Thunderbolt|p1a: Zapdos
|-crit|p1a: Zapdos
|-damage|p1a: Zapdos|80\/383 par
|
|turn|28
|choice|move 1|move 2
|
|move|p1a: Zapdos|Thunderbolt|p2a: Zapdos
|-damage|p2a: Zapdos|276\/383 par
|cant|p2a: Zapdos|par
|
|turn|29
|choice|move 1|move 2
|
|move|p1a: Zapdos|Thunderbolt|p2a: Zapdos
|-damage|p2a: Zapdos|156\/383 par
|move|p2a: Zapdos|Thunderbolt|p1a: Zapdos
|-damage|p1a: Zapdos|0 fnt
|faint|p1a: Zapdos
|choice|switch 5|
|
|switch|p1a: Snorlax|Snorlax|523\/523 slp
|turn|30
|choice|move 1|move 2
|
|cant|p1a: Snorlax|slp
|move|p2a: Zapdos|Thunderbolt|p1a: Snorlax
|-damage|p1a: Snorlax|360\/523 slp
|
|turn|31
|choice|move 1|move 2
|
|cant|p1a: Snorlax|slp
|cant|p2a: Zapdos|par
|
|turn|32
|choice|move 1|move 2
|
|cant|p1a: Snorlax|slp
|move|p2a: Zapdos|Thunderbolt|p1a: Snorlax
|-crit|p1a: Snorlax
|-damage|p1a: Snorlax|7\/523 slp
|
|turn|33
|choice|move 1|move 2
|
|-curestatus|p1a: Snorlax|slp
|move|p2a: Zapdos|Thunderbolt|p1a: Snorlax
|-damage|p1a: Snorlax|0 fnt
|faint|p1a: Snorlax
|
|win|negusown1992