|J|Lusch
|J|teal6
|player|p1|Lusch|153
|player|p2|teal6|138
|gametype|singles
|gen|1
|tier|[Gen 1] OU
|seed|12877,50987,25680,12587
|rule|Sleep Clause Mod: Limit one foe put to sleep
|rule|Freeze Clause Mod: Limit one foe frozen
|rule|Species Clause: Limit one of each Pokémon
|rule|OHKO Clause: OHKO moves are banned
|rule|Evasion Moves Clause: Evasion moves are banned
|rule|HP Percentage Mod: HP is shown in percentages
|
|start
|switch|p1a: Alakazam|Alakazam|313\/313
|switch|p2a: Jolteon|Jolteon|333\/333
|turn|1
|J|Alexander
|choice|switch 5|switch 6
|
|switch|p2a: Chansey|Chansey|703\/703
|switch|p1a: Exeggutor|Exeggutor|393\/393
|
|turn|2
|choice|move 3|switch 2
|
|switch|p2a: Snorlax|Snorlax|523\/523
|move|p1a: Exeggutor|Sleep Powder|p2a: Snorlax|[miss]
|-miss|p1a: Exeggutor
|
|turn|3
|choice|move 3|move 4
|
|move|p1a: Exeggutor|Sleep Powder|p2a: Snorlax
|-status|p2a: Snorlax|slp
|cant|p2a: Snorlax|slp
|
|turn|4
|choice|switch 5|switch 5
|
|switch|p1a: Alakazam|Alakazam|313\/313
|switch|p2a: Exeggutor|Exeggutor|393\/393
|
|turn|5
|choice|move 4|move 1
|
|move|p1a: Alakazam|Thunder Wave|p2a: Exeggutor
|-status|p2a: Exeggutor|par
|move|p2a: Exeggutor|Sleep Powder|p1a: Alakazam
|-status|p1a: Alakazam|slp
|
|turn|6
|choice|move 1|switch 6
|
|switch|p2a: Jolteon|Jolteon|333\/333
|cant|p1a: Alakazam|slp
|
|turn|7
|choice|switch 3|move 3
|
|switch|p1a: Rhydon|Rhydon|413\/413
|move|p2a: Jolteon|Pin Missile|p1a: Rhydon
|-damage|p1a: Rhydon|405\/413
|-damage|p1a: Rhydon|397\/413
|-damage|p1a: Rhydon|389\/413
|-damage|p1a: Rhydon|381\/413
|-hitcount|p1a: Rhydon|4
|
|turn|8
|choice|move 1|switch 6
|
|switch|p2a: Exeggutor|Exeggutor|393\/393 par
|move|p1a: Rhydon|Rock Slide|p2a: Exeggutor
|-damage|p2a: Exeggutor|270\/393 par
|
|turn|9
|choice|switch 3|move 3
|
|switch|p1a: Alakazam|Alakazam|313\/313 slp
|move|p2a: Exeggutor|Psychic|p1a: Alakazam
|-crit|p1a: Alakazam
|-resisted|p1a: Alakazam
|-damage|p1a: Alakazam|222\/313 slp
|
|turn|10
|choice|move 1|move 3
|
|cant|p1a: Alakazam|slp
|cant|p2a: Exeggutor|par
|
|turn|11
|choice|move 1|switch 3
|
|switch|p2a: Tauros|Tauros|353\/353
|cant|p1a: Alakazam|slp
|
|turn|12
|choice|switch 6|move 1
|
|switch|p1a: Snorlax|Snorlax|523\/523
|move|p2a: Tauros|Body Slam|p1a: Snorlax
|-damage|p1a: Snorlax|396\/523
|
|turn|13
|choice|move 3|switch 3
|
|switch|p2a: Exeggutor|Exeggutor|270\/393 par
|move|p1a: Snorlax|Body Slam|p2a: Exeggutor
|-damage|p2a: Exeggutor|157\/393 par
|
|turn|14
|choice|switch 6|move 4
|
|switch|p1a: Alakazam|Alakazam|222\/313 slp
|move|p2a: Exeggutor|Explosion|p1a: Alakazam
|-damage|p1a: Alakazam|0 fnt
|faint|p1a: Alakazam
|faint|p2a: Exeggutor
|choice|switch 2|switch 2
|
|switch|p1a: Starmie|Starmie|323\/323
|switch|p2a: Chansey|Chansey|703\/703
|turn|15
|choice|move 1|move 3
|
|move|p1a: Starmie|Thunder Wave|p2a: Chansey
|-status|p2a: Chansey|par
|move|p2a: Chansey|Thunder Wave|p1a: Starmie
|-status|p1a: Starmie|par
|
|turn|16
|choice|switch 6|switch 6
|
|switch|p1a: Snorlax|Snorlax|396\/523
|switch|p2a: Jolteon|Jolteon|333\/333
|
|turn|17
|choice|switch 3|move 4
|
|switch|p1a: Rhydon|Rhydon|381\/413
|move|p2a: Jolteon|Double Kick|p1a: Rhydon
|-supereffective|p1a: Rhydon
|-damage|p1a: Rhydon|347\/413
|-damage|p1a: Rhydon|313\/413
|-hitcount|p1a: Rhydon|2
|
|turn|18
|choice|move 2|switch 3
|
|switch|p2a: Tauros|Tauros|353\/353
|move|p1a: Rhydon|Earthquake|p2a: Tauros
|-damage|p2a: Tauros|213\/353
|
|turn|19
|J|Mysterious M.
|L|Mysterious M.
|choice|switch 6|move 4
|
|switch|p1a: Starmie|Starmie|323\/323 par
|move|p2a: Tauros|Earthquake|p1a: Starmie
|-damage|p1a: Starmie|237\/323 par
|
|turn|20
|choice|switch 3|switch 3
|
|switch|p2a: Jolteon|Jolteon|333\/333
|switch|p1a: Snorlax|Snorlax|396\/523
|
|turn|21
|choice|move 3|move 4
|
|move|p2a: Jolteon|Double Kick|p1a: Snorlax
|-supereffective|p1a: Snorlax
|-damage|p1a: Snorlax|343\/523
|-damage|p1a: Snorlax|290\/523
|-hitcount|p1a: Snorlax|2
|move|p1a: Snorlax|Body Slam|p2a: Jolteon
|-damage|p2a: Jolteon|178\/333
|
|turn|22
|choice|switch 6|move 1
|
|switch|p1a: Rhydon|Rhydon|313\/413
|move|p2a: Jolteon|Thunderbolt|p1a: Rhydon
|-immune|p1a: Rhydon|[msg]
|
|turn|23
|choice|move 2|move 4
|
|move|p2a: Jolteon|Double Kick|p1a: Rhydon
|-supereffective|p1a: Rhydon
|-damage|p1a: Rhydon|277\/413
|-damage|p1a: Rhydon|241\/413
|-hitcount|p1a: Rhydon|2
|move|p1a: Rhydon|Earthquake|p2a: Jolteon
|-crit|p2a: Jolteon
|-supereffective|p2a: Jolteon
|-damage|p2a: Jolteon|0 fnt
|faint|p2a: Jolteon
|choice||switch 3
|
|switch|p2a: Tauros|Tauros|213\/353
|turn|24
|choice|switch 3|move 1
|
|switch|p1a: Starmie|Starmie|237\/323 par
|move|p2a: Tauros|Body Slam|p1a: Starmie
|-damage|p1a: Starmie|123\/323 par
|
|turn|25
|choice|move 1|move 2
|
|move|p2a: Tauros|Hyper Beam|p1a: Starmie
|-damage|p1a: Starmie|0 fnt
|faint|p1a: Starmie
|choice|switch 6|
|
|switch|p1a: Snorlax|Snorlax|290\/523
|turn|26
|choice|move 1|move 2
|
|move|p2a: Tauros|Hyper Beam|p1a: Snorlax
|-damage|p1a: Snorlax|65\/523
|move|p1a: Snorlax|Reflect|p1a: Snorlax
|-start|p1a: Snorlax|Reflect
|
|turn|27
|-mustrecharge|p2a: Tauros
|-mustrecharge|p2a: Tauros
|choice|move 2|move 1
|
|cant|p2a: Tauros|recharge
|move|p1a: Snorlax|Rest|p1a: Snorlax
|-status|p1a: Snorlax|slp
|-heal|p1a: Snorlax|523\/523 slp|[silent]
|-status|p1a: Snorlax|slp|[from] move: Rest
|
|turn|28
|choice|move 3|move 1
|
|move|p2a: Tauros|Body Slam|p1a: Snorlax
|-damage|p1a: Snorlax|458\/523 slp
|cant|p1a: Snorlax|slp
|
|turn|29
|choice|move 3|move 1
|
|move|p2a: Tauros|Body Slam|p1a: Snorlax
|-damage|p1a: Snorlax|395\/523 slp
|-curestatus|p1a: Snorlax|slp
|
|turn|30
|choice|move 3|move 2
|
|move|p2a: Tauros|Hyper Beam|p1a: Snorlax
|-damage|p1a: Snorlax|280\/523
|move|p1a: Snorlax|Body Slam|p2a: Tauros
|-damage|p2a: Tauros|93\/353
|
|turn|31
|-mustrecharge|p2a: Tauros
|-mustrecharge|p2a: Tauros
|choice|move 3|move 1
|
|cant|p2a: Tauros|recharge
|move|p1a: Snorlax|Body Slam|p2a: Tauros
|-damage|p2a: Tauros|0 fnt
|faint|p2a: Tauros
|choice||switch 4
|
|switch|p2a: Zapdos|Zapdos|383\/383
|turn|32
|choice|switch 3|move 1
|
|switch|p1a: Rhydon|Rhydon|241\/413
|move|p2a: Zapdos|Thunderbolt|p1a: Rhydon
|-immune|p1a: Rhydon|[msg]
|
|turn|33
|choice|move 3|switch 5
|
|switch|p2a: Snorlax|Snorlax|523\/523 slp
|move|p1a: Rhydon|Substitute|p1a: Rhydon
|-start|p1a: Rhydon|Substitute
|-damage|p1a: Rhydon|138\/413
|
|turn|34
|choice|move 2|move 2
|
|move|p1a: Rhydon|Earthquake|p2a: Snorlax
|-damage|p2a: Snorlax|338\/523 slp
|cant|p2a: Snorlax|slp
|
|turn|35
|choice|move 2|move 2
|
|move|p1a: Rhydon|Earthquake|p2a: Snorlax
|-damage|p2a: Snorlax|161\/523 slp
|cant|p2a: Snorlax|slp
|
|turn|36
|c|★teal6|gg
|-message|teal6 forfeited.
|
|win|Lusch