|J|teal6
|J|Meloettaaa
|player|p1|teal6|138
|player|p2|Meloettaaa|190
|gametype|singles
|gen|1
|tier|[Gen 1] OU
|seed|51570,20874,28851,17341
|rule|Sleep Clause Mod: Limit one foe put to sleep
|rule|Freeze Clause Mod: Limit one foe frozen
|rule|Species Clause: Limit one of each Pokémon
|rule|OHKO Clause: OHKO moves are banned
|rule|Evasion Moves Clause: Evasion moves are banned
|rule|HP Percentage Mod: HP is shown in percentages
|
|start
|switch|p1a: Jynx|Jynx|333\/333
|switch|p2a: Starmie|Starmie|323\/323
|turn|1
|J|KratosMana
|c|★teal6|dpp ladder tour is going on
|choice|move 2|move 3
|
|move|p2a: Starmie|Thunder Wave|p1a: Jynx
|-status|p1a: Jynx|par
|move|p1a: Jynx|Lovely Kiss|p2a: Starmie
|-status|p2a: Starmie|slp
|
|turn|2
|c|★Meloettaaa|that makes a sense
|choice|switch 4|move 1
|
|switch|p1a: Snorlax|Snorlax|523\/523
|cant|p2a: Starmie|slp
|
|turn|3
|choice|move 1|switch 3
|
|switch|p2a: Exeggutor|Exeggutor|393\/393
|move|p1a: Snorlax|Body Slam|p2a: Exeggutor
|-damage|p2a: Exeggutor|280\/393
|
|turn|4
|choice|switch 4|move 1
|
|switch|p1a: Jynx|Jynx|333\/333 par
|move|p2a: Exeggutor|Sleep Powder|p1a: Jynx
|-fail|p1a: Jynx
|
|turn|5
|choice|move 4|switch 3
|
|switch|p2a: Starmie|Starmie|323\/323 slp
|cant|p1a: Jynx|par
|
|turn|6
|choice|switch 4|move 1
|
|switch|p1a: Snorlax|Snorlax|523\/523
|cant|p2a: Starmie|slp
|
|turn|7
|choice|move 1|move 1
|
|-curestatus|p2a: Starmie|slp
|move|p1a: Snorlax|Body Slam|p2a: Starmie
|-damage|p2a: Starmie|213\/323
|
|turn|8
|choice|switch 4|switch 5
|
|switch|p2a: Golem|Golem|363\/363
|switch|p1a: Jynx|Jynx|333\/333 par
|
|turn|9
|choice|switch 5|move 2
|
|switch|p1a: Exeggutor|Exeggutor|393\/393
|move|p2a: Golem|Rock Slide|p1a: Exeggutor|[miss]
|-miss|p2a: Golem
|
|turn|10
|choice|move 2|switch 4
|
|switch|p2a: Snorlax|Snorlax|523\/523
|move|p1a: Exeggutor|Sleep Powder|p2a: Snorlax
|-status|p2a: Snorlax|slp
|
|turn|11
|choice|move 1|move 1
|
|move|p1a: Exeggutor|Psychic|p2a: Snorlax
|-damage|p2a: Snorlax|357\/523 slp
|cant|p2a: Snorlax|slp
|
|turn|12
|choice|move 1|switch 3
|
|switch|p2a: Exeggutor|Exeggutor|280\/393
|move|p1a: Exeggutor|Psychic|p2a: Exeggutor
|-resisted|p2a: Exeggutor
|-damage|p2a: Exeggutor|232\/393
|
|turn|13
|choice|switch 5|move 4
|
|switch|p1a: Jynx|Jynx|333\/333 par
|move|p2a: Exeggutor|Explosion|p1a: Jynx
|-damage|p1a: Jynx|0 fnt
|faint|p1a: Jynx
|faint|p2a: Exeggutor
|choice|switch 5|switch 5
|
|switch|p2a: Starmie|Starmie|213\/323
|switch|p1a: Exeggutor|Exeggutor|393\/393
|turn|14
|L|testaasteszxpo
|choice|move 4|move 3
|
|move|p2a: Starmie|Thunder Wave|p1a: Exeggutor
|-status|p1a: Exeggutor|par
|move|p1a: Exeggutor|Stun Spore|p2a: Starmie
|-status|p2a: Starmie|par
|
|turn|15
|choice|switch 4|move 1
|
|switch|p1a: Snorlax|Snorlax|523\/523
|move|p2a: Starmie|Blizzard|p1a: Snorlax
|-damage|p1a: Snorlax|403\/523
|-status|p1a: Snorlax|frz
|
|turn|16
|c|★Meloettaaa|omg
|c|★Meloettaaa|sorry
|c|★teal6|its okay
|c|★Meloettaaa|wait
|c|★Meloettaaa|thats actually decent for you
|c|★teal6|no
|c|★teal6|lol
|c|★Meloettaaa|because now
|c|★Meloettaaa|your chansey
|c|★Meloettaaa|cant be frozen
|c|★Meloettaaa|!!!
|choice|switch 2|move 2
|
|switch|p1a: Zapdos|Zapdos|383\/383
|cant|p2a: Starmie|par
|
|turn|17
|c|★teal6|not really decent tho
|c|★teal6|snorlax was good against you
|J|testaasteszxpo
|choice|switch 4|switch 4
|
|switch|p1a: Exeggutor|Exeggutor|393\/393 par
|switch|p2a: Golem|Golem|363\/363
|
|turn|18
|choice|move 1|switch 3
|
|switch|p2a: Snorlax|Snorlax|357\/523 slp
|cant|p1a: Exeggutor|par
|
|turn|19
|L|testaasteszxpo
|choice|move 1|move 1
|
|cant|p2a: Snorlax|slp
|move|p1a: Exeggutor|Psychic|p2a: Snorlax
|-damage|p2a: Snorlax|194\/523 slp
|
|turn|20
|choice|move 1|move 1
|
|cant|p2a: Snorlax|slp
|move|p1a: Exeggutor|Psychic|p2a: Snorlax
|-damage|p2a: Snorlax|33\/523 slp
|
|turn|21
|choice|move 1|move 2
|
|cant|p2a: Snorlax|slp
|move|p1a: Exeggutor|Psychic|p2a: Snorlax
|-damage|p2a: Snorlax|0 fnt
|faint|p2a: Snorlax
|choice||switch 4
|
|switch|p2a: Starmie|Starmie|213\/323 par
|turn|22
|choice|move 3|move 1
|
|move|p2a: Starmie|Blizzard|p1a: Exeggutor
|-crit|p1a: Exeggutor
|-supereffective|p1a: Exeggutor
|-damage|p1a: Exeggutor|82\/393 par
|move|p1a: Exeggutor|Explosion|p2a: Starmie
|-damage|p2a: Starmie|0 fnt
|faint|p2a: Starmie
|faint|p1a: Exeggutor
|c|★Meloettaaa|that did negative dmg
|choice|switch 6|switch 3
|
|switch|p1a: Chansey|Chansey|703\/703
|switch|p2a: Golem|Golem|363\/363
|turn|23
|choice|move 1|move 3
|
|move|p1a: Chansey|Ice Beam|p2a: Golem
|-supereffective|p2a: Golem
|-damage|p2a: Golem|151\/363
|move|p2a: Golem|Body Slam|p1a: Chansey
|-damage|p1a: Chansey|512\/703
|
|turn|24
|choice|move 1|switch 2
|
|switch|p2a: Chansey|Chansey|703\/703
|move|p1a: Chansey|Ice Beam|p2a: Chansey
|-damage|p2a: Chansey|626\/703
|
|turn|25
|c|★teal6|why body slam
|c|★teal6|of all moves
|c|★Meloettaaa|im bad at pokemon ok
|choice|move 1|move 1
|
|move|p1a: Chansey|Ice Beam|p2a: Chansey
|-damage|p2a: Chansey|557\/703
|move|p2a: Chansey|Ice Beam|p1a: Chansey
|-damage|p1a: Chansey|439\/703
|
|turn|26
|c|★teal6|you wanna para me here
|c|★teal6|so that golem outspeeds
|c|★teal6|and you can boom on me
|c|★Meloettaaa|i thought freezing your chansey would be better
|c|★Meloettaaa|but
|c|★Meloettaaa|freeze clause
|c|★Meloettaaa|hmmm
|c|★teal6|you can't possibly freeze me rn
|choice|move 1|move 3
|
|move|p2a: Chansey|Thunder Wave|p1a: Chansey
|-status|p1a: Chansey|par
|cant|p1a: Chansey|par
|
|turn|27
|c|★Meloettaaa|nice
|choice|move 2|move 1
|
|move|p2a: Chansey|Ice Beam|p1a: Chansey
|-damage|p1a: Chansey|369\/703 par
|move|p1a: Chansey|Soft-Boiled|p1a: Chansey
|-heal|p1a: Chansey|703\/703 par
|
|turn|28
|choice|move 1|move 1
|
|move|p2a: Chansey|Ice Beam|p1a: Chansey
|-damage|p1a: Chansey|624\/703 par
|cant|p1a: Chansey|par
|
|turn|29
|choice|move 1|move 1
|
|move|p2a: Chansey|Ice Beam|p1a: Chansey
|-damage|p1a: Chansey|544\/703 par
|move|p1a: Chansey|Ice Beam|p2a: Chansey
|-damage|p2a: Chansey|477\/703
|
|turn|30
|choice|move 1|move 1
|
|move|p2a: Chansey|Ice Beam|p1a: Chansey
|-damage|p1a: Chansey|470\/703 par
|cant|p1a: Chansey|par
|
|turn|31
|choice|move 1|move 1
|
|move|p2a: Chansey|Ice Beam|p1a: Chansey
|-damage|p1a: Chansey|392\/703 par
|cant|p1a: Chansey|par
|
|turn|32
|c|★Meloettaaa|ok
|c|★Meloettaaa|now
|c|★Meloettaaa|6 more times
|choice|move 1|move 1
|
|move|p2a: Chansey|Ice Beam|p1a: Chansey
|-damage|p1a: Chansey|319\/703 par
|move|p1a: Chansey|Ice Beam|p2a: Chansey
|-damage|p2a: Chansey|400\/703
|
|turn|33
|choice|move 2|move 1
|
|move|p2a: Chansey|Ice Beam|p1a: Chansey
|-damage|p1a: Chansey|240\/703 par
|move|p1a: Chansey|Soft-Boiled|p1a: Chansey
|-heal|p1a: Chansey|591\/703 par
|
|turn|34
|choice|move 1|move 4
|
|move|p2a: Chansey|Soft-Boiled|p2a: Chansey
|-heal|p2a: Chansey|703\/703
|move|p1a: Chansey|Ice Beam|p2a: Chansey
|-damage|p2a: Chansey|627\/703
|
|turn|35
|choice|move 1|switch 6
|
|switch|p2a: Tauros|Tauros|353\/353
|move|p1a: Chansey|Ice Beam|p2a: Tauros
|-damage|p2a: Tauros|262\/353
|
|turn|36
|choice|switch 2|move 1
|
|switch|p1a: Snorlax|Snorlax|403\/523 frz
|move|p2a: Tauros|Body Slam|p1a: Snorlax
|-damage|p1a: Snorlax|264\/523 frz
|
|turn|37
|choice|move 1|move 1
|
|move|p2a: Tauros|Body Slam|p1a: Snorlax
|-damage|p1a: Snorlax|130\/523 frz
|cant|p1a: Snorlax|frz
|
|turn|38
|choice|move 1|move 4
|
|move|p2a: Tauros|Hyper Beam|p1a: Snorlax|[miss]
|-miss|p2a: Tauros
|cant|p1a: Snorlax|frz
|
|turn|39
|choice|move 1|move 1
|
|move|p2a: Tauros|Body Slam|p1a: Snorlax
|-crit|p1a: Snorlax
|-damage|p1a: Snorlax|0 fnt
|faint|p1a: Snorlax
|c|★Meloettaaa|nevermind
|choice|switch 4|
|
|switch|p1a: Zapdos|Zapdos|383\/383
|turn|40
|c|★teal6|theres no hidden power in this gen
|c|★teal6|so your golem is a 100% free switch
|c|★teal6|from what i have revealed
|c|★teal6|you know you can beat zap and chans
|c|★teal6|if you get it in for free
|c|★teal6|but its likely i have a tauros in the back
|c|★Meloettaaa|yes i clicked golem already
|choice|switch 3|switch 2
|
|switch|p2a: Golem|Golem|151\/363
|switch|p1a: Tauros|Tauros|353\/353
|
|turn|41
|c|★Meloettaaa|ah
|c|★Meloettaaa|you had a tauros in the back
|c|★teal6|my team is super standard
|choice|move 2|switch 2
|
|switch|p2a: Tauros|Tauros|262\/353
|move|p1a: Tauros|Blizzard|p2a: Tauros
|-damage|p2a: Tauros|174\/353
|
|turn|42
|choice|switch 3|move 1
|
|switch|p1a: Zapdos|Zapdos|383\/383
|move|p2a: Tauros|Body Slam|p1a: Zapdos
|-damage|p1a: Zapdos|269\/383
|-status|p1a: Zapdos|par
|
|turn|43
|choice|move 4|switch 2
|
|switch|p2a: Golem|Golem|151\/363
|move|p1a: Zapdos|Thunder Wave|p2a: Golem
|-immune|p2a: Golem|[msg]
|
|turn|44
|choice|switch 3|move 2
|
|switch|p1a: Tauros|Tauros|353\/353
|move|p2a: Golem|Rock Slide|p1a: Tauros
|-damage|p1a: Tauros|256\/353
|
|turn|45
|choice|move 2|switch 2
|
|switch|p2a: Tauros|Tauros|174\/353
|move|p1a: Tauros|Blizzard|p2a: Tauros
|-damage|p2a: Tauros|83\/353
|
|turn|46
|choice|move 1|move 2
|
|move|p1a: Tauros|Body Slam|p2a: Tauros
|-crit|p2a: Tauros
|-damage|p2a: Tauros|0 fnt
|faint|p2a: Tauros
|choice||switch 6
|
|switch|p2a: Chansey|Chansey|627\/703
|turn|47
|choice|switch 2|move 3
|
|switch|p1a: Chansey|Chansey|591\/703 par
|move|p2a: Chansey|Thunder Wave|p1a: Chansey
|-fail|p1a: Chansey|par
|
|turn|48
|choice|move 1|move 1
|
|move|p2a: Chansey|Ice Beam|p1a: Chansey
|-damage|p1a: Chansey|521\/703 par
|move|p1a: Chansey|Ice Beam|p2a: Chansey
|-damage|p2a: Chansey|554\/703
|
|turn|49
|c|★Meloettaaa|wp
|c|★Meloettaaa|:\/
|choice|move 1|move 2
|
|move|p2a: Chansey|Thunderbolt|p1a: Chansey
|-damage|p1a: Chansey|440\/703 par
|move|p1a: Chansey|Ice Beam|p2a: Chansey
|-damage|p2a: Chansey|479\/703
|
|turn|50
|choice|move 1|move 2
|
|move|p2a: Chansey|Thunderbolt|p1a: Chansey
|-damage|p1a: Chansey|367\/703 par
|move|p1a: Chansey|Ice Beam|p2a: Chansey
|-damage|p2a: Chansey|405\/703
|
|turn|51
|choice|move 1|move 2
|
|move|p2a: Chansey|Thunderbolt|p1a: Chansey
|-damage|p1a: Chansey|289\/703 par
|move|p1a: Chansey|Ice Beam|p2a: Chansey
|-damage|p2a: Chansey|325\/703
|
|turn|52
|choice|move 1|move 2
|
|move|p2a: Chansey|Thunderbolt|p1a: Chansey
|-damage|p1a: Chansey|218\/703 par
|move|p1a: Chansey|Ice Beam|p2a: Chansey
|-damage|p2a: Chansey|253\/703
|
|turn|53
|choice|move 2|move 4
|
|move|p2a: Chansey|Soft-Boiled|p2a: Chansey
|-heal|p2a: Chansey|604\/703
|move|p1a: Chansey|Soft-Boiled|p1a: Chansey
|-heal|p1a: Chansey|569\/703 par
|
|turn|54
|choice|move 1|move 2
|
|move|p2a: Chansey|Thunderbolt|p1a: Chansey
|-damage|p1a: Chansey|492\/703 par
|move|p1a: Chansey|Ice Beam|p2a: Chansey
|-damage|p2a: Chansey|526\/703
|
|turn|55
|choice|move 1|move 2
|
|move|p2a: Chansey|Thunderbolt|p1a: Chansey
|-damage|p1a: Chansey|419\/703 par
|cant|p1a: Chansey|par
|
|turn|56
|choice|move 1|move 2
|
|move|p2a: Chansey|Thunderbolt|p1a: Chansey
|-damage|p1a: Chansey|340\/703 par
|move|p1a: Chansey|Ice Beam|p2a: Chansey
|-damage|p2a: Chansey|456\/703
|
|turn|57
|choice|move 1|move 2
|
|move|p2a: Chansey|Thunderbolt|p1a: Chansey
|-damage|p1a: Chansey|263\/703 par
|cant|p1a: Chansey|par
|
|turn|58
|choice|move 2|move 2
|
|move|p2a: Chansey|Thunderbolt|p1a: Chansey
|-damage|p1a: Chansey|186\/703 par
|move|p1a: Chansey|Soft-Boiled|p1a: Chansey
|-heal|p1a: Chansey|537\/703 par
|
|turn|59
|choice|move 1|move 2
|
|move|p2a: Chansey|Thunderbolt|p1a: Chansey
|-damage|p1a: Chansey|467\/703 par
|move|p1a: Chansey|Ice Beam|p2a: Chansey
|-crit|p2a: Chansey
|-damage|p2a: Chansey|302\/703
|
|turn|60
|choice|move 1|move 4
|
|move|p2a: Chansey|Soft-Boiled|p2a: Chansey
|-heal|p2a: Chansey|653\/703
|move|p1a: Chansey|Ice Beam|p2a: Chansey
|-damage|p2a: Chansey|584\/703
|
|turn|61
|choice|move 3|switch 2
|
|switch|p2a: Golem|Golem|151\/363
|move|p1a: Chansey|Thunder Wave|p2a: Golem
|-immune|p2a: Golem|[msg]
|
|turn|62
|choice|move 2|move 3
|
|move|p2a: Golem|Body Slam|p1a: Chansey
|-damage|p1a: Chansey|269\/703 par
|move|p1a: Chansey|Soft-Boiled|p1a: Chansey
|-heal|p1a: Chansey|620\/703 par
|
|turn|63
|choice|move 2|move 3
|
|move|p2a: Golem|Body Slam|p1a: Chansey
|-damage|p1a: Chansey|432\/703 par
|cant|p1a: Chansey|par
|
|turn|64
|choice|move 3|move 4
|
|move|p2a: Golem|Explosion|p1a: Chansey
|-damage|p1a: Chansey|0 fnt
|faint|p1a: Chansey
|faint|p2a: Golem
|c|★Meloettaaa|wait
|c|★teal6|why?
|c|★Meloettaaa|did i just fuck myself over
|choice|switch 3|switch 2
|
|switch|p2a: Chansey|Chansey|584\/703
|switch|p1a: Zapdos|Zapdos|269\/383 par
|turn|65
|c|★Meloettaaa|i think i just fucked myself over
|choice|move 2|move 1
|
|move|p2a: Chansey|Ice Beam|p1a: Zapdos
|-supereffective|p1a: Zapdos
|-damage|p1a: Zapdos|145\/383 par
|move|p1a: Zapdos|Agility|p1a: Zapdos
|-boost|p1a: Zapdos|spe|2
|
|turn|66
|c|★teal6|you had no reason not to just slide or slam forever
|choice|move 3|move 1
|
|move|p1a: Zapdos|Drill Peck|p2a: Chansey
|-damage|p2a: Chansey|337\/703
|move|p2a: Chansey|Ice Beam|p1a: Zapdos
|-supereffective|p1a: Zapdos
|-damage|p1a: Zapdos|7\/383 par
|
|turn|67
|choice|move 3|move 4
|
|move|p1a: Zapdos|Drill Peck|p2a: Chansey
|-damage|p2a: Chansey|113\/703
|move|p2a: Chansey|Soft-Boiled|p2a: Chansey
|-heal|p2a: Chansey|464\/703
|
|turn|68
|choice|move 3|move 4
|
|move|p1a: Zapdos|Drill Peck|p2a: Chansey
|-damage|p2a: Chansey|236\/703
|move|p2a: Chansey|Soft-Boiled|p2a: Chansey
|-heal|p2a: Chansey|587\/703
|
|turn|69
|choice|move 3|move 4
|
|move|p1a: Zapdos|Drill Peck|p2a: Chansey
|-damage|p2a: Chansey|358\/703
|move|p2a: Chansey|Soft-Boiled|p2a: Chansey
|-heal|p2a: Chansey|703\/703
|
|turn|70
|choice|move 3|move 1
|
|move|p1a: Zapdos|Drill Peck|p2a: Chansey
|-damage|p2a: Chansey|476\/703
|move|p2a: Chansey|Ice Beam|p1a: Zapdos
|-supereffective|p1a: Zapdos
|-damage|p1a: Zapdos|0 fnt
|faint|p1a: Zapdos
|choice|switch 2|
|
|switch|p1a: Tauros|Tauros|256\/353
|turn|71
|choice|move 4|move 3
|
|move|p1a: Tauros|Hyper Beam|p2a: Chansey
|-damage|p2a: Chansey|12\/703
|move|p2a: Chansey|Thunder Wave|p1a: Tauros
|-status|p1a: Tauros|par
|
|turn|72
|-mustrecharge|p1a: Tauros
|-mustrecharge|p1a: Tauros
|choice|move 1|move 4
|
|move|p2a: Chansey|Soft-Boiled|p2a: Chansey
|-heal|p2a: Chansey|363\/703
|cant|p1a: Tauros|recharge
|
|turn|73
|c|★Meloettaaa|oh man
|choice|move 4|move 4
|
|move|p2a: Chansey|Soft-Boiled|p2a: Chansey
|-heal|p2a: Chansey|703\/703
|cant|p1a: Tauros|par
|
|turn|74
|c|★Meloettaaa|was that a roll
|c|★teal6|y
|c|★Meloettaaa|sorry
|c|★teal6|np
|choice|move 4|move 1
|
|move|p2a: Chansey|Ice Beam|p1a: Tauros
|-damage|p1a: Tauros|153\/353 par
|move|p1a: Tauros|Hyper Beam|p2a: Chansey
|-damage|p2a: Chansey|216\/703
|
|turn|75
|-mustrecharge|p1a: Tauros
|-mustrecharge|p1a: Tauros
|choice|move 1|move 4
|
|move|p2a: Chansey|Soft-Boiled|p2a: Chansey
|-heal|p2a: Chansey|567\/703
|cant|p1a: Tauros|recharge
|
|turn|76
|choice|move 4|move 1
|
|move|p2a: Chansey|Ice Beam|p1a: Tauros
|-damage|p1a: Tauros|54\/353 par
|move|p1a: Tauros|Hyper Beam|p2a: Chansey
|-damage|p2a: Chansey|121\/703
|
|turn|77
|-mustrecharge|p1a: Tauros
|-mustrecharge|p1a: Tauros
|choice|move 1|move 4
|
|move|p2a: Chansey|Soft-Boiled|p2a: Chansey
|-heal|p2a: Chansey|472\/703
|cant|p1a: Tauros|recharge
|
|turn|78
|choice|move 4|move 1
|
|move|p2a: Chansey|Ice Beam|p1a: Tauros
|-damage|p1a: Tauros|0 fnt
|faint|p1a: Tauros
|
|win|Meloettaaa