|inactive|Battle timer is ON: inactive players will automatically lose when time's up.
|J|xtra$hine
|J|Beds
|player|p1|xtra$hine|169
|player|p2|Beds|252
|gametype|singles
|gen|1
|tier|[Gen 1] OU
|rule|Sleep Clause Mod: Limit one foe put to sleep
|rule|Freeze Clause Mod: Limit one foe frozen
|rule|Species Clause: Limit one of each Pokémon
|rule|OHKO Clause: OHKO moves are banned
|rule|Evasion Moves Clause: Evasion moves are banned
|rule|HP Percentage Mod: HP is shown in percentages
|
|start
|switch|p1a: Gengar|Gengar|323\/323
|switch|p2a: Alakazam|Alakazam|313\/313
|turn|1
|J|Real FV13
|J|DoubleOD
|J|stacking cash
|J|Bughouse
|J|Halcyon of Light
|J|Genesis7
|J|SOMALIA
|J|GoaoTwo
|J|Soulgazer
|J|innovamania
|J|boudouche
|J|sca1d
|J|Lusso
|J|Yogiras
|J|ludicrousman
|J|TheEnder
|J|forthetroll
|J|Cristal
|c|★xtra$hine|Gl.
|J|metagame secrets
|c|★Beds|glhf
|J|craing
|J|Mix
|J|hairy toenail
|J|Shoka
|J|Lord Mur
|
|switch|p1a: Exeggutor|Exeggutor|393\/393
|move|p2a: Alakazam|Thunder Wave|p1a: Exeggutor
|-status|p1a: Exeggutor|par
|
|turn|2
|J|spindaftw
|J|Evuelf
|J|Leftiez
|J|Mr.378
|J|M Dragon
|J|choollio
|
|move|p2a: Alakazam|Seismic Toss|p1a: Exeggutor
|-damage|p1a: Exeggutor|293\/393 par
|move|p1a: Exeggutor|Sleep Powder|p2a: Alakazam
|-status|p2a: Alakazam|slp
|
|turn|3
|J|Cronenberg
|J|KratosMana
|J|BahaWin
|J|Malekith
|J|reiku
|J|Omfuga
|J|Felonyy
|J|mccauley
|J|dfgggggggggggggggg
|J|aopga
|
|switch|p2a: Chansey|Chansey|703\/703
|switch|p1a: Snorlax|Snorlax|523\/523
|
|turn|4
|J|RainPB
|J|earth
|J|Betapf
|J|eoa
|J|Quaggsterrr
|J|DerSweeper
|J|PNF
|J|Freeroamer
|J|welliou
|J|Mael oo
|J|Lohgock
|J|Zenadark
|J|daftmau5
|
|switch|p1a: Exeggutor|Exeggutor|293\/393 par
|move|p2a: Chansey|Thunder Wave|p1a: Exeggutor
|-fail|p1a: Exeggutor|par
|
|turn|5
|J|icarious
|J|IKARI GENDO
|J|giara
|J|UmPM
|J|Finchinator
|J|1123581321L
|
|move|p2a: Chansey|Ice Beam|p1a: Exeggutor
|-supereffective|p1a: Exeggutor
|-damage|p1a: Exeggutor|170\/393 par
|move|p1a: Exeggutor|Stun Spore|p2a: Chansey
|-status|p2a: Chansey|par
|
|turn|6
|J|Invok3r
|J|aqaa
|J|TheLaughingCats
|J|Raizae
|J|majaspic22
|L|Invok3r
|
|move|p1a: Exeggutor|Explosion|p2a: Chansey
|-damage|p2a: Chansey|0 fnt
|faint|p2a: Chansey
|faint|p1a: Exeggutor
|J|Mazary
|J|Bouff
|J|Lyconik
|J|Tesung
|
|switch|p1a: Gengar|Gengar|323\/323
|switch|p2a: Exeggutor|Exeggutor|393\/393
|turn|7
|
|move|p1a: Gengar|Hypnosis|p2a: Exeggutor|[miss]
|-miss|p1a: Gengar
|move|p2a: Exeggutor|Stun Spore|p1a: Gengar
|-status|p1a: Gengar|par
|
|turn|8
|J|Isa RC
|J|silverbackkap
|J|Dice
|c|★Beds|sleep clause
|c|★Beds|nigger
|c|★xtra$hine|LOL
|J|The RNGesus
|c|★xtra$hine|my ps is still glitched
|c|★xtra$hine|i forgot i slept u
|L|aqaa
|L|Finchinator
|c|+RainPB|lol
|J|Omegasization
|
|switch|p1a: Starmie|Starmie|323\/323
|move|p2a: Exeggutor|Psychic|p1a: Starmie
|-resisted|p1a: Starmie
|-damage|p1a: Starmie|260\/323
|
|turn|9
|
|move|p1a: Starmie|Thunder Wave|p2a: Exeggutor
|-status|p2a: Exeggutor|par
|cant|p2a: Exeggutor|par
|
|turn|10
|J|BLINGAS
|J|Lady bug
|c|★xtra$hine|imma hax u to
|c|★xtra$hine|compensate that
|J|Subject 18
|c|★xtra$hine|unfortunate play
|J|Zephir
|J|KlefkiHolder
|
|switch|p1a: Gengar|Gengar|323\/323 par
|move|p2a: Exeggutor|Sleep Powder|p1a: Gengar|[miss]
|-miss|p2a: Exeggutor
|
|turn|11
|
|move|p1a: Gengar|Night Shade|p2a: Exeggutor
|-damage|p2a: Exeggutor|293\/393 par
|move|p2a: Exeggutor|Psychic|p1a: Gengar
|-supereffective|p1a: Gengar
|-damage|p1a: Gengar|124\/323 par
|
|turn|12
|
|switch|p2a: Alakazam|Alakazam|313\/313 slp
|cant|p1a: Gengar|par
|
|turn|13
|J|Get this Money
|J|Vileman
|c|★xtra$hine|ah
|
|switch|p1a: Tauros|Tauros|353\/353
|cant|p2a: Alakazam|slp
|
|turn|14
|
|switch|p2a: Snorlax|Snorlax|523\/523
|move|p1a: Tauros|Body Slam|p2a: Snorlax
|-damage|p2a: Snorlax|396\/523
|
|turn|15
|J|tele
|
|switch|p1a: Snorlax|Snorlax|523\/523
|move|p2a: Snorlax|Body Slam|p1a: Snorlax
|-damage|p1a: Snorlax|379\/523
|
|turn|16
|J|nazonokusa
|
|move|p2a: Snorlax|Body Slam|p1a: Snorlax
|-damage|p1a: Snorlax|247\/523
|move|p1a: Snorlax|Body Slam|p2a: Snorlax
|-damage|p2a: Snorlax|264\/523
|
|turn|17
|L|Mix
|J|Pleasure
|L|Soulgazer
|
|move|p1a: Snorlax|Reflect|p1a: Snorlax
|-start|p1a: Snorlax|Reflect
|move|p2a: Snorlax|Body Slam|p1a: Snorlax
|-damage|p1a: Snorlax|175\/523
|
|turn|18
|
|switch|p2a: Lapras|Lapras|463\/463
|move|p1a: Snorlax|Body Slam|p2a: Lapras
|-damage|p2a: Lapras|336\/463
|-status|p2a: Lapras|par
|
|turn|19
|c|+metagame secrets|picked up the red
|J|Melancholy Hills
|J|nowhere to escape
|
|move|p1a: Snorlax|Rest|p1a: Snorlax
|-status|p1a: Snorlax|slp
|-heal|p1a: Snorlax|523\/523 slp|[silent]
|-status|p1a: Snorlax|slp|[from] move: Rest
|move|p2a: Lapras|Blizzard|p1a: Snorlax|[miss]
|-miss|p2a: Lapras
|
|turn|20
|L|Raizae
|
|switch|p1a: Starmie|Starmie|260\/323
|move|p2a: Lapras|Blizzard|p1a: Starmie
|-crit|p1a: Starmie
|-resisted|p1a: Starmie
|-damage|p1a: Starmie|123\/323
|
|turn|21
|
|move|p1a: Starmie|Recover|p1a: Starmie
|-heal|p1a: Starmie|284\/323
|move|p2a: Lapras|Thunderbolt|p1a: Starmie
|-supereffective|p1a: Starmie
|-damage|p1a: Starmie|130\/323
|-status|p1a: Starmie|par
|
|turn|22
|
|cant|p1a: Starmie|par
|move|p2a: Lapras|Thunderbolt|p1a: Starmie
|-supereffective|p1a: Starmie
|-damage|p1a: Starmie|0 fnt
|faint|p1a: Starmie
|J|Jimmy Buckets
|
|switch|p1a: Gengar|Gengar|124\/323 par
|turn|23
|c|★xtra$hine|is ur exegg parad
|
|cant|p1a: Gengar|par
|cant|p2a: Lapras|par
|
|turn|24
|c|+Felonyy|it is
|c|+Leftiez|y
|
|move|p1a: Gengar|Thunderbolt|p2a: Lapras
|-supereffective|p2a: Lapras
|-damage|p2a: Lapras|139\/463 par
|move|p2a: Lapras|Blizzard|p1a: Gengar
|-damage|p1a: Gengar|10\/323 par
|
|turn|25
|
|switch|p2a: Alakazam|Alakazam|313\/313 slp
|move|p1a: Gengar|Explosion|p2a: Alakazam
|-damage|p2a: Alakazam|15\/313 slp
|faint|p1a: Gengar
|c|★xtra$hine|whats exeggs percent
|c|+Leftiez|75
|c|+Felonyy|75
|c|+Isa RC|75% para
|c|★Beds|74.6
|c|★xtra$hine|o
|c|+Isa RC|has taken 1 night shade.
|L|tele
|J|Shin Jimin
|J|Lord Xen VI
|c|+Felonyy|isa so detail oO
|c|★xtra$hine|is snorlaxx 50%
|c|+Felonyy|detailed
|c|+Leftiez|y
|c|+Felonyy|51
|c|+Isa RC|51%
|c|★xtra$hine|epic
|c|+KratosMana|burned
|c|+Isa RC|memed
|
|switch|p1a: Tauros|Tauros|353\/353
|turn|26
|L|innovamania
|
|cant|p2a: Alakazam|slp
|-curestatus|p2a: Alakazam|slp
|move|p1a: Tauros|Body Slam|p2a: Alakazam
|-damage|p2a: Alakazam|0 fnt
|faint|p2a: Alakazam
|
|switch|p2a: Exeggutor|Exeggutor|293\/393 par
|turn|27
|c|★xtra$hine|i goin for it
|J|theurbandear
|L|majaspic22
|
|move|p1a: Tauros|Hyper Beam|p2a: Exeggutor
|-damage|p2a: Exeggutor|98\/393 par
|move|p2a: Exeggutor|Sleep Powder|p1a: Tauros
|-status|p1a: Tauros|slp
|
|turn|28
|-mustrecharge|p1a: Tauros
|-mustrecharge|p1a: Tauros
|J|blue Celestine
|J|Feynodinger
|
|cant|p1a: Tauros|recharge
|cant|p2a: Exeggutor|par
|
|turn|29
|
|cant|p1a: Tauros|slp
|move|p2a: Exeggutor|Psychic|p1a: Tauros
|-damage|p1a: Tauros|208\/353 slp
|
|turn|30
|
|cant|p1a: Tauros|slp
|-curestatus|p1a: Tauros|slp
|cant|p2a: Exeggutor|par
|
|turn|31
|c|★xtra$hine|aye
|J|XxRayxX
|c|+Get this Money|lol
|J|innovamania
|
|switch|p2a: Lapras|Lapras|139\/463 par
|move|p1a: Tauros|Body Slam|p2a: Lapras
|-damage|p2a: Lapras|22\/463 par
|
|turn|32
|
|move|p1a: Tauros|Body Slam|p2a: Lapras
|-crit|p2a: Lapras
|-damage|p2a: Lapras|0 fnt
|faint|p2a: Lapras
|c|+Isa RC|huh
|L|Mr.378
|c|★xtra$hine|last is toros
|J|Isoflurane
|c|★xtra$hine|duh
|c|+Isa RC|yes
|c|★xtra$hine|its gunna be closeee
|c|+Bughouse|you mean you have two tauros?
|J|Wesleyxd
|c|+Bughouse|species clause
|c|★xtra$hine|no i have his pre evo
|c|+Leftiez|zzz
|
|switch|p2a: Snorlax|Snorlax|264\/523
|turn|33
|c|+Isa RC|,
|c|+DerSweeper|kangaskhan if real
|c|+Bughouse|persian again
|L|TheLaughingCats
|J|TheLaughingCats
|J|Jimmy Turtwig
|J|zdrup
|L|Jimmy Turtwig
|L|Isoflurane
|c|★xtra$hine|huhhhhmhhhhhhhhhhh
|J|seductive funbro
|
|switch|p1a: Snorlax|Snorlax|523\/523 slp
|move|p2a: Snorlax|Self-Destruct|p1a: Snorlax
|-damage|p1a: Snorlax|58\/523 slp
|faint|p2a: Snorlax
|c|★xtra$hine|sweet
|c|★xtra$hine|just as planned..
|
|switch|p2a: Tauros|Tauros|353\/353
|turn|34
|
|move|p2a: Tauros|Body Slam|p1a: Snorlax
|-crit|p1a: Snorlax
|-damage|p1a: Snorlax|0 fnt
|faint|p1a: Snorlax
|J|Prince Python
|J|marcoasd
|L|Omegasization
|L|Feynodinger
|c|★xtra$hine|i need a lavos calc
|J|Lightchu
|c|★xtra$hine|to see the most efficient way to win
|J|habajiga
|c|+innovamania|hes banned sorry
|c|+innovamania|xd
|J|MoxieInfinite
|J|babidi1998
|c|+Real FV13|rip xtra
|c|★xtra$hine|ug hwhy
|c|+Isa RC|http:\/\/puu.sh\/iIKZM\/f9675017a3.txt
|J|Moony
|L|TheLaughingCats
|c|+Isa RC|and suddenly, being objective about the potential outcomes of a battle is worth ridiculing!
|J|Cast Aside
|L|dfgggggggggggggggg
|c|+Omfuga|LOL
|J|Get Backer
|J|TheLaughingCats
|J|DennisEG
|L|Vileman
|J|lorrd
|L|lorrd
|c|+Get this Money|take 90 more sec to think it all through y\/n
|J|Jimmy Turtwig
|J|BeagleTime123
|J|raincoats
|J|QueenOfLuvdiscs
|c|+Get this Money|60
|
|switch|p1a: Golem|Golem|363\/363
|turn|35
|c|+BLINGAS|yo eat a dick
|c|★xtra$hine|fuCK it
|L|BeagleTime123
|J|hyogafodex
|L|spindaftw
|
|move|p2a: Tauros|Blizzard|p1a: Golem
|-supereffective|p1a: Golem
|-damage|p1a: Golem|154\/363
|move|p1a: Golem|Substitute|p1a: Golem
|-start|p1a: Golem|Substitute
|-damage|p1a: Golem|64\/363
|
|turn|36
|J|I ABR I
|L|welliou
|L|Prince Python
|J|cada lagrima
|J|skup
|c|+KratosMana|5050 yn
|
|move|p2a: Tauros|Earthquake|p1a: Golem
|-supereffective|p1a: Golem
|-end|p1a: Golem|Substitute
|move|p1a: Golem|Earthquake|p2a: Tauros
|-damage|p2a: Tauros|219\/353
|
|turn|37
|c|★xtra$hine|good one
|c|★xtra$hine|ugh
|
|move|p2a: Tauros|Earthquake|p1a: Golem
|-supereffective|p1a: Golem
|-damage|p1a: Golem|0 fnt
|faint|p1a: Golem
|
|switch|p1a: Tauros|Tauros|208\/353
|turn|38
|c|★xtra$hine|TAUROS WAR
|c|★xtra$hine|LGI
|c|+ludicrousman|you do rely on speed tie, this time  :( 
|J|Finchinator
|c|★xtra$hine|sack eggy first
|c|★xtra$hine|why not
|c|★xtra$hine|lets make it a
|c|★xtra$hine|1 - 1
|
|move|p1a: Tauros|Body Slam|p2a: Tauros
|-damage|p2a: Tauros|114\/353
|move|p2a: Tauros|Body Slam|p1a: Tauros
|-damage|p1a: Tauros|107\/353
|
|turn|39
|c|★xtra$hine|LGI
|J|During Summer
|c|★xtra$hine|ALSDFKFLDSG
|
|move|p2a: Tauros|Hyper Beam|p1a: Tauros
|-damage|p1a: Tauros|0 fnt
|faint|p1a: Tauros
|
|win|Beds