|J|gorgie
|J|Dice
|player|p1|gorgie|169
|player|p2|Dice|168
|gametype|singles
|gen|1
|tier|[Gen 1] OU
|seed|23603,39215,50575,10134
|rule|Sleep Clause Mod: Limit one foe put to sleep
|rule|Freeze Clause Mod: Limit one foe frozen
|rule|Species Clause: Limit one of each Pokémon
|rule|OHKO Clause: OHKO moves are banned
|rule|Evasion Moves Clause: Evasion moves are banned
|rule|HP Percentage Mod: HP is shown in percentages
|
|start
|switch|p1a: oprah|Jynx|333\/333
|switch|p2a: Alakazam|Alakazam|313\/313
|turn|1
|c|★gorgie|k bro
|J|Laroxyl
|c|★gorgie|watch this
|choice|switch 6|move 2
|
|switch|p1a: Exeggutor|Exeggutor|393\/393
|move|p2a: Alakazam|Thunder Wave|p1a: Exeggutor
|-status|p1a: Exeggutor|par
|
|turn|2
|c|★gorgie|How 2 Donk
|choice|move 3|move 4
|
|move|p2a: Alakazam|Seismic Toss|p1a: Exeggutor
|-damage|p1a: Exeggutor|293\/393 par
|move|p1a: Exeggutor|Sleep Powder|p2a: Alakazam
|-status|p2a: Alakazam|slp
|
|turn|3
|J|B is for Brutus
|c|★gorgie|gorgie exclusive
|choice|switch 5|move 4
|
|switch|p1a: Nidoking|Nidoking|365\/365
|cant|p2a: Alakazam|slp
|
|turn|4
|c|+B is for Brutus|is this gsc
|c|★gorgie|ya
|c|★gorgie|im a hacker
|c|★Dice|lol
|J|terrors
|c|★Dice|hm
|c|★gorgie|bro you on tha ropes
|J|boudouche
|L|boudouche
|choice|move 1|switch 3
|
|switch|p2a: Slowbro|Slowbro|393\/393
|move|p1a: Nidoking|Earthquake|p2a: Slowbro
|-damage|p2a: Slowbro|280\/393
|
|turn|5
|J|Raekkiiii
|L|Raekkiiii
|J|Sam
|L|terrors
|c|★gorgie|hmmz
|J|Cory's House
|choice|move 1|move 2
|
|move|p1a: Nidoking|Earthquake|p2a: Slowbro
|-damage|p2a: Slowbro|179\/393
|move|p2a: Slowbro|Psychic|p1a: Nidoking
|-supereffective|p1a: Nidoking
|-damage|p1a: Nidoking|156\/365
|
|turn|6
|c|★gorgie|psychic bro
|c|★gorgie|new eta
|choice|switch 5|move 2
|
|switch|p1a: Exeggutor|Exeggutor|293\/393 par
|move|p2a: Slowbro|Psychic|p1a: Exeggutor
|-resisted|p1a: Exeggutor
|-damage|p1a: Exeggutor|256\/393 par
|
|turn|7
|J|SOMALIA
|choice|move 2|move 4
|
|move|p2a: Slowbro|Amnesia|p2a: Slowbro
|-boost|p2a: Slowbro|spd|2
|-boost|p2a: Slowbro|spa|2
|move|p1a: Exeggutor|Stun Spore|p2a: Slowbro
|-status|p2a: Slowbro|par
|
|turn|8
|choice|move 4|move 3
|
|cant|p2a: Slowbro|par
|move|p1a: Exeggutor|Explosion|p2a: Slowbro
|-damage|p2a: Slowbro|0 fnt
|faint|p2a: Slowbro
|faint|p1a: Exeggutor
|J|snagaa
|choice|switch 3|switch 2
|
|switch|p2a: Snorlax|Snorlax|523\/523
|switch|p1a: bastard|Snorlax|523\/523
|turn|9
|choice|move 3|move 1
|
|move|p2a: Snorlax|Body Slam|p1a: bastard
|-damage|p1a: bastard|393\/523
|move|p1a: bastard|Counter|p2a: Snorlax
|-damage|p2a: Snorlax|263\/523
|
|turn|10
|c|★gorgie|?????????????
|c|★gorgie|gorgie
|J|ReshiRampage
|choice|move 3|move 3
|
|move|p2a: Snorlax|Self-Destruct|p1a: bastard
|-damage|p1a: bastard|0 fnt
|faint|p1a: bastard
|faint|p2a: Snorlax
|L|ReshiRampage
|choice|switch 6|switch 6
|
|switch|p1a: oprah|Jynx|333\/333
|switch|p2a: Victreebel|Victreebel|363\/363
|turn|11
|c|★gorgie|time 2
|choice|move 1|switch 5
|
|switch|p2a: Chansey|Chansey|703\/703
|move|p1a: oprah|Blizzard|p2a: Chansey
|-damage|p2a: Chansey|566\/703
|
|turn|12
|c|★gorgie|wher eu goin lols
|J|Mr.378
|choice|move 1|move 3
|
|move|p1a: oprah|Blizzard|p2a: Chansey
|-crit|p2a: Chansey
|-damage|p2a: Chansey|315\/703
|move|p2a: Chansey|Thunder Wave|p1a: oprah
|-status|p1a: oprah|par
|
|turn|13
|choice|move 1|move 4
|
|move|p2a: Chansey|Soft-Boiled|p2a: Chansey
|-heal|p2a: Chansey|666\/703
|move|p1a: oprah|Blizzard|p2a: Chansey
|-damage|p2a: Chansey|534\/703
|
|turn|14
|choice|move 1|move 1
|
|move|p2a: Chansey|Thunderbolt|p1a: oprah
|-damage|p1a: oprah|253\/333 par
|move|p1a: oprah|Blizzard|p2a: Chansey
|-damage|p2a: Chansey|399\/703
|
|turn|15
|choice|move 1|move 4
|
|move|p2a: Chansey|Soft-Boiled|p2a: Chansey
|-heal|p2a: Chansey|703\/703
|move|p1a: oprah|Blizzard|p2a: Chansey
|-damage|p2a: Chansey|578\/703
|
|turn|16
|choice|move 1|move 1
|
|move|p2a: Chansey|Thunderbolt|p1a: oprah
|-crit|p1a: oprah
|-damage|p1a: oprah|97\/333 par
|move|p1a: oprah|Blizzard|p2a: Chansey
|-damage|p2a: Chansey|445\/703
|
|turn|17
|J|PURRL
|choice|move 1|move 4
|
|move|p2a: Chansey|Soft-Boiled|p2a: Chansey
|-heal|p2a: Chansey|703\/703
|move|p1a: oprah|Blizzard|p2a: Chansey
|-damage|p2a: Chansey|561\/703
|-status|p2a: Chansey|frz
|
|turn|18
|J|urban soulja
|c|★gorgie|ez
|choice|move 3|move 1
|
|cant|p2a: Chansey|frz
|move|p1a: oprah|Psychic|p2a: Chansey
|-damage|p2a: Chansey|468\/703 frz
|-unboost|p2a: Chansey|spd|1
|-unboost|p2a: Chansey|spa|1
|
|turn|19
|choice|move 3|move 1
|
|cant|p2a: Chansey|frz
|move|p1a: oprah|Psychic|p2a: Chansey
|-damage|p2a: Chansey|320\/703 frz
|
|turn|20
|choice|move 3|move 1
|
|cant|p2a: Chansey|frz
|move|p1a: oprah|Psychic|p2a: Chansey
|-damage|p2a: Chansey|177\/703 frz
|-unboost|p2a: Chansey|spd|1
|-unboost|p2a: Chansey|spa|1
|
|turn|21
|choice|move 3|switch 3
|
|switch|p2a: Alakazam|Alakazam|313\/313 slp
|move|p1a: oprah|Psychic|p2a: Alakazam
|-resisted|p2a: Alakazam
|-damage|p2a: Alakazam|271\/313 slp
|-unboost|p2a: Alakazam|spd|1
|-unboost|p2a: Alakazam|spa|1
|
|turn|22
|c|★gorgie|gorgie
|choice|switch 5|switch 3
|
|switch|p2a: Chansey|Chansey|177\/703 frz
|switch|p1a: Nidoking|Nidoking|156\/365
|
|turn|23
|choice|move 1|move 2
|
|move|p1a: Nidoking|Earthquake|p2a: Chansey
|-damage|p2a: Chansey|0 fnt
|faint|p2a: Chansey
|choice||switch 4
|
|switch|p2a: Tauros|Tauros|353\/353
|turn|24
|c|★gorgie|GORGIE
|choice|switch 5|move 2
|
|switch|p1a: oprah|Jynx|97\/333 par
|move|p2a: Tauros|Earthquake|p1a: oprah
|-damage|p1a: oprah|0 fnt
|faint|p1a: oprah
|J|Eyan
|choice|switch 4|
|
|switch|p1a: Articuno|Articuno|383\/383
|turn|25
|c|★gorgie|GORGIE
|choice|move 1|move 1
|
|move|p2a: Tauros|Body Slam|p1a: Articuno
|-crit|p1a: Articuno
|-damage|p1a: Articuno|182\/383
|move|p1a: Articuno|Blizzard|p2a: Tauros
|-damage|p2a: Tauros|160\/353
|
|turn|26
|c|★gorgie|CUNO
|choice|switch 5|switch 5
|
|switch|p2a: Victreebel|Victreebel|363\/363
|switch|p1a: Nidoking|Nidoking|156\/365
|
|turn|27
|c|★gorgie|RIIIGHTT
|choice|move 3|move 2
|
|move|p1a: Nidoking|Blizzard|p2a: Victreebel
|-supereffective|p2a: Victreebel
|-damage|p2a: Victreebel|196\/363
|-status|p2a: Victreebel|frz
|cant|p2a: Victreebel|frz
|
|turn|28
|c|★Dice|.
|c|★gorgie|Ez
|c|★gorgie|DIDNT MATEER
|c|★gorgie|LOL
|c|★gorgie|GORGIE
|choice|move 1|move 2
|
|move|p1a: Nidoking|Earthquake|p2a: Victreebel
|-damage|p2a: Victreebel|48\/363 frz
|cant|p2a: Victreebel|frz
|
|turn|29
|choice|switch 5|move 2
|
|switch|p1a: Articuno|Articuno|182\/383
|cant|p2a: Victreebel|frz
|
|turn|30
|c|★gorgie|ganna use this time to stunt
|choice|move 3|move 2
|
|move|p1a: Articuno|Rest|p1a: Articuno
|-status|p1a: Articuno|slp
|-heal|p1a: Articuno|383\/383 slp|[silent]
|-status|p1a: Articuno|slp|[from] move: Rest
|cant|p2a: Victreebel|frz
|
|turn|31
|choice|move 3|switch 5
|
|switch|p2a: Tauros|Tauros|160\/353
|cant|p1a: Articuno|slp
|
|turn|32
|choice|move 2|move 1
|
|move|p2a: Tauros|Body Slam|p1a: Articuno
|-damage|p1a: Articuno|284\/383 slp
|-curestatus|p1a: Articuno|slp
|
|turn|33
|choice|move 1|move 4
|
|move|p2a: Tauros|Hyper Beam|p1a: Articuno
|-damage|p1a: Articuno|117\/383
|move|p1a: Articuno|Blizzard|p2a: Tauros
|-damage|p2a: Tauros|0 fnt
|faint|p2a: Tauros
|choice||switch 5
|
|switch|p2a: Victreebel|Victreebel|48\/363 frz
|turn|34
|choice|move 3|move 1
|
|move|p1a: Articuno|Rest|p1a: Articuno
|-status|p1a: Articuno|slp
|-heal|p1a: Articuno|383\/383 slp|[silent]
|-status|p1a: Articuno|slp|[from] move: Rest
|cant|p2a: Victreebel|frz
|
|turn|35
|c|★gorgie|still stuntin
|choice|move 2|switch 3
|
|switch|p2a: Alakazam|Alakazam|271\/313 slp
|cant|p1a: Articuno|slp
|
|turn|36
|choice|move 2|move 1
|
|cant|p2a: Alakazam|slp
|-curestatus|p1a: Articuno|slp
|
|turn|37
|choice|move 2|move 1
|
|cant|p2a: Alakazam|slp
|move|p1a: Articuno|Ice Beam|p2a: Alakazam
|-crit|p2a: Alakazam
|-damage|p2a: Alakazam|54\/313 slp
|
|turn|38
|choice|switch 5|move 1
|
|switch|p1a: Nidoking|Nidoking|156\/365
|cant|p2a: Alakazam|slp
|
|turn|39
|choice|move 3|move 1
|
|-curestatus|p2a: Alakazam|slp
|move|p1a: Nidoking|Blizzard|p2a: Alakazam
|-damage|p2a: Alakazam|0 fnt
|faint|p2a: Alakazam
|choice||switch 3
|
|switch|p2a: Victreebel|Victreebel|48\/363 frz
|turn|40
|choice|move 1|move 1
|
|move|p1a: Nidoking|Earthquake|p2a: Victreebel
|-damage|p2a: Victreebel|0 fnt
|faint|p2a: Victreebel
|
|win|gorgie