|inactive|Battle timer is ON: inactive players will automatically lose when time's up.
|J|Haruno
|J|KyleCole
|player|p1|Haruno|289
|player|p2|KyleCole|84
|gametype|singles
|gen|1
|tier|[Gen 1] Random Battle
|rule|Sleep Clause Mod: Limit one foe put to sleep
|rule|Freeze Clause Mod: Limit one foe frozen
|rule|HP Percentage Mod: HP is shown in percentages
|
|start
|switch|p1a: Marowak|Marowak, L86|279\/279
|switch|p2a: Sandslash|Sandslash, L86|304\/304
|turn|1
|J|Dilwar's Alt
|J|Qwerts
|J|Orange Paint
|J|sugarhigh
|J|Arcticblast
|J|Exeggutor
|c|+Dilwar's Alt|lol
|c| Qwerts|kyle is garbage
|J|SeventyFive
|L|Qwerts
|J|Zamrock
|J|Stockings
|J|Qwerts
|
|move|p2a: Sandslash|Substitute|p2a: Sandslash
|-start|p2a: Sandslash|Substitute
|-damage|p2a: Sandslash|228\/304
|move|p1a: Marowak|Blizzard|p2a: Sandslash
|-supereffective|p2a: Sandslash
|-end|p2a: Sandslash|Substitute
|
|turn|2
|J|GiraGoomy
|J|Druides
|c|+Dilwar's Alt|LOL
|c|★KyleCole|miss
|L|Zamrock
|J|the pdc show
|J|youngjake93
|
|move|p2a: Sandslash|Substitute|p2a: Sandslash
|-start|p2a: Sandslash|Substitute
|-damage|p2a: Sandslash|152\/304
|move|p1a: Marowak|Earthquake|p2a: Sandslash
|-end|p2a: Sandslash|Substitute
|
|turn|3
|L|the pdc show
|
|move|p2a: Sandslash|Body Slam|p1a: Marowak
|-damage|p1a: Marowak|223\/279
|-status|p1a: Marowak|par
|move|p1a: Marowak|Blizzard|p2a: Sandslash
|-supereffective|p2a: Sandslash
|-damage|p2a: Sandslash|0 fnt
|faint|p2a: Sandslash
|c|+youngjake93|blizzard is 90% acc
|c|★Haruno|nice skill play
|c|★KyleCole|marowak 6-0s my team
|c|★KyleCole|without a para
|c|+Arcticblast|nice job losing your Electrode check
|
|switch|p2a: Porygon|Porygon, L86|287\/287
|turn|4
|J|Pomman
|c|★KyleCole|its randoms ablast
|
|switch|p1a: Gengar|Gengar, L82|266\/266
|move|p2a: Porygon|Ice Beam|p1a: Gengar
|-damage|p1a: Gengar|222\/266
|
|turn|5
|c|+Arcticblast|I know
|c|+Dilwar's Alt|lol
|c|★KyleCole|...
|
|move|p1a: Gengar|Hypnosis|p2a: Porygon
|-status|p2a: Porygon|slp
|cant|p2a: Porygon|slp
|
|turn|6
|c|+Arcticblast|Electrode is probably the best mon in RBY randbats
|L|Pomman
|c|+youngjake93|gengar is a tank
|c|★KyleCole|lol
|L|Druides
|c|★KyleCole|this gen
|c|+Arcticblast|also Porygon has like base 70 SpA
|c|+Arcticblast|!dt Porygon
|c|~|\/data-pokemon Porygon
|raw|<font size="1"><font color=#585858>Dex#:<\/font> 137&nbsp;|&ThickSpace;<font color=#585858>Height:<\/font> 0.8 m&nbsp;|&ThickSpace;<font color=#585858>Weight:<\/font> 36.5 kg <em>(60 BP)<\/em>&nbsp;|&ThickSpace;<font color=#585858>Dex Colour:<\/font> Pink&nbsp;|&ThickSpace;<font color=#585858>Egg Group(s):<\/font> Mineral&nbsp;|&ThickSpace;<font color=#585858>Evolution:<\/font> Porygon2 (1)<\/font>
|c|★KyleCole|i have nothing for this
|c|★KyleCole|or marowak
|
|switch|p1a: Raichu|Raichu, L86|279\/279
|cant|p2a: Porygon|slp
|-curestatus|p2a: Porygon|slp
|
|turn|7
|c|★KyleCole|reveal mewtwo next
|c|★KyleCole|imo
|c|★Haruno|r u for real
|c|+Arcticblast|you HAD Sandslash
|
|switch|p2a: Marowak|Marowak, L86|279\/279
|move|p1a: Raichu|Thunder Wave|p2a: Marowak
|-immune|p2a: Marowak|[msg]
|
|turn|8
|c|+Arcticblast|for all three of those mons
|c|★KyleCole|are you retarded
|c|+Dilwar's Alt|noob
|c|★KyleCole|how does sandlslash
|c|★KyleCole|beat blizzard marowak
|c|★KyleCole|or hypnosis gengar
|L|Dilwar's Alt
|
|switch|p1a: Pidgeot|Pidgeot, L86|318\/318
|move|p2a: Marowak|Blizzard|p1a: Pidgeot
|-supereffective|p1a: Pidgeot
|-damage|p1a: Pidgeot|175\/318
|
|turn|9
|c|+Arcticblast|I meant Electrod
|c|+Arcticblast|e
|c|★KyleCole|ez
|
|move|p1a: Pidgeot|Hyper Beam|p2a: Marowak
|-damage|p2a: Marowak|162\/279
|move|p2a: Marowak|Blizzard|p1a: Pidgeot
|-crit|p1a: Pidgeot
|-supereffective|p1a: Pidgeot
|-damage|p1a: Pidgeot|0 fnt
|faint|p1a: Pidgeot
|c|+youngjake93|marowak is broken
|c|★KyleCole|blizzard is broken*
|c|+SeventyFive|why hasnt blizzard missed
|
|switch|p1a: Gengar|Gengar, L82|222\/266
|turn|10
|c|★KyleCole|90%
|c|+youngjake93|90% acc
|c|+SeventyFive|o
|c|★Haruno|based hypnosis plz
|
|switch|p2a: Arbok|Arbok, L86|279\/279
|move|p1a: Gengar|Hypnosis|p2a: Arbok
|-status|p2a: Arbok|slp
|
|turn|11
|
|switch|p2a: Marowak|Marowak, L86|162\/279
|move|p1a: Gengar|Thunderbolt|p2a: Marowak
|-immune|p2a: Marowak|[msg]
|
|turn|12
|J|DoughBoy
|
|move|p1a: Gengar|Explosion|p2a: Marowak
|-damage|p2a: Marowak|7\/279
|faint|p1a: Gengar
|c|★KyleCole|o damn
|
|switch|p1a: Raichu|Raichu, L86|279\/279
|turn|13
|c|★KyleCole|forgot that one
|
|move|p1a: Raichu|Body Slam|p2a: Marowak
|-damage|p2a: Marowak|0 fnt
|faint|p2a: Marowak
|L|Arcticblast
|
|switch|p2a: Weezing|Weezing, L86|287\/287
|turn|14
|
|move|p1a: Raichu|Thunder Wave|p2a: Weezing
|-status|p2a: Weezing|par
|move|p2a: Weezing|Explosion|p1a: Raichu
|-damage|p1a: Raichu|0 fnt
|faint|p1a: Raichu
|faint|p2a: Weezing
|L|DoughBoy
|
|switch|p2a: Electrode|Electrode, L86|279\/279
|switch|p1a: Marowak|Marowak, L86|223\/279 par
|turn|15
|L|Qwerts
|
|move|p2a: Electrode|Explosion|p1a: Marowak
|-crit|p1a: Marowak
|-damage|p1a: Marowak|0 fnt
|faint|p1a: Marowak
|faint|p2a: Electrode
|
|switch|p1a: Poliwrath|Poliwrath, L86|330\/330
|switch|p2a: Porygon|Porygon, L86|287\/287
|turn|16
|
|move|p1a: Poliwrath|Hypnosis|p2a: Porygon
|-message|Sleep Clause Mod activated.
|move|p2a: Porygon|Thunder Wave|p1a: Poliwrath
|-status|p1a: Poliwrath|par
|
|turn|17
|J|Qwerts
|c|★Haruno|OH FUCK
|c|★KyleCole|thank god
|c|★KyleCole|youre an idiot
|
|move|p2a: Porygon|Thunderbolt|p1a: Poliwrath
|-supereffective|p1a: Poliwrath
|-damage|p1a: Poliwrath|202\/330 par
|move|p1a: Poliwrath|Hypnosis|p2a: Porygon|[miss]
|-miss|p1a: Poliwrath
|
|turn|18
|c|+youngjake93|lol
|c|★Haruno|r u srs
|c|+GiraGoomy|lol
|c|★KyleCole|no one tell him
|
|move|p2a: Porygon|Thunderbolt|p1a: Poliwrath
|-supereffective|p1a: Poliwrath
|-damage|p1a: Poliwrath|73\/330 par
|move|p1a: Poliwrath|Hypnosis|p2a: Porygon|[miss]
|-miss|p1a: Poliwrath
|
|turn|19
|c|+youngjake93|lol
|c|+GiraGoomy|lol
|
|move|p2a: Porygon|Thunderbolt|p1a: Poliwrath
|-supereffective|p1a: Poliwrath
|-damage|p1a: Poliwrath|0 fnt
|faint|p1a: Poliwrath
|
|switch|p1a: Seaking|Seaking, L86|313\/313
|turn|20
|c|+youngjake93|sleep clause
|c|+youngjake93|moron
|c|★Haruno|oh right
|c|★Haruno|im like half awake
|c|★Haruno|rip
|c|★KyleCole|Sleep Clause Mod: Limit one foe put to sleep
|c|★KyleCole|hue
|
|move|p1a: Seaking|Surf|p2a: Porygon
|-damage|p2a: Porygon|181\/287
|move|p2a: Porygon|Thunder Wave|p1a: Seaking
|-status|p1a: Seaking|par
|
|turn|21
|c|+youngjake93|idk why it said missed tho
|c|★KyleCole|get swept by this lovely por
|c|★KyleCole|bc it was missing
|c|+youngjake93|that's kinda dumb it used to say "sleep clause unable to sleep"
|c|★KyleCole|it if had hit it wouldve told him
|c|+youngjake93|o
|
|move|p2a: Porygon|Thunderbolt|p1a: Seaking
|-supereffective|p1a: Seaking
|-damage|p1a: Seaking|195\/313 par
|move|p1a: Seaking|Surf|p2a: Porygon
|-damage|p2a: Porygon|84\/287
|
|turn|22
|c|+youngjake93|thats weird then
|
|move|p2a: Porygon|Recover|p2a: Porygon
|-heal|p2a: Porygon|227\/287
|cant|p1a: Seaking|par
|
|turn|23
|
|move|p2a: Porygon|Thunderbolt|p1a: Seaking
|-supereffective|p1a: Seaking
|-damage|p1a: Seaking|75\/313 par
|move|p1a: Seaking|Surf|p2a: Porygon
|-damage|p2a: Porygon|133\/287
|
|turn|24
|c|+youngjake93|where is the lightning rod
|c|★KyleCole|^
|c|★Haruno|rip
|
|move|p2a: Porygon|Thunderbolt|p1a: Seaking
|-supereffective|p1a: Seaking
|-damage|p1a: Seaking|0 fnt
|faint|p1a: Seaking
|
|win|KyleCole
|c|★KyleCole|destoryed
|c|★KyleCole|get good
|c|★KyleCole|imo
|L|Haruno
|player|p1
|c|★KyleCole|:]