|J|Nails
|J|Ortheore
|player|p1|Nails|282
|player|p2|Ortheore|2
|gametype|singles
|gen|1
|tier|[Gen 1] OU
|seed|
|rule|Sleep Clause Mod: Limit one foe put to sleep
|rule|Freeze Clause Mod: Limit one foe frozen
|rule|Species Clause: Limit one of each Pokémon
|rule|OHKO Clause: OHKO moves are banned
|rule|Evasion Moves Clause: Evasion moves are banned
|rule|HP Percentage Mod: HP is shown in percentages
|
|start
|switch|p1a: Jynx|Jynx|100\/100
|switch|p2a: Jynx|Jynx|100\/100
|turn|1
|choice||
|
|move|p1a: Jynx|Lovely Kiss|p2a: Jynx
|-status|p2a: Jynx|slp
|cant|p2a: Jynx|slp
|
|turn|2
|J|Pohjis
|J|jirachee
|choice||
|
|switch|p1a: Snorlax|Snorlax|100\/100
|switch|p2a: Chansey|Chansey|100\/100
|
|turn|3
|choice||
|
|move|p2a: Chansey|Thunder Wave|p1a: Snorlax
|-status|p1a: Snorlax|par
|move|p1a: Snorlax|Amnesia|p1a: Snorlax
|-boost|p1a: Snorlax|spd|2
|-boost|p1a: Snorlax|spa|2
|
|turn|4
|choice||
|
|switch|p2a: Snorlax|Snorlax, M|100\/100
|move|p1a: Snorlax|Reflect|p1a: Snorlax
|-start|p1a: Snorlax|Reflect
|
|turn|5
|choice||
|
|move|p2a: Snorlax|Body Slam|p1a: Snorlax
|-damage|p1a: Snorlax|87\/100 par
|move|p1a: Snorlax|Body Slam|p2a: Snorlax
|-damage|p2a: Snorlax|75\/100
|
|turn|6
|choice||
|
|switch|p2a: Chansey|Chansey|100\/100
|cant|p1a: Snorlax|par
|
|turn|7
|choice||
|
|move|p2a: Chansey|Thunderbolt|p1a: Snorlax
|-damage|p1a: Snorlax|76\/100 par
|move|p1a: Snorlax|Amnesia|p1a: Snorlax
|-boost|p1a: Snorlax|spd|2
|-boost|p1a: Snorlax|spa|2
|
|turn|8
|choice||
|
|move|p2a: Chansey|Thunderbolt|p1a: Snorlax
|-crit|p1a: Snorlax
|-damage|p1a: Snorlax|41\/100 par
|move|p1a: Snorlax|Body Slam|p2a: Chansey
|-crit|p2a: Chansey
|-damage|p2a: Chansey|15\/100
|
|turn|9
|choice||
|
|move|p2a: Chansey|Soft-Boiled|p2a: Chansey
|-heal|p2a: Chansey|65\/100
|move|p1a: Snorlax|Rest|p1a: Snorlax
|-status|p1a: Snorlax|slp
|-heal|p1a: Snorlax|100\/100 slp|[silent]
|-status|p1a: Snorlax|slp|[from] move: Rest
|
|turn|10
|J|EastonX
|choice||
|
|move|p2a: Chansey|Soft-Boiled|p2a: Chansey
|-heal|p2a: Chansey|100\/100
|cant|p1a: Snorlax|slp
|
|turn|11
|choice||
|
|move|p2a: Chansey|Thunderbolt|p1a: Snorlax
|-damage|p1a: Snorlax|94\/100 slp
|-curestatus|p1a: Snorlax|slp
|
|turn|12
|choice||
|
|move|p2a: Chansey|Ice Beam|p1a: Snorlax
|-damage|p1a: Snorlax|88\/100
|move|p1a: Snorlax|Body Slam|p2a: Chansey
|-damage|p2a: Chansey|60\/100
|
|turn|13
|choice||
|
|move|p2a: Chansey|Ice Beam|p1a: Snorlax
|-damage|p1a: Snorlax|82\/100
|move|p1a: Snorlax|Body Slam|p2a: Chansey
|-damage|p2a: Chansey|21\/100
|
|turn|14
|choice||
|
|move|p2a: Chansey|Soft-Boiled|p2a: Chansey
|-heal|p2a: Chansey|70\/100
|move|p1a: Snorlax|Body Slam|p2a: Chansey
|-damage|p2a: Chansey|29\/100
|
|turn|15
|choice||
|
|move|p2a: Chansey|Soft-Boiled|p2a: Chansey
|-heal|p2a: Chansey|79\/100
|move|p1a: Snorlax|Body Slam|p2a: Chansey
|-damage|p2a: Chansey|40\/100
|
|turn|16
|choice||
|
|move|p2a: Chansey|Soft-Boiled|p2a: Chansey
|-heal|p2a: Chansey|90\/100
|move|p1a: Snorlax|Body Slam|p2a: Chansey
|-damage|p2a: Chansey|49\/100
|
|turn|17
|choice||
|
|move|p2a: Chansey|Ice Beam|p1a: Snorlax
|-damage|p1a: Snorlax|75\/100
|move|p1a: Snorlax|Body Slam|p2a: Chansey
|-damage|p2a: Chansey|10\/100
|
|turn|18
|choice||
|
|move|p2a: Chansey|Soft-Boiled|p2a: Chansey
|-heal|p2a: Chansey|60\/100
|move|p1a: Snorlax|Body Slam|p2a: Chansey
|-damage|p2a: Chansey|15\/100
|
|turn|19
|choice||
|
|move|p2a: Chansey|Soft-Boiled|p2a: Chansey
|-heal|p2a: Chansey|65\/100
|move|p1a: Snorlax|Body Slam|p2a: Chansey
|-damage|p2a: Chansey|21\/100
|
|turn|20
|choice||
|
|move|p2a: Chansey|Soft-Boiled|p2a: Chansey
|-heal|p2a: Chansey|71\/100
|move|p1a: Snorlax|Body Slam|p2a: Chansey
|-damage|p2a: Chansey|32\/100
|
|turn|21
|choice||
|
|move|p2a: Chansey|Soft-Boiled|p2a: Chansey
|-heal|p2a: Chansey|82\/100
|move|p1a: Snorlax|Body Slam|p2a: Chansey
|-damage|p2a: Chansey|39\/100
|
|turn|22
|choice||
|
|move|p2a: Chansey|Soft-Boiled|p2a: Chansey
|-heal|p2a: Chansey|89\/100
|move|p1a: Snorlax|Body Slam|p2a: Chansey
|-damage|p2a: Chansey|46\/100
|
|turn|23
|choice||
|
|move|p2a: Chansey|Soft-Boiled|p2a: Chansey
|-heal|p2a: Chansey|96\/100
|move|p1a: Snorlax|Body Slam|p2a: Chansey
|-damage|p2a: Chansey|51\/100
|
|turn|24
|choice||
|
|move|p2a: Chansey|Ice Beam|p1a: Snorlax
|-crit|p1a: Snorlax
|-damage|p1a: Snorlax|37\/100
|move|p1a: Snorlax|Body Slam|p2a: Chansey
|-damage|p2a: Chansey|12\/100
|
|turn|25
|choice||
|
|move|p2a: Chansey|Soft-Boiled|p2a: Chansey
|-heal|p2a: Chansey|62\/100
|move|p1a: Snorlax|Rest|p1a: Snorlax
|-status|p1a: Snorlax|slp
|-heal|p1a: Snorlax|100\/100 slp|[silent]
|-status|p1a: Snorlax|slp|[from] move: Rest
|
|turn|26
|choice||
|
|move|p2a: Chansey|Thunderbolt|p1a: Snorlax
|-damage|p1a: Snorlax|94\/100 slp
|cant|p1a: Snorlax|slp
|
|turn|27
|choice||
|
|move|p2a: Chansey|Thunderbolt|p1a: Snorlax
|-damage|p1a: Snorlax|87\/100 slp
|-curestatus|p1a: Snorlax|slp
|
|turn|28
|choice||
|
|move|p2a: Chansey|Ice Beam|p1a: Snorlax
|-damage|p1a: Snorlax|81\/100
|move|p1a: Snorlax|Body Slam|p2a: Chansey
|-damage|p2a: Chansey|22\/100
|
|turn|29
|choice||
|
|move|p2a: Chansey|Soft-Boiled|p2a: Chansey
|-heal|p2a: Chansey|71\/100
|move|p1a: Snorlax|Body Slam|p2a: Chansey
|-damage|p2a: Chansey|29\/100
|
|turn|30
|choice||
|
|move|p2a: Chansey|Soft-Boiled|p2a: Chansey
|-heal|p2a: Chansey|79\/100
|move|p1a: Snorlax|Body Slam|p2a: Chansey
|-damage|p2a: Chansey|37\/100
|
|turn|31
|choice||
|
|move|p2a: Chansey|Soft-Boiled|p2a: Chansey
|-heal|p2a: Chansey|87\/100
|move|p1a: Snorlax|Body Slam|p2a: Chansey
|-damage|p2a: Chansey|46\/100
|
|turn|32
|choice||
|
|move|p2a: Chansey|Soft-Boiled|p2a: Chansey
|-heal|p2a: Chansey|96\/100
|move|p1a: Snorlax|Body Slam|p2a: Chansey
|-crit|p2a: Chansey
|-damage|p2a: Chansey|9\/100
|
|turn|33
|choice||
|
|move|p2a: Chansey|Ice Beam|p1a: Snorlax
|-damage|p1a: Snorlax|74\/100
|move|p1a: Snorlax|Body Slam|p2a: Chansey
|-damage|p2a: Chansey|0 fnt
|faint|p2a: Chansey
|choice||
|
|switch|p2a: Snorlax|Snorlax, M|75\/100
|turn|34
|choice||
|
|move|p2a: Snorlax|Body Slam|p1a: Snorlax
|-damage|p1a: Snorlax|60\/100
|move|p1a: Snorlax|Body Slam|p2a: Snorlax
|-damage|p2a: Snorlax|51\/100
|
|turn|35
|choice||
|
|move|p2a: Snorlax|Body Slam|p1a: Snorlax
|-damage|p1a: Snorlax|47\/100
|move|p1a: Snorlax|Body Slam|p2a: Snorlax
|-damage|p2a: Snorlax|26\/100
|
|turn|36
|choice||
|
|move|p2a: Snorlax|Body Slam|p1a: Snorlax
|-damage|p1a: Snorlax|35\/100
|move|p1a: Snorlax|Body Slam|p2a: Snorlax
|-damage|p2a: Snorlax|1\/100
|
|turn|37
|choice||
|
|move|p2a: Snorlax|Body Slam|p1a: Snorlax
|-damage|p1a: Snorlax|22\/100
|move|p1a: Snorlax|Rest|p1a: Snorlax
|-status|p1a: Snorlax|slp
|-heal|p1a: Snorlax|100\/100 slp|[silent]
|-status|p1a: Snorlax|slp|[from] move: Rest
|
|turn|38
|choice||
|
|move|p2a: Snorlax|Body Slam|p1a: Snorlax
|-damage|p1a: Snorlax|86\/100 slp
|cant|p1a: Snorlax|slp
|
|turn|39
|choice||
|
|move|p2a: Snorlax|Body Slam|p1a: Snorlax
|-damage|p1a: Snorlax|73\/100 slp
|-curestatus|p1a: Snorlax|slp
|
|turn|40
|choice||
|
|move|p2a: Snorlax|Body Slam|p1a: Snorlax
|-damage|p1a: Snorlax|60\/100
|move|p1a: Snorlax|Amnesia|p1a: Snorlax
|-boost|p1a: Snorlax|spd|2
|-boost|p1a: Snorlax|spa|2
|
|turn|41
|choice||
|
|move|p2a: Snorlax|Body Slam|p1a: Snorlax
|-damage|p1a: Snorlax|46\/100
|move|p1a: Snorlax|Reflect|p1a: Snorlax
|-fail|p1a: Snorlax
|
|turn|42
|choice||
|
|move|p2a: Snorlax|Body Slam|p1a: Snorlax
|-damage|p1a: Snorlax|32\/100
|move|p1a: Snorlax|Rest|p1a: Snorlax
|-status|p1a: Snorlax|slp
|-heal|p1a: Snorlax|100\/100 slp|[silent]
|-status|p1a: Snorlax|slp|[from] move: Rest
|
|turn|43
|choice||
|
|switch|p2a: Tauros|Tauros|100\/100
|cant|p1a: Snorlax|slp
|
|turn|44
|choice||
|
|move|p2a: Tauros|Body Slam|p1a: Snorlax
|-damage|p1a: Snorlax|88\/100 slp
|-curestatus|p1a: Snorlax|slp
|
|turn|45
|L|Pohjis
|choice||
|
|move|p2a: Tauros|Body Slam|p1a: Snorlax
|-damage|p1a: Snorlax|76\/100
|move|p1a: Snorlax|Amnesia|p1a: Snorlax
|-boost|p1a: Snorlax|spd|2
|-boost|p1a: Snorlax|spa|2
|
|turn|46
|choice||
|
|move|p2a: Tauros|Body Slam|p1a: Snorlax
|-damage|p1a: Snorlax|64\/100
|move|p1a: Snorlax|Rest|p1a: Snorlax
|-status|p1a: Snorlax|slp
|-heal|p1a: Snorlax|100\/100 slp|[silent]
|-status|p1a: Snorlax|slp|[from] move: Rest
|
|turn|47
|choice||
|
|move|p2a: Tauros|Body Slam|p1a: Snorlax
|-damage|p1a: Snorlax|88\/100 slp
|cant|p1a: Snorlax|slp
|
|turn|48
|choice||
|
|move|p2a: Tauros|Body Slam|p1a: Snorlax
|-damage|p1a: Snorlax|75\/100 slp
|-curestatus|p1a: Snorlax|slp
|
|turn|49
|choice||
|
|move|p2a: Tauros|Body Slam|p1a: Snorlax
|-crit|p1a: Snorlax
|-damage|p1a: Snorlax|24\/100
|move|p1a: Snorlax|Rest|p1a: Snorlax
|-status|p1a: Snorlax|slp
|-heal|p1a: Snorlax|100\/100 slp|[silent]
|-status|p1a: Snorlax|slp|[from] move: Rest
|
|turn|50
|choice||
|
|move|p2a: Tauros|Body Slam|p1a: Snorlax
|-damage|p1a: Snorlax|87\/100 slp
|cant|p1a: Snorlax|slp
|
|turn|51
|choice||
|
|move|p2a: Tauros|Body Slam|p1a: Snorlax
|-damage|p1a: Snorlax|75\/100 slp
|-curestatus|p1a: Snorlax|slp
|
|turn|52
|choice||
|
|move|p2a: Tauros|Body Slam|p1a: Snorlax
|-damage|p1a: Snorlax|61\/100
|move|p1a: Snorlax|Amnesia|p1a: Snorlax
|-boost|p1a: Snorlax|spd|2
|-boost|p1a: Snorlax|spa|2
|
|turn|53
|choice||
|
|move|p2a: Tauros|Body Slam|p1a: Snorlax
|-crit|p1a: Snorlax
|-damage|p1a: Snorlax|15\/100
|move|p1a: Snorlax|Rest|p1a: Snorlax
|-status|p1a: Snorlax|slp
|-heal|p1a: Snorlax|100\/100 slp|[silent]
|-status|p1a: Snorlax|slp|[from] move: Rest
|
|turn|54
|choice||
|
|move|p2a: Tauros|Body Slam|p1a: Snorlax
|-damage|p1a: Snorlax|87\/100 slp
|cant|p1a: Snorlax|slp
|
|turn|55
|choice||
|
|move|p2a: Tauros|Body Slam|p1a: Snorlax
|-crit|p1a: Snorlax
|-damage|p1a: Snorlax|37\/100 slp
|-curestatus|p1a: Snorlax|slp
|
|turn|56
|choice||
|
|move|p2a: Tauros|Body Slam|p1a: Snorlax
|-damage|p1a: Snorlax|25\/100
|move|p1a: Snorlax|Rest|p1a: Snorlax
|-status|p1a: Snorlax|slp
|-heal|p1a: Snorlax|100\/100 slp|[silent]
|-status|p1a: Snorlax|slp|[from] move: Rest
|
|turn|57
|choice||
|
|move|p2a: Tauros|Body Slam|p1a: Snorlax
|-damage|p1a: Snorlax|87\/100 slp
|cant|p1a: Snorlax|slp
|
|turn|58
|choice||
|
|move|p2a: Tauros|Body Slam|p1a: Snorlax
|-crit|p1a: Snorlax
|-damage|p1a: Snorlax|41\/100 slp
|-curestatus|p1a: Snorlax|slp
|
|turn|59
|choice||
|
|move|p2a: Tauros|Body Slam|p1a: Snorlax
|-damage|p1a: Snorlax|29\/100
|move|p1a: Snorlax|Rest|p1a: Snorlax
|-status|p1a: Snorlax|slp
|-heal|p1a: Snorlax|100\/100 slp|[silent]
|-status|p1a: Snorlax|slp|[from] move: Rest
|
|turn|60
|choice||
|
|move|p2a: Tauros|Body Slam|p1a: Snorlax
|-damage|p1a: Snorlax|87\/100 slp
|cant|p1a: Snorlax|slp
|
|turn|61
|choice||
|
|move|p2a: Tauros|Body Slam|p1a: Snorlax
|-damage|p1a: Snorlax|75\/100 slp
|-curestatus|p1a: Snorlax|slp
|
|turn|62
|choice||
|
|move|p2a: Tauros|Hyper Beam|p1a: Snorlax
|-damage|p1a: Snorlax|55\/100
|move|p1a: Snorlax|Rest|p1a: Snorlax
|-status|p1a: Snorlax|slp
|-heal|p1a: Snorlax|100\/100 slp|[silent]
|-status|p1a: Snorlax|slp|[from] move: Rest
|
|turn|63
|-mustrecharge|p2a: Tauros
|-mustrecharge|p2a: Tauros
|choice||
|
|cant|p2a: Tauros|recharge
|cant|p1a: Snorlax|slp
|
|turn|64
|J|katapunga
|choice||
|
|move|p2a: Tauros|Body Slam|p1a: Snorlax
|-damage|p1a: Snorlax|87\/100 slp
|-curestatus|p1a: Snorlax|slp
|
|turn|65
|J|Luigi
|choice||
|
|move|p2a: Tauros|Body Slam|p1a: Snorlax
|-damage|p1a: Snorlax|75\/100
|move|p1a: Snorlax|Amnesia|p1a: Snorlax
|-boost|p1a: Snorlax|spd|2
|-boost|p1a: Snorlax|spa|2
|
|turn|66
|choice||
|
|move|p2a: Tauros|Body Slam|p1a: Snorlax
|-damage|p1a: Snorlax|62\/100
|move|p1a: Snorlax|Amnesia|p1a: Snorlax
|-boost|p1a: Snorlax|spd|2
|-boost|p1a: Snorlax|spa|2
|
|turn|67
|choice||
|
|move|p2a: Tauros|Hyper Beam|p1a: Snorlax
|-crit|p1a: Snorlax
|-damage|p1a: Snorlax|0 fnt
|faint|p1a: Snorlax
|choice||
|
|switch|p1a: Alakazam|Alakazam|100\/100
|turn|68
|choice||
|
|switch|p2a: Exeggutor|Exeggutor, M|100\/100
|move|p1a: Alakazam|Thunder Wave|p2a: Exeggutor
|-status|p2a: Exeggutor|par
|
|turn|69
|choice||
|
|switch|p1a: Jynx|Jynx|100\/100
|move|p2a: Exeggutor|Sleep Powder|p1a: Jynx|[miss]
|-miss|p2a: Exeggutor
|
|turn|70
|J|EG Posho
|L|EG Posho
|choice||
|
|move|p1a: Jynx|Blizzard|p2a: Exeggutor
|-supereffective|p2a: Exeggutor
|-damage|p2a: Exeggutor|38\/100 par
|move|p2a: Exeggutor|Sleep Powder|p1a: Jynx
|-status|p1a: Jynx|slp
|
|turn|71
|choice||
|
|switch|p2a: Tauros|Tauros|100\/100
|cant|p1a: Jynx|slp
|
|turn|72
|choice||
|
|move|p2a: Tauros|Body Slam|p1a: Jynx
|-damage|p1a: Jynx|47\/100 slp
|cant|p1a: Jynx|slp
|
|turn|73
|L|Luigi
|choice||
|
|switch|p1a: Alakazam|Alakazam|100\/100
|move|p2a: Tauros|Body Slam|p1a: Alakazam
|-damage|p1a: Alakazam|49\/100
|-status|p1a: Alakazam|par
|
|turn|74
|choice||
|
|move|p2a: Tauros|Hyper Beam|p1a: Alakazam
|-damage|p1a: Alakazam|0 fnt
|faint|p1a: Alakazam
|choice||
|
|switch|p1a: Chansey|Chansey|100\/100
|turn|75
|choice||
|
|switch|p2a: Jynx|Jynx|100\/100 slp
|move|p1a: Chansey|Reflect|p1a: Chansey
|-start|p1a: Chansey|Reflect
|
|turn|76
|choice||
|
|-curestatus|p2a: Jynx|slp
|move|p1a: Chansey|Thunderbolt|p2a: Jynx
|-damage|p2a: Jynx|77\/100
|
|turn|77
|choice||
|
|move|p2a: Jynx|Blizzard|p1a: Chansey
|-damage|p1a: Chansey|82\/100
|-status|p1a: Chansey|frz
|cant|p1a: Chansey|frz
|
|turn|78
|c|★Nails|oh..
|L|katapunga
|J|Void
|choice||
|
|move|p2a: Jynx|Psychic|p1a: Chansey
|-damage|p1a: Chansey|67\/100 frz
|cant|p1a: Chansey|frz
|
|turn|79
|choice||
|
|move|p2a: Jynx|Psychic|p1a: Chansey
|-damage|p1a: Chansey|53\/100 frz
|cant|p1a: Chansey|frz
|
|turn|80
|choice||
|
|move|p2a: Jynx|Psychic|p1a: Chansey
|-damage|p1a: Chansey|39\/100 frz
|cant|p1a: Chansey|frz
|
|turn|81
|choice||
|
|switch|p1a: Jynx|Jynx|47\/100 slp
|move|p2a: Jynx|Psychic|p1a: Jynx
|-resisted|p1a: Jynx
|-damage|p1a: Jynx|32\/100 slp
|-unboost|p1a: Jynx|spd|1
|-unboost|p1a: Jynx|spa|1
|
|turn|82
|choice||
|
|cant|p1a: Jynx|slp
|move|p2a: Jynx|Psychic|p1a: Jynx
|-resisted|p1a: Jynx
|-damage|p1a: Jynx|7\/100 slp
|
|turn|83
|choice||
|
|cant|p1a: Jynx|slp
|move|p2a: Jynx|Psychic|p1a: Jynx
|-resisted|p1a: Jynx
|-damage|p1a: Jynx|0 fnt
|faint|p1a: Jynx
|choice||
|
|switch|p1a: Tauros|Tauros|100\/100
|turn|84
|choice||
|
|switch|p2a: Exeggutor|Exeggutor, M|38\/100 par
|move|p1a: Tauros|Hyper Beam|p2a: Exeggutor|[miss]
|-miss|p1a: Tauros
|
|turn|85
|choice||
|
|move|p1a: Tauros|Blizzard|p2a: Exeggutor
|-supereffective|p2a: Exeggutor
|-damage|p2a: Exeggutor|5\/100 par
|move|p2a: Exeggutor|Explosion|p1a: Tauros
|-damage|p1a: Tauros|21\/100
|faint|p2a: Exeggutor
|c|★Nails|shit
|choice||
|
|switch|p2a: Tauros|Tauros|100\/100
|turn|86
|choice||
|
|move|p1a: Tauros|Hyper Beam|p2a: Tauros
|-damage|p2a: Tauros|50\/100
|move|p2a: Tauros|Hyper Beam|p1a: Tauros|[miss]
|-miss|p2a: Tauros
|
|turn|87
|-mustrecharge|p1a: Tauros
|-mustrecharge|p1a: Tauros
|choice||
|
|move|p2a: Tauros|Hyper Beam|p1a: Tauros
|-crit|p1a: Tauros
|-damage|p1a: Tauros|0 fnt
|faint|p1a: Tauros
|choice||
|
|switch|p1a: Dragonite|Dragonite|100\/100
|turn|88
|choice||
|
|move|p2a: Tauros|Body Slam|p1a: Dragonite
|-damage|p1a: Dragonite|73\/100
|move|p1a: Dragonite|Agility|p1a: Dragonite
|-boost|p1a: Dragonite|spe|2
|
|turn|89
|choice||
|
|move|p1a: Dragonite|Wrap|p2a: Tauros
|-damage|p2a: Tauros|45\/100
|cant|p2a: Tauros|partiallytrapped
|
|turn|90
|choice||
|
|move|p1a: Dragonite|Wrap|p2a: Tauros|[from]Wrap
|-damage|p2a: Tauros|41\/100
|cant|p2a: Tauros|partiallytrapped
|
|turn|91
|choice||
|
|move|p1a: Dragonite|Wrap|p2a: Tauros|[from]Wrap
|-damage|p2a: Tauros|37\/100
|cant|p2a: Tauros|partiallytrapped
|
|turn|92
|choice||
|
|move|p1a: Dragonite|Hyper Beam|p2a: Tauros
|-damage|p2a: Tauros|0 fnt
|faint|p2a: Tauros
|choice||
|
|switch|p2a: Zapdos|Zapdos|100\/100
|turn|93
|choice||
|
|move|p1a: Dragonite|Wrap|p2a: Zapdos
|-damage|p2a: Zapdos|96\/100
|cant|p2a: Zapdos|partiallytrapped
|
|turn|94
|choice||
|
|move|p1a: Dragonite|Wrap|p2a: Zapdos|[from]Wrap
|-damage|p2a: Zapdos|91\/100
|cant|p2a: Zapdos|partiallytrapped
|
|turn|95
|choice||
|
|move|p1a: Dragonite|Wrap|p2a: Zapdos
|-damage|p2a: Zapdos|86\/100
|cant|p2a: Zapdos|partiallytrapped
|
|turn|96
|choice||
|
|move|p1a: Dragonite|Wrap|p2a: Zapdos|[from]Wrap
|-damage|p2a: Zapdos|81\/100
|cant|p2a: Zapdos|partiallytrapped
|
|turn|97
|choice||
|
|move|p1a: Dragonite|Wrap|p2a: Zapdos
|-damage|p2a: Zapdos|77\/100
|cant|p2a: Zapdos|partiallytrapped
|
|turn|98
|choice||
|
|move|p1a: Dragonite|Wrap|p2a: Zapdos|[from]Wrap
|-damage|p2a: Zapdos|72\/100
|cant|p2a: Zapdos|partiallytrapped
|
|turn|99
|choice||
|
|move|p1a: Dragonite|Wrap|p2a: Zapdos
|-damage|p2a: Zapdos|68\/100
|cant|p2a: Zapdos|partiallytrapped
|
|turn|100
|choice||
|
|move|p1a: Dragonite|Wrap|p2a: Zapdos|[from]Wrap
|-damage|p2a: Zapdos|64\/100
|cant|p2a: Zapdos|partiallytrapped
|
|turn|101
|choice||
|
|move|p1a: Dragonite|Wrap|p2a: Zapdos|[from]Wrap
|-damage|p2a: Zapdos|60\/100
|cant|p2a: Zapdos|partiallytrapped
|
|turn|102
|choice||
|
|move|p1a: Dragonite|Wrap|p2a: Zapdos
|-damage|p2a: Zapdos|55\/100
|cant|p2a: Zapdos|partiallytrapped
|
|turn|103
|choice||
|
|move|p1a: Dragonite|Wrap|p2a: Zapdos|[from]Wrap
|-damage|p2a: Zapdos|51\/100
|cant|p2a: Zapdos|partiallytrapped
|
|turn|104
|choice||
|
|move|p1a: Dragonite|Wrap|p2a: Zapdos|[from]Wrap
|-damage|p2a: Zapdos|46\/100
|cant|p2a: Zapdos|partiallytrapped
|
|turn|105
|choice||
|
|move|p1a: Dragonite|Wrap|p2a: Zapdos
|-damage|p2a: Zapdos|42\/100
|cant|p2a: Zapdos|partiallytrapped
|
|turn|106
|choice||
|
|move|p1a: Dragonite|Wrap|p2a: Zapdos|[from]Wrap
|-damage|p2a: Zapdos|37\/100
|cant|p2a: Zapdos|partiallytrapped
|
|turn|107
|choice||
|
|move|p1a: Dragonite|Wrap|p2a: Zapdos|[from]Wrap
|-damage|p2a: Zapdos|32\/100
|cant|p2a: Zapdos|partiallytrapped
|
|turn|108
|choice||
|
|move|p1a: Dragonite|Blizzard|p2a: Zapdos
|-supereffective|p2a: Zapdos
|-damage|p2a: Zapdos|0 fnt
|faint|p2a: Zapdos
|choice||
|
|switch|p2a: Jynx|Jynx|77\/100
|turn|109
|choice||
|
|move|p1a: Dragonite|Wrap|p2a: Jynx
|-damage|p2a: Jynx|70\/100
|cant|p2a: Jynx|partiallytrapped
|
|turn|110
|choice||
|
|move|p1a: Dragonite|Wrap|p2a: Jynx|[from]Wrap
|-damage|p2a: Jynx|62\/100
|cant|p2a: Jynx|partiallytrapped
|
|turn|111
|choice||
|
|move|p1a: Dragonite|Wrap|p2a: Jynx|[from]Wrap
|-damage|p2a: Jynx|55\/100
|cant|p2a: Jynx|partiallytrapped
|
|turn|112
|choice||
|
|move|p1a: Dragonite|Hyper Beam|p2a: Jynx|[miss]
|-miss|p1a: Dragonite
|move|p2a: Jynx|Blizzard|p1a: Dragonite
|-supereffective|p1a: Dragonite
|-damage|p1a: Dragonite|0 fnt
|faint|p1a: Dragonite
|c|★Nails|gg
|choice||
|
|switch|p1a: Chansey|Chansey|39\/100 frz
|turn|113
|c|★Ortheore|gg
|choice||
|
|move|p2a: Jynx|Psychic|p1a: Chansey
|-damage|p1a: Chansey|25\/100 frz
|cant|p1a: Chansey|frz
|
|turn|114
|choice||
|
|move|p2a: Jynx|Psychic|p1a: Chansey
|-damage|p1a: Chansey|11\/100 frz
|cant|p1a: Chansey|frz
|
|turn|115
|choice||
|
|move|p2a: Jynx|Psychic|p1a: Chansey
|-damage|p1a: Chansey|0 fnt
|faint|p1a: Chansey
|
|win|Ortheore