|J|fa pkingg
|J|teal6
|player|p1|fa pkingg|96
|player|p2|teal6|138
|gametype|singles
|gen|1
|tier|[Gen 1] OU
|seed|
|rule|Sleep Clause Mod: Limit one foe put to sleep
|rule|Freeze Clause Mod: Limit one foe frozen
|rule|Species Clause: Limit one of each Pokémon
|rule|OHKO Clause: OHKO moves are banned
|rule|Evasion Moves Clause: Evasion moves are banned
|rule|HP Percentage Mod: HP is shown in percentages
|
|start
|switch|p1a: Dodrio|Dodrio|100\/100
|switch|p2a: Gengar|Gengar|100\/100
|turn|1
|J|hairy toenail
|L|hairy toenail
|choice||
|
|move|p2a: Gengar|Thunderbolt|p1a: Dodrio
|-supereffective|p1a: Dodrio
|-damage|p1a: Dodrio|30\/100
|move|p1a: Dodrio|Drill Peck|p2a: Gengar
|-crit|p2a: Gengar
|-damage|p2a: Gengar|21\/100
|
|turn|2
|choice||
|
|switch|p1a: Chansey|Chansey|100\/100
|move|p2a: Gengar|Night Shade|p1a: Chansey
|-damage|p1a: Chansey|86\/100
|
|turn|3
|choice||
|
|move|p2a: Gengar|Hypnosis|p1a: Chansey|[miss]
|-miss|p2a: Gengar
|move|p1a: Chansey|Ice Beam|p2a: Gengar
|-crit|p2a: Gengar
|-damage|p2a: Gengar|0 fnt
|faint|p2a: Gengar
|J|ibaneful
|choice||
|
|switch|p2a: Snorlax|Snorlax|100\/100
|turn|4
|J|Pohjis
|choice||
|
|move|p1a: Chansey|Thunder Wave|p2a: Snorlax
|-status|p2a: Snorlax|par
|move|p2a: Snorlax|Body Slam|p1a: Chansey
|-damage|p1a: Chansey|45\/100
|
|turn|5
|choice||
|
|move|p1a: Chansey|Soft-Boiled|p1a: Chansey
|-heal|p1a: Chansey|95\/100
|move|p2a: Snorlax|Self-Destruct|p1a: Chansey
|-damage|p1a: Chansey|0 fnt
|faint|p1a: Chansey
|faint|p2a: Snorlax
|choice||
|
|switch|p1a: Exeggutor|Exeggutor|100\/100
|switch|p2a: Golem|Golem|100\/100
|turn|6
|c|★teal6|crap
|c|★teal6|hm
|c|★teal6|what sleeps..
|choice||
|
|move|p1a: Exeggutor|Sleep Powder|p2a: Golem|[miss]
|-miss|p1a: Exeggutor
|move|p2a: Golem|Explosion|p1a: Exeggutor
|-damage|p1a: Exeggutor|20\/100
|faint|p2a: Golem
|L|ibaneful
|J|veni vidi victini
|choice||
|
|switch|p2a: Tauros|Tauros|100\/100
|turn|7
|c|★fa pkingg|nothing :D
|c|★teal6|heh
|choice||
|
|switch|p1a: Snorlax|Snorlax|100\/100
|move|p2a: Tauros|Body Slam|p1a: Snorlax
|-damage|p1a: Snorlax|75\/100
|
|turn|8
|choice||
|
|move|p2a: Tauros|Body Slam|p1a: Snorlax
|-damage|p1a: Snorlax|49\/100
|move|p1a: Snorlax|Body Slam|p2a: Tauros
|-damage|p2a: Tauros|71\/100
|
|turn|9
|choice||
|
|move|p2a: Tauros|Hyper Beam|p1a: Snorlax
|-damage|p1a: Snorlax|3\/100
|move|p1a: Snorlax|Counter|p2a: Tauros
|-damage|p2a: Tauros|0 fnt
|faint|p2a: Tauros
|choice||
|
|switch|p2a: Starmie|Starmie|100\/100
|turn|10
|choice||
|
|move|p2a: Starmie|Psychic|p1a: Snorlax
|-damage|p1a: Snorlax|0 fnt
|faint|p1a: Snorlax
|choice||
|
|switch|p1a: Persian|Persian|100\/100
|turn|11
|choice||
|
|move|p2a: Starmie|Thunder Wave|p1a: Persian
|-status|p1a: Persian|par
|move|p1a: Persian|Thunder|p2a: Starmie|[miss]
|-miss|p1a: Persian
|
|turn|12
|choice||
|
|move|p2a: Starmie|Psychic|p1a: Persian
|-damage|p1a: Persian|60\/100 par
|-unboost|p1a: Persian|spd|1
|-unboost|p1a: Persian|spa|1
|cant|p1a: Persian|par
|
|turn|13
|choice||
|
|move|p2a: Starmie|Psychic|p1a: Persian
|-damage|p1a: Persian|0 fnt
|faint|p1a: Persian
|choice||
|
|switch|p1a: Tauros|Tauros|100\/100
|turn|14
|c|★teal6|.
|c|★teal6|sorry
|c|★teal6|im bad
|choice||
|
|move|p2a: Starmie|Thunder Wave|p1a: Tauros
|-status|p1a: Tauros|par
|move|p1a: Tauros|Body Slam|p2a: Starmie
|-damage|p2a: Starmie|68\/100
|
|turn|15
|c|★fa pkingg|np loool
|c|★fa pkingg|i don't mind it
|choice||
|
|move|p2a: Starmie|Psychic|p1a: Tauros
|-damage|p1a: Tauros|62\/100 par
|move|p1a: Tauros|Body Slam|p2a: Starmie
|-crit|p2a: Starmie
|-damage|p2a: Starmie|1\/100
|
|turn|16
|c|★teal6|heh
|c|★teal6|ooh
|c|★fa pkingg|persian is bad
|c|★fa pkingg|:p
|c|★fa pkingg|actually no it isn't
|c|★fa pkingg|but in this game it did 0
|c|★fa pkingg|that's what i meant
|choice||
|
|switch|p2a: Chansey|Chansey|100\/100
|cant|p1a: Tauros|par
|
|turn|17
|c|★teal6|i wanted to make a persian team
|J|Alexander
|choice||
|
|switch|p1a: Dodrio|Dodrio|30\/100
|move|p2a: Chansey|Ice Beam|p1a: Dodrio
|-supereffective|p1a: Dodrio
|-damage|p1a: Dodrio|0 fnt
|faint|p1a: Dodrio
|choice||
|
|switch|p1a: Exeggutor|Exeggutor|20\/100
|turn|18
|choice||
|
|move|p1a: Exeggutor|Psychic|p2a: Chansey
|-crit|p2a: Chansey
|-damage|p2a: Chansey|66\/100
|move|p2a: Chansey|Ice Beam|p1a: Exeggutor
|-supereffective|p1a: Exeggutor
|-damage|p1a: Exeggutor|0 fnt
|faint|p1a: Exeggutor
|choice||
|
|switch|p1a: Tauros|Tauros|62\/100 par
|turn|19
|choice||
|
|move|p2a: Chansey|Ice Beam|p1a: Tauros
|-damage|p1a: Tauros|36\/100 par
|cant|p1a: Tauros|par
|
|turn|20
|choice||
|
|move|p2a: Chansey|Ice Beam|p1a: Tauros
|-damage|p1a: Tauros|10\/100 par
|move|p1a: Tauros|Hyper Beam|p2a: Chansey
|-damage|p2a: Chansey|0 fnt
|faint|p2a: Chansey
|choice||
|
|switch|p2a: Starmie|Starmie|1\/100
|turn|21
|c|★fa pkingg|g_g
|c|★teal6|gg pal
|choice||
|
|move|p2a: Starmie|Psychic|p1a: Tauros
|-damage|p1a: Tauros|0 fnt
|faint|p1a: Tauros
|
|win|teal6