|J|slurmz
|J|dice
|player|p1|slurmz|#yellow
|player|p2|dice|168
|gametype|singles
|gen|1
|tier|[Gen 1] OU
|seed|60738,8253,51580,33830
|rule|Sleep Clause Mod: Limit one foe put to sleep
|rule|Freeze Clause Mod: Limit one foe frozen
|rule|Species Clause: Limit one of each Pokémon
|rule|OHKO Clause: OHKO moves are banned
|rule|Evasion Moves Clause: Evasion moves are banned
|rule|HP Percentage Mod: HP is shown in percentages
|
|start
|switch|p1a: Gengar|Gengar|323\/323
|switch|p2a: Gengar|Gengar|323\/323
|turn|1
|choice|move 1|move 1
|
|move|p1a: Gengar|Hypnosis|p2a: Gengar
|-status|p2a: Gengar|slp
|cant|p2a: Gengar|slp
|
|turn|2
|J|SOMALIA
|J|Time Stall
|L|SOMALIA
|choice|move 4|switch 4
|
|switch|p2a: Exeggutor|Exeggutor|393\/393
|move|p1a: Gengar|Explosion|p2a: Exeggutor
|-damage|p2a: Exeggutor|165\/393
|faint|p1a: Gengar
|choice|switch 3|
|
|switch|p1a: Zapdos|Zapdos|383\/383
|turn|3
|choice|move 1|switch 2
|
|switch|p2a: Chansey|Chansey|703\/703
|move|p1a: Zapdos|Drill Peck|p2a: Chansey
|-damage|p2a: Chansey|462\/703
|
|turn|4
|choice|switch 4|move 2
|
|switch|p1a: Chansey|Chansey|703\/703
|move|p2a: Chansey|Counter|p1a: Chansey
|-fail|p2a: Chansey
|
|turn|5
|choice|move 1|move 3
|
|move|p1a: Chansey|Ice Beam|p2a: Chansey
|-damage|p2a: Chansey|392\/703
|move|p2a: Chansey|Thunder Wave|p1a: Chansey
|-status|p1a: Chansey|par
|
|turn|6
|choice|move 1|move 4
|
|move|p2a: Chansey|Soft-Boiled|p2a: Chansey
|-heal|p2a: Chansey|703\/703
|move|p1a: Chansey|Ice Beam|p2a: Chansey
|-crit|p2a: Chansey
|-damage|p2a: Chansey|570\/703
|
|turn|7
|choice|move 1|switch 3
|
|switch|p2a: Snorlax|Snorlax|523\/523
|move|p1a: Chansey|Ice Beam|p2a: Snorlax
|-damage|p2a: Snorlax|417\/523
|
|turn|8
|choice|move 3|move 1
|
|move|p2a: Snorlax|Body Slam|p1a: Chansey
|-damage|p1a: Chansey|400\/703 par
|move|p1a: Chansey|Thunder Wave|p2a: Snorlax
|-status|p2a: Snorlax|par
|
|turn|9
|choice|move 2|move 1
|
|cant|p1a: Chansey|par
|move|p2a: Snorlax|Body Slam|p1a: Chansey
|-damage|p1a: Chansey|121\/703 par
|
|turn|10
|choice|move 2|move 1
|
|move|p1a: Chansey|Soft-Boiled|p1a: Chansey
|-heal|p1a: Chansey|472\/703 par
|move|p2a: Snorlax|Body Slam|p1a: Chansey
|-damage|p1a: Chansey|192\/703 par
|
|turn|11
|choice|move 2|move 1
|
|move|p1a: Chansey|Soft-Boiled|p1a: Chansey
|-fail|p1a: Chansey
|move|p2a: Snorlax|Body Slam|p1a: Chansey
|-damage|p1a: Chansey|0 fnt
|faint|p1a: Chansey
|c|★slurmz|ofc...
|choice|switch 5|
|
|switch|p1a: Tauros|Tauros|353\/353
|turn|12
|choice|move 1|move 4
|
|move|p1a: Tauros|Body Slam|p2a: Snorlax
|-damage|p2a: Snorlax|291\/523 par
|move|p2a: Snorlax|Self-Destruct|p1a: Tauros
|-damage|p1a: Tauros|41\/353
|faint|p2a: Snorlax
|choice||switch 5
|
|switch|p2a: Tauros|Tauros|353\/353
|turn|13
|choice|move 4|move 1
|
|move|p1a: Tauros|Hyper Beam|p2a: Tauros
|-damage|p2a: Tauros|161\/353
|move|p2a: Tauros|Body Slam|p1a: Tauros
|-crit|p1a: Tauros
|-damage|p1a: Tauros|0 fnt
|faint|p1a: Tauros
|choice|switch 4|
|
|switch|p1a: Zapdos|Zapdos|383\/383
|turn|14
|choice|move 3|move 4
|
|move|p2a: Tauros|Blizzard|p1a: Zapdos
|-supereffective|p1a: Zapdos
|-damage|p1a: Zapdos|254\/383
|move|p1a: Zapdos|Thunder Wave|p2a: Tauros
|-status|p2a: Tauros|par
|
|turn|15
|choice|move 2|switch 3
|
|switch|p2a: Chansey|Chansey|570\/703
|move|p1a: Zapdos|Thunderbolt|p2a: Chansey
|-damage|p2a: Chansey|452\/703
|
|turn|16
|choice|move 3|move 4
|
|move|p1a: Zapdos|Thunder Wave|p2a: Chansey
|-status|p2a: Chansey|par
|move|p2a: Chansey|Soft-Boiled|p2a: Chansey
|-heal|p2a: Chansey|703\/703 par
|
|turn|17
|choice|move 1|move 3
|
|move|p1a: Zapdos|Drill Peck|p2a: Chansey
|-damage|p2a: Chansey|444\/703 par
|move|p2a: Chansey|Thunder Wave|p1a: Zapdos
|-status|p1a: Zapdos|par
|
|turn|18
|choice|move 1|move 4
|
|move|p1a: Zapdos|Drill Peck|p2a: Chansey
|-damage|p2a: Chansey|204\/703 par
|move|p2a: Chansey|Soft-Boiled|p2a: Chansey
|-heal|p2a: Chansey|555\/703 par
|
|turn|19
|choice|move 1|move 4
|
|move|p1a: Zapdos|Drill Peck|p2a: Chansey
|-damage|p2a: Chansey|320\/703 par
|move|p2a: Chansey|Soft-Boiled|p2a: Chansey
|-heal|p2a: Chansey|671\/703 par
|
|turn|20
|choice|move 4|move 1
|
|move|p1a: Zapdos|Light Screen|p1a: Zapdos
|-start|p1a: Zapdos|Light Screen
|move|p2a: Chansey|Ice Beam|p1a: Zapdos
|-supereffective|p1a: Zapdos
|-damage|p1a: Zapdos|185\/383 par
|
|turn|21
|choice|move 1|move 1
|
|move|p1a: Zapdos|Drill Peck|p2a: Chansey
|-damage|p2a: Chansey|443\/703 par
|cant|p2a: Chansey|par
|
|turn|22
|choice|move 1|move 4
|
|move|p1a: Zapdos|Drill Peck|p2a: Chansey
|-damage|p2a: Chansey|201\/703 par
|move|p2a: Chansey|Soft-Boiled|p2a: Chansey
|-heal|p2a: Chansey|552\/703 par
|
|turn|23
|choice|move 1|move 4
|
|move|p1a: Zapdos|Drill Peck|p2a: Chansey
|-damage|p2a: Chansey|301\/703 par
|move|p2a: Chansey|Soft-Boiled|p2a: Chansey
|-heal|p2a: Chansey|652\/703 par
|
|turn|24
|choice|move 1|move 1
|
|move|p1a: Zapdos|Drill Peck|p2a: Chansey
|-damage|p2a: Chansey|411\/703 par
|move|p2a: Chansey|Ice Beam|p1a: Zapdos
|-supereffective|p1a: Zapdos
|-damage|p1a: Zapdos|121\/383 par
|
|turn|25
|choice|move 1|switch 6
|
|switch|p2a: Lapras|Lapras|463\/463
|cant|p1a: Zapdos|par
|
|turn|26
|choice|move 3|move 1
|
|move|p2a: Lapras|Blizzard|p1a: Zapdos|[miss]
|-miss|p2a: Lapras
|cant|p1a: Zapdos|par
|
|turn|27
|choice|move 3|move 1
|
|move|p2a: Lapras|Blizzard|p1a: Zapdos
|-supereffective|p1a: Zapdos
|-damage|p1a: Zapdos|0 fnt
|faint|p1a: Zapdos
|choice|switch 2|
|
|switch|p1a: Exeggutor|Exeggutor|393\/393
|turn|28
|choice|move 3|move 1
|
|move|p2a: Lapras|Blizzard|p1a: Exeggutor
|-supereffective|p1a: Exeggutor
|-damage|p1a: Exeggutor|154\/393
|move|p1a: Exeggutor|Psychic|p2a: Lapras
|-damage|p2a: Lapras|340\/463
|-unboost|p2a: Lapras|spd|1
|-unboost|p2a: Lapras|spa|1
|
|turn|29
|J|theurbandear
|choice|move 1|switch 3
|
|switch|p2a: Tauros|Tauros|161\/353 par
|move|p1a: Exeggutor|Sleep Powder|p2a: Tauros
|-fail|p2a: Tauros
|
|turn|30
|choice|move 3|move 3
|
|move|p1a: Exeggutor|Psychic|p2a: Tauros
|-damage|p2a: Tauros|0 fnt
|faint|p2a: Tauros
|choice||switch 3
|
|switch|p2a: Lapras|Lapras|340\/463
|turn|31
|c|★dice|do u not have a lax
|c|★dice|.-.
|c|★dice|kingler yn
|choice|switch 6|move 1
|
|switch|p1a: Kingler|Kingler|313\/313
|move|p2a: Lapras|Blizzard|p1a: Kingler
|-resisted|p1a: Kingler
|-damage|p1a: Kingler|207\/313
|
|turn|32
|c|★slurmz|y\
|c|★dice|ah.
|choice|move 2|move 2
|
|move|p1a: Kingler|Body Slam|p2a: Lapras
|-damage|p2a: Lapras|248\/463
|move|p2a: Lapras|Thunderbolt|p1a: Kingler
|-supereffective|p1a: Kingler
|-damage|p1a: Kingler|0 fnt
|faint|p1a: Kingler
|choice|switch 6|
|
|switch|p1a: Exeggutor|Exeggutor|154\/393
|turn|33
|c|★slurmz|no para
|c|★dice|kingler sux
|c|★slurmz|:[
|c|★dice|=\/
|c|★slurmz|y
|c|★slurmz|ik
|c|★slurmz|this is a fun team
|choice|move 1|move 1
|
|move|p2a: Lapras|Blizzard|p1a: Exeggutor
|-supereffective|p1a: Exeggutor
|-damage|p1a: Exeggutor|0 fnt
|faint|p1a: Exeggutor
|
|win|dice