|J|Nails
|J|Tesung
|player|p1|Nails|282
|player|p2|Tesung|1
|gametype|singles
|gen|1
|tier|[Gen 1] OU
|seed|39495,49350,9093,54831
|rule|Sleep Clause Mod: Limit one foe put to sleep
|rule|Freeze Clause Mod: Limit one foe frozen
|rule|Species Clause: Limit one of each Pokémon
|rule|OHKO Clause: OHKO moves are banned
|rule|Evasion Moves Clause: Evasion moves are banned
|rule|HP Percentage Mod: HP is shown in percentages
|
|start
|switch|p1a: Alakazam|Alakazam|313\/313
|switch|p2a: Alakazam|Alakazam|313\/313
|turn|1
|c|★Tesung|gl
|choice|move 2|move 4
|
|move|p1a: Alakazam|Thunder Wave|p2a: Alakazam
|-status|p2a: Alakazam|par
|move|p2a: Alakazam|Thunder Wave|p1a: Alakazam
|-status|p1a: Alakazam|par
|
|turn|2
|c|★Nails|u dont wish me luck in rby..
|choice|move 4|move 2
|
|move|p2a: Alakazam|Seismic Toss|p1a: Alakazam
|-damage|p1a: Alakazam|213\/313 par
|move|p1a: Alakazam|Seismic Toss|p2a: Alakazam
|-damage|p2a: Alakazam|213\/313 par
|
|turn|3
|c|★Tesung|i do..
|choice|move 4|move 2
|
|cant|p1a: Alakazam|par
|move|p2a: Alakazam|Seismic Toss|p1a: Alakazam
|-damage|p1a: Alakazam|113\/313 par
|
|turn|4
|choice|move 3|move 2
|
|move|p2a: Alakazam|Seismic Toss|p1a: Alakazam
|-damage|p1a: Alakazam|13\/313 par
|move|p1a: Alakazam|Recover|p1a: Alakazam
|-heal|p1a: Alakazam|169\/313 par
|
|turn|5
|choice|move 3|move 2
|
|move|p2a: Alakazam|Seismic Toss|p1a: Alakazam
|-damage|p1a: Alakazam|69\/313 par
|move|p1a: Alakazam|Recover|p1a: Alakazam
|-heal|p1a: Alakazam|225\/313 par
|
|turn|6
|choice|move 4|move 3
|
|move|p2a: Alakazam|Recover|p2a: Alakazam
|-heal|p2a: Alakazam|313\/313 par
|move|p1a: Alakazam|Seismic Toss|p2a: Alakazam
|-damage|p2a: Alakazam|213\/313 par
|
|turn|7
|choice|move 4|move 3
|
|move|p1a: Alakazam|Seismic Toss|p2a: Alakazam
|-damage|p2a: Alakazam|113\/313 par
|move|p2a: Alakazam|Recover|p2a: Alakazam
|-heal|p2a: Alakazam|269\/313 par
|
|turn|8
|choice|move 4|move 2
|
|move|p1a: Alakazam|Seismic Toss|p2a: Alakazam
|-damage|p2a: Alakazam|169\/313 par
|move|p2a: Alakazam|Seismic Toss|p1a: Alakazam
|-damage|p1a: Alakazam|125\/313 par
|
|turn|9
|choice|switch 3|move 2
|
|switch|p1a: Snorlax|Snorlax|523\/523
|cant|p2a: Alakazam|par
|
|turn|10
|choice|move 1|switch 5
|
|switch|p2a: Exeggutor|Exeggutor|393\/393
|move|p1a: Snorlax|Body Slam|p2a: Exeggutor
|-damage|p2a: Exeggutor|272\/393
|
|turn|11
|choice|switch 3|move 2
|
|switch|p1a: Alakazam|Alakazam|125\/313 par
|move|p2a: Exeggutor|Psychic|p1a: Alakazam
|-resisted|p1a: Alakazam
|-damage|p1a: Alakazam|78\/313 par
|-unboost|p1a: Alakazam|spd|1
|-unboost|p1a: Alakazam|spa|1
|
|turn|12
|choice|move 3|move 3
|
|move|p2a: Exeggutor|Hyper Beam|p1a: Alakazam
|-damage|p1a: Alakazam|0 fnt
|faint|p1a: Alakazam
|c|★Nails|ugh u had it
|c|★Tesung|-
|choice|switch 6|
|
|switch|p1a: Starmie|Starmie|323\/323
|turn|13
|choice|move 1|switch 4
|
|switch|p2a: Chansey|Chansey|703\/703
|move|p1a: Starmie|Blizzard|p2a: Chansey
|-damage|p2a: Chansey|614\/703
|
|turn|14
|choice|move 4|switch 5
|
|switch|p2a: Alakazam|Alakazam|169\/313 par
|move|p1a: Starmie|Thunder Wave|p2a: Alakazam
|-fail|p2a: Alakazam|par
|
|turn|15
|choice|switch 5|move 3
|
|switch|p1a: Rhydon|Rhydon|413\/413
|cant|p2a: Alakazam|par
|
|turn|16
|choice|move 2|switch 4
|
|switch|p2a: Exeggutor|Exeggutor|272\/393
|move|p1a: Rhydon|Body Slam|p2a: Exeggutor
|-damage|p2a: Exeggutor|188\/393
|
|turn|17
|choice|switch 2|move 1
|
|switch|p1a: Slowbro|Slowbro|393\/393
|move|p2a: Exeggutor|Sleep Powder|p1a: Slowbro
|-status|p1a: Slowbro|slp
|
|turn|18
|choice|switch 5|switch 4
|
|switch|p2a: Alakazam|Alakazam|169\/313 par
|switch|p1a: Starmie|Starmie|323\/323
|
|turn|19
|choice|switch 3|move 3
|
|switch|p1a: Snorlax|Snorlax|523\/523
|move|p2a: Alakazam|Recover|p2a: Alakazam
|-heal|p2a: Alakazam|313\/313 par
|
|turn|20
|choice|move 1|switch 5
|
|switch|p2a: Chansey|Chansey|614\/703
|move|p1a: Snorlax|Body Slam|p2a: Chansey
|-damage|p2a: Chansey|328\/703
|
|turn|21
|choice|move 1|move 4
|
|move|p2a: Chansey|Soft-Boiled|p2a: Chansey
|-heal|p2a: Chansey|679\/703
|move|p1a: Snorlax|Body Slam|p2a: Chansey
|-damage|p2a: Chansey|368\/703
|
|turn|22
|choice|move 1|move 4
|
|move|p2a: Chansey|Soft-Boiled|p2a: Chansey
|-heal|p2a: Chansey|703\/703
|move|p1a: Snorlax|Body Slam|p2a: Chansey
|-damage|p2a: Chansey|412\/703
|
|turn|23
|choice|move 1|move 4
|
|move|p2a: Chansey|Soft-Boiled|p2a: Chansey
|-heal|p2a: Chansey|703\/703
|move|p1a: Snorlax|Body Slam|p2a: Chansey
|-damage|p2a: Chansey|395\/703
|
|turn|24
|choice|move 1|move 1
|
|move|p2a: Chansey|Thunder Wave|p1a: Snorlax
|-status|p1a: Snorlax|par
|move|p1a: Snorlax|Body Slam|p2a: Chansey
|-crit|p2a: Chansey
|-damage|p2a: Chansey|0 fnt
|faint|p2a: Chansey
|c|★Nails|gotem
|c|★Tesung|:o
|choice||switch 3
|
|switch|p2a: Rhydon|Rhydon|413\/413
|turn|25
|choice|switch 3|move 3
|
|switch|p1a: Starmie|Starmie|323\/323
|move|p2a: Rhydon|Earthquake|p1a: Starmie
|-damage|p1a: Starmie|174\/323
|
|turn|26
|choice|move 1|switch 5
|
|switch|p2a: Alakazam|Alakazam|313\/313 par
|move|p1a: Starmie|Blizzard|p2a: Alakazam
|-damage|p2a: Alakazam|231\/313 par
|
|turn|27
|choice|move 2|move 4
|
|move|p1a: Starmie|Recover|p1a: Starmie
|-heal|p1a: Starmie|323\/323
|move|p2a: Alakazam|Thunder Wave|p1a: Starmie
|-status|p1a: Starmie|par
|
|turn|28
|choice|switch 2|move 1
|
|switch|p1a: Rhydon|Rhydon|413\/413
|move|p2a: Alakazam|Psychic|p1a: Rhydon
|-damage|p1a: Rhydon|205\/413
|-unboost|p1a: Rhydon|spd|1
|-unboost|p1a: Rhydon|spa|1
|
|turn|29
|c|★Nails|rude
|choice|move 1|switch 4
|
|switch|p2a: Exeggutor|Exeggutor|188\/393
|move|p1a: Rhydon|Earthquake|p2a: Exeggutor
|-resisted|p2a: Exeggutor
|-damage|p2a: Exeggutor|112\/393
|
|turn|30
|choice|switch 2|move 4
|
|switch|p1a: Starmie|Starmie|323\/323 par
|move|p2a: Exeggutor|Explosion|p1a: Starmie
|-crit|p1a: Starmie
|-damage|p1a: Starmie|0 fnt
|faint|p1a: Starmie
|faint|p2a: Exeggutor
|c|★Nails|also rude
|choice|switch 4|switch 5
|
|switch|p1a: Tauros|Tauros|353\/353
|switch|p2a: Rhydon|Rhydon|413\/413
|turn|31
|choice|move 2|switch 2
|
|switch|p2a: Slowbro|Slowbro|393\/393
|move|p1a: Tauros|Blizzard|p2a: Slowbro
|-crit|p2a: Slowbro
|-resisted|p2a: Slowbro
|-damage|p2a: Slowbro|311\/393
|
|turn|32
|choice|switch 3|move 1
|
|switch|p1a: Snorlax|Snorlax|523\/523 par
|move|p2a: Slowbro|Thunder Wave|p1a: Snorlax
|-fail|p1a: Snorlax|par
|
|turn|33
|choice|move 1|switch 2
|
|switch|p2a: Rhydon|Rhydon|413\/413
|cant|p1a: Snorlax|par
|
|turn|34
|choice|move 1|move 3
|
|move|p2a: Rhydon|Earthquake|p1a: Snorlax
|-damage|p1a: Snorlax|332\/523 par
|move|p1a: Snorlax|Body Slam|p2a: Rhydon
|-resisted|p2a: Rhydon
|-damage|p2a: Rhydon|363\/413
|
|turn|35
|choice|switch 3|move 1
|
|switch|p1a: Tauros|Tauros|353\/353
|move|p2a: Rhydon|Substitute|p2a: Rhydon
|-start|p2a: Rhydon|Substitute
|-damage|p2a: Rhydon|260\/413
|
|turn|36
|choice|move 3|move 3
|
|move|p1a: Tauros|Earthquake|p2a: Rhydon
|-supereffective|p2a: Rhydon
|-end|p2a: Rhydon|Substitute
|move|p2a: Rhydon|Earthquake|p1a: Tauros
|-damage|p1a: Tauros|209\/353
|
|turn|37
|choice|move 1|switch 2
|
|switch|p2a: Slowbro|Slowbro|311\/393
|move|p1a: Tauros|Body Slam|p2a: Slowbro
|-damage|p2a: Slowbro|225\/393
|
|turn|38
|choice|switch 2|move 1
|
|switch|p1a: Rhydon|Rhydon|205\/413
|move|p2a: Slowbro|Thunder Wave|p1a: Rhydon
|-immune|p1a: Rhydon|[msg]
|
|turn|39
|choice|move 1|move 2
|
|move|p1a: Rhydon|Earthquake|p2a: Slowbro
|-damage|p2a: Slowbro|82\/393
|move|p2a: Slowbro|Surf|p1a: Rhydon
|-supereffective|p1a: Rhydon
|-damage|p1a: Rhydon|0 fnt
|faint|p1a: Rhydon
|choice|switch 2|
|
|switch|p1a: Tauros|Tauros|209\/353
|turn|40
|choice|move 1|move 2
|
|move|p1a: Tauros|Body Slam|p2a: Slowbro
|-damage|p2a: Slowbro|0 fnt
|faint|p2a: Slowbro
|choice||switch 6
|
|switch|p2a: Tauros|Tauros|353\/353
|turn|41
|choice|move 1|move 2
|
|move|p2a: Tauros|Fire Blast|p1a: Tauros
|-damage|p1a: Tauros|113\/353
|move|p1a: Tauros|Body Slam|p2a: Tauros
|-damage|p2a: Tauros|247\/353
|
|turn|42
|c|★Nails|neat
|choice|move 1|move 2
|
|move|p1a: Tauros|Body Slam|p2a: Tauros
|-crit|p2a: Tauros
|-damage|p2a: Tauros|59\/353
|move|p2a: Tauros|Fire Blast|p1a: Tauros
|-crit|p1a: Tauros
|-damage|p1a: Tauros|0 fnt
|faint|p1a: Tauros
|c|★Nails|bullshit
|c|★Tesung|.trl
|c|★Nails|i made the call too
|choice|switch 3|
|
|switch|p1a: Snorlax|Snorlax|332\/523 par
|turn|43
|c|★Tesung|ye
|c|★Tesung|w\/o ur crit
|c|★Tesung|it would be a another play
|choice|move 2|move 1
|
|move|p2a: Tauros|Body Slam|p1a: Snorlax
|-damage|p1a: Snorlax|208\/523 par
|move|p1a: Snorlax|Earthquake|p2a: Tauros
|-damage|p2a: Tauros|0 fnt
|faint|p2a: Tauros
|choice||switch 2
|
|switch|p2a: Rhydon|Rhydon|260\/413
|turn|44
|choice|move 1|move 1
|
|move|p2a: Rhydon|Substitute|p2a: Rhydon
|-start|p2a: Rhydon|Substitute
|-damage|p2a: Rhydon|157\/413
|move|p1a: Snorlax|Body Slam|p2a: Rhydon
|-resisted|p2a: Rhydon
|-activate|p2a: Rhydon|Substitute|[damage]
|
|turn|45
|choice|move 2|move 2
|
|move|p2a: Rhydon|Stomp|p1a: Snorlax
|-damage|p1a: Snorlax|134\/523 par
|cant|p1a: Snorlax|flinch
|
|turn|46
|c|★Nails|-
|c|★Tesung|-
|choice|move 2|move 3
|
|move|p2a: Rhydon|Earthquake|p1a: Snorlax
|-damage|p1a: Snorlax|0 fnt
|faint|p1a: Snorlax
|c|★Nails|shoutouts dice
|choice|switch 5|
|
|switch|p1a: Slowbro|Slowbro|393\/393 slp
|turn|47
|c|★Tesung|lolol
|choice|move 3|move 3
|
|move|p2a: Rhydon|Earthquake|p1a: Slowbro
|-damage|p1a: Slowbro|255\/393 slp
|-curestatus|p1a: Slowbro|slp
|
|turn|48
|c|★Tesung|o no
|choice|move 3|switch 4
|
|switch|p2a: Alakazam|Alakazam|231\/313 par
|move|p1a: Slowbro|Psychic|p2a: Alakazam
|-resisted|p2a: Alakazam
|-damage|p2a: Alakazam|195\/313 par
|
|turn|49
|c|★Nails|?
|c|★Nails|what are u doin
|choice|move 1|move 4
|
|move|p1a: Slowbro|Amnesia|p1a: Slowbro
|-boost|p1a: Slowbro|spd|2
|-boost|p1a: Slowbro|spa|2
|move|p2a: Alakazam|Thunder Wave|p1a: Slowbro
|-status|p1a: Slowbro|par
|
|turn|50
|c|★Nails|eq just
|c|★Nails|3hkoes
|c|★Nails|thats like the 1 reason to use rhydon
|c|★Nails|over golem
|c|★Tesung|ive never used rhydon before
|c|★Tesung|im still learnin it
|c|★Tesung|i never use rocks usuually
|c|★Nails|it's like an 87% chance to 3hko bro with eq
|c|★Nails|while golem has
|c|★Nails|a 12% chance
|c|★Tesung|i
|c|★Tesung|c
|choice|move 3|move 2
|
|move|p1a: Slowbro|Psychic|p2a: Alakazam
|-resisted|p2a: Alakazam
|-damage|p2a: Alakazam|118\/313 par
|cant|p2a: Alakazam|par
|
|turn|51
|choice|move 3|move 3
|
|move|p1a: Slowbro|Psychic|p2a: Alakazam
|-resisted|p2a: Alakazam
|-damage|p2a: Alakazam|42\/313 par
|move|p2a: Alakazam|Recover|p2a: Alakazam
|-heal|p2a: Alakazam|198\/313 par
|
|turn|52
|choice|move 1|move 3
|
|move|p1a: Slowbro|Amnesia|p1a: Slowbro
|-boost|p1a: Slowbro|spd|2
|-boost|p1a: Slowbro|spa|2
|move|p2a: Alakazam|Recover|p2a: Alakazam
|-heal|p2a: Alakazam|313\/313 par
|
|turn|53
|choice|move 1|move 2
|
|cant|p1a: Slowbro|par
|move|p2a: Alakazam|Seismic Toss|p1a: Slowbro
|-damage|p1a: Slowbro|155\/393 par
|
|turn|54
|choice|move 3|move 2
|
|move|p1a: Slowbro|Psychic|p2a: Alakazam
|-resisted|p2a: Alakazam
|-damage|p2a: Alakazam|198\/313 par
|cant|p2a: Alakazam|par
|
|turn|55
|J|fapkingg
|choice|move 3|move 3
|
|move|p1a: Slowbro|Psychic|p2a: Alakazam
|-crit|p2a: Alakazam
|-resisted|p2a: Alakazam
|-damage|p2a: Alakazam|128\/313 par
|move|p2a: Alakazam|Recover|p2a: Alakazam
|-heal|p2a: Alakazam|284\/313 par
|
|turn|56
|choice|move 3|move 2
|
|move|p1a: Slowbro|Psychic|p2a: Alakazam
|-resisted|p2a: Alakazam
|-damage|p2a: Alakazam|176\/313 par
|cant|p2a: Alakazam|par
|
|turn|57
|choice|move 3|move 2
|
|cant|p1a: Slowbro|par
|cant|p2a: Alakazam|par
|
|turn|58
|choice|move 3|move 2
|
|move|p1a: Slowbro|Psychic|p2a: Alakazam
|-resisted|p2a: Alakazam
|-damage|p2a: Alakazam|72\/313 par
|move|p2a: Alakazam|Seismic Toss|p1a: Slowbro
|-damage|p1a: Slowbro|55\/393 par
|
|turn|59
|choice|move 4|move 2
|
|cant|p1a: Slowbro|par
|move|p2a: Alakazam|Seismic Toss|p1a: Slowbro
|-damage|p1a: Slowbro|0 fnt
|faint|p1a: Slowbro
|
|win|Tesung