|J|kingmidas
|J|teal6
|player|p1|kingmidas|12
|player|p2|teal6|101
|gametype|singles
|gen|1
|tier|[Gen 1] OU
|seed|8835,60459,17912,8585
|rule|Sleep Clause Mod: Limit one foe put to sleep
|rule|Freeze Clause Mod: Limit one foe frozen
|rule|Species Clause: Limit one of each Pokémon
|rule|OHKO Clause: OHKO moves are banned
|rule|Evasion Moves Clause: Evasion moves are banned
|rule|HP Percentage Mod: HP is shown in percentages
|
|start
|switch|p1a: Jolteon|Jolteon|333\/333
|switch|p2a: Jynx|Jynx|333\/333
|turn|1
|choice|move 1|move 2
|
|move|p1a: Jolteon|Pin Missile|p2a: Jynx
|-crit|p2a: Jynx
|-supereffective|p2a: Jynx
|-damage|p2a: Jynx|268\/333
|-damage|p2a: Jynx|203\/333
|-hitcount|p2a: Jynx|2
|move|p2a: Jynx|Lovely Kiss|p1a: Jolteon|[miss]
|-miss|p2a: Jynx
|
|turn|2
|choice|move 3|move 2
|
|move|p1a: Jolteon|Thunder Wave|p2a: Jynx
|-status|p2a: Jynx|par
|cant|p2a: Jynx|par
|
|turn|3
|c|★kingmidas|sorry
|choice|move 1|move 2
|
|move|p1a: Jolteon|Pin Missile|p2a: Jynx
|-supereffective|p2a: Jynx
|-damage|p2a: Jynx|171\/333 par
|-damage|p2a: Jynx|139\/333 par
|-hitcount|p2a: Jynx|2
|move|p2a: Jynx|Lovely Kiss|p1a: Jolteon|[miss]
|-miss|p2a: Jynx
|
|turn|4
|choice|move 2|move 2
|
|move|p1a: Jolteon|Thunderbolt|p2a: Jynx
|-damage|p2a: Jynx|14\/333 par
|move|p2a: Jynx|Lovely Kiss|p1a: Jolteon
|-status|p1a: Jolteon|slp
|
|turn|5
|c|★kingmidas|ok wow pin is weak
|c|★teal6|lol
|choice|switch 4|move 3
|
|switch|p1a: Alakazam|Alakazam|313\/313
|move|p2a: Jynx|Rest|p2a: Jynx
|-status|p2a: Jynx|slp
|-heal|p2a: Jynx|333\/333 slp|[silent]
|-status|p2a: Jynx|slp|[from] move: Rest
|
|turn|6
|choice|move 2|switch 4
|
|switch|p2a: Snorlax|Snorlax|523\/523
|move|p1a: Alakazam|Seismic Toss|p2a: Snorlax
|-damage|p2a: Snorlax|423\/523
|
|turn|7
|choice|switch 2|move 1
|
|switch|p1a: Snorlax|Snorlax|523\/523
|move|p2a: Snorlax|Body Slam|p1a: Snorlax
|-damage|p1a: Snorlax|393\/523
|
|turn|8
|choice|move 3|move 1
|
|move|p2a: Snorlax|Body Slam|p1a: Snorlax
|-crit|p1a: Snorlax
|-damage|p1a: Snorlax|126\/523
|move|p1a: Snorlax|Reflect|p1a: Snorlax
|-start|p1a: Snorlax|Reflect
|
|turn|9
|choice|move 4|move 3
|
|move|p1a: Snorlax|Rest|p1a: Snorlax
|-status|p1a: Snorlax|slp
|-heal|p1a: Snorlax|523\/523 slp|[silent]
|-status|p1a: Snorlax|slp|[from] move: Rest
|move|p2a: Snorlax|Hyper Beam|p1a: Snorlax
|-damage|p1a: Snorlax|405\/523 slp
|
|turn|10
|-mustrecharge|p2a: Snorlax
|-mustrecharge|p2a: Snorlax
|choice|switch 6|move 1
|
|switch|p1a: Chansey|Chansey|703\/703
|cant|p2a: Snorlax|recharge
|
|turn|11
|choice|move 2|move 1
|
|move|p1a: Chansey|Sing|p2a: Snorlax
|-status|p2a: Snorlax|slp
|cant|p2a: Snorlax|slp
|
|turn|12
|choice|move 4|switch 6
|
|switch|p2a: Chansey|Chansey|703\/703
|move|p1a: Chansey|Seismic Toss|p2a: Chansey
|-damage|p2a: Chansey|603\/703
|
|turn|13
|choice|switch 6|move 1
|
|switch|p1a: Snorlax|Snorlax|405\/523 slp
|move|p2a: Chansey|Ice Beam|p1a: Snorlax
|-damage|p1a: Snorlax|304\/523 slp
|
|turn|14
|choice|move 2|switch 3
|
|switch|p2a: Tauros|Tauros|353\/353
|cant|p1a: Snorlax|slp
|
|turn|15
|choice|switch 3|move 1
|
|switch|p1a: Starmie|Starmie|323\/323
|move|p2a: Tauros|Body Slam|p1a: Starmie
|-damage|p1a: Starmie|210\/323
|
|turn|16
|choice|switch 4|switch 3
|
|switch|p1a: Jolteon|Jolteon|333\/333 slp
|switch|p2a: Chansey|Chansey|603\/703
|
|turn|17
|choice|switch 3|switch 3
|
|switch|p1a: Snorlax|Snorlax|304\/523 slp
|switch|p2a: Tauros|Tauros|353\/353
|
|turn|18
|choice|switch 6|move 1
|
|switch|p1a: Chansey|Chansey|703\/703
|move|p2a: Tauros|Body Slam|p1a: Chansey
|-crit|p1a: Chansey
|-damage|p1a: Chansey|152\/703
|
|turn|19
|choice|move 3|move 1
|
|move|p2a: Tauros|Body Slam|p1a: Chansey
|-damage|p1a: Chansey|0 fnt
|faint|p1a: Chansey
|choice|switch 2|
|
|switch|p1a: Alakazam|Alakazam|313\/313
|turn|20
|choice|move 3|switch 3
|
|switch|p2a: Chansey|Chansey|603\/703
|move|p1a: Alakazam|Thunder Wave|p2a: Chansey
|-status|p2a: Chansey|par
|
|turn|21
|choice|switch 6|move 4
|
|switch|p1a: Snorlax|Snorlax|304\/523 slp
|move|p2a: Chansey|Thunderbolt|p1a: Snorlax
|-damage|p1a: Snorlax|199\/523 slp
|
|turn|22
|choice|move 1|switch 3
|
|switch|p2a: Tauros|Tauros|353\/353
|-curestatus|p1a: Snorlax|slp
|
|turn|23
|choice|switch 6|move 4
|
|switch|p1a: Alakazam|Alakazam|313\/313
|move|p2a: Tauros|Hyper Beam|p1a: Alakazam
|-damage|p1a: Alakazam|44\/313
|
|turn|24
|-mustrecharge|p2a: Tauros
|-mustrecharge|p2a: Tauros
|choice|move 3|move 1
|
|move|p1a: Alakazam|Thunder Wave|p2a: Tauros
|-status|p2a: Tauros|par
|cant|p2a: Tauros|recharge
|
|turn|25
|choice|move 4|move 4
|
|move|p1a: Alakazam|Recover|p1a: Alakazam
|-heal|p1a: Alakazam|200\/313
|move|p2a: Tauros|Hyper Beam|p1a: Alakazam
|-damage|p1a: Alakazam|0 fnt
|faint|p1a: Alakazam
|choice|switch 6|
|
|switch|p1a: Snorlax|Snorlax|199\/523
|turn|26
|choice|move 3|move 1
|
|move|p1a: Snorlax|Reflect|p1a: Snorlax
|-start|p1a: Snorlax|Reflect
|move|p2a: Tauros|Body Slam|p1a: Snorlax
|-damage|p1a: Snorlax|136\/523
|
|turn|27
|choice|move 1|move 1
|
|move|p1a: Snorlax|Body Slam|p2a: Tauros
|-damage|p2a: Tauros|246\/353 par
|cant|p2a: Tauros|par
|
|turn|28
|choice|move 1|move 1
|
|move|p1a: Snorlax|Body Slam|p2a: Tauros
|-damage|p2a: Tauros|126\/353 par
|move|p2a: Tauros|Body Slam|p1a: Snorlax
|-crit|p1a: Snorlax
|-damage|p1a: Snorlax|0 fnt
|faint|p1a: Snorlax
|choice|switch 5|
|
|switch|p1a: Koopacow|Tauros|353\/353
|turn|29
|choice|move 4|move 1
|
|move|p1a: Koopacow|Hyper Beam|p2a: Tauros
|-damage|p2a: Tauros|0 fnt
|faint|p2a: Tauros
|choice||switch 5
|
|switch|p2a: Exeggutor|Exeggutor|393\/393
|turn|30
|choice|switch 4|move 4
|
|switch|p1a: Starmie|Starmie|210\/323
|move|p2a: Exeggutor|Stun Spore|p1a: Starmie
|-status|p1a: Starmie|par
|
|turn|31
|choice|move 4|switch 3
|
|switch|p2a: Chansey|Chansey|603\/703 par
|move|p1a: Starmie|Thunder Wave|p2a: Chansey
|-fail|p2a: Chansey|par
|
|turn|32
|choice|move 3|move 4
|
|cant|p1a: Starmie|par
|move|p2a: Chansey|Thunderbolt|p1a: Starmie
|-supereffective|p1a: Starmie
|-damage|p1a: Starmie|44\/323 par
|
|turn|33
|choice|switch 3|move 4
|
|switch|p1a: Jolteon|Jolteon|333\/333 slp
|move|p2a: Chansey|Thunderbolt|p1a: Jolteon
|-resisted|p1a: Jolteon
|-damage|p1a: Jolteon|295\/333 slp
|
|turn|34
|choice|move 4|move 1
|
|cant|p1a: Jolteon|slp
|move|p2a: Chansey|Ice Beam|p1a: Jolteon
|-damage|p1a: Jolteon|220\/333 slp
|
|turn|35
|choice|move 4|switch 3
|
|switch|p2a: Exeggutor|Exeggutor|393\/393
|cant|p1a: Jolteon|slp
|
|turn|36
|choice|move 1|move 1
|
|cant|p1a: Jolteon|slp
|move|p2a: Exeggutor|Psychic|p1a: Jolteon
|-damage|p1a: Jolteon|103\/333 slp
|-unboost|p1a: Jolteon|spd|1
|-unboost|p1a: Jolteon|spa|1
|
|turn|37
|choice|move 1|move 1
|
|cant|p1a: Jolteon|slp
|move|p2a: Exeggutor|Psychic|p1a: Jolteon
|-damage|p1a: Jolteon|0 fnt
|faint|p1a: Jolteon
|choice|switch 4|
|
|switch|p1a: Koopacow|Tauros|353\/353
|turn|38
|c|★kingmidas|wait what are the sleep ratios for rby?
|c|★kingmidas|2-7?
|c|★teal6|i forget exactly
|choice|move 4|move 2
|
|move|p1a: Koopacow|Hyper Beam|p2a: Exeggutor
|-damage|p2a: Exeggutor|188\/393
|move|p2a: Exeggutor|Sleep Powder|p1a: Koopacow
|-status|p1a: Koopacow|slp
|
|turn|39
|-mustrecharge|p1a: Koopacow
|c|★kingmidas|w.e not important, gg 
|c|★teal6|gg
|c|★kingmidas|no idea what I was doing but was fun
|-mustrecharge|p1a: Koopacow
|choice|move 1|move 3
|
|cant|p1a: Koopacow|recharge
|move|p2a: Exeggutor|Explosion|p1a: Koopacow
|-damage|p1a: Koopacow|79\/353 slp
|faint|p2a: Exeggutor
|choice||switch 2
|
|switch|p2a: Zapdos|Zapdos|383\/383
|turn|40
|choice|move 2|move 1
|
|cant|p1a: Koopacow|slp
|move|p2a: Zapdos|Thunderbolt|p1a: Koopacow
|-damage|p1a: Koopacow|0 fnt
|faint|p1a: Koopacow
|choice|switch 3|
|
|switch|p1a: Starmie|Starmie|44\/323 par
|turn|41
|choice|move 2|move 1
|
|move|p2a: Zapdos|Thunderbolt|p1a: Starmie
|-supereffective|p1a: Starmie
|-damage|p1a: Starmie|0 fnt
|faint|p1a: Starmie
|
|win|teal6