|inactive|Battle timer is ON: inactive players will automatically lose when time's up.
|J|CrapAtRBY
|J|Sam
|player|p1|CrapAtRBY|170
|player|p2|Sam|237
|gametype|singles
|gen|1
|tier|[Gen 1] OU
|rule|Sleep Clause Mod: Limit one foe put to sleep
|rule|Freeze Clause Mod: Limit one foe frozen
|rule|Species Clause: Limit one of each Pokémon
|rule|OHKO Clause: OHKO moves are banned
|rule|Evasion Moves Clause: Evasion moves are banned
|rule|HP Percentage Mod: HP is shown in percentages
|
|start
|switch|p1a: Jynx|Jynx|333\/333
|switch|p2a: Alakazam|Alakazam|313\/313
|turn|1
|
|move|p2a: Alakazam|Thunder Wave|p1a: Jynx
|-status|p1a: Jynx|par
|move|p1a: Jynx|Blizzard|p2a: Alakazam
|-damage|p2a: Alakazam|200\/313
|
|turn|2
|
|move|p2a: Alakazam|Seismic Toss|p1a: Jynx
|-damage|p1a: Jynx|233\/333 par
|cant|p1a: Jynx|par
|
|turn|3
|
|move|p2a: Alakazam|Seismic Toss|p1a: Jynx
|-damage|p1a: Jynx|133\/333 par
|move|p1a: Jynx|Lovely Kiss|p2a: Alakazam
|-status|p2a: Alakazam|slp
|
|turn|4
|J|Dieu Insolourdo
|
|cant|p2a: Alakazam|slp
|move|p1a: Jynx|Blizzard|p2a: Alakazam
|-damage|p2a: Alakazam|94\/313 slp
|
|turn|5
|
|switch|p2a: Starmie|Starmie|323\/323
|cant|p1a: Jynx|par
|
|turn|6
|
|switch|p1a: Chansey|Chansey|703\/703
|move|p2a: Starmie|Surf|p1a: Chansey
|-damage|p1a: Chansey|597\/703
|
|turn|7
|
|switch|p2a: Golem|Golem|363\/363
|move|p1a: Chansey|Ice Beam|p2a: Golem
|-supereffective|p2a: Golem
|-damage|p2a: Golem|133\/363
|
|turn|8
|
|switch|p1a: Exeggutor|Exeggutor|393\/393
|switch|p2a: Exeggutor|Exeggutor|393\/393
|
|turn|9
|
|switch|p1a: Jynx|Jynx|133\/333 par
|move|p2a: Exeggutor|Psychic|p1a: Jynx
|-resisted|p1a: Jynx
|-damage|p1a: Jynx|73\/333 par
|
|turn|10
|
|switch|p2a: Starmie|Starmie|323\/323
|move|p1a: Jynx|Blizzard|p2a: Starmie
|-resisted|p2a: Starmie
|-damage|p2a: Starmie|259\/323
|-status|p2a: Starmie|frz
|
|turn|11
|
|switch|p2a: Chansey|Chansey|703\/703
|switch|p1a: Exeggutor|Exeggutor|393\/393
|
|turn|12
|
|switch|p2a: Starmie|Starmie|259\/323 frz
|move|p1a: Exeggutor|Stun Spore|p2a: Starmie|[miss]
|-miss|p1a: Exeggutor
|
|turn|13
|J|pork chop man
|
|switch|p1a: Snorlax|Snorlax|523\/523
|cant|p2a: Starmie|frz
|
|turn|14
|
|switch|p2a: Golem|Golem|133\/363
|move|p1a: Snorlax|Reflect|p1a: Snorlax
|-start|p1a: Snorlax|Reflect
|
|turn|15
|
|move|p2a: Golem|Explosion|p1a: Snorlax
|-damage|p1a: Snorlax|328\/523
|faint|p2a: Golem
|
|switch|p2a: Exeggutor|Exeggutor|393\/393
|turn|16
|
|move|p2a: Exeggutor|Sleep Powder|p1a: Snorlax|[miss]
|-miss|p2a: Exeggutor
|move|p1a: Snorlax|Amnesia|p1a: Snorlax
|-boost|p1a: Snorlax|spd|2
|-boost|p1a: Snorlax|spa|2
|
|turn|17
|
|switch|p1a: Jynx|Jynx|73\/333 par
|move|p2a: Exeggutor|Sleep Powder|p1a: Jynx|[miss]
|-miss|p2a: Exeggutor
|
|turn|18
|
|switch|p2a: Chansey|Chansey|703\/703
|move|p1a: Jynx|Blizzard|p2a: Chansey
|-damage|p2a: Chansey|580\/703
|
|turn|19
|
|switch|p1a: Exeggutor|Exeggutor|393\/393
|move|p2a: Chansey|Seismic Toss|p1a: Exeggutor
|-damage|p1a: Exeggutor|293\/393
|
|turn|20
|J|ForgottenOnes
|L|pork chop man
|L|ForgottenOnes
|
|switch|p2a: Starmie|Starmie|259\/323 frz
|move|p1a: Exeggutor|Stun Spore|p2a: Starmie
|-fail|p2a: Starmie
|
|turn|21
|
|switch|p2a: Exeggutor|Exeggutor|393\/393
|switch|p1a: Snorlax|Snorlax|328\/523
|
|turn|22
|
|switch|p1a: Jynx|Jynx|73\/333 par
|move|p2a: Exeggutor|Sleep Powder|p1a: Jynx
|-fail|p1a: Jynx
|
|turn|23
|
|switch|p2a: Chansey|Chansey|580\/703
|move|p1a: Jynx|Psychic|p2a: Chansey
|-damage|p2a: Chansey|474\/703
|
|turn|24
|
|move|p2a: Chansey|Thunder Wave|p1a: Jynx
|-fail|p1a: Jynx|par
|cant|p1a: Jynx|par
|
|turn|25
|
|move|p2a: Chansey|Seismic Toss|p1a: Jynx
|-damage|p1a: Jynx|0 fnt
|faint|p1a: Jynx
|
|switch|p1a: Exeggutor|Exeggutor|293\/393
|turn|26
|
|switch|p2a: Starmie|Starmie|259\/323 frz
|move|p1a: Exeggutor|Stun Spore|p2a: Starmie
|-fail|p2a: Starmie
|
|turn|27
|
|cant|p2a: Starmie|frz
|move|p1a: Exeggutor|Psychic|p2a: Starmie
|-resisted|p2a: Starmie
|-damage|p2a: Starmie|192\/323 frz
|-unboost|p2a: Starmie|spd|1
|-unboost|p2a: Starmie|spa|1
|
|turn|28
|
|switch|p2a: Exeggutor|Exeggutor|393\/393
|move|p1a: Exeggutor|Psychic|p2a: Exeggutor
|-resisted|p2a: Exeggutor
|-damage|p2a: Exeggutor|336\/393
|
|turn|29
|
|move|p2a: Exeggutor|Sleep Powder|p1a: Exeggutor
|-status|p1a: Exeggutor|slp
|cant|p1a: Exeggutor|slp
|
|turn|30
|
|switch|p2a: Tauros|Tauros|353\/353
|switch|p1a: Chansey|Chansey|597\/703
|
|turn|31
|
|move|p2a: Tauros|Body Slam|p1a: Chansey
|-damage|p1a: Chansey|338\/703
|move|p1a: Chansey|Thunder Wave|p2a: Tauros
|-status|p2a: Tauros|par
|
|turn|32
|
|move|p1a: Chansey|Soft-Boiled|p1a: Chansey
|-heal|p1a: Chansey|689\/703
|move|p2a: Tauros|Body Slam|p1a: Chansey
|-damage|p1a: Chansey|401\/703
|
|turn|33
|
|move|p1a: Chansey|Soft-Boiled|p1a: Chansey
|-heal|p1a: Chansey|703\/703
|move|p2a: Tauros|Body Slam|p1a: Chansey
|-crit|p1a: Chansey
|-damage|p1a: Chansey|157\/703
|
|turn|34
|
|move|p1a: Chansey|Soft-Boiled|p1a: Chansey
|-heal|p1a: Chansey|508\/703
|cant|p2a: Tauros|par
|
|turn|35
|
|switch|p1a: Tauros|Tauros|353\/353
|cant|p2a: Tauros|par
|
|turn|36
|
|switch|p2a: Starmie|Starmie|192\/323 frz
|move|p1a: Tauros|Body Slam|p2a: Starmie
|-damage|p2a: Starmie|77\/323 frz
|
|turn|37
|
|switch|p1a: Snorlax|Snorlax|328\/523
|cant|p2a: Starmie|frz
|
|turn|38
|
|switch|p2a: Exeggutor|Exeggutor|336\/393
|move|p1a: Snorlax|Reflect|p1a: Snorlax
|-start|p1a: Snorlax|Reflect
|
|turn|39
|
|move|p2a: Exeggutor|Stun Spore|p1a: Snorlax
|-status|p1a: Snorlax|par
|move|p1a: Snorlax|Amnesia|p1a: Snorlax
|-boost|p1a: Snorlax|spd|2
|-boost|p1a: Snorlax|spa|2
|
|turn|40
|
|move|p2a: Exeggutor|Psychic|p1a: Snorlax
|-damage|p1a: Snorlax|242\/523 par
|move|p1a: Snorlax|Amnesia|p1a: Snorlax
|-boost|p1a: Snorlax|spd|2
|-boost|p1a: Snorlax|spa|2
|
|turn|41
|
|move|p2a: Exeggutor|Psychic|p1a: Snorlax
|-damage|p1a: Snorlax|186\/523 par
|-unboost|p1a: Snorlax|spd|1
|-unboost|p1a: Snorlax|spa|1
|cant|p1a: Snorlax|par
|
|turn|42
|
|move|p2a: Exeggutor|Psychic|p1a: Snorlax
|-damage|p1a: Snorlax|125\/523 par
|-unboost|p1a: Snorlax|spd|1
|-unboost|p1a: Snorlax|spa|1
|move|p1a: Snorlax|Amnesia|p1a: Snorlax
|-boost|p1a: Snorlax|spd|2
|-boost|p1a: Snorlax|spa|2
|
|turn|43
|
|switch|p2a: Chansey|Chansey|474\/703
|move|p1a: Snorlax|Rest|p1a: Snorlax
|-status|p1a: Snorlax|slp
|-heal|p1a: Snorlax|523\/523 slp|[silent]
|-status|p1a: Snorlax|slp|[from] move: Rest
|
|turn|44
|
|move|p2a: Chansey|Seismic Toss|p1a: Snorlax
|-damage|p1a: Snorlax|423\/523 slp
|cant|p1a: Snorlax|slp
|
|turn|45
|
|move|p2a: Chansey|Seismic Toss|p1a: Snorlax
|-damage|p1a: Snorlax|323\/523 slp
|cant|p1a: Snorlax|slp
|-curestatus|p1a: Snorlax|slp
|
|turn|46
|
|move|p2a: Chansey|Thunder Wave|p1a: Snorlax
|-status|p1a: Snorlax|par
|cant|p1a: Snorlax|par
|
|turn|47
|
|switch|p2a: Tauros|Tauros|353\/353 par
|cant|p1a: Snorlax|par
|
|turn|48
|
|cant|p2a: Tauros|par
|move|p1a: Snorlax|Amnesia|p1a: Snorlax
|-boost|p1a: Snorlax|spd|2
|-boost|p1a: Snorlax|spa|2
|
|turn|49
|
|move|p2a: Tauros|Body Slam|p1a: Snorlax
|-crit|p1a: Snorlax
|-damage|p1a: Snorlax|55\/523 par
|move|p1a: Snorlax|Ice Beam|p2a: Tauros
|-damage|p2a: Tauros|43\/353 par
|
|turn|50
|
|move|p2a: Tauros|Body Slam|p1a: Snorlax
|-damage|p1a: Snorlax|0 fnt
|faint|p1a: Snorlax
|
|switch|p1a: Zapdos|Zapdos|383\/383
|turn|51
|
|switch|p2a: Chansey|Chansey|474\/703
|move|p1a: Zapdos|Drill Peck|p2a: Chansey
|-damage|p2a: Chansey|249\/703
|
|turn|52
|
|move|p1a: Zapdos|Drill Peck|p2a: Chansey
|-damage|p2a: Chansey|0 fnt
|faint|p2a: Chansey
|
|switch|p2a: Exeggutor|Exeggutor|336\/393
|turn|53
|
|move|p1a: Zapdos|Thunder Wave|p2a: Exeggutor
|-status|p2a: Exeggutor|par
|move|p2a: Exeggutor|Stun Spore|p1a: Zapdos
|-status|p1a: Zapdos|par
|
|turn|54
|
|move|p1a: Zapdos|Agility|p1a: Zapdos
|-boost|p1a: Zapdos|spe|2
|cant|p2a: Exeggutor|par
|
|turn|55
|J|ForgottenOnes
|L|ForgottenOnes
|
|move|p1a: Zapdos|Drill Peck|p2a: Exeggutor
|-crit|p2a: Exeggutor
|-supereffective|p2a: Exeggutor
|-damage|p2a: Exeggutor|0 fnt
|faint|p2a: Exeggutor
|c|★Sam|gg
|
|switch|p2a: Tauros|Tauros|43\/353 par
|turn|56
|
|move|p1a: Zapdos|Drill Peck|p2a: Tauros
|-crit|p2a: Tauros
|-damage|p2a: Tauros|0 fnt
|faint|p2a: Tauros
|-message|Sam forfeited.
|
|win|CrapAtRBY