|inactive|Battle timer is ON: inactive players will automatically lose when time's up.
|J|Dear Ophelia
|J|Nails
|player|p1|Dear Ophelia|70
|player|p2|Nails|266
|gametype|singles
|gen|1
|tier|[Gen 1] OU
|seed|51533,49572,17369,45700
|rule|Sleep Clause Mod: Limit one foe put to sleep
|rule|Freeze Clause Mod: Limit one foe frozen
|rule|Species Clause: Limit one of each Pokémon
|rule|OHKO Clause: OHKO moves are banned
|rule|Evasion Moves Clause: Evasion moves are banned
|rule|HP Percentage Mod: HP is shown in percentages
|
|start
|switch|p1a: MoP|Gengar|323\/323
|switch|p2a: Alakazam|Alakazam|313\/313
|turn|1
|J|Alexander
|J|BKC
|J|Alex Galchenyuk
|J|TDK
|choice|switch 2|move 2
|
|switch|p1a: Megidolaon|Exeggutor|393\/393
|move|p2a: Alakazam|Psychic|p1a: Megidolaon
|-crit|p1a: Megidolaon
|-resisted|p1a: Megidolaon
|-damage|p1a: Megidolaon|292\/393
|
|turn|2
|J|HellPowna
|c|%BKC|hail satan
|choice|move 1|move 1
|
|move|p2a: Alakazam|Thunder Wave|p1a: Megidolaon
|-status|p1a: Megidolaon|par
|move|p1a: Megidolaon|Sleep Powder|p2a: Alakazam|[miss]
|-miss|p1a: Megidolaon
|
|turn|3
|J|EG Posho
|choice|move 1|move 3
|
|move|p2a: Alakazam|Seismic Toss|p1a: Megidolaon
|-damage|p1a: Megidolaon|192\/393 par
|cant|p1a: Megidolaon|par
|
|turn|4
|L|EG Posho
|c|★Dear Ophelia|bad eggy
|J|Demerging
|choice|move 1|move 3
|
|move|p2a: Alakazam|Seismic Toss|p1a: Megidolaon
|-damage|p1a: Megidolaon|92\/393 par
|move|p1a: Megidolaon|Sleep Powder|p2a: Alakazam
|-status|p2a: Alakazam|slp
|
|turn|5
|L|Demerging
|J|Purrl
|J|Happen
|J|celebitrainer36
|L|Happen
|choice|move 4|switch 2
|
|switch|p2a: Exeggutor|Exeggutor|393\/393
|move|p1a: Megidolaon|Explosion|p2a: Exeggutor
|-damage|p2a: Exeggutor|89\/393
|faint|p1a: Megidolaon
|J|Omfuga
|choice|switch 5|
|
|switch|p1a: MASTERMUNE|Tauros|353\/353
|turn|6
|choice|move 1|switch 4
|
|switch|p2a: Slowbro|Slowbro|393\/393
|move|p1a: MASTERMUNE|Body Slam|p2a: Slowbro
|-damage|p2a: Slowbro|299\/393
|-status|p2a: Slowbro|par
|
|turn|7
|c|+HellPowna|ophealia since i need inspiration for my next dp team and i rly love ur nick, can u tell me ur fav pokemon
|choice|switch 2|move 1
|
|switch|p1a: MoP|Gengar|323\/323
|cant|p2a: Slowbro|par
|
|turn|8
|choice|move 1|move 1
|
|move|p1a: MoP|Thunderbolt|p2a: Slowbro
|-supereffective|p2a: Slowbro
|-damage|p2a: Slowbro|79\/393 par
|move|p2a: Slowbro|Thunder Wave|p1a: MoP
|-status|p1a: MoP|par
|
|turn|9
|c|★Dear Ophelia|it's victini
|c|★Dear Ophelia|oo
|choice|move 1|switch 3
|
|switch|p2a: Chansey|Chansey|703\/703
|move|p1a: MoP|Thunderbolt|p2a: Chansey
|-damage|p2a: Chansey|614\/703
|
|turn|10
|choice|move 3|move 2
|
|move|p2a: Chansey|Reflect|p2a: Chansey
|-start|p2a: Chansey|Reflect
|move|p1a: MoP|Explosion|p2a: Chansey
|-damage|p2a: Chansey|353\/703
|faint|p1a: MoP
|c|%BKC|0
|c|★Dear Ophelia|rude
|choice|switch 6|
|
|switch|p1a: CHONSEY|Chansey|703\/703
|turn|11
|c|+Omfuga|lol
|choice|move 1|move 4
|
|move|p1a: CHONSEY|Ice Beam|p2a: Chansey
|-damage|p2a: Chansey|278\/703
|move|p2a: Chansey|Soft-Boiled|p2a: Chansey
|-heal|p2a: Chansey|629\/703
|
|turn|12
|c|+Purrl|lmao i like
|c|+Purrl|gengar's name
|L|HellPowna
|choice|move 1|switch 2
|
|switch|p2a: Alakazam|Alakazam|313\/313 slp
|move|p1a: CHONSEY|Ice Beam|p2a: Alakazam
|-damage|p2a: Alakazam|254\/313 slp
|
|turn|13
|c|+Purrl|as a previous member of the sharks
|J|bro fist
|choice|switch 2|switch 6
|
|switch|p2a: Snorlax|Snorlax|523\/523
|switch|p1a: MASTERMUNE|Tauros|353\/353
|
|turn|14
|choice|switch 3|move 2
|
|switch|p1a: BORIS|Snorlax|523\/523
|move|p2a: Snorlax|Amnesia|p2a: Snorlax
|-boost|p2a: Snorlax|spd|2
|-boost|p2a: Snorlax|spa|2
|
|turn|15
|choice|move 1|move 3
|
|move|p1a: BORIS|Body Slam|p2a: Snorlax
|-damage|p2a: Snorlax|382\/523
|move|p2a: Snorlax|Blizzard|p1a: BORIS|[miss]
|-miss|p2a: Snorlax
|
|turn|16
|choice|move 1|move 3
|
|move|p2a: Snorlax|Blizzard|p1a: BORIS
|-damage|p1a: BORIS|343\/523
|move|p1a: BORIS|Body Slam|p2a: Snorlax
|-damage|p2a: Snorlax|236\/523
|
|turn|17
|choice|move 1|move 4
|
|move|p1a: BORIS|Body Slam|p2a: Snorlax
|-damage|p2a: Snorlax|95\/523
|move|p2a: Snorlax|Self-Destruct|p1a: BORIS
|-damage|p1a: BORIS|0 fnt
|faint|p1a: BORIS
|faint|p2a: Snorlax
|choice|switch 4|switch 5
|
|switch|p1a: Lucky Star|Starmie|323\/323
|switch|p2a: Tauros|Tauros|353\/353
|turn|18
|J|Finchinator
|choice|move 1|switch 2
|
|switch|p2a: Chansey|Chansey|629\/703
|move|p1a: Lucky Star|Blizzard|p2a: Chansey
|-damage|p2a: Chansey|540\/703
|-status|p2a: Chansey|frz
|
|turn|19
|c|★Nails|ugh.
|c|+Finchinator|luckE
|choice|move 3|switch 3
|
|switch|p2a: Slowbro|Slowbro|79\/393 par
|move|p1a: Lucky Star|Thunder Wave|p2a: Slowbro
|-fail|p2a: Slowbro|par
|
|turn|20
|choice|move 2|move 1
|
|move|p1a: Lucky Star|Thunderbolt|p2a: Slowbro
|-supereffective|p2a: Slowbro
|-damage|p2a: Slowbro|0 fnt
|faint|p2a: Slowbro
|choice||switch 6
|
|switch|p2a: Alakazam|Alakazam|254\/313 slp
|turn|21
|c|★Nails|ugh im sad
|choice|move 1|move 1
|
|cant|p2a: Alakazam|slp
|move|p1a: Lucky Star|Blizzard|p2a: Alakazam
|-damage|p2a: Alakazam|175\/313 slp
|
|turn|22
|c|★Nails|that i choked g1
|c|★Nails|that badly
|choice|switch 3|move 1
|
|switch|p1a: MASTERMUNE|Tauros|353\/353
|cant|p2a: Alakazam|slp
|
|turn|23
|choice|move 1|switch 3
|
|switch|p2a: Chansey|Chansey|540\/703 frz
|move|p1a: MASTERMUNE|Body Slam|p2a: Chansey
|-damage|p2a: Chansey|269\/703 frz
|
|turn|24
|choice|switch 3|move 1
|
|switch|p1a: Lucky Star|Starmie|323\/323
|cant|p2a: Chansey|frz
|
|turn|25
|choice|move 2|switch 3
|
|switch|p2a: Alakazam|Alakazam|175\/313 slp
|move|p1a: Lucky Star|Thunderbolt|p2a: Alakazam
|-damage|p2a: Alakazam|111\/313 slp
|
|turn|26
|choice|move 2|move 2
|
|cant|p2a: Alakazam|slp
|move|p1a: Lucky Star|Thunderbolt|p2a: Alakazam
|-crit|p2a: Alakazam
|-damage|p2a: Alakazam|1\/313 slp
|
|turn|27
|choice|move 2|move 1
|
|-curestatus|p2a: Alakazam|slp
|move|p1a: Lucky Star|Thunderbolt|p2a: Alakazam
|-crit|p2a: Alakazam
|-damage|p2a: Alakazam|0 fnt
|faint|p2a: Alakazam
|choice||switch 4
|
|switch|p2a: Exeggutor|Exeggutor|89\/393
|turn|28
|choice|move 1|move 1
|
|move|p1a: Lucky Star|Blizzard|p2a: Exeggutor
|-crit|p2a: Exeggutor
|-supereffective|p2a: Exeggutor
|-damage|p2a: Exeggutor|0 fnt
|faint|p2a: Exeggutor
|choice||switch 2
|
|switch|p2a: Tauros|Tauros|353\/353
|turn|29
|c|★Nails|ugh
|choice|move 3|move 1
|
|move|p1a: Lucky Star|Thunder Wave|p2a: Tauros
|-status|p2a: Tauros|par
|move|p2a: Tauros|Body Slam|p1a: Lucky Star
|-damage|p1a: Lucky Star|219\/323
|
|turn|30
|c|★Nails|i wanted g3
|c|★Nails|GGs
|choice|move 2|move 1
|
|move|p1a: Lucky Star|Thunderbolt|p2a: Tauros
|-damage|p2a: Tauros|264\/353 par
|move|p2a: Tauros|Body Slam|p1a: Lucky Star
|-damage|p1a: Lucky Star|111\/323
|
|turn|31
|choice|move 2|move 3
|
|move|p1a: Lucky Star|Thunderbolt|p2a: Tauros
|-damage|p2a: Tauros|174\/353 par
|move|p2a: Tauros|Hyper Beam|p1a: Lucky Star
|-damage|p1a: Lucky Star|0 fnt
|faint|p1a: Lucky Star
|choice|switch 2|
|
|switch|p1a: CHONSEY|Chansey|703\/703
|turn|32
|choice|move 1|move 3
|
|move|p1a: CHONSEY|Ice Beam|p2a: Tauros
|-damage|p2a: Tauros|73\/353 par
|cant|p2a: Tauros|par
|
|turn|33
|choice|move 1|move 3
|
|move|p1a: CHONSEY|Ice Beam|p2a: Tauros
|-damage|p2a: Tauros|0 fnt
|faint|p2a: Tauros
|c|★Dear Ophelia|ggs
|L|Purrl
|choice||switch 3
|
|switch|p2a: Chansey|Chansey|269\/703 frz
|turn|34
|L|BKC
|choice|switch 3|move 2
|
|switch|p1a: MASTERMUNE|Tauros|353\/353
|cant|p2a: Chansey|frz
|
|turn|35
|choice|move 4|move 2
|
|move|p1a: MASTERMUNE|Hyper Beam|p2a: Chansey
|-damage|p2a: Chansey|0 fnt
|faint|p2a: Chansey
|
|win|Dear Ophelia