|inactive|Battle timer is ON: inactive players will automatically lose when time's up.
|J|teal6
|J|Jsaok3
|player|p1|teal6|101
|player|p2|Jsaok3|155
|gametype|singles
|gen|1
|tier|[Gen 1] OU
|seed|51334,782,23343,2313
|rule|Sleep Clause Mod: Limit one foe put to sleep
|rule|Freeze Clause Mod: Limit one foe frozen
|rule|Species Clause: Limit one of each Pokémon
|rule|OHKO Clause: OHKO moves are banned
|rule|Evasion Moves Clause: Evasion moves are banned
|rule|HP Percentage Mod: HP is shown in percentages
|
|start
|switch|p1a: Jynx|Jynx|333\/333
|switch|p2a: Starmie|Starmie|323\/323
|turn|1
|choice|move 2|move 4
|
|move|p2a: Starmie|Thunder Wave|p1a: Jynx
|-status|p1a: Jynx|par
|cant|p1a: Jynx|par
|
|turn|2
|choice|move 2|switch 3
|
|switch|p2a: Lapras|Lapras|463\/463
|move|p1a: Jynx|Lovely Kiss|p2a: Lapras
|-status|p2a: Lapras|slp
|
|turn|3
|choice|switch 2|move 3
|
|switch|p1a: Zapdos|Zapdos|383\/383
|cant|p2a: Lapras|slp
|
|turn|4
|choice|switch 4|switch 5
|
|switch|p1a: Snorlax|Snorlax|523\/523
|switch|p2a: Golem|Golem|363\/363
|
|turn|5
|J|Mazary
|choice|move 2|move 1
|
|move|p2a: Golem|Body Slam|p1a: Snorlax
|-damage|p1a: Snorlax|430\/523
|move|p1a: Snorlax|Earthquake|p2a: Golem
|-supereffective|p2a: Golem
|-damage|p2a: Golem|220\/363
|
|turn|6
|choice|move 2|switch 4
|
|switch|p2a: Victreebel|Victreebel|363\/363
|move|p1a: Snorlax|Earthquake|p2a: Victreebel
|-crit|p2a: Victreebel
|-damage|p2a: Victreebel|146\/363
|
|turn|7
|choice|move 3|move 3
|
|move|p2a: Victreebel|Sleep Powder|p1a: Snorlax
|-status|p1a: Snorlax|slp
|cant|p1a: Snorlax|slp
|
|turn|8
|choice|switch 6|move 2
|
|switch|p1a: Chansey|Chansey|703\/703
|move|p2a: Victreebel|Swords Dance|p2a: Victreebel
|-boost|p2a: Victreebel|atk|2
|
|turn|9
|choice|move 1|move 1
|
|move|p2a: Victreebel|Razor Leaf|p1a: Chansey
|-crit|p1a: Chansey
|-damage|p1a: Chansey|589\/703
|move|p1a: Chansey|Ice Beam|p2a: Victreebel
|-supereffective|p2a: Victreebel
|-damage|p2a: Victreebel|0 fnt
|faint|p2a: Victreebel
|choice||switch 5
|
|switch|p2a: Lapras|Lapras|463\/463 slp
|turn|10
|choice|move 4|move 3
|
|cant|p2a: Lapras|slp
|move|p1a: Chansey|Thunderbolt|p2a: Lapras
|-supereffective|p2a: Lapras
|-damage|p2a: Lapras|310\/463 slp
|
|turn|11
|choice|move 4|switch 3
|
|switch|p2a: Starmie|Starmie|323\/323
|move|p1a: Chansey|Thunderbolt|p2a: Starmie
|-supereffective|p2a: Starmie
|-damage|p2a: Starmie|165\/323
|
|turn|12
|choice|move 3|move 4
|
|move|p2a: Starmie|Thunder Wave|p1a: Chansey
|-status|p1a: Chansey|par
|move|p1a: Chansey|Thunder Wave|p2a: Starmie
|-status|p2a: Starmie|par
|
|turn|13
|choice|switch 4|move 3
|
|switch|p1a: Zapdos|Zapdos|383\/383
|move|p2a: Starmie|Recover|p2a: Starmie
|-heal|p2a: Starmie|323\/323 par
|
|turn|14
|choice|switch 5|switch 4
|
|switch|p1a: Exeggutor|Exeggutor|393\/393
|switch|p2a: Golem|Golem|220\/363
|
|turn|15
|choice|move 1|switch 3
|
|switch|p2a: Lapras|Lapras|310\/463 slp
|move|p1a: Exeggutor|Psychic|p2a: Lapras
|-damage|p2a: Lapras|185\/463 slp
|-unboost|p2a: Lapras|spd|1
|-unboost|p2a: Lapras|spa|1
|
|turn|16
|choice|move 1|switch 4
|
|switch|p2a: Starmie|Starmie|323\/323 par
|move|p1a: Exeggutor|Psychic|p2a: Starmie
|-resisted|p2a: Starmie
|-damage|p2a: Starmie|261\/323 par
|-unboost|p2a: Starmie|spd|1
|-unboost|p2a: Starmie|spa|1
|
|turn|17
|choice|move 1|move 4
|
|move|p1a: Exeggutor|Psychic|p2a: Starmie
|-resisted|p2a: Starmie
|-damage|p2a: Starmie|165\/323 par
|move|p2a: Starmie|Thunder Wave|p1a: Exeggutor
|-status|p1a: Exeggutor|par
|
|turn|18
|choice|move 1|move 3
|
|move|p1a: Exeggutor|Psychic|p2a: Starmie
|-resisted|p2a: Starmie
|-damage|p2a: Starmie|73\/323 par
|-unboost|p2a: Starmie|spd|1
|-unboost|p2a: Starmie|spa|1
|move|p2a: Starmie|Recover|p2a: Starmie
|-heal|p2a: Starmie|234\/323 par
|
|turn|19
|choice|move 1|switch 4
|
|switch|p2a: Lapras|Lapras|185\/463 slp
|move|p1a: Exeggutor|Psychic|p2a: Lapras
|-damage|p2a: Lapras|58\/463 slp
|
|turn|20
|choice|move 1|move 1
|
|cant|p2a: Lapras|slp
|move|p1a: Exeggutor|Psychic|p2a: Lapras|[miss]
|-miss|p1a: Exeggutor
|
|turn|21
|choice|move 1|move 1
|
|-curestatus|p2a: Lapras|slp
|move|p1a: Exeggutor|Psychic|p2a: Lapras
|-damage|p2a: Lapras|0 fnt
|faint|p2a: Lapras
|choice||switch 4
|
|switch|p2a: Starmie|Starmie|234\/323 par
|turn|22
|choice|switch 5|switch 3
|
|switch|p2a: Golem|Golem|220\/363
|switch|p1a: Zapdos|Zapdos|383\/383
|
|turn|23
|choice|switch 5|move 1
|
|switch|p1a: Exeggutor|Exeggutor|393\/393 par
|move|p2a: Golem|Body Slam|p1a: Exeggutor
|-damage|p1a: Exeggutor|309\/393 par
|
|turn|24
|choice|move 1|move 4
|
|move|p2a: Golem|Explosion|p1a: Exeggutor
|-damage|p1a: Exeggutor|15\/393 par
|faint|p2a: Golem
|choice||switch 3
|
|switch|p2a: Starmie|Starmie|234\/323 par
|turn|25
|choice|switch 4|move 2
|
|switch|p1a: Chansey|Chansey|589\/703 par
|cant|p2a: Starmie|par
|
|turn|26
|choice|move 4|move 1
|
|move|p2a: Starmie|Blizzard|p1a: Chansey
|-damage|p1a: Chansey|497\/703 par
|cant|p1a: Chansey|par
|
|turn|27
|choice|move 4|switch 6
|
|switch|p2a: Tauros|Tauros|353\/353
|cant|p1a: Chansey|par
|
|turn|28
|choice|move 3|move 2
|
|move|p2a: Tauros|Hyper Beam|p1a: Chansey
|-damage|p1a: Chansey|0 fnt
|faint|p1a: Chansey
|choice|switch 5|
|
|switch|p1a: Zapdos|Zapdos|383\/383
|turn|29
|choice|move 4|switch 2
|
|switch|p2a: Raichu|Raichu|323\/323
|move|p1a: Zapdos|Thunder Wave|p2a: Raichu
|-status|p2a: Raichu|par
|
|turn|30
|choice|switch 6|move 2
|
|switch|p1a: Snorlax|Snorlax|430\/523 slp
|move|p2a: Raichu|Thunder Wave|p1a: Snorlax
|-fail|p1a: Snorlax
|
|turn|31
|choice|move 1|move 4
|
|cant|p1a: Snorlax|slp
|cant|p2a: Raichu|par
|
|turn|32
|choice|move 1|move 4
|
|-curestatus|p1a: Snorlax|slp
|cant|p2a: Raichu|par
|
|turn|33
|choice|move 2|move 4
|
|move|p1a: Snorlax|Earthquake|p2a: Raichu
|-supereffective|p2a: Raichu
|-damage|p2a: Raichu|85\/323 par
|move|p2a: Raichu|Submission|p1a: Snorlax
|-supereffective|p1a: Snorlax
|-damage|p1a: Snorlax|272\/523
|-damage|p2a: Raichu|46\/323 par|[from] recoil|[of] p1a: Snorlax
|
|turn|34
|c|★Jsaok3|lol
|choice|move 2|switch 2
|
|switch|p2a: Tauros|Tauros|353\/353
|move|p1a: Snorlax|Earthquake|p2a: Tauros
|-damage|p2a: Tauros|265\/353
|
|turn|35
|choice|switch 4|move 1
|
|switch|p1a: Exeggutor|Exeggutor|15\/393 par
|move|p2a: Tauros|Body Slam|p1a: Exeggutor
|-crit|p1a: Exeggutor
|-damage|p1a: Exeggutor|0 fnt
|faint|p1a: Exeggutor
|choice|switch 6|
|
|switch|p1a: Zapdos|Zapdos|383\/383
|turn|36
|choice|move 4|move 1
|
|move|p2a: Tauros|Body Slam|p1a: Zapdos
|-crit|p1a: Zapdos
|-damage|p1a: Zapdos|159\/383
|move|p1a: Zapdos|Thunder Wave|p2a: Tauros
|-status|p2a: Tauros|par
|
|turn|37
|choice|move 1|move 4
|
|move|p1a: Zapdos|Thunderbolt|p2a: Tauros
|-damage|p2a: Tauros|99\/353 par
|move|p2a: Tauros|Blizzard|p1a: Zapdos
|-supereffective|p1a: Zapdos
|-damage|p1a: Zapdos|38\/383
|
|turn|38
|choice|move 1|move 1
|
|move|p1a: Zapdos|Thunderbolt|p2a: Tauros
|-damage|p2a: Tauros|0 fnt
|faint|p2a: Tauros
|c|★teal6|gg
|choice||switch 2
|
|switch|p2a: Raichu|Raichu|46\/323 par
|turn|39
|choice|move 1|move 1
|
|move|p1a: Zapdos|Thunderbolt|p2a: Raichu
|-resisted|p2a: Raichu
|-damage|p2a: Raichu|0 fnt
|faint|p2a: Raichu
|choice||switch 6
|
|switch|p2a: Starmie|Starmie|234\/323 par
|turn|40
|choice|move 1|move 2
|
|move|p1a: Zapdos|Thunderbolt|p2a: Starmie
|-supereffective|p2a: Starmie
|-damage|p2a: Starmie|0 fnt
|faint|p2a: Starmie
|
|win|teal6