|J|blarajan
|J|Nails
|player|p1|blarajan|#blarajan
|player|p2|Nails|101
|gametype|singles
|gen|1
|tier|[Gen 1] OU
|seed|42673,12410,24136,16454
|rule|Sleep Clause Mod: Limit one foe put to sleep
|rule|Freeze Clause Mod: Limit one foe frozen
|rule|Species Clause: Limit one of each Pokémon
|rule|OHKO Clause: OHKO moves are banned
|rule|Evasion Moves Clause: Evasion moves are banned
|rule|HP Percentage Mod: HP is shown in percentages
|
|start
|switch|p1a: Gengar|Gengar|323\/323
|switch|p2a: Jolteon|Jolteon|333\/333
|turn|1
|choice|move 1|move 1
|
|move|p2a: Jolteon|Thunderbolt|p1a: Gengar
|-crit|p1a: Gengar
|-damage|p1a: Gengar|131\/323
|move|p1a: Gengar|Hypnosis|p2a: Jolteon
|-status|p2a: Jolteon|slp
|
|turn|2
|J|Sken
|choice|move 3|switch 5
|
|switch|p2a: Dragonite|Dragonite|385\/385
|move|p1a: Gengar|Mega Drain|p2a: Dragonite
|-crit|p2a: Dragonite
|-resisted|p2a: Dragonite
|-damage|p2a: Dragonite|366\/385
|-heal|p1a: Gengar|140\/323|[from] drain|[of] p2a: Dragonite
|
|turn|3
|choice|switch 4|move 4
|
|switch|p1a: Alakazam|Alakazam|313\/313
|move|p2a: Dragonite|Thunder Wave|p1a: Alakazam
|-status|p1a: Alakazam|par
|
|turn|4
|J|Stratos
|choice|switch 4|move 1
|
|switch|p1a: Gengar|Gengar|140\/323
|move|p2a: Dragonite|Wrap|p1a: Gengar
|-damage|p1a: Gengar|140\/323
|-activate|p1a: Gengar|move: Wrap|[of] p2a: Dragonite
|
|turn|5
|choice|move 4|switch 3
|
|switch|p2a: Snorlax|Snorlax|523\/523
|cant|p1a: Gengar|partiallytrapped
|
|-end|p1a: Gengar|Wrap|[partiallytrapped]
|turn|6
|choice|move 4|move 3
|
|move|p1a: Gengar|Explosion|p2a: Snorlax
|-damage|p2a: Snorlax|276\/523
|faint|p1a: Gengar
|c|★blarajan|damage
|c|★Nails|dmg af
|choice|switch 5|
|
|switch|p1a: Golem|Golem|363\/363
|turn|7
|J|double01
|choice|move 1|switch 3
|
|switch|p2a: Dragonite|Dragonite|366\/385
|move|p1a: Golem|Earthquake|p2a: Dragonite
|-immune|p2a: Dragonite|[msg]
|
|turn|8
|choice|switch 2|move 3
|
|switch|p1a: Tauros|Tauros|353\/353
|move|p2a: Dragonite|Blizzard|p1a: Tauros
|-damage|p1a: Tauros|241\/353
|
|turn|9
|choice|move 1|move 4
|
|move|p1a: Tauros|Body Slam|p2a: Dragonite
|-damage|p2a: Dragonite|267\/385
|move|p2a: Dragonite|Thunder Wave|p1a: Tauros
|-status|p1a: Tauros|par
|
|turn|10
|c|★blarajan|why
|c|★blarajan|did u not predict blizzard.
|choice|move 4|move 1
|
|move|p2a: Dragonite|Wrap|p1a: Tauros
|-crit|p1a: Tauros
|-damage|p1a: Tauros|213\/353 par
|-activate|p1a: Tauros|move: Wrap|[of] p2a: Dragonite
|cant|p1a: Tauros|partiallytrapped
|
|turn|11
|c|+double01|why u so bad blara
|c|%Stratos|he predicted u predicting him predicting blizzard
|choice|move 4|move 1
|
|move|p2a: Dragonite|Wrap|p1a: Tauros
|-damage|p1a: Tauros|185\/353 par
|cant|p1a: Tauros|partiallytrapped
|
|-end|p1a: Tauros|Wrap|[partiallytrapped]
|turn|12
|c|★blarajan|wrap is broken omg
|choice|switch 3|move 1
|
|switch|p1a: Snorlax|Snorlax|523\/523
|move|p2a: Dragonite|Wrap|p1a: Snorlax
|-damage|p1a: Snorlax|502\/523
|-activate|p1a: Snorlax|move: Wrap|[of] p2a: Dragonite
|
|turn|13
|J|Sam
|choice|switch 2|move 1
|
|switch|p1a: Golem|Golem|363\/363
|move|p2a: Dragonite|Wrap|p1a: Golem|[miss]
|-miss|p2a: Dragonite
|
|turn|14
|choice|move 2|switch 2
|
|switch|p2a: Cloyster|Cloyster|303\/303
|move|p1a: Golem|Rock Slide|p2a: Cloyster
|-crit|p2a: Cloyster
|-supereffective|p2a: Cloyster
|-damage|p2a: Cloyster|58\/303
|
|turn|15
|c|★Nails|ow
|choice|switch 2|move 1
|
|switch|p1a: Snorlax|Snorlax|502\/523
|move|p2a: Cloyster|Clamp|p1a: Snorlax
|-damage|p1a: Snorlax|449\/523
|-activate|p1a: Snorlax|move: Clamp|[of] p2a: Cloyster
|
|turn|16
|choice|move 1|move 1
|
|move|p2a: Cloyster|Clamp|p1a: Snorlax
|-damage|p1a: Snorlax|396\/523
|cant|p1a: Snorlax|partiallytrapped
|
|-end|p1a: Snorlax|Clamp|[partiallytrapped]
|turn|17
|choice|move 1|move 1
|
|move|p2a: Cloyster|Clamp|p1a: Snorlax
|-damage|p1a: Snorlax|344\/523
|-activate|p1a: Snorlax|move: Clamp|[of] p2a: Cloyster
|cant|p1a: Snorlax|partiallytrapped
|
|turn|18
|choice|switch 3|move 1
|
|switch|p1a: Tauros|Tauros|185\/353 par
|move|p2a: Cloyster|Clamp|p1a: Tauros
|-damage|p1a: Tauros|136\/353 par
|-activate|p1a: Tauros|move: Clamp|[of] p2a: Cloyster
|
|turn|19
|c|★Nails|sure glad i have the optimal rby strategy
|c|★blarajan|brokne
|-message|blarajan forfeited.
|
|win|Nails