|inactive|Battle timer is ON: inactive players will automatically lose when time's up.
|J|Dice
|J|Hack
|player|p1|Dice|168
|player|p2|Hack|10
|gametype|singles
|gen|1
|tier|[Gen 1] OU
|seed|57379,5434,14486,23115
|rule|Sleep Clause Mod: Limit one foe put to sleep
|rule|Freeze Clause Mod: Limit one foe frozen
|rule|Species Clause: Limit one of each Pokémon
|rule|OHKO Clause: OHKO moves are banned
|rule|Evasion Moves Clause: Evasion moves are banned
|rule|HP Percentage Mod: HP is shown in percentages
|
|start
|switch|p1a: Jynx|Jynx|333\/333
|switch|p2a: Gengar|Gengar|323\/323
|turn|1
|J|Myselfie
|J|Frizy
|c|★Hack|do you know how to farceus
|L|Myselfie
|c|★Dice|no
|c|★Hack|i deleted all my teams lol
|c|★Hack|ugh
|c|★Hack|oh well
|c|★Dice|dont play gen4 ubers
|choice|move 3|move 1
|
|move|p2a: Gengar|Hypnosis|p1a: Jynx
|-status|p1a: Jynx|slp
|cant|p1a: Jynx|slp
|
|turn|2
|J|reeeeeeeeeweeeee
|choice|switch 3|move 2
|
|switch|p1a: Alakazam|Alakazam|313\/313
|move|p2a: Gengar|Night Shade|p1a: Alakazam
|-damage|p1a: Alakazam|213\/313
|
|turn|3
|choice|move 4|switch 3
|
|switch|p2a: Chansey|Chansey|703\/703
|move|p1a: Alakazam|Recover|p1a: Alakazam
|-heal|p1a: Alakazam|313\/313
|
|turn|4
|choice|switch 2|move 1
|
|switch|p1a: Chansey|Chansey|703\/703
|move|p2a: Chansey|Thunder Wave|p1a: Chansey
|-status|p1a: Chansey|par
|
|turn|5
|choice|move 1|switch 5
|
|switch|p2a: Snorlax|Snorlax|523\/523
|cant|p1a: Chansey|par
|
|turn|6
|J|majaspic22
|choice|switch 4|move 1
|
|switch|p1a: Exeggutor|Exeggutor|393\/393
|move|p2a: Snorlax|Body Slam|p1a: Exeggutor
|-crit|p1a: Exeggutor
|-damage|p1a: Exeggutor|174\/393
|
|turn|7
|J|Alexander
|choice|move 4|switch 2
|
|switch|p2a: Alakazam|Alakazam|313\/313
|move|p1a: Exeggutor|Sleep Powder|p2a: Alakazam
|-status|p2a: Alakazam|slp
|
|turn|8
|choice|move 1|move 1
|
|cant|p2a: Alakazam|slp
|move|p1a: Exeggutor|Toxic|p2a: Alakazam
|-fail|p2a: Alakazam
|
|turn|9
|c|★Hack|o
|choice|switch 5|switch 5
|
|switch|p2a: Chansey|Chansey|703\/703
|switch|p1a: Tauros|Tauros|353\/353
|
|turn|10
|choice|switch 4|switch 2
|
|switch|p1a: Chansey|Chansey|703\/703 par
|switch|p2a: Snorlax|Snorlax|523\/523
|
|turn|11
|choice|move 2|move 1
|
|move|p2a: Snorlax|Body Slam|p1a: Chansey
|-damage|p1a: Chansey|429\/703 par
|move|p1a: Chansey|Thunder Wave|p2a: Snorlax
|-status|p2a: Snorlax|par
|
|turn|12
|c|+Alexander|gotta win this egg ditto
|c|+Alexander|LOL
|choice|move 4|move 1
|
|move|p1a: Chansey|Soft-Boiled|p1a: Chansey
|-heal|p1a: Chansey|703\/703 par
|move|p2a: Snorlax|Body Slam|p1a: Chansey
|-damage|p1a: Chansey|424\/703 par
|
|turn|13
|choice|move 4|move 1
|
|move|p1a: Chansey|Soft-Boiled|p1a: Chansey
|-heal|p1a: Chansey|703\/703 par
|move|p2a: Snorlax|Body Slam|p1a: Chansey
|-damage|p1a: Chansey|430\/703 par
|
|turn|14
|choice|move 4|move 1
|
|cant|p1a: Chansey|par
|move|p2a: Snorlax|Body Slam|p1a: Chansey
|-damage|p1a: Chansey|157\/703 par
|
|turn|15
|choice|move 4|move 1
|
|cant|p1a: Chansey|par
|move|p2a: Snorlax|Body Slam|p1a: Chansey
|-damage|p1a: Chansey|0 fnt
|faint|p1a: Chansey
|choice|switch 5|
|
|switch|p1a: Exeggutor|Exeggutor|174\/393
|turn|16
|choice|move 2|switch 5
|
|switch|p2a: Alakazam|Alakazam|313\/313 slp
|move|p1a: Exeggutor|Psychic|p2a: Alakazam
|-resisted|p2a: Alakazam
|-damage|p2a: Alakazam|261\/313 slp
|-unboost|p2a: Alakazam|spd|1
|-unboost|p2a: Alakazam|spa|1
|
|turn|17
|choice|move 2|move 3
|
|cant|p2a: Alakazam|slp
|move|p1a: Exeggutor|Psychic|p2a: Alakazam
|-resisted|p2a: Alakazam
|-damage|p2a: Alakazam|187\/313 slp
|
|turn|18
|L|Frizy
|choice|move 2|switch 2
|
|switch|p2a: Chansey|Chansey|703\/703
|move|p1a: Exeggutor|Psychic|p2a: Chansey
|-damage|p2a: Chansey|588\/703
|-unboost|p2a: Chansey|spd|1
|-unboost|p2a: Chansey|spa|1
|
|turn|19
|J|rw
|choice|move 2|move 1
|
|move|p1a: Exeggutor|Psychic|p2a: Chansey
|-damage|p2a: Chansey|389\/703
|move|p2a: Chansey|Thunder Wave|p1a: Exeggutor
|-status|p1a: Exeggutor|par
|
|turn|20
|choice|move 3|move 4
|
|move|p2a: Chansey|Soft-Boiled|p2a: Chansey
|-heal|p2a: Chansey|703\/703
|move|p1a: Exeggutor|Explosion|p2a: Chansey
|-damage|p2a: Chansey|17\/703
|faint|p1a: Exeggutor
|choice|switch 2|
|
|switch|p1a: Alakazam|Alakazam|313\/313
|turn|21
|choice|move 1|switch 2
|
|switch|p2a: Alakazam|Alakazam|187\/313 slp
|move|p1a: Alakazam|Psychic|p2a: Alakazam
|-crit|p2a: Alakazam
|-resisted|p2a: Alakazam
|-damage|p2a: Alakazam|82\/313 slp
|-unboost|p2a: Alakazam|spd|1
|-unboost|p2a: Alakazam|spa|1
|
|turn|22
|choice|move 1|move 1
|
|move|p1a: Alakazam|Psychic|p2a: Alakazam
|-resisted|p2a: Alakazam
|-damage|p2a: Alakazam|7\/313 slp
|-unboost|p2a: Alakazam|spd|1
|-unboost|p2a: Alakazam|spa|1
|-curestatus|p2a: Alakazam|slp
|
|turn|23
|choice|move 1|switch 2
|
|switch|p2a: Chansey|Chansey|17\/703
|move|p1a: Alakazam|Psychic|p2a: Chansey
|-damage|p2a: Chansey|0 fnt
|faint|p2a: Chansey
|choice||switch 4
|
|switch|p2a: Exeggutor|Exeggutor|393\/393
|turn|24
|choice|move 2|move 2
|
|move|p1a: Alakazam|Thunder Wave|p2a: Exeggutor
|-status|p2a: Exeggutor|par
|cant|p2a: Exeggutor|par
|
|turn|25
|choice|switch 3|move 2
|
|switch|p1a: Jynx|Jynx|333\/333 slp
|move|p2a: Exeggutor|Stun Spore|p1a: Jynx|[miss]
|-miss|p2a: Exeggutor
|
|turn|26
|choice|switch 3|switch 6
|
|switch|p1a: Alakazam|Alakazam|313\/313
|switch|p2a: Tauros|Tauros|353\/353
|
|turn|27
|choice|move 1|switch 6
|
|switch|p2a: Exeggutor|Exeggutor|393\/393 par
|move|p1a: Alakazam|Psychic|p2a: Exeggutor
|-resisted|p2a: Exeggutor
|-damage|p2a: Exeggutor|340\/393 par
|
|turn|28
|choice|move 3|move 2
|
|move|p1a: Alakazam|Seismic Toss|p2a: Exeggutor
|-damage|p2a: Exeggutor|240\/393 par
|move|p2a: Exeggutor|Stun Spore|p1a: Alakazam
|-status|p1a: Alakazam|par
|
|turn|29
|choice|move 3|move 4
|
|move|p1a: Alakazam|Seismic Toss|p2a: Exeggutor
|-damage|p2a: Exeggutor|140\/393 par
|move|p2a: Exeggutor|Explosion|p1a: Alakazam
|-damage|p1a: Alakazam|0 fnt
|faint|p1a: Alakazam
|faint|p2a: Exeggutor
|choice|switch 4|switch 6
|
|switch|p1a: Tauros|Tauros|353\/353
|switch|p2a: Tauros|Tauros|353\/353
|turn|30
|choice|move 3|move 1
|
|move|p1a: Tauros|Fire Blast|p2a: Tauros
|-crit|p2a: Tauros
|-damage|p2a: Tauros|159\/353
|-status|p2a: Tauros|brn
|move|p2a: Tauros|Body Slam|p1a: Tauros
|-damage|p1a: Tauros|303\/353
|-damage|p2a: Tauros|137\/353 brn|[from] brn|[of] p1a: Tauros
|
|turn|31
|choice|move 2|switch 3
|
|switch|p2a: Gengar|Gengar|323\/323
|move|p1a: Tauros|Hyper Beam|p2a: Gengar
|-immune|p2a: Gengar|[msg]
|
|turn|32
|choice|move 4|move 4
|
|move|p2a: Gengar|Thunderbolt|p1a: Tauros
|-crit|p1a: Tauros
|-damage|p1a: Tauros|80\/353
|move|p1a: Tauros|Blizzard|p2a: Gengar
|-damage|p2a: Gengar|262\/323
|
|turn|33
|choice|move 4|move 2
|
|move|p2a: Gengar|Night Shade|p1a: Tauros
|-damage|p1a: Tauros|0 fnt
|faint|p1a: Tauros
|choice|switch 6|
|
|switch|p1a: Dragonite|Dragonite|385\/385
|turn|34
|c|★Hack|well fuck
|choice|switch 3|move 3
|
|switch|p1a: Jynx|Jynx|333\/333 slp
|move|p2a: Gengar|Explosion|p1a: Jynx
|-damage|p1a: Jynx|0 fnt
|faint|p1a: Jynx
|faint|p2a: Gengar
|choice|switch 3|switch 3
|
|switch|p2a: Tauros|Tauros|137\/353 brn
|switch|p1a: Dragonite|Dragonite|385\/385
|turn|35
|choice|move 1|move 3
|
|move|p2a: Tauros|Blizzard|p1a: Dragonite
|-supereffective|p1a: Dragonite
|-damage|p1a: Dragonite|79\/385
|-damage|p2a: Tauros|115\/353 brn|[from] brn|[of] p1a: Dragonite
|move|p1a: Dragonite|Agility|p1a: Dragonite
|-boost|p1a: Dragonite|spe|2
|
|turn|36
|choice|move 3|move 3
|
|move|p1a: Dragonite|Wrap|p2a: Tauros
|-damage|p2a: Tauros|101\/353 brn
|-activate|p2a: Tauros|move: Wrap|[of] p1a: Dragonite
|cant|p2a: Tauros|partiallytrapped
|-damage|p2a: Tauros|79\/353 brn|[from] brn|[of] p1a: Dragonite
|
|turn|37
|choice|move 3|move 3
|
|move|p1a: Dragonite|Wrap|p2a: Tauros
|-damage|p2a: Tauros|65\/353 brn
|cant|p2a: Tauros|partiallytrapped
|-damage|p2a: Tauros|43\/353 brn|[from] brn|[of] p1a: Dragonite
|
|turn|38
|choice|move 3|move 3
|
|move|p1a: Dragonite|Wrap|p2a: Tauros
|-damage|p2a: Tauros|29\/353 brn
|cant|p2a: Tauros|partiallytrapped
|-damage|p2a: Tauros|7\/353 brn|[from] brn|[of] p1a: Dragonite
|
|turn|39
|choice|move 3|move 3
|
|move|p1a: Dragonite|Wrap|p2a: Tauros
|-damage|p2a: Tauros|0 fnt
|faint|p2a: Tauros
|choice||switch 5
|
|switch|p2a: Snorlax|Snorlax|523\/523 par
|turn|40
|choice|move 3|move 1
|
|move|p1a: Dragonite|Wrap|p2a: Snorlax|[miss]
|-miss|p1a: Dragonite
|move|p2a: Snorlax|Body Slam|p1a: Dragonite
|-damage|p1a: Dragonite|0 fnt
|faint|p1a: Dragonite
|
|win|Hack