|J|Beds
|J|bear7
|player|p1|Beds|252
|player|p2|bear7|169
|gametype|singles
|gen|1
|tier|[Gen 1] OU
|rule|Sleep Clause Mod: Limit one foe put to sleep
|rule|Freeze Clause Mod: Limit one foe frozen
|rule|Species Clause: Limit one of each Pokémon
|rule|OHKO Clause: OHKO moves are banned
|rule|Evasion Moves Clause: Evasion moves are banned
|rule|HP Percentage Mod: HP is shown in percentages
|
|start
|switch|p1a: Alakazam|Alakazam|313\/313
|switch|p2a: Alakazam|Alakazam|313\/313
|turn|1
|J|Nachos
|J|BKC
|J|sc0re
|J|the pdc show
|J|Tesung
|J|Aurious
|c|★Beds|hf
|J|Steve Angello
|J|cosine180
|J|atomicllamas
|J|Yogiras
|J|Mael oo
|J|HODOR
|J|ZoroarkForever
|J|metmaver
|J|Starlit Projection
|J|Charizardisdabes
|c|+Aurious|go beds
|J|kratosmana
|J|Imanalt
|c|@Steve Angello|go beds
|J|Lockheeed
|J|VILEMAN
|J|choollio
|J|Sam
|J|Nails
|J|ToF
|raw|<div class="broadcast-red"><b>Moderated chat was set to %!<\/b><br \/>Only users of rank % and higher can talk.<\/div>
|J|Bad Ass
|J|reiku
|J|Orch
|J|radianthero156
|
|switch|p1a: Exeggutor|Exeggutor|393\/393
|move|p2a: Alakazam|Thunder Wave|p1a: Exeggutor
|-status|p1a: Exeggutor|par
|
|turn|2
|J|DCP0NT0P
|L|Lockheeed
|J|Lockheeed
|J|King Tsunami
|J|Sapientia
|J|Isa RC
|
|move|p2a: Alakazam|Seismic Toss|p1a: Exeggutor
|-damage|p1a: Exeggutor|293\/393 par
|move|p1a: Exeggutor|Sleep Powder|p2a: Alakazam
|-status|p2a: Alakazam|slp
|
|turn|3
|J|Fruitdealer
|J|FINCHINATOR
|J|Medza
|J|Crying Heavens
|J|Veteran In Love
|
|switch|p2a: Articuno|Articuno|383\/383
|switch|p1a: Alakazam|Alakazam|313\/313
|
|turn|4
|J|Hack
|
|move|p1a: Alakazam|Thunder Wave|p2a: Articuno
|-status|p2a: Articuno|par
|cant|p2a: Articuno|par
|
|turn|5
|
|move|p1a: Alakazam|Psychic|p2a: Articuno
|-damage|p2a: Articuno|265\/383 par
|move|p2a: Articuno|Blizzard|p1a: Alakazam
|-damage|p1a: Alakazam|184\/313
|
|turn|6
|J|Get this Money
|J|RainPB
|
|switch|p2a: Alakazam|Alakazam|313\/313 slp
|move|p1a: Alakazam|Psychic|p2a: Alakazam
|-resisted|p2a: Alakazam
|-damage|p2a: Alakazam|260\/313 slp
|
|turn|7
|J|McMeghan
|J|XxRayxX
|J|Halcyon of Light
|J|celebitrainer36
|
|switch|p2a: Exeggutor|Exeggutor|393\/393
|switch|p1a: Snorlax|Snorlax|523\/523
|
|turn|8
|J|DESTINY DEVICE
|J|Stall Hater
|
|switch|p1a: Exeggutor|Exeggutor|293\/393 par
|move|p2a: Exeggutor|Psychic|p1a: Exeggutor
|-resisted|p1a: Exeggutor
|-damage|p1a: Exeggutor|239\/393 par
|
|turn|9
|
|switch|p2a: Alakazam|Alakazam|260\/313 slp
|move|p1a: Exeggutor|Psychic|p2a: Alakazam
|-resisted|p2a: Alakazam
|-damage|p2a: Alakazam|207\/313 slp
|
|turn|10
|J|Kingler12345
|J|Nova
|J|Evuelf
|J|The Mazinger
|J|SOULWIND
|J|Rumor
|L|FINCHINATOR
|
|switch|p2a: Exeggutor|Exeggutor|393\/393
|switch|p1a: Snorlax|Snorlax|523\/523
|
|turn|11
|J|FINCHINATOR
|J|PNF
|
|switch|p2a: Articuno|Articuno|265\/383 par
|switch|p1a: Exeggutor|Exeggutor|239\/393 par
|
|turn|12
|J|iZocker
|
|switch|p1a: Chansey|Chansey|703\/703
|move|p2a: Articuno|Blizzard|p1a: Chansey
|-damage|p1a: Chansey|548\/703
|
|turn|13
|J|Quadrant
|
|switch|p2a: Chansey|Chansey|703\/703
|move|p1a: Chansey|Thunderbolt|p2a: Chansey
|-damage|p2a: Chansey|633\/703
|-status|p2a: Chansey|par
|
|turn|14
|L|DESTINY DEVICE
|J|Txerogross
|J|Lusso
|J|uCan'tSeeMe
|L|Txerogross
|J|Bughouse
|J|bouff
|J|pervert s4ge
|J|edgar
|
|switch|p1a: Snorlax|Snorlax|523\/523
|move|p2a: Chansey|Thunder Wave|p1a: Snorlax
|-status|p1a: Snorlax|par
|
|turn|15
|J|SOMALIA
|J|Bloodz
|J|DESTINY DEVICE
|L|SOMALIA
|
|switch|p2a: Snorlax|Snorlax|523\/523
|move|p1a: Snorlax|Body Slam|p2a: Snorlax
|-damage|p2a: Snorlax|381\/523
|
|turn|16
|J|lunarr
|
|move|p2a: Snorlax|Body Slam|p1a: Snorlax
|-damage|p1a: Snorlax|396\/523 par
|move|p1a: Snorlax|Body Slam|p2a: Snorlax
|-damage|p2a: Snorlax|240\/523
|
|turn|17
|J|klackiXD
|J|SOMALIA
|J|Raiza
|J|yohji yanmegamotto
|J|Brazilian Army
|L|Brazilian Army
|
|move|p2a: Snorlax|Body Slam|p1a: Snorlax
|-damage|p1a: Snorlax|262\/523 par
|move|p1a: Snorlax|Hyper Beam|p2a: Snorlax
|-damage|p2a: Snorlax|0 fnt
|faint|p2a: Snorlax
|L|VILEMAN
|
|switch|p2a: Articuno|Articuno|265\/383 par
|turn|18
|J|Jorge Soler
|J|soulraiser
|J|Jaist
|
|switch|p1a: Chansey|Chansey|548\/703
|move|p2a: Articuno|Reflect|p2a: Articuno
|-start|p2a: Articuno|Reflect
|
|turn|19
|J|TheRealTCR
|
|switch|p2a: Chansey|Chansey|633\/703 par
|move|p1a: Chansey|Thunderbolt|p2a: Chansey
|-crit|p2a: Chansey
|-damage|p2a: Chansey|490\/703 par
|
|turn|20
|
|move|p1a: Chansey|Ice Beam|p2a: Chansey
|-damage|p2a: Chansey|410\/703 par
|move|p2a: Chansey|Ice Beam|p1a: Chansey
|-damage|p1a: Chansey|479\/703
|
|turn|21
|J|LORD CHANO.
|
|switch|p1a: Snorlax|Snorlax|262\/523 par
|move|p2a: Chansey|Soft-Boiled|p2a: Chansey
|-heal|p2a: Chansey|703\/703 par
|
|turn|22
|J|Texas Cloverleaf
|J|VILEMAN
|
|switch|p2a: Articuno|Articuno|265\/383 par
|move|p1a: Snorlax|Body Slam|p2a: Articuno
|-damage|p2a: Articuno|161\/383 par
|
|turn|23
|L|TheRealTCR
|J|Astounded
|
|move|p2a: Articuno|Rest|p2a: Articuno
|-status|p2a: Articuno|slp
|-heal|p2a: Articuno|383\/383 slp|[silent]
|-status|p2a: Articuno|slp|[from] move: Rest
|move|p1a: Snorlax|Body Slam|p2a: Articuno
|-damage|p2a: Articuno|268\/383 slp
|
|turn|24
|
|cant|p2a: Articuno|slp
|move|p1a: Snorlax|Body Slam|p2a: Articuno
|-crit|p2a: Articuno
|-damage|p2a: Articuno|65\/383 slp
|
|turn|25
|
|-curestatus|p2a: Articuno|slp
|move|p1a: Snorlax|Body Slam|p2a: Articuno
|-damage|p2a: Articuno|0 fnt
|faint|p2a: Articuno
|
|switch|p2a: Exeggutor|Exeggutor|393\/393
|turn|26
|J|Xopi
|J|PokeManiac Livio
|
|move|p2a: Exeggutor|Psychic|p1a: Snorlax
|-damage|p1a: Snorlax|90\/523 par
|cant|p1a: Snorlax|par
|
|turn|27
|L|klackiXD
|
|switch|p1a: Alakazam|Alakazam|184\/313
|move|p2a: Exeggutor|Psychic|p1a: Alakazam
|-crit|p1a: Alakazam
|-resisted|p1a: Alakazam
|-damage|p1a: Alakazam|80\/313
|
|turn|28
|J|SparksBlade
|
|move|p1a: Alakazam|Thunder Wave|p2a: Exeggutor
|-status|p2a: Exeggutor|par
|move|p2a: Exeggutor|Sleep Powder|p1a: Alakazam
|-status|p1a: Alakazam|slp
|
|turn|29
|L|Lockheeed
|J|DennisEG
|J|Txerogross
|J|Lockheeed
|J|Wasaby
|
|cant|p1a: Alakazam|slp
|move|p2a: Exeggutor|Psychic|p1a: Alakazam
|-resisted|p1a: Alakazam
|-damage|p1a: Alakazam|27\/313 slp
|-unboost|p1a: Alakazam|spd|1
|-unboost|p1a: Alakazam|spa|1
|
|turn|30
|L|Txerogross
|
|switch|p1a: Exeggutor|Exeggutor|239\/393 par
|move|p2a: Exeggutor|Psychic|p1a: Exeggutor
|-resisted|p1a: Exeggutor
|-damage|p1a: Exeggutor|185\/393 par
|
|turn|31
|J|bro fist
|J|Meru
|
|cant|p1a: Exeggutor|par
|move|p2a: Exeggutor|Psychic|p1a: Exeggutor
|-resisted|p1a: Exeggutor
|-damage|p1a: Exeggutor|137\/393 par
|
|turn|32
|J|MemeMeghan
|
|switch|p2a: Alakazam|Alakazam|207\/313 slp
|move|p1a: Exeggutor|Psychic|p2a: Alakazam
|-resisted|p2a: Alakazam
|-damage|p2a: Alakazam|158\/313 slp
|
|turn|33
|J|metaphysical
|
|switch|p2a: Tauros|Tauros|353\/353
|move|p1a: Exeggutor|Explosion|p2a: Tauros
|-damage|p2a: Tauros|88\/353
|faint|p1a: Exeggutor
|J|ReshiRampage
|J|laurel
|J|LJDarkrai
|
|switch|p1a: Jolteon|Jolteon|333\/333
|turn|34
|J|benbe
|
|switch|p2a: Chansey|Chansey|703\/703 par
|move|p1a: Jolteon|Double Kick|p2a: Chansey
|-supereffective|p2a: Chansey
|-damage|p2a: Chansey|607\/703 par
|-damage|p2a: Chansey|511\/703 par
|-hitcount|p2a: Chansey|2
|
|turn|35
|J|Navy V3
|L|pervert s4ge
|L|Astounded
|J|Nails
|J|desordre song
|L|Imanalt
|J|Da Raikage
|
|move|p1a: Jolteon|Double Kick|p2a: Chansey
|-supereffective|p2a: Chansey
|-damage|p2a: Chansey|416\/703 par
|-damage|p2a: Chansey|321\/703 par
|-hitcount|p2a: Chansey|2
|move|p2a: Chansey|Ice Beam|p1a: Jolteon
|-damage|p1a: Jolteon|255\/333
|-status|p1a: Jolteon|frz
|
|turn|36
|
|switch|p1a: Snorlax|Snorlax|90\/523 par
|cant|p2a: Chansey|par
|
|turn|37
|J|New Born Wembley
|J|Der Bomber
|
|move|p2a: Chansey|Ice Beam|p1a: Snorlax
|-damage|p1a: Snorlax|0 fnt
|faint|p1a: Snorlax
|
|switch|p1a: Tauros|Tauros|353\/353
|turn|38
|
|switch|p2a: Alakazam|Alakazam|158\/313 slp
|move|p1a: Tauros|Hyper Beam|p2a: Alakazam
|-damage|p2a: Alakazam|0 fnt
|faint|p2a: Alakazam
|J|MoxieInfinite
|J|Praj.pran
|
|switch|p2a: Exeggutor|Exeggutor|393\/393 par
|turn|39
|L|Quadrant
|J|Txerogross
|L|Txerogross
|J|Ren-chon
|L|bro fist
|
|move|p1a: Tauros|Blizzard|p2a: Exeggutor
|-crit|p2a: Exeggutor
|-supereffective|p2a: Exeggutor
|-damage|p2a: Exeggutor|126\/393 par
|move|p2a: Exeggutor|Psychic|p1a: Tauros
|-damage|p1a: Tauros|201\/353
|
|turn|40
|
|move|p1a: Tauros|Hyper Beam|p2a: Exeggutor
|-damage|p2a: Exeggutor|0 fnt
|faint|p2a: Exeggutor
|
|switch|p2a: Tauros|Tauros|88\/353
|turn|41
|
|move|p2a: Tauros|Hyper Beam|p1a: Tauros|[miss]
|-miss|p2a: Tauros
|move|p1a: Tauros|Body Slam|p2a: Tauros
|-damage|p2a: Tauros|0 fnt
|faint|p2a: Tauros
|
|switch|p2a: Chansey|Chansey|321\/703 par
|turn|42
|J|RedMaxxx
|L|sc0re
|
|move|p1a: Tauros|Hyper Beam|p2a: Chansey|[miss]
|-miss|p1a: Tauros
|cant|p2a: Chansey|par
|
|turn|43
|J|gorgie
|
|move|p1a: Tauros|Hyper Beam|p2a: Chansey
|-damage|p2a: Chansey|0 fnt
|faint|p2a: Chansey
|
|win|Beds
|c|★Beds|ggs man
|L|choollio
|L|Navy V3
|c|★bear7|gg
|L|Sam
|L|bear7
|player|p2
|L|New Born Wembley
|L|lunarr
|L|McMeghan
|J|bro fist
|L|laurel
|L|Ren-chon
|L|PNF
|L|Yogiras
|L|Nachos
|L|ToF
|L|reiku
|L|XxRayxX
|L|radianthero156
|L|bro fist
|L|Stall Hater
|L|King Tsunami
|L|The Mazinger
|L|Veteran In Love
|L|cosine180
|L|VILEMAN
|L|Steve Angello
|L|SOULWIND
|L|PokeManiac Livio
|L|metaphysical
|L|the pdc show
|L|Rumor
|J|GOAO
|L|Starlit Projection
|L|Texas Cloverleaf
|L|Bloodz
|L|Meru
|L|Der Bomber
|L|DennisEG
|L|BKC
|L|Sapientia
|L|Charizardisdabes
|L|SparksBlade
|L|ZoroarkForever
|L|Lockheeed
|L|Halcyon of Light
|L|bouff
|L|Kingler12345
|L|GOAO
|L|Fruitdealer
|L|Aurious
|L|iZocker
|L|Praj.pran
|L|HODOR
|L|Bughouse
|L|Mael oo
|L|atomicllamas
|L|Medza
|L|Nails
|L|ReshiRampage
|L|Xopi
|L|MoxieInfinite
|J|Praj.pran
|L|Raiza
|L|SOMALIA
|L|Isa RC
|L|yohji yanmegamotto
|L|FINCHINATOR
|L|Da Raikage
|J|Froggy26
|L|Praj.pran
|L|celebitrainer36
|L|Evuelf
|L|edgar
|J|Starlit Projection
|L|Starlit Projection
|L|Tesung
|L|Jaist
|L|kratosmana
|L|DESTINY DEVICE
|L|Froggy26
|L|metmaver
|J|DerSweeper
|L|DerSweeper
|L|Hack
|L|benbe
|L|Beds
|player|p1
|L|Jorge Soler
|L|Wasaby
|L|gorgie
|L|soulraiser
|L|Bad Ass
|L|LORD CHANO.
|L|Orch
|L|DCP0NT0P
|L|RainPB
|J|RainPB
|L|RainPB
|L|Nova
|L|Get this Money
|L|RedMaxxx
|L|uCan'tSeeMe
|L|LJDarkrai
|L|Crying Heavens
|L|desordre song