|inactive|Battle timer is ON: inactive players will automatically lose when time's up.
|J|FAFUS
|J|Beds
|player|p1|FAFUS|266
|player|p2|Beds|252
|gametype|singles
|gen|1
|tier|[Gen 1] OU
|rule|Sleep Clause Mod: Limit one foe put to sleep
|rule|Freeze Clause Mod: Limit one foe frozen
|rule|Species Clause: Limit one of each Pokémon
|rule|OHKO Clause: OHKO moves are banned
|rule|Evasion Moves Clause: Evasion moves are banned
|rule|HP Percentage Mod: HP is shown in percentages
|
|start
|switch|p1a: Jynx|Jynx|333\/333
|switch|p2a: Alakazam|Alakazam|313\/313
|turn|1
|J|stefan biniak
|J|Luispeikou
|J|reiku
|J|Disaster Area
|J|Sinnoh Myths
|J|Hecty
|J|wish klller
|J|galbia
|J|Aurious
|J|Steve Angello
|J|Ruminator
|c|+Disaster Area|go Beds ! :D
|J|Isoflurane
|J|fifa14 god
|J|iamgingE
|J|Sam
|J|Pokebasket
|J|toshino kyouko
|J|edgar
|J|TV-Rocka
|J|xxrayxx
|J|dlskjf
|c|+xxrayxx|loos
|J|bad ass
|J|SOULWIND
|J|Sapientia
|J|ceraa
|J|L0NE
|c|+bad ass|which game is this in the set?
|J|Fakkesi
|J|RainPB
|c|+Luispeikou|2
|c|%Steve Angello|the 2nd
|J|choollio
|J|Yogiras
|
|move|p2a: Alakazam|Thunder Wave|p1a: Jynx
|-status|p1a: Jynx|par
|move|p1a: Jynx|Lovely Kiss|p2a: Alakazam
|-status|p2a: Alakazam|slp
|
|turn|2
|c|+Fakkesi|beds +-+
|c|+Aurious|beds lost 1
|J|Lusso
|c|+Aurious|go beds!
|
|switch|p2a: Lapras|Lapras|463\/463
|move|p1a: Jynx|Blizzard|p2a: Lapras
|-resisted|p2a: Lapras
|-damage|p2a: Lapras|429\/463
|
|turn|3
|J|Fluffeon
|J|y4
|J|Jirachee
|J|DaTweekaz
|J|fleggumfl
|raw|<div class="broadcast-red"><b>Moderated chat was set to %!<\/b><br \/>Only users of rank % and higher can talk.<\/div>
|J|Stall Hater
|
|move|p2a: Lapras|Confuse Ray|p1a: Jynx
|-start|p1a: Jynx|confusion
|-activate|p1a: Jynx|confusion
|-damage|p1a: Jynx|292\/333 par|[from] confusion
|
|turn|4
|J|MonoConvergence
|J|Kefky
|J|Rei
|J|Mael oo
|J|m-alt2gud
|L|MonoConvergence
|
|switch|p1a: Chansey|Chansey|703\/703
|move|p2a: Lapras|Thunderbolt|p1a: Chansey
|-damage|p1a: Chansey|631\/703
|
|turn|5
|J|silverwhiteblue
|J|Jimmy Turtwig
|
|switch|p2a: Chansey|Chansey|703\/703
|move|p1a: Chansey|Ice Beam|p2a: Chansey
|-damage|p2a: Chansey|623\/703
|
|turn|6
|J|Yoda2798
|J|Frexa
|L|Yoda2798
|
|switch|p1a: Jynx|Jynx|292\/333 par
|move|p2a: Chansey|Ice Beam|p1a: Jynx
|-resisted|p1a: Jynx
|-damage|p1a: Jynx|253\/333 par
|
|turn|7
|J|lunarr
|L|m-alt2gud
|
|switch|p2a: Snorlax|Snorlax|523\/523
|move|p1a: Jynx|Psychic|p2a: Snorlax
|-crit|p2a: Snorlax
|-damage|p2a: Snorlax|267\/523
|
|turn|8
|J|yuy
|J|notvidya
|
|switch|p1a: Cloyster|Cloyster|303\/303
|move|p2a: Snorlax|Hyper Beam|p1a: Cloyster
|-damage|p1a: Cloyster|176\/303
|
|turn|9
|-mustrecharge|p2a: Snorlax
|-mustrecharge|p2a: Snorlax
|J|Thepoke
|J|Lanculus
|
|move|p1a: Cloyster|Ice Beam|p2a: Snorlax
|-damage|p2a: Snorlax|127\/523
|cant|p2a: Snorlax|recharge
|
|turn|10
|J|Anyro
|L|Thepoke
|J|Cynthia's Chomp
|
|switch|p2a: Lapras|Lapras|429\/463
|move|p1a: Cloyster|Clamp|p2a: Lapras
|-resisted|p2a: Lapras
|-damage|p2a: Lapras|409\/463
|-activate|p2a: Lapras|move: Clamp|[of] p1a: Cloyster
|
|turn|11
|J|MonoConvergence
|
|switch|p2a: Chansey|Chansey|623\/703
|move|p1a: Cloyster|Clamp|p2a: Chansey
|-crit|p2a: Chansey
|-damage|p2a: Chansey|550\/703
|-activate|p2a: Chansey|move: Clamp|[of] p1a: Cloyster
|
|turn|12
|J|Bughouse
|J|wandering star
|
|switch|p2a: Lapras|Lapras|409\/463
|move|p1a: Cloyster|Clamp|p2a: Lapras
|-resisted|p2a: Lapras
|-damage|p2a: Lapras|389\/463
|-activate|p2a: Lapras|move: Clamp|[of] p1a: Cloyster
|
|turn|13
|J|zdrup
|J|Updated Kanto
|J|Meru
|J|Nachos
|
|move|p1a: Cloyster|Clamp|p2a: Lapras
|-damage|p2a: Lapras|369\/463
|cant|p2a: Lapras|partiallytrapped
|
|turn|14
|J|Ary
|
|move|p1a: Cloyster|Clamp|p2a: Lapras
|-damage|p2a: Lapras|349\/463
|cant|p2a: Lapras|partiallytrapped
|
|turn|15
|L|Updated Kanto
|
|switch|p1a: Snorlax|Snorlax|523\/523
|cant|p2a: Lapras|partiallytrapped
|
|-end|p2a: Lapras|Clamp|[partiallytrapped]
|turn|16
|
|move|p2a: Lapras|Blizzard|p1a: Snorlax
|-damage|p1a: Snorlax|356\/523
|move|p1a: Snorlax|Body Slam|p2a: Lapras
|-damage|p2a: Lapras|220\/463
|
|turn|17
|J|Isa RC
|J|Medza
|
|move|p2a: Lapras|Blizzard|p1a: Snorlax
|-damage|p1a: Snorlax|167\/523
|-status|p1a: Snorlax|frz
|cant|p1a: Snorlax|frz
|
|turn|18
|
|switch|p2a: Snorlax|Snorlax|127\/523
|switch|p1a: Chansey|Chansey|631\/703
|
|turn|19
|
|switch|p1a: Cloyster|Cloyster|176\/303
|move|p2a: Snorlax|Self-Destruct|p1a: Cloyster
|-crit|p1a: Cloyster
|-damage|p1a: Cloyster|0 fnt
|faint|p1a: Cloyster
|faint|p2a: Snorlax
|J|Luckstard.
|J|Freeroamer
|
|switch|p2a: Chansey|Chansey|550\/703
|switch|p1a: Jynx|Jynx|253\/333 par
|turn|20
|
|switch|p2a: Lapras|Lapras|220\/463
|move|p1a: Jynx|Blizzard|p2a: Lapras
|-resisted|p2a: Lapras
|-damage|p2a: Lapras|188\/463
|
|turn|21
|J|ImSNT
|J|I ♥ Cole Mohr
|
|switch|p1a: Chansey|Chansey|631\/703
|move|p2a: Lapras|Confuse Ray|p1a: Chansey
|-start|p1a: Chansey|confusion
|
|turn|22
|J|Tomahawk
|J|Soulgazer
|L|Soulgazer
|J|Soulgazer
|
|switch|p2a: Chansey|Chansey|550\/703
|-activate|p1a: Chansey|confusion
|move|p1a: Chansey|Thunderbolt|p2a: Chansey
|-damage|p2a: Chansey|482\/703
|
|turn|23
|
|switch|p1a: Jynx|Jynx|253\/333 par
|move|p2a: Chansey|Thunder Wave|p1a: Jynx
|-fail|p1a: Jynx|par
|
|turn|24
|
|move|p2a: Chansey|Thunderbolt|p1a: Jynx
|-damage|p1a: Jynx|171\/333 par
|move|p1a: Jynx|Psychic|p2a: Chansey
|-damage|p2a: Chansey|390\/703
|
|turn|25
|
|move|p2a: Chansey|Thunderbolt|p1a: Jynx
|-damage|p1a: Jynx|89\/333 par
|cant|p1a: Jynx|par
|
|turn|26
|L|Ary
|J|tesung
|
|switch|p1a: Chansey|Chansey|631\/703
|move|p2a: Chansey|Thunderbolt|p1a: Chansey
|-damage|p1a: Chansey|551\/703
|
|turn|27
|
|move|p1a: Chansey|Ice Beam|p2a: Chansey
|-damage|p2a: Chansey|320\/703
|move|p2a: Chansey|Thunder Wave|p1a: Chansey
|-status|p1a: Chansey|par
|
|turn|28
|
|move|p2a: Chansey|Soft-Boiled|p2a: Chansey
|-heal|p2a: Chansey|671\/703
|cant|p1a: Chansey|par
|
|turn|29
|J|Serpi386
|L|yuy
|
|move|p2a: Chansey|Thunderbolt|p1a: Chansey
|-damage|p1a: Chansey|474\/703 par
|cant|p1a: Chansey|par
|
|turn|30
|L|MonoConvergence
|J|MonoConvergence
|
|switch|p2a: Tauros|Tauros|353\/353
|move|p1a: Chansey|Soft-Boiled|p1a: Chansey
|-heal|p1a: Chansey|703\/703 par
|
|turn|31
|
|switch|p2a: Chansey|Chansey|671\/703
|move|p1a: Chansey|Ice Beam|p2a: Chansey
|-damage|p2a: Chansey|599\/703
|
|turn|32
|J|Stratos
|
|switch|p2a: Lapras|Lapras|188\/463
|move|p1a: Chansey|Ice Beam|p2a: Lapras
|-resisted|p2a: Lapras
|-damage|p2a: Lapras|168\/463
|
|turn|33
|L|Tomahawk
|J|dedic
|
|move|p2a: Lapras|Confuse Ray|p1a: Chansey
|-start|p1a: Chansey|confusion
|cant|p1a: Chansey|par
|
|turn|34
|
|switch|p2a: Chansey|Chansey|599\/703
|-activate|p1a: Chansey|confusion
|move|p1a: Chansey|Thunderbolt|p2a: Chansey
|-crit|p2a: Chansey
|-damage|p2a: Chansey|464\/703
|
|turn|35
|J|thesecondbest
|
|move|p2a: Chansey|Soft-Boiled|p2a: Chansey
|-heal|p2a: Chansey|703\/703
|cant|p1a: Chansey|par
|
|turn|36
|L|notvidya
|
|switch|p2a: Alakazam|Alakazam|313\/313 slp
|-activate|p1a: Chansey|confusion
|-damage|p1a: Chansey|668\/703 par|[from] confusion
|
|turn|37
|J|Praj.pran
|
|switch|p1a: Tauros|Tauros|353\/353
|cant|p2a: Alakazam|slp
|
|turn|38
|
|switch|p2a: Exeggutor|Exeggutor|393\/393
|move|p1a: Tauros|Body Slam|p2a: Exeggutor
|-damage|p2a: Exeggutor|277\/393
|
|turn|39
|J|Dominatio
|J|DoubleOD
|L|DoubleOD
|L|DaTweekaz
|J|wettbwrb
|
|move|p1a: Tauros|Body Slam|p2a: Exeggutor
|-crit|p2a: Exeggutor
|-damage|p2a: Exeggutor|66\/393
|move|p2a: Exeggutor|Psychic|p1a: Tauros
|-damage|p1a: Tauros|185\/353
|
|turn|40
|L|fleggumfl
|
|move|p1a: Tauros|Body Slam|p2a: Exeggutor
|-damage|p2a: Exeggutor|0 fnt
|faint|p2a: Exeggutor
|
|switch|p2a: Tauros|Tauros|353\/353
|turn|41
|J|fleggumfl
|
|switch|p1a: Jynx|Jynx|89\/333 par
|move|p2a: Tauros|Body Slam|p1a: Jynx
|-crit|p1a: Jynx
|-damage|p1a: Jynx|0 fnt
|faint|p1a: Jynx
|
|switch|p1a: Slowbro|Slowbro|393\/393
|turn|42
|
|switch|p2a: Chansey|Chansey|703\/703
|move|p1a: Slowbro|Thunder Wave|p2a: Chansey
|-status|p2a: Chansey|par
|
|turn|43
|J|PR) Romper
|
|move|p1a: Slowbro|Amnesia|p1a: Slowbro
|-boost|p1a: Slowbro|spd|2
|-boost|p1a: Slowbro|spa|2
|move|p2a: Chansey|Thunder Wave|p1a: Slowbro
|-status|p1a: Slowbro|par
|
|turn|44
|J|Lord Mur
|
|move|p1a: Slowbro|Amnesia|p1a: Slowbro
|-boost|p1a: Slowbro|spd|2
|-boost|p1a: Slowbro|spa|2
|cant|p2a: Chansey|par
|
|turn|45
|
|cant|p1a: Slowbro|par
|move|p2a: Chansey|Thunderbolt|p1a: Slowbro
|-supereffective|p1a: Slowbro
|-damage|p1a: Slowbro|329\/393 par
|
|turn|46
|J|Big Sir
|J|EG Posho
|
|switch|p2a: Lapras|Lapras|168\/463
|cant|p1a: Slowbro|par
|
|turn|47
|
|move|p2a: Lapras|Confuse Ray|p1a: Slowbro
|-start|p1a: Slowbro|confusion
|cant|p1a: Slowbro|par
|
|turn|48
|J|rob
|
|move|p2a: Lapras|Thunderbolt|p1a: Slowbro
|-supereffective|p1a: Slowbro
|-damage|p1a: Slowbro|275\/393 par
|cant|p1a: Slowbro|par
|
|turn|49
|L|dedic
|
|move|p2a: Lapras|Thunderbolt|p1a: Slowbro
|-supereffective|p1a: Slowbro
|-damage|p1a: Slowbro|217\/393 par
|cant|p1a: Slowbro|par
|
|turn|50
|J|Greenkat
|
|move|p2a: Lapras|Thunderbolt|p1a: Slowbro
|-supereffective|p1a: Slowbro
|-damage|p1a: Slowbro|159\/393 par
|-activate|p1a: Slowbro|confusion
|-damage|p1a: Slowbro|131\/393 par|[from] confusion
|
|turn|51
|
|move|p2a: Lapras|Thunderbolt|p1a: Slowbro
|-supereffective|p1a: Slowbro
|-damage|p1a: Slowbro|73\/393 par
|-activate|p1a: Slowbro|confusion
|move|p1a: Slowbro|Thunder Wave|p2a: Lapras
|-status|p2a: Lapras|par
|
|turn|52
|
|cant|p2a: Lapras|par
|-activate|p1a: Slowbro|confusion
|-damage|p1a: Slowbro|45\/393 par|[from] confusion
|
|turn|53
|L|I ♥ Cole Mohr
|
|move|p2a: Lapras|Thunderbolt|p1a: Slowbro
|-supereffective|p1a: Slowbro
|-damage|p1a: Slowbro|0 fnt
|faint|p1a: Slowbro
|
|switch|p1a: Tauros|Tauros|185\/353
|turn|54
|
|move|p1a: Tauros|Hyper Beam|p2a: Lapras
|-damage|p2a: Lapras|0 fnt
|faint|p2a: Lapras
|
|switch|p2a: Tauros|Tauros|353\/353
|turn|55
|
|move|p2a: Tauros|Body Slam|p1a: Tauros
|-crit|p1a: Tauros
|-damage|p1a: Tauros|1\/353
|move|p1a: Tauros|Blizzard|p2a: Tauros
|-damage|p2a: Tauros|263\/353
|
|turn|56
|J|innovamania
|
|switch|p1a: Snorlax|Snorlax|167\/523 frz
|move|p2a: Tauros|Body Slam|p1a: Snorlax
|-damage|p1a: Snorlax|40\/523 frz
|
|turn|57
|
|move|p2a: Tauros|Body Slam|p1a: Snorlax
|-damage|p1a: Snorlax|0 fnt
|faint|p1a: Snorlax
|
|switch|p1a: Chansey|Chansey|668\/703 par
|turn|58
|
|switch|p2a: Alakazam|Alakazam|313\/313 slp
|move|p1a: Chansey|Thunder Wave|p2a: Alakazam
|-fail|p2a: Alakazam
|
|turn|59
|J|Generic Weeb Name
|
|switch|p2a: Chansey|Chansey|703\/703 par
|switch|p1a: Tauros|Tauros|1\/353
|
|turn|60
|J|New Born Wembley
|J|robert
|L|Isoflurane
|J|SockeFTW
|
|move|p1a: Tauros|Hyper Beam|p2a: Chansey
|-damage|p2a: Chansey|210\/703 par
|move|p2a: Chansey|Thunderbolt|p1a: Tauros
|-damage|p1a: Tauros|0 fnt
|faint|p1a: Tauros
|J|Tenruu
|J|Isoflurane
|J|Joga
|
|switch|p1a: Chansey|Chansey|668\/703 par
|turn|61
|
|move|p1a: Chansey|Thunderbolt|p2a: Chansey
|-damage|p2a: Chansey|132\/703 par
|cant|p2a: Chansey|par
|
|turn|62
|
|move|p2a: Chansey|Soft-Boiled|p2a: Chansey
|-heal|p2a: Chansey|483\/703 par
|move|p1a: Chansey|Thunderbolt|p2a: Chansey
|-damage|p2a: Chansey|404\/703 par
|
|turn|63
|
|move|p1a: Chansey|Thunderbolt|p2a: Chansey
|-damage|p2a: Chansey|330\/703 par
|cant|p2a: Chansey|par
|
|turn|64
|J|Greencore
|
|move|p2a: Chansey|Soft-Boiled|p2a: Chansey
|-heal|p2a: Chansey|681\/703 par
|move|p1a: Chansey|Thunderbolt|p2a: Chansey
|-damage|p2a: Chansey|608\/703 par
|
|turn|65
|J|interplanet janet
|
|switch|p2a: Alakazam|Alakazam|313\/313 slp
|move|p1a: Chansey|Thunderbolt|p2a: Alakazam
|-damage|p2a: Alakazam|249\/313 slp
|
|turn|66
|
|switch|p2a: Chansey|Chansey|608\/703 par
|move|p1a: Chansey|Thunderbolt|p2a: Chansey
|-damage|p2a: Chansey|530\/703 par
|
|turn|67
|L|Mael oo
|
|move|p2a: Chansey|Soft-Boiled|p2a: Chansey
|-heal|p2a: Chansey|703\/703 par
|cant|p1a: Chansey|par
|
|turn|68
|
|cant|p1a: Chansey|par
|move|p2a: Chansey|Thunderbolt|p1a: Chansey
|-damage|p1a: Chansey|598\/703 par
|
|turn|69
|L|Luispeikou
|
|move|p1a: Chansey|Thunderbolt|p2a: Chansey
|-damage|p2a: Chansey|625\/703 par
|move|p2a: Chansey|Thunderbolt|p1a: Chansey
|-damage|p1a: Chansey|527\/703 par
|
|turn|70
|
|cant|p2a: Chansey|par
|cant|p1a: Chansey|par
|
|turn|71
|L|Hecty
|
|move|p1a: Chansey|Thunderbolt|p2a: Chansey
|-crit|p2a: Chansey
|-damage|p2a: Chansey|484\/703 par
|move|p2a: Chansey|Thunderbolt|p1a: Chansey
|-damage|p1a: Chansey|456\/703 par
|
|turn|72
|
|move|p2a: Chansey|Thunderbolt|p1a: Chansey
|-damage|p1a: Chansey|387\/703 par
|move|p1a: Chansey|Ice Beam|p2a: Chansey
|-damage|p2a: Chansey|408\/703 par
|
|turn|73
|
|move|p2a: Chansey|Thunderbolt|p1a: Chansey
|-damage|p1a: Chansey|307\/703 par
|move|p1a: Chansey|Thunderbolt|p2a: Chansey
|-damage|p2a: Chansey|339\/703 par
|
|turn|74
|
|move|p1a: Chansey|Ice Beam|p2a: Chansey
|-crit|p2a: Chansey
|-damage|p2a: Chansey|201\/703 par
|cant|p2a: Chansey|par
|
|turn|75
|J|Reshirampage
|
|move|p2a: Chansey|Soft-Boiled|p2a: Chansey
|-heal|p2a: Chansey|552\/703 par
|move|p1a: Chansey|Ice Beam|p2a: Chansey
|-damage|p2a: Chansey|482\/703 par
|
|turn|76
|
|cant|p2a: Chansey|par
|cant|p1a: Chansey|par
|
|turn|77
|J|Hecty
|
|move|p2a: Chansey|Thunderbolt|p1a: Chansey
|-damage|p1a: Chansey|236\/703 par
|move|p1a: Chansey|Soft-Boiled|p1a: Chansey
|-heal|p1a: Chansey|587\/703 par
|
|turn|78
|J|Betapf
|
|cant|p1a: Chansey|par
|move|p2a: Chansey|Thunderbolt|p1a: Chansey
|-damage|p1a: Chansey|506\/703 par
|
|turn|79
|
|move|p2a: Chansey|Thunderbolt|p1a: Chansey
|-damage|p1a: Chansey|430\/703 par
|move|p1a: Chansey|Thunder Wave|p2a: Chansey
|-fail|p2a: Chansey|par
|
|turn|80
|
|move|p2a: Chansey|Thunder Wave|p1a: Chansey
|-fail|p1a: Chansey|par
|cant|p1a: Chansey|par
|
|turn|81
|L|wish klller
|J|wish klller
|
|move|p1a: Chansey|Thunderbolt|p2a: Chansey
|-damage|p2a: Chansey|410\/703 par
|move|p2a: Chansey|Thunder Wave|p1a: Chansey
|-fail|p1a: Chansey|par
|
|turn|82
|L|Reshirampage
|
|move|p1a: Chansey|Thunder Wave|p2a: Chansey
|-fail|p2a: Chansey|par
|cant|p2a: Chansey|par
|
|turn|83
|
|move|p2a: Chansey|Soft-Boiled|p2a: Chansey
|-heal|p2a: Chansey|703\/703 par
|move|p1a: Chansey|Thunderbolt|p2a: Chansey
|-damage|p2a: Chansey|626\/703 par
|
|turn|84
|L|Generic Weeb Name
|J|DestinyUnknown
|
|move|p2a: Chansey|Thunder Wave|p1a: Chansey
|-fail|p1a: Chansey|par
|move|p1a: Chansey|Thunder Wave|p2a: Chansey
|-fail|p2a: Chansey|par
|
|turn|85
|L|Hecty
|
|move|p1a: Chansey|Thunder Wave|p2a: Chansey
|-fail|p2a: Chansey|par
|move|p2a: Chansey|Thunder Wave|p1a: Chansey
|-fail|p1a: Chansey|par
|
|turn|86
|
|cant|p1a: Chansey|par
|move|p2a: Chansey|Thunder Wave|p1a: Chansey
|-fail|p1a: Chansey|par
|
|turn|87
|
|move|p2a: Chansey|Thunder Wave|p1a: Chansey
|-fail|p1a: Chansey|par
|move|p1a: Chansey|Thunder Wave|p2a: Chansey
|-fail|p2a: Chansey|par
|
|turn|88
|J|Hecty
|
|move|p1a: Chansey|Soft-Boiled|p1a: Chansey
|-heal|p1a: Chansey|703\/703 par
|cant|p2a: Chansey|par
|
|turn|89
|
|move|p2a: Chansey|Thunder Wave|p1a: Chansey
|-fail|p1a: Chansey|par
|move|p1a: Chansey|Thunder Wave|p2a: Chansey
|-fail|p2a: Chansey|par
|
|turn|90
|L|Hecty
|
|move|p1a: Chansey|Thunder Wave|p2a: Chansey
|-fail|p2a: Chansey|par
|cant|p2a: Chansey|par
|
|turn|91
|J|Jellicent
|L|Pokebasket
|
|move|p1a: Chansey|Thunder Wave|p2a: Chansey
|-fail|p2a: Chansey|par
|move|p2a: Chansey|Thunder Wave|p1a: Chansey
|-fail|p1a: Chansey|par
|
|turn|92
|J|Jack Boots
|L|dlskjf
|
|cant|p1a: Chansey|par
|move|p2a: Chansey|Thunder Wave|p1a: Chansey
|-fail|p1a: Chansey|par
|
|turn|93
|
|move|p2a: Chansey|Thunderbolt|p1a: Chansey
|-damage|p1a: Chansey|634\/703 par
|move|p1a: Chansey|Thunder Wave|p2a: Chansey
|-fail|p2a: Chansey|par
|
|turn|94
|L|Jack Boots
|
|move|p1a: Chansey|Thunder Wave|p2a: Chansey
|-fail|p2a: Chansey|par
|move|p2a: Chansey|Thunder Wave|p1a: Chansey
|-fail|p1a: Chansey|par
|
|turn|95
|
|move|p1a: Chansey|Thunder Wave|p2a: Chansey
|-fail|p2a: Chansey|par
|move|p2a: Chansey|Thunder Wave|p1a: Chansey
|-fail|p1a: Chansey|par
|
|turn|96
|L|reiku
|J|dlskjf
|
|cant|p1a: Chansey|par
|cant|p2a: Chansey|par
|
|turn|97
|
|cant|p2a: Chansey|par
|cant|p1a: Chansey|par
|
|turn|98
|
|move|p1a: Chansey|Thunder Wave|p2a: Chansey
|-fail|p2a: Chansey|par
|move|p2a: Chansey|Thunder Wave|p1a: Chansey
|-fail|p1a: Chansey|par
|
|turn|99
|J|michaeloche
|L|Stratos
|
|cant|p2a: Chansey|par
|move|p1a: Chansey|Thunderbolt|p2a: Chansey
|-damage|p2a: Chansey|545\/703 par
|
|turn|100
|J|I am an atheist
|
|cant|p1a: Chansey|par
|move|p2a: Chansey|Thunder Wave|p1a: Chansey
|-fail|p1a: Chansey|par
|
|turn|101
|
|move|p2a: Chansey|Thunder Wave|p1a: Chansey
|-fail|p1a: Chansey|par
|move|p1a: Chansey|Thunderbolt|p2a: Chansey
|-crit|p2a: Chansey
|-damage|p2a: Chansey|400\/703 par
|
|turn|102
|J|lOcKhEeEd
|L|I am an atheist
|
|move|p2a: Chansey|Thunder Wave|p1a: Chansey
|-fail|p1a: Chansey|par
|move|p1a: Chansey|Thunderbolt|p2a: Chansey
|-damage|p2a: Chansey|321\/703 par
|
|turn|103
|
|move|p2a: Chansey|Thunder Wave|p1a: Chansey
|-fail|p1a: Chansey|par
|move|p1a: Chansey|Thunderbolt|p2a: Chansey
|-damage|p2a: Chansey|242\/703 par
|
|turn|104
|L|dlskjf
|
|move|p2a: Chansey|Soft-Boiled|p2a: Chansey
|-heal|p2a: Chansey|593\/703 par
|move|p1a: Chansey|Thunderbolt|p2a: Chansey
|-damage|p2a: Chansey|520\/703 par
|
|turn|105
|
|move|p1a: Chansey|Thunderbolt|p2a: Chansey
|-damage|p2a: Chansey|446\/703 par
|cant|p2a: Chansey|par
|
|turn|106
|
|cant|p1a: Chansey|par
|cant|p2a: Chansey|par
|
|turn|107
|
|move|p1a: Chansey|Thunderbolt|p2a: Chansey
|-damage|p2a: Chansey|376\/703 par
|move|p2a: Chansey|Thunder Wave|p1a: Chansey
|-fail|p1a: Chansey|par
|
|turn|108
|J|Obliviatee
|
|cant|p1a: Chansey|par
|move|p2a: Chansey|Thunder Wave|p1a: Chansey
|-fail|p1a: Chansey|par
|
|turn|109
|
|move|p1a: Chansey|Thunderbolt|p2a: Chansey
|-damage|p2a: Chansey|299\/703 par
|move|p2a: Chansey|Thunder Wave|p1a: Chansey
|-fail|p1a: Chansey|par
|
|turn|110
|J|dlskjf
|
|cant|p2a: Chansey|par
|move|p1a: Chansey|Thunderbolt|p2a: Chansey
|-damage|p2a: Chansey|230\/703 par
|
|turn|111
|
|move|p1a: Chansey|Thunderbolt|p2a: Chansey
|-damage|p2a: Chansey|153\/703 par
|move|p2a: Chansey|Soft-Boiled|p2a: Chansey
|-heal|p2a: Chansey|504\/703 par
|
|turn|112
|c|★FAFUS|gg
|J|reiku
|J|Zebraiken
|L|zdrup
|c|★Beds|gg
|
|move|p2a: Chansey|Thunder Wave|p1a: Chansey
|-fail|p1a: Chansey|par
|move|p1a: Chansey|Thunderbolt|p2a: Chansey
|-crit|p2a: Chansey
|-damage|p2a: Chansey|364\/703 par
|
|turn|113
|
|move|p1a: Chansey|Ice Beam|p2a: Chansey
|-damage|p2a: Chansey|296\/703 par
|move|p2a: Chansey|Thunder Wave|p1a: Chansey
|-fail|p1a: Chansey|par
|
|turn|114
|L|reiku
|
|move|p1a: Chansey|Ice Beam|p2a: Chansey
|-damage|p2a: Chansey|222\/703 par
|cant|p2a: Chansey|par
|
|turn|115
|
|move|p1a: Chansey|Ice Beam|p2a: Chansey
|-damage|p2a: Chansey|144\/703 par
|move|p2a: Chansey|Soft-Boiled|p2a: Chansey
|-heal|p2a: Chansey|495\/703 par
|
|turn|116
|L|dlskjf
|L|thesecondbest
|-message|FAFUS forfeited.
|
|win|Beds
|L|FAFUS
|player|p1
|L|ceraa
|L|PR) Romper
|L|Lusso
|L|bad ass
|L|michaeloche
|L|Beds
|player|p2
|L|xxrayxx
|L|robert
|L|Stall Hater
|L|Obliviatee
|L|Kefky
|L|fleggumfl
|L|Medza
|L|Jirachee
|L|rob
|L|Steve Angello
|L|Disaster Area
|L|tesung
|L|Aurious
|L|Joga
|L|choollio
|L|Big Sir
|L|wandering star
|L|galbia
|L|Frexa
|L|Soulgazer
|L|Sam
|L|Bughouse
|L|Zebraiken
|L|Sapientia
|L|Cynthia's Chomp
|L|wish klller
|L|Anyro
|L|Lanculus
|L|Lord Mur
|L|Greencore
|L|Jellicent
|L|interplanet janet
|L|lunarr
|L|MonoConvergence
|J|PR) Romper
|L|PR) Romper
|L|Ruminator
|L|Serpi386
|L|lOcKhEeEd
|L|Freeroamer
|L|Rei