|J|Dice
|J|Nails
|player|p1|Dice|168
|player|p2|Nails|170
|gametype|singles
|gen|1
|tier|[Gen 1] OU
|seed|11388,18515,53735,28455
|rule|Sleep Clause Mod: Limit one foe put to sleep
|rule|Freeze Clause Mod: Limit one foe frozen
|rule|Species Clause: Limit one of each Pokémon
|rule|OHKO Clause: OHKO moves are banned
|rule|Evasion Moves Clause: Evasion moves are banned
|rule|HP Percentage Mod: HP is shown in percentages
|
|start
|switch|p1a: Hypno|Hypno|373\/373
|switch|p2a: Hypno|Hypno|373\/373
|turn|1
|choice|move 1|move 1
|
|move|p1a: Hypno|Hypnosis|p2a: Hypno
|-status|p2a: Hypno|slp
|cant|p2a: Hypno|slp
|
|turn|2
|choice|switch 3|switch 4
|
|switch|p2a: Slowbro|Slowbro|393\/393
|switch|p1a: Tauros|Tauros|353\/353
|
|turn|3
|J|Ninjacalibur
|choice|switch 6|move 2
|
|switch|p1a: Starmie|Starmie|323\/323
|move|p2a: Slowbro|Amnesia|p2a: Slowbro
|-boost|p2a: Slowbro|spd|2
|-boost|p2a: Slowbro|spa|2
|
|turn|4
|choice|move 3|move 1
|
|move|p1a: Starmie|Thunderbolt|p2a: Slowbro
|-crit|p2a: Slowbro
|-supereffective|p2a: Slowbro
|-damage|p2a: Slowbro|65\/393
|move|p2a: Slowbro|Thunder Wave|p1a: Starmie
|-status|p1a: Starmie|par
|
|turn|5
|L|Ninjacalibur
|choice|move 3|move 4
|
|move|p2a: Slowbro|Rest|p2a: Slowbro
|-status|p2a: Slowbro|slp
|-heal|p2a: Slowbro|393\/393 slp|[silent]
|-status|p2a: Slowbro|slp|[from] move: Rest
|move|p1a: Starmie|Thunderbolt|p2a: Slowbro
|-supereffective|p2a: Slowbro
|-damage|p2a: Slowbro|313\/393 slp
|
|turn|6
|choice|move 3|move 2
|
|cant|p2a: Slowbro|slp
|move|p1a: Starmie|Thunderbolt|p2a: Slowbro
|-crit|p2a: Slowbro
|-supereffective|p2a: Slowbro
|-damage|p2a: Slowbro|0 fnt
|faint|p2a: Slowbro
|choice||switch 3
|
|switch|p2a: Snorlax|Snorlax|523\/523
|turn|7
|choice|move 4|move 1
|
|move|p2a: Snorlax|Body Slam|p1a: Starmie
|-damage|p1a: Starmie|203\/323 par
|cant|p1a: Starmie|par
|
|turn|8
|choice|switch 3|move 1
|
|switch|p1a: Hypno|Hypno|373\/373
|move|p2a: Snorlax|Body Slam|p1a: Hypno
|-damage|p1a: Hypno|236\/373
|-status|p1a: Hypno|par
|
|turn|9
|choice|move 2|move 1
|
|move|p2a: Snorlax|Body Slam|p1a: Hypno
|-damage|p1a: Hypno|110\/373 par
|move|p1a: Hypno|Thunder Wave|p2a: Snorlax
|-status|p2a: Snorlax|par
|
|turn|10
|choice|move 4|move 1
|
|move|p1a: Hypno|Rest|p1a: Hypno
|-status|p1a: Hypno|slp
|-heal|p1a: Hypno|373\/373 slp|[silent]
|-status|p1a: Hypno|slp|[from] move: Rest
|move|p2a: Snorlax|Body Slam|p1a: Hypno
|-damage|p1a: Hypno|235\/373 slp
|
|turn|11
|choice|switch 5|move 1
|
|switch|p1a: Snorlax|Snorlax|523\/523
|move|p2a: Snorlax|Body Slam|p1a: Snorlax
|-damage|p1a: Snorlax|378\/523
|
|turn|12
|choice|move 1|move 3
|
|move|p1a: Snorlax|Body Slam|p2a: Snorlax
|-damage|p2a: Snorlax|383\/523 par
|move|p2a: Snorlax|Reflect|p2a: Snorlax
|-start|p2a: Snorlax|Reflect
|
|turn|13
|choice|move 1|move 1
|
|move|p1a: Snorlax|Body Slam|p2a: Snorlax
|-damage|p2a: Snorlax|315\/523 par
|move|p2a: Snorlax|Body Slam|p1a: Snorlax
|-damage|p1a: Snorlax|244\/523
|
|turn|14
|J|double01
|choice|move 1|switch 4
|
|switch|p2a: Hypno|Hypno|373\/373 slp
|move|p1a: Snorlax|Body Slam|p2a: Hypno
|-damage|p2a: Hypno|246\/373 slp
|
|turn|15
|choice|move 1|switch 5
|
|switch|p2a: Rhydon|Rhydon|413\/413
|move|p1a: Snorlax|Body Slam|p2a: Rhydon
|-resisted|p2a: Rhydon
|-damage|p2a: Rhydon|367\/413
|-status|p2a: Rhydon|par
|
|turn|16
|choice|switch 4|move 1
|
|switch|p1a: Exeggutor|Exeggutor|393\/393
|move|p2a: Rhydon|Earthquake|p1a: Exeggutor
|-resisted|p1a: Exeggutor
|-damage|p1a: Exeggutor|310\/393
|
|turn|17
|choice|move 1|switch 2
|
|switch|p2a: Alakazam|Alakazam|313\/313
|move|p1a: Exeggutor|Psychic|p2a: Alakazam
|-resisted|p2a: Alakazam
|-damage|p2a: Alakazam|265\/313
|
|turn|18
|choice|move 2|move 1
|
|move|p2a: Alakazam|Thunder Wave|p1a: Exeggutor
|-status|p1a: Exeggutor|par
|cant|p1a: Exeggutor|par
|
|turn|19
|choice|move 2|move 3
|
|move|p2a: Alakazam|Psychic|p1a: Exeggutor
|-resisted|p1a: Exeggutor
|-damage|p1a: Exeggutor|259\/393 par
|-unboost|p1a: Exeggutor|spd|1
|-unboost|p1a: Exeggutor|spa|1
|cant|p1a: Exeggutor|par
|
|turn|20
|J|DerSweeper
|choice|move 2|move 3
|
|move|p2a: Alakazam|Psychic|p1a: Exeggutor
|-resisted|p1a: Exeggutor
|-damage|p1a: Exeggutor|173\/393 par
|move|p1a: Exeggutor|Stun Spore|p2a: Alakazam
|-status|p2a: Alakazam|par
|
|turn|21
|choice|switch 3|switch 2
|
|switch|p2a: Rhydon|Rhydon|367\/413 par
|switch|p1a: Starmie|Starmie|203\/323 par
|
|turn|22
|choice|move 1|switch 2
|
|switch|p2a: Alakazam|Alakazam|265\/313 par
|move|p1a: Starmie|Blizzard|p2a: Alakazam
|-damage|p2a: Alakazam|186\/313 par
|
|turn|23
|choice|move 1|move 1
|
|cant|p2a: Alakazam|par
|move|p1a: Starmie|Blizzard|p2a: Alakazam
|-crit|p2a: Alakazam
|-damage|p2a: Alakazam|35\/313 par
|
|turn|24
|J|Prankster
|choice|move 1|move 2
|
|move|p2a: Alakazam|Recover|p2a: Alakazam
|-heal|p2a: Alakazam|191\/313 par
|cant|p1a: Starmie|par
|
|turn|25
|choice|move 2|move 3
|
|move|p2a: Alakazam|Psychic|p1a: Starmie
|-resisted|p1a: Starmie
|-damage|p1a: Starmie|136\/323 par
|-unboost|p1a: Starmie|spd|1
|-unboost|p1a: Starmie|spa|1
|cant|p1a: Starmie|par
|
|turn|26
|choice|move 2|move 3
|
|move|p2a: Alakazam|Psychic|p1a: Starmie
|-resisted|p1a: Starmie
|-damage|p1a: Starmie|31\/323 par
|cant|p1a: Starmie|par
|
|turn|27
|choice|move 2|move 3
|
|move|p2a: Alakazam|Psychic|p1a: Starmie
|-resisted|p1a: Starmie
|-damage|p1a: Starmie|0 fnt
|faint|p1a: Starmie
|choice|switch 6|
|
|switch|p1a: Tauros|Tauros|353\/353
|turn|28
|choice|move 4|move 1
|
|move|p1a: Tauros|Hyper Beam|p2a: Alakazam
|-crit|p2a: Alakazam
|-damage|p2a: Alakazam|0 fnt
|faint|p2a: Alakazam
|J|THEIRONKENYAN
|choice||switch 4
|
|switch|p2a: Snorlax|Snorlax|315\/523 par
|turn|29
|c|+THEIRONKENYAN|dice 
|c|+THEIRONKENYAN|i believe in you man
|choice|move 1|move 3
|
|move|p1a: Tauros|Body Slam|p2a: Snorlax
|-damage|p2a: Snorlax|196\/523 par
|move|p2a: Snorlax|Reflect|p2a: Snorlax
|-start|p2a: Snorlax|Reflect
|
|turn|30
|J|mfhoundoom
|choice|move 1|move 4
|
|move|p1a: Tauros|Body Slam|p2a: Snorlax
|-damage|p2a: Snorlax|125\/523 par
|cant|p2a: Snorlax|par
|
|turn|31
|c|★Dice|thx man.
|choice|move 1|move 4
|
|move|p1a: Tauros|Body Slam|p2a: Snorlax
|-damage|p2a: Snorlax|62\/523 par
|cant|p2a: Snorlax|par
|
|turn|32
|c|+THEIRONKENYAN|np
|c|★Nails|drats
|choice|move 1|move 4
|
|move|p1a: Tauros|Body Slam|p2a: Snorlax
|-crit|p2a: Snorlax
|-damage|p2a: Snorlax|0 fnt
|faint|p2a: Snorlax
|J|Smackah1
|choice||switch 6
|
|switch|p2a: Tauros|Tauros|353\/353
|turn|33
|choice|move 1|move 3
|
|move|p2a: Tauros|Fire Blast|p1a: Tauros
|-damage|p1a: Tauros|259\/353
|move|p1a: Tauros|Body Slam|p2a: Tauros
|-damage|p2a: Tauros|247\/353
|
|turn|34
|choice|move 1|move 1
|
|move|p1a: Tauros|Body Slam|p2a: Tauros
|-damage|p2a: Tauros|137\/353
|move|p2a: Tauros|Body Slam|p1a: Tauros
|-damage|p1a: Tauros|163\/353
|
|turn|35
|choice|move 4|move 2
|
|move|p2a: Tauros|Hyper Beam|p1a: Tauros
|-damage|p1a: Tauros|0 fnt
|faint|p1a: Tauros
|choice|switch 2|
|
|switch|p1a: Chansey|Chansey|703\/703
|turn|36
|choice|move 1|switch 5
|
|switch|p2a: Hypno|Hypno|246\/373 slp
|move|p1a: Chansey|Ice Beam|p2a: Hypno
|-damage|p2a: Hypno|180\/373 slp
|
|turn|37
|choice|move 1|move 3
|
|cant|p2a: Hypno|slp
|move|p1a: Chansey|Ice Beam|p2a: Hypno
|-damage|p2a: Hypno|106\/373 slp
|
|turn|38
|choice|move 1|move 1
|
|cant|p2a: Hypno|slp
|move|p1a: Chansey|Ice Beam|p2a: Hypno
|-damage|p2a: Hypno|37\/373 slp
|
|turn|39
|choice|move 1|move 1
|
|cant|p2a: Hypno|slp
|move|p1a: Chansey|Ice Beam|p2a: Hypno
|-damage|p2a: Hypno|0 fnt
|faint|p2a: Hypno
|choice||switch 5
|
|switch|p2a: Tauros|Tauros|137\/353
|turn|40
|choice|move 3|move 2
|
|move|p2a: Tauros|Hyper Beam|p1a: Chansey
|-crit|p1a: Chansey
|-damage|p1a: Chansey|0 fnt
|faint|p1a: Chansey
|choice|switch 4|
|
|switch|p1a: Snorlax|Snorlax|244\/523
|turn|41
|choice|move 3|switch 2
|
|switch|p2a: Rhydon|Rhydon|367\/413 par
|move|p1a: Snorlax|Self-Destruct|p2a: Rhydon
|-resisted|p2a: Rhydon
|-damage|p2a: Rhydon|235\/413 par
|faint|p1a: Snorlax
|choice|switch 3|
|
|switch|p1a: Exeggutor|Exeggutor|173\/393 par
|turn|42
|choice|move 1|move 2
|
|move|p1a: Exeggutor|Psychic|p2a: Rhydon
|-damage|p2a: Rhydon|39\/413 par
|cant|p2a: Rhydon|par
|
|turn|43
|choice|move 1|move 2
|
|move|p1a: Exeggutor|Psychic|p2a: Rhydon
|-damage|p2a: Rhydon|0 fnt
|faint|p2a: Rhydon
|choice||switch 2
|
|switch|p2a: Tauros|Tauros|137\/353
|turn|44
|choice|move 3|move 2
|
|move|p2a: Tauros|Hyper Beam|p1a: Exeggutor
|-damage|p1a: Exeggutor|0 fnt
|faint|p1a: Exeggutor
|choice|switch 5|
|
|switch|p1a: Hypno|Hypno|235\/373 slp
|turn|45
|choice|move 3|move 1
|
|move|p2a: Tauros|Body Slam|p1a: Hypno
|-damage|p1a: Hypno|119\/373 slp
|cant|p1a: Hypno|slp
|
|turn|46
|choice|move 3|move 1
|
|move|p2a: Tauros|Body Slam|p1a: Hypno
|-crit|p1a: Hypno
|-damage|p1a: Hypno|0 fnt
|faint|p1a: Hypno
|
|win|Nails