|inactive|Battle timer is ON: inactive players will automatically lose when time's up.
|J|Beds
|J|Steve Angello
|player|p1|Beds|252
|player|p2|Steve Angello|12
|gametype|singles
|gen|1
|tier|[Gen 1] OU
|seed|62353,20785,35856,42294
|rule|Sleep Clause Mod: Limit one foe put to sleep
|rule|Freeze Clause Mod: Limit one foe frozen
|rule|Species Clause: Limit one of each Pokémon
|rule|OHKO Clause: OHKO moves are banned
|rule|Evasion Moves Clause: Evasion moves are banned
|rule|HP Percentage Mod: HP is shown in percentages
|
|start
|switch|p1a: Jynx|Jynx|333\/333
|switch|p2a: Alakazam|Alakazam|313\/313
|turn|1
|J|choollio
|choice|move 1|move 1
|
|move|p2a: Alakazam|Thunder Wave|p1a: Jynx
|-status|p1a: Jynx|par
|cant|p1a: Jynx|par
|
|turn|2
|choice|move 1|move 3
|
|move|p2a: Alakazam|Seismic Toss|p1a: Jynx
|-damage|p1a: Jynx|233\/333 par
|cant|p1a: Jynx|par
|
|turn|3
|J|Despotar274
|choice|move 1|move 3
|
|move|p2a: Alakazam|Seismic Toss|p1a: Jynx
|-damage|p1a: Jynx|133\/333 par
|move|p1a: Jynx|Lovely Kiss|p2a: Alakazam
|-status|p2a: Alakazam|slp
|
|turn|4
|J|fleggumfl
|choice|move 3|switch 6
|
|switch|p2a: Starmie|Starmie|323\/323
|move|p1a: Jynx|Blizzard|p2a: Starmie
|-resisted|p2a: Starmie
|-damage|p2a: Starmie|258\/323
|
|turn|5
|choice|move 4|move 2
|
|move|p2a: Starmie|Thunderbolt|p1a: Jynx
|-damage|p1a: Jynx|52\/333 par
|move|p1a: Jynx|Rest|p1a: Jynx
|-status|p1a: Jynx|slp
|-heal|p1a: Jynx|333\/333 slp|[silent]
|-status|p1a: Jynx|slp|[from] move: Rest
|
|turn|6
|choice|move 3|switch 5
|
|switch|p2a: Snorlax|Snorlax|523\/523
|cant|p1a: Jynx|slp
|
|turn|7
|choice|switch 3|move 1
|
|switch|p1a: Exeggutor|Exeggutor|393\/393
|move|p2a: Snorlax|Body Slam|p1a: Exeggutor
|-damage|p1a: Exeggutor|271\/393
|
|turn|8
|choice|move 2|switch 5
|
|switch|p2a: Starmie|Starmie|258\/323
|move|p1a: Exeggutor|Stun Spore|p2a: Starmie
|-status|p2a: Starmie|par
|
|turn|9
|choice|switch 2|move 3
|
|switch|p1a: Chansey|Chansey|703\/703
|move|p2a: Starmie|Blizzard|p1a: Chansey
|-crit|p1a: Chansey
|-damage|p1a: Chansey|523\/703
|
|turn|10
|choice|move 1|move 3
|
|move|p1a: Chansey|Ice Beam|p2a: Starmie
|-resisted|p2a: Starmie
|-damage|p2a: Starmie|220\/323 par
|cant|p2a: Starmie|par
|
|turn|11
|choice|move 2|move 3
|
|move|p1a: Chansey|Thunderbolt|p2a: Starmie
|-supereffective|p2a: Starmie
|-damage|p2a: Starmie|74\/323 par
|move|p2a: Starmie|Blizzard|p1a: Chansey
|-damage|p1a: Chansey|427\/703
|
|turn|12
|choice|move 2|switch 4
|
|switch|p2a: Chansey|Chansey|703\/703
|move|p1a: Chansey|Thunderbolt|p2a: Chansey
|-damage|p2a: Chansey|623\/703
|
|turn|13
|choice|move 1|move 1
|
|move|p2a: Chansey|Ice Beam|p1a: Chansey
|-crit|p1a: Chansey
|-damage|p1a: Chansey|276\/703
|move|p1a: Chansey|Ice Beam|p2a: Chansey
|-damage|p2a: Chansey|542\/703
|
|turn|14
|choice|move 4|move 1
|
|move|p1a: Chansey|Soft-Boiled|p1a: Chansey
|-heal|p1a: Chansey|627\/703
|move|p2a: Chansey|Ice Beam|p1a: Chansey
|-crit|p1a: Chansey
|-damage|p1a: Chansey|477\/703
|
|turn|15
|choice|move 3|move 1
|
|move|p1a: Chansey|Thunder Wave|p2a: Chansey
|-status|p2a: Chansey|par
|move|p2a: Chansey|Ice Beam|p1a: Chansey
|-damage|p1a: Chansey|403\/703
|
|turn|16
|choice|switch 5|move 1
|
|switch|p1a: Snorlax|Snorlax|523\/523
|move|p2a: Chansey|Ice Beam|p1a: Snorlax
|-damage|p1a: Snorlax|422\/523
|
|turn|17
|choice|move 2|move 3
|
|move|p1a: Snorlax|Amnesia|p1a: Snorlax
|-boost|p1a: Snorlax|spd|2
|-boost|p1a: Snorlax|spa|2
|move|p2a: Chansey|Counter|p1a: Snorlax
|-fail|p2a: Chansey
|
|turn|18
|choice|move 1|move 1
|
|move|p1a: Snorlax|Body Slam|p2a: Chansey
|-damage|p2a: Chansey|261\/703 par
|cant|p2a: Chansey|par
|
|turn|19
|c|★Beds|das war kein counter
|choice|move 1|switch 4
|
|switch|p2a: Starmie|Starmie|74\/323 par
|move|p1a: Snorlax|Body Slam|p2a: Starmie
|-damage|p2a: Starmie|0 fnt
|faint|p2a: Starmie
|c|★Steve Angello|doch,,
|choice||switch 2
|
|switch|p2a: Exeggutor|Exeggutor|393\/393
|turn|20
|c|★Beds|nix da
|choice|switch 3|move 1
|
|switch|p1a: Jynx|Jynx|333\/333 slp
|move|p2a: Exeggutor|Sleep Powder|p1a: Jynx
|-fail|p1a: Jynx|slp
|
|turn|21
|choice|move 3|switch 5
|
|switch|p2a: Snorlax|Snorlax|523\/523
|-curestatus|p1a: Jynx|slp
|
|turn|22
|choice|move 3|move 1
|
|move|p1a: Jynx|Blizzard|p2a: Snorlax|[miss]
|-miss|p1a: Jynx
|move|p2a: Snorlax|Body Slam|p1a: Jynx
|-damage|p1a: Jynx|149\/333
|
|turn|23
|choice|switch 2|move 1
|
|switch|p1a: Exeggutor|Exeggutor|271\/393
|move|p2a: Snorlax|Body Slam|p1a: Exeggutor
|-damage|p1a: Exeggutor|148\/393
|
|turn|24
|choice|move 3|switch 6
|
|switch|p2a: Alakazam|Alakazam|313\/313 slp
|move|p1a: Exeggutor|Psychic|p2a: Alakazam
|-resisted|p2a: Alakazam
|-damage|p2a: Alakazam|263\/313 slp
|
|turn|25
|choice|switch 3|switch 5
|
|switch|p2a: Exeggutor|Exeggutor|393\/393
|switch|p1a: Snorlax|Snorlax|422\/523
|
|turn|26
|choice|switch 2|move 1
|
|switch|p1a: Jynx|Jynx|149\/333
|move|p2a: Exeggutor|Sleep Powder|p1a: Jynx|[miss]
|-miss|p2a: Exeggutor
|
|turn|27
|choice|move 3|move 3
|
|move|p1a: Jynx|Blizzard|p2a: Exeggutor
|-supereffective|p2a: Exeggutor
|-damage|p2a: Exeggutor|176\/393
|move|p2a: Exeggutor|Stun Spore|p1a: Jynx
|-status|p1a: Jynx|par
|
|turn|28
|choice|move 3|switch 4
|
|switch|p2a: Chansey|Chansey|261\/703 par
|move|p1a: Jynx|Blizzard|p2a: Chansey
|-damage|p2a: Chansey|129\/703 par
|
|turn|29
|choice|move 3|move 4
|
|move|p1a: Jynx|Blizzard|p2a: Chansey
|-crit|p2a: Chansey
|-damage|p2a: Chansey|0 fnt
|faint|p2a: Chansey
|c|★Steve Angello|,x
|J|celebitrainer36
|choice||switch 6
|
|switch|p2a: Snorlax|Snorlax|523\/523
|turn|30
|L|celebitrainer36
|c|★Beds|keine ahnung was da die rolls sind
|choice|switch 6|move 1
|
|switch|p1a: Slowbro|Slowbro|393\/393
|move|p2a: Snorlax|Body Slam|p1a: Slowbro
|-damage|p1a: Slowbro|286\/393
|-status|p1a: Slowbro|par
|
|turn|31
|choice|move 1|move 1
|
|move|p2a: Snorlax|Body Slam|p1a: Slowbro
|-damage|p1a: Slowbro|186\/393 par
|cant|p1a: Slowbro|par
|
|turn|32
|choice|move 1|move 1
|
|move|p2a: Snorlax|Body Slam|p1a: Slowbro
|-damage|p1a: Slowbro|78\/393 par
|cant|p1a: Slowbro|par
|
|turn|33
|c|★Steve Angello|justice
|choice|move 1|move 1
|
|move|p2a: Snorlax|Body Slam|p1a: Slowbro
|-damage|p1a: Slowbro|0 fnt
|faint|p1a: Slowbro
|choice|switch 3|
|
|switch|p1a: Exeggutor|Exeggutor|148\/393
|turn|34
|choice|move 2|switch 5
|
|switch|p2a: Alakazam|Alakazam|263\/313 slp
|move|p1a: Exeggutor|Stun Spore|p2a: Alakazam
|-fail|p2a: Alakazam
|
|turn|35
|J|rbyguy2001
|choice|switch 2|switch 3
|
|switch|p2a: Tauros|Tauros|353\/353
|switch|p1a: Snorlax|Snorlax|422\/523
|
|turn|36
|L|rbyguy2001
|choice|move 1|switch 4
|
|switch|p2a: Exeggutor|Exeggutor|176\/393
|move|p1a: Snorlax|Body Slam|p2a: Exeggutor
|-damage|p2a: Exeggutor|51\/393
|
|turn|37
|choice|switch 6|move 4
|
|switch|p1a: Jynx|Jynx|149\/333 par
|move|p2a: Exeggutor|Explosion|p1a: Jynx
|-damage|p1a: Jynx|0 fnt
|faint|p1a: Jynx
|faint|p2a: Exeggutor
|choice|switch 5|switch 5
|
|switch|p1a: Chansey|Chansey|403\/703
|switch|p2a: Snorlax|Snorlax|523\/523
|turn|38
|choice|move 3|move 1
|
|move|p1a: Chansey|Thunder Wave|p2a: Snorlax
|-status|p2a: Snorlax|par
|move|p2a: Snorlax|Body Slam|p1a: Chansey
|-crit|p1a: Chansey
|-damage|p1a: Chansey|0 fnt
|faint|p1a: Chansey
|choice|switch 2|
|
|switch|p1a: Exeggutor|Exeggutor|148\/393
|turn|39
|choice|move 3|switch 3
|
|switch|p2a: Alakazam|Alakazam|263\/313 slp
|move|p1a: Exeggutor|Psychic|p2a: Alakazam
|-resisted|p2a: Alakazam
|-damage|p2a: Alakazam|210\/313 slp
|
|turn|40
|choice|switch 6|move 1
|
|switch|p1a: Snorlax|Snorlax|422\/523
|cant|p2a: Alakazam|slp
|
|turn|41
|choice|move 1|move 1
|
|cant|p2a: Alakazam|slp
|move|p1a: Snorlax|Body Slam|p2a: Alakazam
|-damage|p2a: Alakazam|39\/313 slp
|
|turn|42
|choice|move 1|move 1
|
|cant|p2a: Alakazam|slp
|move|p1a: Snorlax|Body Slam|p2a: Alakazam
|-damage|p2a: Alakazam|0 fnt
|faint|p2a: Alakazam
|choice||switch 3
|
|switch|p2a: Snorlax|Snorlax|523\/523 par
|turn|43
|choice|move 1|move 1
|
|move|p1a: Snorlax|Body Slam|p2a: Snorlax
|-damage|p2a: Snorlax|382\/523 par
|move|p2a: Snorlax|Body Slam|p1a: Snorlax
|-damage|p1a: Snorlax|284\/523
|
|turn|44
|choice|move 1|move 4
|
|move|p1a: Snorlax|Body Slam|p2a: Snorlax
|-damage|p2a: Snorlax|244\/523 par
|move|p2a: Snorlax|Self-Destruct|p1a: Snorlax
|-damage|p1a: Snorlax|0 fnt
|faint|p1a: Snorlax
|faint|p2a: Snorlax
|choice|switch 6|switch 4
|
|switch|p2a: Tauros|Tauros|353\/353
|switch|p1a: Exeggutor|Exeggutor|148\/393
|turn|45
|choice|move 4|move 4
|
|move|p2a: Tauros|Blizzard|p1a: Exeggutor
|-supereffective|p1a: Exeggutor
|-damage|p1a: Exeggutor|11\/393
|move|p1a: Exeggutor|Explosion|p2a: Tauros
|-damage|p2a: Tauros|81\/353
|faint|p1a: Exeggutor
|c|★Beds|nice
|choice|switch 4|
|
|switch|p1a: Tauros|Tauros|353\/353
|turn|46
|c|★Steve Angello|killt hyper beam nicht .o
|choice|move 1|move 1
|
|move|p1a: Tauros|Body Slam|p2a: Tauros
|-damage|p2a: Tauros|0 fnt
|faint|p2a: Tauros
|
|win|Beds