|J|Alexander
|J|SunnyORAS
|player|p1|Alexander|101
|player|p2|SunnyORAS|163
|gametype|singles
|gen|1
|tier|[Gen 1] OU
|seed|19518,49426,63157,46307
|rule|Sleep Clause Mod: Limit one foe put to sleep
|rule|Freeze Clause Mod: Limit one foe frozen
|rule|Species Clause: Limit one of each Pokémon
|rule|OHKO Clause: OHKO moves are banned
|rule|Evasion Moves Clause: Evasion moves are banned
|rule|HP Percentage Mod: HP is shown in percentages
|
|start
|switch|p1a: Jynx|Jynx|333\/333
|switch|p2a: Candy|Starmie|323\/323
|turn|1
|J|KratosMana
|choice|move 1|move 4
|
|move|p2a: Candy|Thunderbolt|p1a: Jynx
|-damage|p1a: Jynx|257\/333
|move|p1a: Jynx|Lovely Kiss|p2a: Candy|[miss]
|-miss|p1a: Jynx
|
|turn|2
|choice|move 1|move 4
|
|move|p2a: Candy|Thunderbolt|p1a: Jynx
|-damage|p1a: Jynx|185\/333
|move|p1a: Jynx|Lovely Kiss|p2a: Candy
|-status|p2a: Candy|slp
|
|turn|3
|choice|move 2|switch 6
|
|switch|p2a: Cake|Lapras|463\/463
|move|p1a: Jynx|Blizzard|p2a: Cake
|-crit|p2a: Cake
|-resisted|p2a: Cake
|-damage|p2a: Cake|396\/463
|
|turn|4
|choice|move 3|switch 6
|
|switch|p2a: Candy|Starmie|323\/323 slp
|move|p1a: Jynx|Psychic|p2a: Candy
|-resisted|p2a: Candy
|-damage|p2a: Candy|273\/323 slp
|
|turn|5
|choice|move 3|switch 2
|
|switch|p2a: Eggs|Chansey|703\/703
|move|p1a: Jynx|Psychic|p2a: Eggs
|-damage|p2a: Eggs|610\/703
|
|turn|6
|choice|switch 3|move 4
|
|switch|p1a: Chansey|Chansey|703\/703
|move|p2a: Eggs|Thunder Wave|p1a: Chansey
|-status|p1a: Chansey|par
|
|turn|7
|J|Haima
|choice|move 2|switch 6
|
|switch|p2a: Cake|Lapras|396\/463
|cant|p1a: Chansey|par
|
|turn|8
|choice|move 2|switch 4
|
|switch|p2a: Ice Cream|Exeggutor|393\/393
|move|p1a: Chansey|Thunder Wave|p2a: Ice Cream
|-status|p2a: Ice Cream|par
|
|turn|9
|choice|move 3|move 3
|
|move|p2a: Ice Cream|Psychic|p1a: Chansey
|-damage|p1a: Chansey|579\/703 par
|-unboost|p1a: Chansey|spd|1
|-unboost|p1a: Chansey|spa|1
|move|p1a: Chansey|Seismic Toss|p2a: Ice Cream
|-damage|p2a: Ice Cream|293\/393 par
|
|turn|10
|choice|move 3|move 4
|
|move|p2a: Ice Cream|Sleep Powder|p1a: Chansey
|-fail|p1a: Chansey
|move|p1a: Chansey|Seismic Toss|p2a: Ice Cream
|-damage|p2a: Ice Cream|193\/393 par
|
|turn|11
|choice|switch 3|move 1
|
|switch|p1a: Jynx|Jynx|185\/333
|move|p2a: Ice Cream|Egg Bomb|p1a: Jynx
|-damage|p1a: Jynx|50\/333
|
|turn|12
|choice|move 2|switch 4
|
|switch|p2a: Cake|Lapras|396\/463
|move|p1a: Jynx|Blizzard|p2a: Cake
|-crit|p2a: Cake
|-resisted|p2a: Cake
|-damage|p2a: Cake|323\/463
|
|turn|13
|choice|move 4|move 2
|
|move|p1a: Jynx|Rest|p1a: Jynx
|-status|p1a: Jynx|slp
|-heal|p1a: Jynx|333\/333 slp|[silent]
|-status|p1a: Jynx|slp|[from] move: Rest
|move|p2a: Cake|Body Slam|p1a: Jynx|[miss]
|-miss|p2a: Cake
|
|turn|14
|choice|move 3|switch 4
|
|switch|p2a: Ice Cream|Exeggutor|193\/393 par
|cant|p1a: Jynx|slp
|
|turn|15
|choice|move 2|move 1
|
|-curestatus|p1a: Jynx|slp
|move|p2a: Ice Cream|Egg Bomb|p1a: Jynx
|-damage|p1a: Jynx|198\/333
|
|turn|16
|choice|move 3|switch 5
|
|switch|p2a: Chocolate|Tauros|353\/353
|move|p1a: Jynx|Psychic|p2a: Chocolate
|-damage|p2a: Chocolate|227\/353
|
|turn|17
|L|kratos mana bf
|choice|switch 6|move 2
|
|switch|p1a: Cloyster|Cloyster|303\/303
|move|p2a: Chocolate|Body Slam|p1a: Cloyster
|-damage|p1a: Cloyster|234\/303
|
|turn|18
|choice|move 2|switch 4
|
|switch|p2a: Cake|Lapras|323\/463
|move|p1a: Cloyster|Clamp|p2a: Cake
|-resisted|p2a: Cake
|-damage|p2a: Cake|305\/463
|-activate|p2a: Cake|move: Clamp|[of] p1a: Cloyster
|
|turn|19
|choice|switch 4|move 4
|
|switch|p1a: Zapdos|Zapdos|383\/383
|cant|p2a: Cake|partiallytrapped
|
|-end|p2a: Cake|Clamp|[partiallytrapped]
|turn|20
|choice|switch 6|switch 3
|
|switch|p1a: Jynx|Jynx|198\/333
|switch|p2a: Cookie|Golem|363\/363
|
|turn|21
|choice|move 2|switch 2
|
|switch|p2a: Candy|Starmie|273\/323 slp
|move|p1a: Jynx|Blizzard|p2a: Candy
|-crit|p2a: Candy
|-resisted|p2a: Candy
|-damage|p2a: Candy|130\/323 slp
|
|turn|22
|choice|move 2|switch 3
|
|switch|p2a: Cake|Lapras|305\/463
|move|p1a: Jynx|Blizzard|p2a: Cake
|-resisted|p2a: Cake
|-damage|p2a: Cake|270\/463
|
|turn|23
|choice|move 3|switch 6
|
|switch|p2a: Eggs|Chansey|610\/703
|move|p1a: Jynx|Psychic|p2a: Eggs
|-damage|p2a: Eggs|511\/703
|
|turn|24
|choice|switch 3|move 3
|
|switch|p1a: Chansey|Chansey|579\/703 par
|move|p2a: Eggs|Soft-Boiled|p2a: Eggs
|-heal|p2a: Eggs|703\/703
|
|turn|25
|choice|move 3|switch 2
|
|switch|p2a: Cookie|Golem|363\/363
|cant|p1a: Chansey|par
|
|turn|26
|choice|switch 4|move 2
|
|switch|p1a: Cloyster|Cloyster|234\/303
|move|p2a: Cookie|Earthquake|p1a: Cloyster
|-damage|p1a: Cloyster|158\/303
|
|turn|27
|choice|move 2|switch 6
|
|switch|p2a: Cake|Lapras|270\/463
|move|p1a: Cloyster|Clamp|p2a: Cake
|-resisted|p2a: Cake
|-damage|p2a: Cake|250\/463
|-activate|p2a: Cake|move: Clamp|[of] p1a: Cloyster
|
|turn|28
|choice|switch 2|move 4
|
|switch|p1a: Alakazam|Alakazam|313\/313
|cant|p2a: Cake|partiallytrapped
|
|-end|p2a: Cake|Clamp|[partiallytrapped]
|turn|29
|choice|move 2|switch 2
|
|switch|p2a: Eggs|Chansey|703\/703
|move|p1a: Alakazam|Psychic|p2a: Eggs
|-damage|p2a: Eggs|585\/703
|-unboost|p2a: Eggs|spd|1
|-unboost|p2a: Eggs|spa|1
|
|turn|30
|choice|move 1|move 3
|
|move|p1a: Alakazam|Thunder Wave|p2a: Eggs
|-status|p2a: Eggs|par
|move|p2a: Eggs|Soft-Boiled|p2a: Eggs
|-heal|p2a: Eggs|703\/703 par
|
|turn|31
|choice|move 2|move 4
|
|move|p1a: Alakazam|Psychic|p2a: Eggs
|-damage|p2a: Eggs|507\/703 par
|move|p2a: Eggs|Thunder Wave|p1a: Alakazam
|-status|p1a: Alakazam|par
|
|turn|32
|J|SheWantsTheDeoxysD
|choice|move 2|move 3
|
|move|p1a: Alakazam|Psychic|p2a: Eggs
|-damage|p2a: Eggs|326\/703 par
|-unboost|p2a: Eggs|spd|1
|-unboost|p2a: Eggs|spa|1
|move|p2a: Eggs|Soft-Boiled|p2a: Eggs
|-heal|p2a: Eggs|677\/703 par
|
|turn|33
|choice|move 3|move 3
|
|cant|p1a: Alakazam|par
|move|p2a: Eggs|Soft-Boiled|p2a: Eggs
|-heal|p2a: Eggs|703\/703 par
|
|turn|34
|choice|move 3|switch 3
|
|switch|p2a: Candy|Starmie|130\/323 slp
|cant|p1a: Alakazam|par
|
|turn|35
|choice|move 2|switch 3
|
|switch|p2a: Eggs|Chansey|703\/703 par
|cant|p1a: Alakazam|par
|
|turn|36
|choice|move 2|switch 3
|
|switch|p2a: Candy|Starmie|130\/323 slp
|move|p1a: Alakazam|Psychic|p2a: Candy
|-resisted|p2a: Candy
|-damage|p2a: Candy|62\/323 slp
|
|turn|37
|choice|move 2|switch 3
|
|switch|p2a: Eggs|Chansey|703\/703 par
|move|p1a: Alakazam|Psychic|p2a: Eggs
|-damage|p2a: Eggs|574\/703 par
|
|turn|38
|choice|move 2|move 3
|
|cant|p1a: Alakazam|par
|cant|p2a: Eggs|par
|
|turn|39
|choice|move 2|move 2
|
|move|p1a: Alakazam|Psychic|p2a: Eggs
|-damage|p2a: Eggs|446\/703 par
|cant|p2a: Eggs|par
|
|turn|40
|choice|move 2|move 3
|
|move|p1a: Alakazam|Psychic|p2a: Eggs
|-damage|p2a: Eggs|329\/703 par
|move|p2a: Eggs|Soft-Boiled|p2a: Eggs
|-heal|p2a: Eggs|680\/703 par
|
|turn|41
|choice|move 2|move 2
|
|move|p1a: Alakazam|Psychic|p2a: Eggs
|-damage|p2a: Eggs|559\/703 par
|-unboost|p2a: Eggs|spd|1
|-unboost|p2a: Eggs|spa|1
|move|p2a: Eggs|Ice Beam|p1a: Alakazam
|-damage|p1a: Alakazam|272\/313 par
|
|turn|42
|choice|move 2|move 3
|
|move|p1a: Alakazam|Psychic|p2a: Eggs
|-damage|p2a: Eggs|359\/703 par
|-unboost|p2a: Eggs|spd|1
|-unboost|p2a: Eggs|spa|1
|cant|p2a: Eggs|par
|
|turn|43
|choice|switch 5|move 3
|
|switch|p1a: Tauros|Tauros|353\/353
|move|p2a: Eggs|Soft-Boiled|p2a: Eggs
|-heal|p2a: Eggs|703\/703 par
|
|turn|44
|choice|move 1|move 1
|
|move|p1a: Tauros|Body Slam|p2a: Eggs
|-crit|p2a: Eggs
|-damage|p2a: Eggs|207\/703 par
|move|p2a: Eggs|Counter|p1a: Tauros
|-damage|p1a: Tauros|0 fnt
|faint|p1a: Tauros
|choice|switch 3|
|
|switch|p1a: Jynx|Jynx|198\/333
|turn|45
|L|SheWantsTheDeoxysD
|choice|move 3|switch 2
|
|switch|p2a: Cake|Lapras|250\/463
|move|p1a: Jynx|Psychic|p2a: Cake
|-damage|p2a: Cake|150\/463
|
|turn|46
|choice|move 3|move 2
|
|move|p1a: Jynx|Psychic|p2a: Cake
|-damage|p2a: Cake|41\/463
|move|p2a: Cake|Body Slam|p1a: Jynx
|-damage|p1a: Jynx|98\/333
|
|turn|47
|choice|move 3|move 2
|
|move|p1a: Jynx|Psychic|p2a: Cake
|-damage|p2a: Cake|0 fnt
|faint|p2a: Cake
|choice||switch 4
|
|switch|p2a: Chocolate|Tauros|227\/353
|turn|48
|choice|switch 6|move 2
|
|switch|p1a: Zapdos|Zapdos|383\/383
|move|p2a: Chocolate|Body Slam|p1a: Zapdos
|-damage|p1a: Zapdos|264\/383
|-status|p1a: Zapdos|par
|
|turn|49
|choice|move 1|switch 6
|
|switch|p2a: Cookie|Golem|363\/363
|cant|p1a: Zapdos|par
|
|turn|50
|choice|move 2|move 4
|
|move|p2a: Cookie|Substitute|p2a: Cookie
|-start|p2a: Cookie|Substitute
|-damage|p2a: Cookie|273\/363
|move|p1a: Zapdos|Drill Peck|p2a: Cookie
|-resisted|p2a: Cookie
|-activate|p2a: Cookie|Substitute|[damage]
|
|turn|51
|choice|switch 4|move 1
|
|switch|p1a: Chansey|Chansey|579\/703 par
|move|p2a: Cookie|Body Slam|p1a: Chansey
|-damage|p1a: Chansey|388\/703 par
|
|turn|52
|choice|move 4|move 2
|
|move|p2a: Cookie|Earthquake|p1a: Chansey
|-damage|p1a: Chansey|48\/703 par
|cant|p1a: Chansey|par
|
|turn|53
|choice|move 4|move 1
|
|move|p2a: Cookie|Body Slam|p1a: Chansey
|-damage|p1a: Chansey|0 fnt
|faint|p1a: Chansey
|choice|switch 6|
|
|switch|p1a: Jynx|Jynx|98\/333
|turn|54
|choice|move 3|move 2
|
|move|p1a: Jynx|Psychic|p2a: Cookie
|-end|p2a: Cookie|Substitute
|move|p2a: Cookie|Earthquake|p1a: Jynx
|-damage|p1a: Jynx|0 fnt
|faint|p1a: Jynx
|choice|switch 2|
|
|switch|p1a: Cloyster|Cloyster|158\/303
|turn|55
|choice|move 1|switch 3
|
|switch|p2a: Candy|Starmie|62\/323 slp
|move|p1a: Cloyster|Blizzard|p2a: Candy|[miss]
|-miss|p1a: Cloyster
|
|turn|56
|choice|move 1|move 3
|
|cant|p2a: Candy|slp
|move|p1a: Cloyster|Blizzard|p2a: Candy
|-crit|p2a: Candy
|-resisted|p2a: Candy
|-damage|p2a: Candy|0 fnt
|faint|p2a: Candy
|choice||switch 6
|
|switch|p2a: Chocolate|Tauros|227\/353
|turn|57
|choice|move 1|move 2
|
|move|p2a: Chocolate|Body Slam|p1a: Cloyster
|-crit|p1a: Cloyster
|-damage|p1a: Cloyster|30\/303
|-status|p1a: Cloyster|par
|move|p1a: Cloyster|Blizzard|p2a: Chocolate|[miss]
|-miss|p1a: Cloyster
|
|turn|58
|c|★Alexander|ah
|choice|move 1|move 2
|
|move|p2a: Chocolate|Body Slam|p1a: Cloyster
|-damage|p1a: Cloyster|0 fnt
|faint|p1a: Cloyster
|c|★SunnyORAS|rip
|choice|switch 5|
|
|switch|p1a: Alakazam|Alakazam|272\/313 par
|turn|59
|choice|move 1|move 4
|
|move|p2a: Chocolate|Hyper Beam|p1a: Alakazam
|-damage|p1a: Alakazam|0 fnt
|faint|p1a: Alakazam
|choice|switch 4|
|
|switch|p1a: Zapdos|Zapdos|264\/383 par
|turn|60
|c|★Alexander|gg
|c|★SunnyORAS|G_G
|-message|Alexander forfeited.
|
|win|SunnyORAS