|inactive|Battle timer is ON: inactive players will automatically lose when time's up.
|J|pokeaim
|J|smilzo
|player|p1|pokeaim|143
|player|p2|smilzo|157
|gametype|singles
|gen|1
|tier|[Gen 1] OU
|rule|Sleep Clause Mod: Limit one foe put to sleep
|rule|Freeze Clause Mod: Limit one foe frozen
|rule|Species Clause: Limit one of each Pokémon
|rule|OHKO Clause: OHKO moves are banned
|rule|Evasion Moves Clause: Evasion moves are banned
|rule|HP Percentage Mod: HP is shown in percentages
|
|start
|switch|p1a: Jynx|Jynx|333\/333
|switch|p2a: Gengar|Gengar|323\/323
|turn|1
|J|Lord Emvee
|J|RICEMAN
|J|NEW BREED
|J|Rican Johnny
|c|+Lord Emvee|god have mercy
|c|★smilzo|ahah
|J|Garden of Sinners
|J|DJWebb
|c|★smilzo|hf :]
|J|Disaster Area
|c|+Disaster Area|smilzo>joey
|c|+Disaster Area|oo
|
|move|p2a: Gengar|Hypnosis|p1a: Jynx|[miss]
|-miss|p2a: Gengar
|move|p1a: Jynx|Lovely Kiss|p2a: Gengar
|-status|p2a: Gengar|slp
|
|turn|2
|c|+Disaster Area|porca madonna
|c|★smilzo|:o hi pie
|c|+Disaster Area|:O
|c|★smilzo|lol
|
|switch|p2a: Chansey|Chansey|703\/703
|move|p1a: Jynx|Blizzard|p2a: Chansey
|-damage|p2a: Chansey|569\/703
|
|turn|3
|
|move|p1a: Jynx|Blizzard|p2a: Chansey
|-crit|p2a: Chansey
|-damage|p2a: Chansey|304\/703
|move|p2a: Chansey|Thunder Wave|p1a: Jynx
|-status|p1a: Jynx|par
|
|turn|4
|c|+Disaster Area|i came here cos i thought there might be the chance of getting adv nu battles here oo
|
|move|p2a: Chansey|Soft-Boiled|p2a: Chansey
|-heal|p2a: Chansey|655\/703
|move|p1a: Jynx|Blizzard|p2a: Chansey
|-damage|p2a: Chansey|528\/703
|
|turn|5
|
|switch|p2a: Lapras|Lapras|463\/463
|move|p1a: Jynx|Blizzard|p2a: Lapras
|-resisted|p2a: Lapras
|-damage|p2a: Lapras|427\/463
|
|turn|6
|
|move|p2a: Lapras|Body Slam|p1a: Jynx
|-damage|p1a: Jynx|225\/333 par
|move|p1a: Jynx|Psychic|p2a: Lapras
|-crit|p2a: Lapras
|-damage|p2a: Lapras|225\/463
|-unboost|p2a: Lapras|spd|1
|-unboost|p2a: Lapras|spa|1
|
|turn|7
|c|+Disaster Area|but watching a poketuber learn what it means to be an italian player of RBY
|c|+Disaster Area|sounds like fun :>
|
|move|p2a: Lapras|Confuse Ray|p1a: Jynx
|-start|p1a: Jynx|confusion
|-activate|p1a: Jynx|confusion
|-damage|p1a: Jynx|184\/333 par|[from] confusion
|
|turn|8
|
|move|p2a: Lapras|Body Slam|p1a: Jynx
|-damage|p1a: Jynx|72\/333 par
|-activate|p1a: Jynx|confusion
|move|p1a: Jynx|Rest|p1a: Jynx
|-status|p1a: Jynx|slp
|-heal|p1a: Jynx|333\/333 slp|[silent]
|-status|p1a: Jynx|slp|[from] move: Rest
|
|turn|9
|
|switch|p2a: Snorlax|Snorlax|523\/523
|cant|p1a: Jynx|slp
|
|turn|10
|
|switch|p1a: Snorlax|Snorlax|523\/523
|move|p2a: Snorlax|Body Slam|p1a: Snorlax
|-damage|p1a: Snorlax|388\/523
|
|turn|11
|
|switch|p2a: Exeggutor|Exeggutor|393\/393
|move|p1a: Snorlax|Reflect|p1a: Snorlax
|-start|p1a: Snorlax|Reflect
|
|turn|12
|
|switch|p2a: Snorlax|Snorlax|523\/523
|switch|p1a: Jynx|Jynx|333\/333 slp
|
|turn|13
|
|switch|p1a: Exeggutor|Exeggutor|393\/393
|move|p2a: Snorlax|Body Slam|p1a: Exeggutor
|-damage|p1a: Exeggutor|278\/393
|-status|p1a: Exeggutor|par
|
|turn|14
|
|switch|p2a: Chansey|Chansey|528\/703
|move|p1a: Exeggutor|Stun Spore|p2a: Chansey
|-status|p2a: Chansey|par
|
|turn|15
|
|move|p1a: Exeggutor|Psychic|p2a: Chansey
|-damage|p2a: Chansey|402\/703 par
|move|p2a: Chansey|Ice Beam|p1a: Exeggutor
|-crit|p1a: Exeggutor
|-supereffective|p1a: Exeggutor
|-damage|p1a: Exeggutor|7\/393 par
|
|turn|16
|
|switch|p2a: Gengar|Gengar|323\/323 slp
|move|p1a: Exeggutor|Psychic|p2a: Gengar
|-supereffective|p2a: Gengar
|-damage|p2a: Gengar|131\/323 slp
|-unboost|p2a: Gengar|spd|1
|-unboost|p2a: Gengar|spa|1
|
|turn|17
|c|+Lord Emvee|OOOOOOOOHHH
|c|★smilzo|eh
|c|★smilzo|xd
|
|cant|p2a: Gengar|slp
|move|p1a: Exeggutor|Stun Spore|p2a: Gengar|[miss]
|-miss|p1a: Exeggutor
|
|turn|18
|
|switch|p2a: Lapras|Lapras|225\/463
|cant|p1a: Exeggutor|par
|
|turn|19
|J|I eat them fajitas
|
|switch|p1a: Jynx|Jynx|333\/333 slp
|move|p2a: Lapras|Body Slam|p1a: Jynx
|-damage|p1a: Jynx|223\/333 slp
|
|turn|20
|L|I eat them fajitas
|c|+Disaster Area|sing here if real
|
|switch|p2a: Snorlax|Snorlax|523\/523
|cant|p1a: Jynx|slp
|-curestatus|p1a: Jynx|slp
|
|turn|21
|J|llemuria
|
|switch|p1a: Snorlax|Snorlax|388\/523
|move|p2a: Snorlax|Body Slam|p1a: Snorlax
|-damage|p1a: Snorlax|258\/523
|
|turn|22
|
|switch|p2a: Exeggutor|Exeggutor|393\/393
|move|p1a: Snorlax|Body Slam|p2a: Exeggutor
|-damage|p2a: Exeggutor|274\/393
|-status|p2a: Exeggutor|par
|
|turn|23
|
|move|p1a: Snorlax|Body Slam|p2a: Exeggutor
|-damage|p2a: Exeggutor|159\/393 par
|move|p2a: Exeggutor|Psychic|p1a: Snorlax
|-damage|p1a: Snorlax|103\/523
|
|turn|24
|
|move|p1a: Snorlax|Rest|p1a: Snorlax
|-status|p1a: Snorlax|slp
|-heal|p1a: Snorlax|523\/523 slp|[silent]
|-status|p1a: Snorlax|slp|[from] move: Rest
|cant|p2a: Exeggutor|par
|
|turn|25
|J|Jarroldo
|
|switch|p1a: Exeggutor|Exeggutor|7\/393 par
|move|p2a: Exeggutor|Psychic|p1a: Exeggutor
|-resisted|p1a: Exeggutor
|-damage|p1a: Exeggutor|0 fnt
|faint|p1a: Exeggutor
|
|switch|p1a: Jynx|Jynx|223\/333
|turn|26
|
|switch|p2a: Chansey|Chansey|402\/703 par
|move|p1a: Jynx|Blizzard|p2a: Chansey
|-damage|p2a: Chansey|272\/703 par
|
|turn|27
|
|move|p1a: Jynx|Psychic|p2a: Chansey
|-damage|p2a: Chansey|173\/703 par
|move|p2a: Chansey|Soft-Boiled|p2a: Chansey
|-heal|p2a: Chansey|524\/703 par
|
|turn|28
|
|move|p1a: Jynx|Psychic|p2a: Chansey
|-damage|p2a: Chansey|424\/703 par
|-unboost|p2a: Chansey|spd|1
|-unboost|p2a: Chansey|spa|1
|move|p2a: Chansey|Thunder Wave|p1a: Jynx
|-status|p1a: Jynx|par
|
|turn|29
|
|switch|p2a: Lapras|Lapras|225\/463
|move|p1a: Jynx|Blizzard|p2a: Lapras
|-resisted|p2a: Lapras
|-damage|p2a: Lapras|190\/463
|
|turn|30
|
|move|p2a: Lapras|Confuse Ray|p1a: Jynx
|-start|p1a: Jynx|confusion
|-activate|p1a: Jynx|confusion
|move|p1a: Jynx|Psychic|p2a: Lapras
|-damage|p2a: Lapras|82\/463
|-unboost|p2a: Lapras|spd|1
|-unboost|p2a: Lapras|spa|1
|
|turn|31
|
|move|p2a: Lapras|Body Slam|p1a: Jynx
|-damage|p1a: Jynx|121\/333 par
|-activate|p1a: Jynx|confusion
|move|p1a: Jynx|Rest|p1a: Jynx
|-status|p1a: Jynx|slp
|-heal|p1a: Jynx|333\/333 slp|[silent]
|-status|p1a: Jynx|slp|[from] move: Rest
|
|turn|32
|L|RICEMAN
|
|switch|p1a: Tauros|Tauros|353\/353
|move|p2a: Lapras|Blizzard|p1a: Tauros
|-crit|p1a: Tauros
|-damage|p1a: Tauros|0 fnt
|faint|p1a: Tauros
|
|switch|p1a: Starmie|Starmie|323\/323
|turn|33
|
|switch|p2a: Chansey|Chansey|424\/703 par
|move|p1a: Starmie|Thunderbolt|p2a: Chansey
|-crit|p2a: Chansey
|-damage|p2a: Chansey|287\/703 par
|
|turn|34
|
|switch|p1a: Jynx|Jynx|333\/333 slp
|move|p2a: Chansey|Soft-Boiled|p2a: Chansey
|-heal|p2a: Chansey|638\/703 par
|
|turn|35
|
|switch|p2a: Snorlax|Snorlax|523\/523
|cant|p1a: Jynx|slp
|
|turn|36
|
|switch|p1a: Snorlax|Snorlax|523\/523 slp
|move|p2a: Snorlax|Body Slam|p1a: Snorlax
|-damage|p1a: Snorlax|389\/523 slp
|
|turn|37
|
|move|p2a: Snorlax|Body Slam|p1a: Snorlax
|-damage|p1a: Snorlax|249\/523 slp
|cant|p1a: Snorlax|slp
|
|turn|38
|
|move|p2a: Snorlax|Body Slam|p1a: Snorlax
|-damage|p1a: Snorlax|105\/523 slp
|cant|p1a: Snorlax|slp
|-curestatus|p1a: Snorlax|slp
|
|turn|39
|J|TUO
|
|switch|p1a: Chansey|Chansey|703\/703
|move|p2a: Snorlax|Body Slam|p1a: Chansey
|-damage|p1a: Chansey|422\/703
|
|turn|40
|
|switch|p2a: Exeggutor|Exeggutor|159\/393 par
|move|p1a: Chansey|Thunder Wave|p2a: Exeggutor
|-fail|p2a: Exeggutor|par
|
|turn|41
|
|move|p1a: Chansey|Ice Beam|p2a: Exeggutor
|-supereffective|p2a: Exeggutor
|-damage|p2a: Exeggutor|30\/393 par
|cant|p2a: Exeggutor|par
|
|turn|42
|
|switch|p2a: Lapras|Lapras|82\/463
|move|p1a: Chansey|Ice Beam|p2a: Lapras
|-crit|p2a: Lapras
|-resisted|p2a: Lapras
|-damage|p2a: Lapras|45\/463
|
|turn|43
|
|move|p2a: Lapras|Blizzard|p1a: Chansey
|-damage|p1a: Chansey|288\/703
|move|p1a: Chansey|Thunder Wave|p2a: Lapras
|-status|p2a: Lapras|par
|
|turn|44
|
|move|p1a: Chansey|Soft-Boiled|p1a: Chansey
|-heal|p1a: Chansey|639\/703
|move|p2a: Lapras|Blizzard|p1a: Chansey
|-crit|p1a: Chansey
|-damage|p1a: Chansey|365\/703
|-status|p1a: Chansey|frz
|
|turn|45
|c|★smilzo|o
|c|★smilzo|sorry :c
|
|switch|p1a: Starmie|Starmie|323\/323
|move|p2a: Lapras|Body Slam|p1a: Starmie
|-damage|p1a: Starmie|254\/323
|
|turn|46
|
|move|p1a: Starmie|Thunderbolt|p2a: Lapras
|-crit|p2a: Lapras
|-supereffective|p2a: Lapras
|-damage|p2a: Lapras|0 fnt
|faint|p2a: Lapras
|
|switch|p2a: Chansey|Chansey|638\/703 par
|turn|47
|
|switch|p1a: Jynx|Jynx|333\/333 slp
|move|p2a: Chansey|Thunderbolt|p1a: Jynx
|-damage|p1a: Jynx|257\/333 slp
|
|turn|48
|
|switch|p2a: Snorlax|Snorlax|523\/523
|cant|p1a: Jynx|slp
|-curestatus|p1a: Jynx|slp
|
|turn|49
|
|switch|p1a: Chansey|Chansey|365\/703 frz
|move|p2a: Snorlax|Body Slam|p1a: Chansey
|-damage|p1a: Chansey|53\/703 frz
|
|turn|50
|
|switch|p2a: Tauros|Tauros|353\/353
|cant|p1a: Chansey|frz
|
|turn|51
|
|move|p2a: Tauros|Body Slam|p1a: Chansey
|-damage|p1a: Chansey|0 fnt
|faint|p1a: Chansey
|
|switch|p1a: Starmie|Starmie|254\/323
|turn|52
|
|switch|p1a: Snorlax|Snorlax|105\/523
|switch|p2a: Chansey|Chansey|638\/703 par
|
|turn|53
|
|switch|p2a: Exeggutor|Exeggutor|30\/393 par
|move|p1a: Snorlax|Rest|p1a: Snorlax
|-status|p1a: Snorlax|slp
|-heal|p1a: Snorlax|523\/523 slp|[silent]
|-status|p1a: Snorlax|slp|[from] move: Rest
|
|turn|54
|
|switch|p1a: Jynx|Jynx|257\/333
|move|p2a: Exeggutor|Explosion|p1a: Jynx
|-damage|p1a: Jynx|0 fnt
|faint|p1a: Jynx
|faint|p2a: Exeggutor
|
|switch|p1a: Starmie|Starmie|254\/323
|switch|p2a: Snorlax|Snorlax|523\/523
|turn|55
|
|move|p1a: Starmie|Thunder Wave|p2a: Snorlax
|-status|p2a: Snorlax|par
|move|p2a: Snorlax|Body Slam|p1a: Starmie
|-damage|p1a: Starmie|140\/323
|
|turn|56
|
|switch|p1a: Snorlax|Snorlax|523\/523 slp
|move|p2a: Snorlax|Body Slam|p1a: Snorlax
|-damage|p1a: Snorlax|392\/523 slp
|
|turn|57
|
|cant|p1a: Snorlax|slp
|move|p2a: Snorlax|Body Slam|p1a: Snorlax
|-damage|p1a: Snorlax|262\/523 slp
|
|turn|58
|c|+Disaster Area|if aim is running the good starmie then he could have dis match..
|c|+NEW BREED|what is the good starmie
|
|cant|p1a: Snorlax|slp
|-curestatus|p1a: Snorlax|slp
|cant|p2a: Snorlax|par
|
|turn|59
|c|+Lord Emvee|u cant question the good starmie man
|c|+Disaster Area|tbolt\/psychic\/twave\/recover
|c|+Disaster Area|=)
|
|move|p1a: Snorlax|Reflect|p1a: Snorlax
|-start|p1a: Snorlax|Reflect
|move|p2a: Snorlax|Body Slam|p1a: Snorlax|[miss]
|-miss|p2a: Snorlax
|
|turn|60
|L|TUO
|c|+Lord Emvee|good starmie is good on its own
|
|switch|p2a: Tauros|Tauros|353\/353
|move|p1a: Snorlax|Body Slam|p2a: Tauros
|-damage|p2a: Tauros|234\/353
|
|turn|61
|
|move|p2a: Tauros|Body Slam|p1a: Snorlax
|-damage|p1a: Snorlax|200\/523
|move|p1a: Snorlax|Rest|p1a: Snorlax
|-status|p1a: Snorlax|slp
|-heal|p1a: Snorlax|523\/523 slp|[silent]
|-status|p1a: Snorlax|slp|[from] move: Rest
|
|turn|62
|
|move|p2a: Tauros|Body Slam|p1a: Snorlax
|-damage|p1a: Snorlax|455\/523 slp
|cant|p1a: Snorlax|slp
|
|turn|63
|
|move|p2a: Tauros|Body Slam|p1a: Snorlax
|-damage|p1a: Snorlax|393\/523 slp
|cant|p1a: Snorlax|slp
|-curestatus|p1a: Snorlax|slp
|
|turn|64
|
|move|p2a: Tauros|Body Slam|p1a: Snorlax
|-crit|p1a: Snorlax
|-damage|p1a: Snorlax|125\/523
|move|p1a: Snorlax|Body Slam|p2a: Tauros
|-damage|p2a: Tauros|128\/353
|
|turn|65
|
|move|p2a: Tauros|Hyper Beam|p1a: Snorlax
|-damage|p1a: Snorlax|13\/523
|move|p1a: Snorlax|Rest|p1a: Snorlax
|-status|p1a: Snorlax|slp
|-heal|p1a: Snorlax|523\/523 slp|[silent]
|-status|p1a: Snorlax|slp|[from] move: Rest
|
|turn|66
|-mustrecharge|p2a: Tauros
|-mustrecharge|p2a: Tauros
|
|cant|p2a: Tauros|recharge
|cant|p1a: Snorlax|slp
|
|turn|67
|
|move|p2a: Tauros|Body Slam|p1a: Snorlax
|-damage|p1a: Snorlax|461\/523 slp
|cant|p1a: Snorlax|slp
|-curestatus|p1a: Snorlax|slp
|
|turn|68
|
|switch|p2a: Gengar|Gengar|131\/323 slp
|move|p1a: Snorlax|Body Slam|p2a: Gengar
|-immune|p2a: Gengar|[msg]
|
|turn|69
|
|cant|p2a: Gengar|slp
|move|p1a: Snorlax|Earthquake|p2a: Gengar
|-supereffective|p2a: Gengar
|-damage|p2a: Gengar|0 fnt
|faint|p2a: Gengar
|
|switch|p2a: Tauros|Tauros|128\/353
|turn|70
|
|move|p2a: Tauros|Hyper Beam|p1a: Snorlax
|-damage|p1a: Snorlax|345\/523
|move|p1a: Snorlax|Body Slam|p2a: Tauros
|-damage|p2a: Tauros|25\/353
|
|turn|71
|-mustrecharge|p2a: Tauros
|-mustrecharge|p2a: Tauros
|
|cant|p2a: Tauros|recharge
|move|p1a: Snorlax|Body Slam|p2a: Tauros
|-damage|p2a: Tauros|0 fnt
|faint|p2a: Tauros
|
|switch|p2a: Snorlax|Snorlax|523\/523 par
|turn|72
|
|move|p1a: Snorlax|Rest|p1a: Snorlax
|-status|p1a: Snorlax|slp
|-heal|p1a: Snorlax|523\/523 slp|[silent]
|-status|p1a: Snorlax|slp|[from] move: Rest
|move|p2a: Snorlax|Body Slam|p1a: Snorlax
|-damage|p1a: Snorlax|457\/523 slp
|
|turn|73
|
|cant|p1a: Snorlax|slp
|move|p2a: Snorlax|Body Slam|p1a: Snorlax
|-damage|p1a: Snorlax|392\/523 slp
|
|turn|74
|
|cant|p1a: Snorlax|slp
|-curestatus|p1a: Snorlax|slp
|cant|p2a: Snorlax|par
|
|turn|75
|
|move|p1a: Snorlax|Body Slam|p2a: Snorlax
|-damage|p2a: Snorlax|383\/523 par
|cant|p2a: Snorlax|par
|
|turn|76
|
|move|p1a: Snorlax|Body Slam|p2a: Snorlax
|-damage|p2a: Snorlax|242\/523 par
|move|p2a: Snorlax|Body Slam|p1a: Snorlax
|-damage|p1a: Snorlax|317\/523
|
|turn|77
|
|move|p1a: Snorlax|Body Slam|p2a: Snorlax
|-damage|p2a: Snorlax|98\/523 par
|move|p2a: Snorlax|Self-Destruct|p1a: Snorlax
|-damage|p1a: Snorlax|114\/523
|faint|p2a: Snorlax
|
|switch|p2a: Chansey|Chansey|638\/703 par
|turn|78
|
|move|p1a: Snorlax|Rest|p1a: Snorlax
|-status|p1a: Snorlax|slp
|-heal|p1a: Snorlax|523\/523 slp|[silent]
|-status|p1a: Snorlax|slp|[from] move: Rest
|move|p2a: Chansey|Thunder Wave|p1a: Snorlax
|-fail|p1a: Snorlax
|
|turn|79
|
|cant|p1a: Snorlax|slp
|move|p2a: Chansey|Ice Beam|p1a: Snorlax
|-damage|p1a: Snorlax|429\/523 slp
|
|turn|80
|c|+Disaster Area|u should have boomed like 20 turns ago =\/
|
|cant|p1a: Snorlax|slp
|-curestatus|p1a: Snorlax|slp
|move|p2a: Chansey|Ice Beam|p1a: Snorlax
|-damage|p1a: Snorlax|323\/523
|
|turn|81
|c|★smilzo|i boomed on the fullpara
|c|★pokeaim|unfort.
|c|★pokeaim|didnt matter though
|c|★pokeaim|knew your spread
|c|★pokeaim|:]
|c|+Lord Emvee|dont pray for joeys downfall
|c|★smilzo|yea but i played soooo bad
|c|★pokeaim|318 atk 228 def 228 spc 158 spe
|c|★smilzo|i deserved this tbh
|J|RICEMAN
|c|★smilzo|haha
|
|move|p1a: Snorlax|Body Slam|p2a: Chansey
|-damage|p2a: Chansey|343\/703 par
|move|p2a: Chansey|Ice Beam|p1a: Snorlax
|-damage|p1a: Snorlax|223\/523
|
|turn|82
|c|+Disaster Area|lol
|
|move|p1a: Snorlax|Body Slam|p2a: Chansey
|-damage|p2a: Chansey|68\/703 par
|move|p2a: Chansey|Ice Beam|p1a: Snorlax
|-damage|p1a: Snorlax|117\/523
|
|turn|83
|c|+Disaster Area|that freeze helped u out a ton to say the least
|
|move|p1a: Snorlax|Body Slam|p2a: Chansey
|-crit|p2a: Chansey
|-damage|p2a: Chansey|0 fnt
|faint|p2a: Chansey
|
|win|pokeaim