|J|tamahome
|J|Dice
|player|p1|tamahome|169
|player|p2|Dice|168
|gametype|singles
|gen|1
|tier|[Gen 1] OU
|seed|34376,40035,27003,8160
|rule|Sleep Clause Mod: Limit one foe put to sleep
|rule|Freeze Clause Mod: Limit one foe frozen
|rule|Species Clause: Limit one of each Pokémon
|rule|OHKO Clause: OHKO moves are banned
|rule|Evasion Moves Clause: Evasion moves are banned
|rule|HP Percentage Mod: HP is shown in percentages
|
|start
|switch|p1a: Gengar|Gengar|323\/323
|switch|p2a: Starmie|Starmie|323\/323
|turn|1
|choice|switch 4|move 3
|
|switch|p1a: Starmie|Starmie|323\/323
|move|p2a: Starmie|Psychic|p1a: Starmie
|-crit|p1a: Starmie
|-resisted|p1a: Starmie
|-damage|p1a: Starmie|212\/323
|
|turn|2
|J|Wind Ice
|choice|switch 5|move 4
|
|switch|p1a: Alakazam|Alakazam|313\/313
|move|p2a: Starmie|Thunder Wave|p1a: Alakazam
|-status|p1a: Alakazam|par
|
|turn|3
|choice|move 1|move 3
|
|move|p2a: Starmie|Psychic|p1a: Alakazam
|-crit|p1a: Alakazam
|-resisted|p1a: Alakazam
|-damage|p1a: Alakazam|228\/313 par
|move|p1a: Alakazam|Psychic|p2a: Starmie
|-resisted|p2a: Starmie
|-damage|p2a: Starmie|256\/323
|-unboost|p2a: Starmie|spd|1
|-unboost|p2a: Starmie|spa|1
|
|turn|4
|J|EG Posho
|choice|move 3|switch 6
|
|switch|p2a: Snorlax|Snorlax|523\/523
|move|p1a: Alakazam|Thunder Wave|p2a: Snorlax
|-status|p2a: Snorlax|par
|
|turn|5
|c|+EG Posho|RBY (puke)
|c|+EG Posho|:(
|J|katrina blow
|choice|switch 3|move 3
|
|switch|p1a: Snorlax|Snorlax|523\/523
|move|p2a: Snorlax|Ice Beam|p1a: Snorlax
|-damage|p1a: Snorlax|448\/523
|
|turn|6
|choice|move 1|move 2
|
|move|p1a: Snorlax|Body Slam|p2a: Snorlax
|-damage|p2a: Snorlax|383\/523 par
|cant|p2a: Snorlax|par
|
|turn|7
|choice|move 3|move 2
|
|move|p1a: Snorlax|Earthquake|p2a: Snorlax
|-damage|p2a: Snorlax|269\/523 par
|cant|p2a: Snorlax|par
|
|turn|8
|choice|move 2|move 2
|
|move|p2a: Snorlax|Reflect|p2a: Snorlax
|-start|p2a: Snorlax|Reflect
|move|p1a: Snorlax|Counter|p2a: Snorlax
|-fail|p1a: Snorlax
|
|turn|9
|choice|switch 4|move 3
|
|switch|p1a: Gengar|Gengar|323\/323
|cant|p2a: Snorlax|par
|
|turn|10
|choice|move 2|move 3
|
|move|p1a: Gengar|Night Shade|p2a: Snorlax
|-damage|p2a: Snorlax|169\/523 par
|cant|p2a: Snorlax|par
|
|turn|11
|choice|switch 2|move 4
|
|switch|p1a: Exeggutor|Exeggutor|393\/393
|move|p2a: Snorlax|Rest|p2a: Snorlax
|-status|p2a: Snorlax|slp
|-heal|p2a: Snorlax|523\/523 slp|[silent]
|-status|p2a: Snorlax|slp|[from] move: Rest
|
|turn|12
|L|Wind Ice
|choice|move 2|switch 6
|
|switch|p2a: Starmie|Starmie|256\/323
|move|p1a: Exeggutor|Psychic|p2a: Starmie
|-resisted|p2a: Starmie
|-damage|p2a: Starmie|190\/323
|
|turn|13
|choice|switch 3|move 4
|
|switch|p1a: Alakazam|Alakazam|228\/313 par
|move|p2a: Starmie|Thunder Wave|p1a: Alakazam
|-fail|p1a: Alakazam|par
|
|turn|14
|choice|move 4|move 2
|
|move|p2a: Starmie|Recover|p2a: Starmie
|-heal|p2a: Starmie|323\/323
|move|p1a: Alakazam|Recover|p1a: Alakazam
|-heal|p1a: Alakazam|313\/313 par
|
|turn|15
|choice|move 2|move 1
|
|move|p2a: Starmie|Blizzard|p1a: Alakazam
|-crit|p1a: Alakazam
|-damage|p1a: Alakazam|166\/313 par
|cant|p1a: Alakazam|par
|
|turn|16
|choice|move 4|move 1
|
|move|p2a: Starmie|Blizzard|p1a: Alakazam
|-damage|p1a: Alakazam|95\/313 par
|cant|p1a: Alakazam|par
|
|turn|17
|choice|move 4|move 1
|
|move|p2a: Starmie|Blizzard|p1a: Alakazam
|-crit|p1a: Alakazam
|-damage|p1a: Alakazam|0 fnt
|faint|p1a: Alakazam
|choice|switch 4|
|
|switch|p1a: Snorlax|Snorlax|448\/523
|turn|18
|choice|switch 5|move 4
|
|switch|p1a: Starmie|Starmie|212\/323
|move|p2a: Starmie|Thunder Wave|p1a: Starmie
|-status|p1a: Starmie|par
|
|turn|19
|choice|move 4|switch 4
|
|switch|p2a: Zapdos|Zapdos|383\/383
|move|p1a: Starmie|Recover|p1a: Starmie
|-heal|p1a: Starmie|323\/323 par
|
|turn|20
|choice|switch 2|move 2
|
|switch|p1a: Gengar|Gengar|323\/323
|move|p2a: Zapdos|Thunderbolt|p1a: Gengar
|-damage|p1a: Gengar|204\/323
|
|turn|21
|choice|move 1|switch 6
|
|switch|p2a: Snorlax|Snorlax|523\/523 slp
|move|p1a: Gengar|Hypnosis|p2a: Snorlax
|-fail|p2a: Snorlax|slp
|
|turn|22
|choice|move 2|switch 2
|
|switch|p2a: Alakazam|Alakazam|313\/313
|move|p1a: Gengar|Night Shade|p2a: Alakazam
|-damage|p2a: Alakazam|213\/313
|
|turn|23
|choice|switch 5|move 1
|
|switch|p1a: Snorlax|Snorlax|448\/523
|move|p2a: Alakazam|Psychic|p1a: Snorlax
|-damage|p1a: Snorlax|287\/523
|-unboost|p1a: Snorlax|spd|1
|-unboost|p1a: Snorlax|spa|1
|
|turn|24
|choice|move 1|move 1
|
|move|p2a: Alakazam|Psychic|p1a: Snorlax
|-damage|p1a: Snorlax|27\/523
|move|p1a: Snorlax|Body Slam|p2a: Alakazam
|-damage|p2a: Alakazam|46\/313
|
|turn|25
|choice|switch 2|move 1
|
|switch|p1a: Starmie|Starmie|323\/323 par
|move|p2a: Alakazam|Psychic|p1a: Starmie
|-resisted|p1a: Starmie
|-damage|p1a: Starmie|259\/323 par
|
|turn|26
|choice|move 3|move 4
|
|move|p2a: Alakazam|Recover|p2a: Alakazam
|-heal|p2a: Alakazam|202\/313
|move|p1a: Starmie|Thunder Wave|p2a: Alakazam
|-status|p2a: Alakazam|par
|
|turn|27
|choice|move 2|move 4
|
|move|p2a: Alakazam|Recover|p2a: Alakazam
|-heal|p2a: Alakazam|313\/313 par
|move|p1a: Starmie|Thunderbolt|p2a: Alakazam
|-damage|p2a: Alakazam|256\/313 par
|
|turn|28
|choice|move 1|move 1
|
|cant|p2a: Alakazam|par
|move|p1a: Starmie|Blizzard|p2a: Alakazam
|-damage|p2a: Alakazam|186\/313 par
|
|turn|29
|choice|switch 2|move 4
|
|switch|p1a: Snorlax|Snorlax|27\/523
|move|p2a: Alakazam|Recover|p2a: Alakazam
|-heal|p2a: Alakazam|313\/313 par
|
|turn|30
|choice|move 4|move 1
|
|move|p1a: Snorlax|Self-Destruct|p2a: Alakazam
|-damage|p2a: Alakazam|0 fnt
|faint|p2a: Alakazam
|faint|p1a: Snorlax
|choice|switch 5|switch 4
|
|switch|p2a: Starmie|Starmie|323\/323
|switch|p1a: Gengar|Gengar|204\/323
|turn|31
|choice|switch 2|move 3
|
|switch|p1a: Starmie|Starmie|259\/323 par
|move|p2a: Starmie|Psychic|p1a: Starmie
|-resisted|p1a: Starmie
|-damage|p1a: Starmie|206\/323 par
|
|turn|32
|choice|move 1|switch 6
|
|switch|p2a: Zapdos|Zapdos|383\/383
|cant|p1a: Starmie|par
|
|turn|33
|J|GOAO
|c|★tamahome|this is beyond ridiculous
|choice|switch 3|move 2
|
|switch|p1a: Exeggutor|Exeggutor|393\/393
|move|p2a: Zapdos|Thunderbolt|p1a: Exeggutor
|-resisted|p1a: Exeggutor
|-damage|p1a: Exeggutor|337\/393
|
|turn|34
|J|krauersaut
|choice|move 1|switch 6
|
|switch|p2a: Starmie|Starmie|323\/323
|move|p1a: Exeggutor|Sleep Powder|p2a: Starmie
|-status|p2a: Starmie|slp
|
|turn|35
|choice|move 2|switch 5
|
|switch|p2a: Exeggutor|Exeggutor|393\/393
|move|p1a: Exeggutor|Psychic|p2a: Exeggutor
|-resisted|p2a: Exeggutor
|-damage|p2a: Exeggutor|339\/393
|
|turn|36
|L|EG Posho
|choice|move 2|move 4
|
|move|p2a: Exeggutor|Sleep Powder|p1a: Exeggutor|[miss]
|-miss|p2a: Exeggutor
|move|p1a: Exeggutor|Psychic|p2a: Exeggutor
|-resisted|p2a: Exeggutor
|-damage|p2a: Exeggutor|287\/393
|
|turn|37
|choice|move 2|move 1
|
|move|p2a: Exeggutor|Psychic|p1a: Exeggutor
|-resisted|p1a: Exeggutor
|-damage|p1a: Exeggutor|283\/393
|move|p1a: Exeggutor|Psychic|p2a: Exeggutor
|-resisted|p2a: Exeggutor
|-damage|p2a: Exeggutor|236\/393
|
|turn|38
|choice|switch 3|move 4
|
|switch|p1a: Starmie|Starmie|206\/323 par
|move|p2a: Exeggutor|Sleep Powder|p1a: Starmie
|-fail|p1a: Starmie
|
|turn|39
|choice|move 4|move 1
|
|move|p2a: Exeggutor|Psychic|p1a: Starmie
|-resisted|p1a: Starmie
|-damage|p1a: Starmie|149\/323 par
|move|p1a: Starmie|Recover|p1a: Starmie
|-heal|p1a: Starmie|310\/323 par
|
|turn|40
|choice|move 1|switch 6
|
|switch|p2a: Zapdos|Zapdos|383\/383
|move|p1a: Starmie|Blizzard|p2a: Zapdos
|-supereffective|p2a: Zapdos
|-damage|p2a: Zapdos|227\/383
|
|turn|41
|choice|move 1|move 2
|
|move|p2a: Zapdos|Thunderbolt|p1a: Starmie
|-supereffective|p1a: Starmie
|-damage|p1a: Starmie|64\/323 par
|cant|p1a: Starmie|par
|
|turn|42
|choice|move 1|move 4
|
|move|p2a: Zapdos|Drill Peck|p1a: Starmie
|-damage|p1a: Starmie|0 fnt
|faint|p1a: Starmie
|choice|switch 2|
|
|switch|p1a: Gengar|Gengar|204\/323
|turn|43
|choice|move 2|move 3
|
|move|p1a: Gengar|Night Shade|p2a: Zapdos
|-damage|p2a: Zapdos|127\/383
|move|p2a: Zapdos|Thunder Wave|p1a: Gengar
|-status|p1a: Gengar|par
|
|turn|44
|choice|move 4|move 2
|
|move|p2a: Zapdos|Thunderbolt|p1a: Gengar
|-damage|p1a: Gengar|96\/323 par
|move|p1a: Gengar|Explosion|p2a: Zapdos
|-crit|p2a: Zapdos
|-damage|p2a: Zapdos|0 fnt
|faint|p2a: Zapdos
|faint|p1a: Gengar
|L|krauersaut
|J|rob
|choice|switch 6|switch 6
|
|switch|p1a: Tauros|Tauros|353\/353
|switch|p2a: Exeggutor|Exeggutor|236\/393
|turn|45
|choice|switch 3|move 4
|
|switch|p1a: Exeggutor|Exeggutor|283\/393
|move|p2a: Exeggutor|Sleep Powder|p1a: Exeggutor
|-status|p1a: Exeggutor|slp
|
|turn|46
|choice|move 2|move 1
|
|cant|p1a: Exeggutor|slp
|move|p2a: Exeggutor|Psychic|p1a: Exeggutor
|-resisted|p1a: Exeggutor
|-damage|p1a: Exeggutor|232\/393 slp
|
|turn|47
|choice|move 4|move 1
|
|cant|p1a: Exeggutor|slp
|move|p2a: Exeggutor|Psychic|p1a: Exeggutor
|-resisted|p1a: Exeggutor
|-damage|p1a: Exeggutor|176\/393 slp
|-unboost|p1a: Exeggutor|spd|1
|-unboost|p1a: Exeggutor|spa|1
|
|turn|48
|choice|move 2|move 1
|
|move|p2a: Exeggutor|Psychic|p1a: Exeggutor
|-resisted|p1a: Exeggutor
|-damage|p1a: Exeggutor|92\/393 slp
|cant|p1a: Exeggutor|slp
|
|turn|49
|L|rob
|choice|move 4|move 3
|
|-curestatus|p1a: Exeggutor|slp
|move|p2a: Exeggutor|Hyper Beam|p1a: Exeggutor
|-damage|p1a: Exeggutor|0 fnt
|faint|p1a: Exeggutor
|choice|switch 3|
|
|switch|p1a: Tauros|Tauros|353\/353
|turn|50
|choice|move 3|move 4
|
|move|p1a: Tauros|Blizzard|p2a: Exeggutor
|-supereffective|p2a: Exeggutor
|-damage|p2a: Exeggutor|110\/393
|move|p2a: Exeggutor|Sleep Powder|p1a: Tauros
|-status|p1a: Tauros|slp
|
|turn|51
|choice|move 3|move 2
|
|cant|p1a: Tauros|slp
|move|p2a: Exeggutor|Explosion|p1a: Tauros
|-damage|p1a: Tauros|66\/353 slp
|faint|p2a: Exeggutor
|choice||switch 3
|
|switch|p2a: Tauros|Tauros|353\/353
|turn|52
|choice|move 4|move 3
|
|cant|p1a: Tauros|slp
|move|p2a: Tauros|Earthquake|p1a: Tauros
|-damage|p1a: Tauros|0 fnt
|faint|p1a: Tauros
|
|win|Dice