|inactive|Battle timer is ON: inactive players will automatically lose when time's up.
|J|Ununhexium
|J|teal6
|player|p1|Ununhexium|33
|player|p2|teal6|37
|gametype|singles
|gen|1
|tier|[Gen 1] OU
|seed|1412,42319,41846,44590
|rule|Sleep Clause Mod: Limit one foe put to sleep
|rule|Freeze Clause Mod: Limit one foe frozen
|rule|Species Clause: Limit one of each Pokémon
|rule|OHKO Clause: OHKO moves are banned
|rule|Evasion Moves Clause: Evasion moves are banned
|rule|HP Percentage Mod: HP is shown in percentages
|
|start
|switch|p1a: Alakazam|Alakazam|313\/313
|switch|p2a: Jynx|Jynx|333\/333
|turn|1
|c|★Ununhexium|are you here
|c|★Ununhexium|sorry i just noticed this now
|c|★Ununhexium|lol
|J|BKC
|choice|move 2|move 2
|
|move|p1a: Alakazam|Thunder Wave|p2a: Jynx
|-status|p2a: Jynx|par
|move|p2a: Jynx|Lovely Kiss|p1a: Alakazam
|-status|p1a: Alakazam|slp
|
|turn|2
|c|%BKC|one of my dreams is to have an rby ou battle with someone irl via link cable
|c|★teal6|i did back in the day
|c|★teal6|many times haha
|c|★Ununhexium|i like
|c|★Ununhexium|wasnt even alive then
|c|★teal6|-_-
|c|★teal6|i was part of that first generation, got the game in like 97? or whenever it came out
|choice|switch 5|switch 3
|
|switch|p1a: Snorlax|Snorlax|523\/523
|switch|p2a: Tauros|Tauros|353\/353
|
|turn|3
|c|★teal6|i was a solid 5 years old
|c|★Ununhexium|i was a solid like
|c|★Ununhexium|-2 years old
|c|★teal6|lmao
|choice|move 1|switch 4
|
|switch|p2a: Snorlax|Snorlax|523\/523
|move|p1a: Snorlax|Body Slam|p2a: Snorlax
|-crit|p2a: Snorlax
|-damage|p2a: Snorlax|234\/523
|
|turn|4
|choice|move 2|move 4
|
|move|p1a: Snorlax|Hyper Beam|p2a: Snorlax
|-damage|p2a: Snorlax|0 fnt
|faint|p2a: Snorlax
|c|%BKC|yeah but did you use tauros in your link cable battles
|c|★Ununhexium|10\/20\/99 reppin the 90s
|c|★teal6|absolutely not
|c|★teal6|it was surf\/hydro pump\/ice beam\/like strenght blastoise
|choice||switch 5
|
|switch|p2a: Exeggutor|Exeggutor|393\/393
|turn|5
|c|%BKC|i remember trying to link cable battle my friend in 6th grade and it didnt work so we called nintendo customer service and got really mad
|c|★teal6|hahah
|c|★teal6|im sure they were really helpful
|choice|switch 4|move 4
|
|switch|p1a: Jynx|Jynx|333\/333
|move|p2a: Exeggutor|Stun Spore|p1a: Jynx
|-status|p1a: Jynx|par
|
|turn|6
|c|★Ununhexium|idk
|c|★Ununhexium|how to check this
|choice|move 1|switch 6
|
|switch|p2a: Chansey|Chansey|703\/703
|move|p1a: Jynx|Blizzard|p2a: Chansey
|-damage|p2a: Chansey|575\/703
|
|turn|7
|c|★Ununhexium|i need
|c|★Ununhexium|how to rby 101
|choice|switch 4|move 4
|
|switch|p1a: Snorlax|Snorlax|523\/523
|move|p2a: Chansey|Thunderbolt|p1a: Snorlax
|-damage|p1a: Snorlax|418\/523
|
|turn|8
|c|★teal6|well i did not think you'd double to snorlax off zam which put me in a bad spot
|c|★teal6|+crit and winning speed tie
|choice|move 1|move 3
|
|move|p2a: Chansey|Thunder Wave|p1a: Snorlax
|-status|p1a: Snorlax|par
|move|p1a: Snorlax|Body Slam|p2a: Chansey
|-damage|p2a: Chansey|275\/703
|
|turn|9
|c|★Ununhexium|yeah
|c|★Ununhexium|lol
|choice|move 1|move 2
|
|move|p2a: Chansey|Soft-Boiled|p2a: Chansey
|-heal|p2a: Chansey|626\/703
|move|p1a: Snorlax|Body Slam|p2a: Chansey
|-damage|p2a: Chansey|325\/703
|
|turn|10
|c|★teal6|RBY more than any other gen is probability management
|c|★Ununhexium|but you also kind of know what youre doing
|choice|move 2|move 2
|
|move|p2a: Chansey|Soft-Boiled|p2a: Chansey
|-heal|p2a: Chansey|676\/703
|cant|p1a: Snorlax|par
|
|turn|11
|c|★teal6|to a degree
|c|★teal6|like if you understand the game
|c|★teal6|you can RBY
|c|★Ununhexium|i may as well be clicking random buttons lol
|c|★teal6|ah idk
|choice|move 2|move 4
|
|move|p2a: Chansey|Thunderbolt|p1a: Snorlax
|-damage|p1a: Snorlax|324\/523 par
|cant|p1a: Snorlax|par
|
|turn|12
|choice|move 2|switch 3
|
|switch|p2a: Jynx|Jynx|333\/333 par
|move|p1a: Snorlax|Hyper Beam|p2a: Jynx
|-damage|p2a: Jynx|22\/333 par
|
|turn|13
|-mustrecharge|p1a: Snorlax
|c|★Ununhexium|is this like a mechanic
|c|★Ununhexium|where if you get para once
|c|★teal6|no
|c|★Ununhexium|nvm
|-mustrecharge|p1a: Snorlax
|choice|move 1|move 1
|
|move|p2a: Jynx|Psychic|p1a: Snorlax
|-damage|p1a: Snorlax|183\/523 par
|-unboost|p1a: Snorlax|spd|1
|-unboost|p1a: Snorlax|spa|1
|cant|p1a: Snorlax|recharge
|
|turn|14
|c|★teal6|i thought you were gonna boom though
|choice|move 3|move 1
|
|move|p2a: Jynx|Psychic|p1a: Snorlax
|-damage|p1a: Snorlax|0 fnt
|faint|p1a: Snorlax
|c|★Ununhexium|i dont have boom lol
|c|★teal6|ah well idk that
|choice|switch 2|
|
|switch|p1a: Chansey|Chansey|703\/703
|turn|15
|choice|move 2|switch 3
|
|switch|p2a: Chansey|Chansey|676\/703
|move|p1a: Chansey|Thunderbolt|p2a: Chansey
|-damage|p2a: Chansey|596\/703
|
|turn|16
|c|★Ununhexium|i literally just CPed this off of piexplodes rmt
|choice|move 3|move 1
|
|move|p2a: Chansey|Ice Beam|p1a: Chansey
|-crit|p1a: Chansey
|-damage|p1a: Chansey|554\/703
|move|p1a: Chansey|Ice Beam|p2a: Chansey
|-damage|p2a: Chansey|518\/703
|
|turn|17
|c|★teal6|lol
|choice|move 3|move 1
|
|move|p2a: Chansey|Ice Beam|p1a: Chansey
|-damage|p1a: Chansey|476\/703
|move|p1a: Chansey|Ice Beam|p2a: Chansey
|-damage|p2a: Chansey|447\/703
|
|turn|18
|c|★teal6|okay well realistically in this situation
|c|★teal6|you're going to want to continuously IB me
|c|%BKC|which rmt
|c|★teal6|the only time you'd want to switch is if you think you can catch me not softboiling in range of something (tauros HB for example)
|choice|move 3|move 1
|
|move|p1a: Chansey|Ice Beam|p2a: Chansey
|-damage|p2a: Chansey|367\/703
|move|p2a: Chansey|Ice Beam|p1a: Chansey
|-crit|p1a: Chansey
|-damage|p1a: Chansey|324\/703
|
|turn|19
|choice|move 3|move 2
|
|move|p2a: Chansey|Soft-Boiled|p2a: Chansey
|-heal|p2a: Chansey|703\/703
|move|p1a: Chansey|Ice Beam|p2a: Chansey
|-crit|p2a: Chansey
|-damage|p2a: Chansey|558\/703
|
|turn|20
|c|★teal6|bkc i think they are adding in the thing where you can enter a battle with a status
|choice|move 3|move 1
|
|move|p1a: Chansey|Ice Beam|p2a: Chansey
|-damage|p2a: Chansey|485\/703
|move|p2a: Chansey|Ice Beam|p1a: Chansey
|-damage|p1a: Chansey|255\/703
|
|turn|21
|c|★Ununhexium|im just like
|c|★Ununhexium|clicking ice beam
|c|★Ununhexium|hoping for a freeze
|c|★teal6|well yeah that's what you'd want to do here
|choice|move 4|move 1
|
|move|p1a: Chansey|Soft-Boiled|p1a: Chansey
|-heal|p1a: Chansey|606\/703
|move|p2a: Chansey|Ice Beam|p1a: Chansey|[miss]
|-miss|p2a: Chansey
|
|turn|22
|c|★teal6|in the chansey mirror
|c|★Ununhexium|lol
|choice|move 3|move 1
|
|move|p1a: Chansey|Ice Beam|p2a: Chansey
|-damage|p2a: Chansey|409\/703
|move|p2a: Chansey|Ice Beam|p1a: Chansey
|-damage|p1a: Chansey|537\/703
|
|turn|23
|choice|move 3|move 1
|
|move|p2a: Chansey|Ice Beam|p1a: Chansey
|-damage|p1a: Chansey|456\/703
|move|p1a: Chansey|Ice Beam|p2a: Chansey
|-damage|p2a: Chansey|338\/703
|
|turn|24
|choice|move 3|move 1
|
|move|p1a: Chansey|Ice Beam|p2a: Chansey
|-damage|p2a: Chansey|261\/703
|move|p2a: Chansey|Ice Beam|p1a: Chansey
|-damage|p1a: Chansey|382\/703
|
|turn|25
|choice|move 3|move 2
|
|move|p2a: Chansey|Soft-Boiled|p2a: Chansey
|-heal|p2a: Chansey|612\/703
|move|p1a: Chansey|Ice Beam|p2a: Chansey
|-damage|p2a: Chansey|542\/703
|
|turn|26
|choice|move 3|move 1
|
|move|p1a: Chansey|Ice Beam|p2a: Chansey
|-damage|p2a: Chansey|467\/703
|move|p2a: Chansey|Ice Beam|p1a: Chansey
|-damage|p1a: Chansey|312\/703
|
|turn|27
|choice|move 4|move 1
|
|move|p2a: Chansey|Ice Beam|p1a: Chansey
|-damage|p1a: Chansey|241\/703
|move|p1a: Chansey|Soft-Boiled|p1a: Chansey
|-heal|p1a: Chansey|592\/703
|
|turn|28
|choice|move 3|move 1
|
|move|p2a: Chansey|Ice Beam|p1a: Chansey
|-damage|p1a: Chansey|523\/703
|-status|p1a: Chansey|frz
|cant|p1a: Chansey|frz
|
|turn|29
|c|★teal6|the fundamentals are all pretty similar
|choice|switch 4|move 3
|
|switch|p1a: Jynx|Jynx|333\/333 par
|move|p2a: Chansey|Thunder Wave|p1a: Jynx
|-fail|p1a: Jynx|par
|
|turn|30
|c|★Ununhexium|yeah im not bit on fundamentals
|c|★Ununhexium|tbh
|choice|switch 6|move 2
|
|switch|p1a: Rhydon|Rhydon|413\/413
|move|p2a: Chansey|Soft-Boiled|p2a: Chansey
|-heal|p2a: Chansey|703\/703
|
|turn|31
|c|★teal6|like..switching a resist in on something?
|c|★Ununhexium|no i get that lol
|c|★teal6|thats what i mean haha
|choice|move 1|move 1
|
|move|p2a: Chansey|Ice Beam|p1a: Rhydon
|-supereffective|p1a: Rhydon
|-damage|p1a: Rhydon|174\/413
|move|p1a: Rhydon|Earthquake|p2a: Chansey
|-damage|p2a: Chansey|329\/703
|
|turn|32
|choice|move 1|move 1
|
|move|p2a: Chansey|Ice Beam|p1a: Rhydon
|-supereffective|p1a: Rhydon
|-damage|p1a: Rhydon|0 fnt
|faint|p1a: Rhydon
|choice|switch 3|
|
|switch|p1a: Exeggutor|Exeggutor|393\/393
|turn|33
|choice|move 1|switch 3
|
|switch|p2a: Jynx|Jynx|22\/333 par
|move|p1a: Exeggutor|Leech Seed|p2a: Jynx
|-start|p2a: Jynx|move: Leech Seed
|
|turn|34
|choice|switch 4|move 3
|
|switch|p1a: Chansey|Chansey|523\/703 frz
|move|p2a: Jynx|Rest|p2a: Jynx
|-status|p2a: Jynx|slp
|-heal|p2a: Jynx|333\/333 slp|[silent]
|-status|p2a: Jynx|slp|[from] move: Rest
|-damage|p2a: Jynx|313\/333 slp|[from] Leech Seed|[of] p1a: Chansey
|-heal|p1a: Chansey|543\/703 frz|[silent]
|
|turn|35
|c|★Ununhexium|oh
|choice|switch 6|switch 3
|
|switch|p1a: Jynx|Jynx|333\/333 par
|switch|p2a: Chansey|Chansey|329\/703
|
|turn|36
|choice|move 3|move 2
|
|move|p2a: Chansey|Soft-Boiled|p2a: Chansey
|-heal|p2a: Chansey|680\/703
|move|p1a: Jynx|Lovely Kiss|p2a: Chansey|[miss]
|-miss|p1a: Jynx
|
|turn|37
|choice|move 1|switch 6
|
|switch|p2a: Exeggutor|Exeggutor|393\/393
|move|p1a: Jynx|Blizzard|p2a: Exeggutor
|-supereffective|p2a: Exeggutor
|-damage|p2a: Exeggutor|141\/393
|
|turn|38
|choice|move 4|move 3
|
|move|p2a: Exeggutor|Explosion|p1a: Jynx
|-crit|p1a: Jynx
|-damage|p1a: Jynx|0 fnt
|faint|p1a: Jynx
|faint|p2a: Exeggutor
|c|★Ununhexium|ow
|choice|switch 4|switch 2
|
|switch|p2a: Zapdos|Zapdos|383\/383
|switch|p1a: Exeggutor|Exeggutor|393\/393
|turn|39
|J|Gobln
|c|★Ununhexium|rip
|c|★Ununhexium|gg
|choice|switch 6|move 4
|
|switch|p1a: Chansey|Chansey|543\/703 frz
|move|p2a: Zapdos|Thunder Wave|p1a: Chansey
|-fail|p1a: Chansey
|
|turn|40
|choice|move 3|move 3
|
|move|p2a: Zapdos|Drill Peck|p1a: Chansey
|-crit|p1a: Chansey
|-damage|p1a: Chansey|100\/703 frz
|cant|p1a: Chansey|frz
|
|turn|41
|c|★teal6|you know you can't unfreeze right
|choice|move 3|move 2
|
|move|p2a: Zapdos|Agility|p2a: Zapdos
|-boost|p2a: Zapdos|spe|2
|cant|p1a: Chansey|frz
|
|turn|42
|c|★Ununhexium|yeah
|c|★teal6|ah okay
|choice|switch 5|move 3
|
|switch|p1a: Alakazam|Alakazam|313\/313 slp
|move|p2a: Zapdos|Drill Peck|p1a: Alakazam
|-damage|p1a: Alakazam|171\/313 slp
|
|turn|43
|c|★teal6|just making sure haha
|c|★Ununhexium|i was hoping to sack it
|choice|move 1|move 3
|
|move|p2a: Zapdos|Drill Peck|p1a: Alakazam
|-damage|p1a: Alakazam|23\/313 slp
|cant|p1a: Alakazam|slp
|
|turn|44
|choice|move 1|move 3
|
|move|p2a: Zapdos|Drill Peck|p1a: Alakazam
|-damage|p1a: Alakazam|0 fnt
|faint|p1a: Alakazam
|c|★Ununhexium|rby
|c|%BKC|you can thaw only if you switch into a fire move
|c|★Ununhexium|is a broken mechanic
|c|★teal6|oh yeah
|choice|switch 6|
|
|switch|p1a: Exeggutor|Exeggutor|393\/393
|turn|45
|c|★teal6|i forget about the fire move thing
|choice|move 3|move 4
|
|move|p2a: Zapdos|Thunder Wave|p1a: Exeggutor
|-status|p1a: Exeggutor|par
|cant|p1a: Exeggutor|par
|
|turn|46
|c|★Ununhexium|yeah but nothing on your team has a fire move
|choice|move 3|move 3
|
|move|p2a: Zapdos|Drill Peck|p1a: Exeggutor
|-supereffective|p1a: Exeggutor
|-damage|p1a: Exeggutor|185\/393 par
|cant|p1a: Exeggutor|par
|
|turn|47
|c|★teal6|yeah
|c|★teal6|lol
|c|★Ununhexium|unless youre like
|choice|move 3|move 3
|
|move|p2a: Zapdos|Drill Peck|p1a: Exeggutor
|-supereffective|p1a: Exeggutor
|-damage|p1a: Exeggutor|0 fnt
|faint|p1a: Exeggutor
|c|★teal6|gg
|c|★Ununhexium|flamethrower tautos
|choice|switch 5|
|
|switch|p1a: Chansey|Chansey|100\/703 frz
|turn|48
|c|★Ununhexium|gg
|choice|move 3|move 1
|
|move|p2a: Zapdos|Thunderbolt|p1a: Chansey
|-damage|p1a: Chansey|0 fnt
|faint|p1a: Chansey
|
|win|teal6