|J|BlackWeed
|J|Dice
|player|p1|BlackWeed|265
|player|p2|Dice|134
|gametype|singles
|gen|1
|tier|[Gen 1] OU
|seed|
|rule|Sleep Clause Mod: Limit one foe put to sleep
|rule|Freeze Clause Mod: Limit one foe frozen
|rule|Species Clause: Limit one of each Pokémon
|rule|OHKO Clause: OHKO moves are banned
|rule|Evasion Moves Clause: Evasion moves are banned
|rule|HP Percentage Mod: HP is shown in percentages
|
|start
|switch|p1a: Alakazam|Alakazam, M|100\/100
|switch|p2a: Starmie|Starmie|100\/100
|turn|1
|choice||
|
|switch|p2a: Exeggutor|Exeggutor|100\/100
|move|p1a: Alakazam|Thunder Wave|p2a: Exeggutor
|-status|p2a: Exeggutor|par
|
|turn|2
|J|Steve Angello
|choice||
|
|move|p1a: Alakazam|Psychic|p2a: Exeggutor
|-resisted|p2a: Exeggutor
|-damage|p2a: Exeggutor|87\/100 par
|-unboost|p2a: Exeggutor|spd|1
|-unboost|p2a: Exeggutor|spa|1
|move|p2a: Exeggutor|Sleep Powder|p1a: Alakazam
|-status|p1a: Alakazam|slp
|
|turn|3
|c|★BlackWeed|5050
|choice||
|
|switch|p2a: Snorlax|Snorlax|100\/100
|cant|p1a: Alakazam|slp
|
|turn|4
|J|choollio
|choice||
|
|cant|p1a: Alakazam|slp
|move|p2a: Snorlax|Body Slam|p1a: Alakazam
|-damage|p1a: Alakazam|50\/100 slp
|
|turn|5
|choice||
|
|switch|p1a: Rhydon|Rhydon, M|100\/100
|move|p2a: Snorlax|Body Slam|p1a: Rhydon
|-resisted|p1a: Rhydon
|-damage|p1a: Rhydon|90\/100
|-status|p1a: Rhydon|par
|
|turn|6
|choice||
|
|switch|p2a: Starmie|Starmie|100\/100
|move|p1a: Rhydon|Earthquake|p2a: Starmie
|-damage|p2a: Starmie|55\/100
|
|turn|7
|choice||
|
|switch|p1a: Chansey|Chansey|100\/100
|move|p2a: Starmie|Recover|p2a: Starmie
|-heal|p2a: Starmie|100\/100
|
|turn|8
|choice||
|
|move|p2a: Starmie|Thunder Wave|p1a: Chansey
|-status|p1a: Chansey|par
|move|p1a: Chansey|Ice Beam|p2a: Starmie
|-resisted|p2a: Starmie
|-damage|p2a: Starmie|88\/100
|
|turn|9
|J|smilzo
|choice||
|
|move|p2a: Starmie|Psychic|p1a: Chansey
|-damage|p1a: Chansey|85\/100 par
|-unboost|p1a: Chansey|spd|1
|-unboost|p1a: Chansey|spa|1
|move|p1a: Chansey|Ice Beam|p2a: Starmie
|-resisted|p2a: Starmie
|-damage|p2a: Starmie|81\/100
|
|turn|10
|c|★BlackWeed|vamos
|choice||
|
|switch|p2a: Snorlax|Snorlax|100\/100
|cant|p1a: Chansey|par
|
|turn|11
|J|Sugar K Leonard
|choice||
|
|move|p2a: Snorlax|Earthquake|p1a: Chansey
|-damage|p1a: Chansey|55\/100 par
|move|p1a: Chansey|Thunder Wave|p2a: Snorlax
|-status|p2a: Snorlax|par
|
|turn|12
|choice||
|
|switch|p1a: Rhydon|Rhydon, M|90\/100 par
|move|p2a: Snorlax|Body Slam|p1a: Rhydon
|-resisted|p1a: Rhydon
|-damage|p1a: Rhydon|79\/100 par
|
|turn|13
|choice||
|
|move|p1a: Rhydon|Body Slam|p2a: Snorlax
|-damage|p2a: Snorlax|80\/100 par
|move|p2a: Snorlax|Earthquake|p1a: Rhydon
|-supereffective|p1a: Rhydon
|-damage|p1a: Rhydon|41\/100 par
|
|turn|14
|choice||
|
|switch|p2a: Starmie|Starmie|81\/100
|move|p1a: Rhydon|Earthquake|p2a: Starmie
|-damage|p2a: Starmie|30\/100
|
|turn|15
|choice||
|
|move|p2a: Starmie|Recover|p2a: Starmie
|-heal|p2a: Starmie|79\/100
|move|p1a: Rhydon|Body Slam|p2a: Starmie
|-damage|p2a: Starmie|50\/100
|-status|p2a: Starmie|par
|
|turn|16
|c|★Dice|-
|choice||
|
|switch|p1a: Chansey|Chansey|55\/100 par
|move|p2a: Starmie|Recover|p2a: Starmie
|-heal|p2a: Starmie|99\/100 par
|
|turn|17
|choice||
|
|switch|p2a: Snorlax|Snorlax|80\/100 par
|move|p1a: Chansey|Soft-Boiled|p1a: Chansey
|-heal|p1a: Chansey|100\/100 par
|
|turn|18
|c|★BlackWeed|vamos
|choice||
|
|switch|p1a: Snorlax|Snorlax, M|100\/100
|move|p2a: Snorlax|Body Slam|p1a: Snorlax
|-damage|p1a: Snorlax|74\/100
|
|turn|19
|choice||
|
|switch|p2a: Golem|Golem|100\/100
|move|p1a: Snorlax|Counter|p2a: Golem
|-damage|p2a: Golem|23\/100
|
|turn|20
|choice||
|
|switch|p1a: Exeggutor|Exeggutor, M|100\/100
|move|p2a: Golem|Explosion|p1a: Exeggutor
|-damage|p1a: Exeggutor|26\/100
|faint|p2a: Golem
|c|★BlackWeed|0
|choice||
|
|switch|p2a: Tauros|Tauros|100\/100
|turn|21
|J|hkmn
|choice||
|
|switch|p1a: Rhydon|Rhydon, M|41\/100 par
|move|p2a: Tauros|Body Slam|p1a: Rhydon
|-resisted|p1a: Rhydon
|-damage|p1a: Rhydon|30\/100 par
|
|turn|22
|choice||
|
|switch|p1a: Chansey|Chansey|100\/100 par
|move|p2a: Tauros|Earthquake|p1a: Chansey
|-damage|p1a: Chansey|70\/100 par
|
|turn|23
|choice||
|
|move|p2a: Tauros|Hyper Beam|p1a: Chansey
|-damage|p1a: Chansey|0 fnt
|faint|p1a: Chansey
|c|★BlackWeed|.
|c|★BlackWeed|roll
|choice||
|
|switch|p1a: Tauros|Tauros|100\/100
|turn|24
|c|★BlackWeed|vamos
|J|LBLOL7
|choice||
|
|move|p2a: Tauros|Body Slam|p1a: Tauros
|-crit|p1a: Tauros
|-damage|p1a: Tauros|42\/100
|move|p1a: Tauros|Blizzard|p2a: Tauros
|-damage|p2a: Tauros|73\/100
|
|turn|25
|choice||
|
|move|p1a: Tauros|Hyper Beam|p2a: Tauros
|-damage|p2a: Tauros|25\/100
|move|p2a: Tauros|Body Slam|p1a: Tauros
|-damage|p1a: Tauros|13\/100
|
|turn|26
|-mustrecharge|p1a: Tauros
|-mustrecharge|p1a: Tauros
|choice||
|
|cant|p1a: Tauros|recharge
|move|p2a: Tauros|Body Slam|p1a: Tauros
|-damage|p1a: Tauros|0 fnt
|faint|p1a: Tauros
|L|hkmn
|choice||
|
|switch|p1a: Snorlax|Snorlax, M|74\/100
|turn|27
|choice||
|
|move|p2a: Tauros|Hyper Beam|p1a: Snorlax
|-damage|p1a: Snorlax|29\/100
|move|p1a: Snorlax|Body Slam|p2a: Tauros
|-damage|p2a: Tauros|0 fnt
|faint|p2a: Tauros
|L|LBLOL7
|c|★Dice|hm
|J|GOD MARTH
|choice||
|
|switch|p2a: Lapras|Lapras|100\/100
|turn|28
|c|★BlackWeed|?
|choice||
|
|move|p2a: Lapras|Blizzard|p1a: Snorlax
|-damage|p1a: Snorlax|0 fnt
|faint|p1a: Snorlax
|c|★BlackWeed|;
|c|★BlackWeed|roll
|c|★Dice|n
|c|★Dice|31 min
|c|★Dice|-
|-message|BlackWeed forfeited.
|
|win|Dice