|inactive|Battle timer is ON: inactive players will automatically lose when time's up.
|J|reyscarface
|J|CrapAtRBY
|player|p1|reyscarface|170
|player|p2|CrapAtRBY|101
|gametype|singles
|gen|1
|tier|[Gen 1] OU
|rule|Sleep Clause Mod: Limit one foe put to sleep
|rule|Freeze Clause Mod: Limit one foe frozen
|rule|Species Clause: Limit one of each Pokémon
|rule|OHKO Clause: OHKO moves are banned
|rule|Evasion Moves Clause: Evasion moves are banned
|rule|HP Percentage Mod: HP is shown in percentages
|
|start
|switch|p1a: Starmie|Starmie|323\/323
|switch|p2a: Jynx|Jynx|333\/333
|turn|1
|
|move|p1a: Starmie|Thunder Wave|p2a: Jynx
|-status|p2a: Jynx|par
|move|p2a: Jynx|Lovely Kiss|p1a: Starmie
|-status|p1a: Starmie|slp
|
|turn|2
|
|cant|p1a: Starmie|slp
|move|p2a: Jynx|Blizzard|p1a: Starmie
|-resisted|p1a: Starmie
|-damage|p1a: Starmie|254\/323 slp
|
|turn|3
|
|cant|p1a: Starmie|slp
|move|p2a: Jynx|Psychic|p1a: Starmie
|-crit|p1a: Starmie
|-resisted|p1a: Starmie
|-damage|p1a: Starmie|157\/323 slp
|
|turn|4
|
|switch|p1a: Snorlax|Snorlax|523\/523
|move|p2a: Jynx|Psychic|p1a: Snorlax
|-damage|p1a: Snorlax|391\/523
|
|turn|5
|
|move|p1a: Snorlax|Body Slam|p2a: Jynx
|-damage|p2a: Jynx|134\/333 par
|cant|p2a: Jynx|par
|
|turn|6
|J|Isa RC
|
|switch|p2a: Chansey|Chansey|703\/703
|move|p1a: Snorlax|Body Slam|p2a: Chansey
|-damage|p2a: Chansey|432\/703
|
|turn|7
|
|move|p2a: Chansey|Thunder Wave|p1a: Snorlax
|-status|p1a: Snorlax|par
|move|p1a: Snorlax|Hyper Beam|p2a: Chansey
|-crit|p2a: Chansey
|-damage|p2a: Chansey|0 fnt
|faint|p2a: Chansey
|
|switch|p2a: Snorlax|Snorlax|523\/523
|turn|8
|
|move|p2a: Snorlax|Reflect|p2a: Snorlax
|-start|p2a: Snorlax|Reflect
|cant|p1a: Snorlax|par
|
|turn|9
|
|switch|p1a: Chansey|Chansey|703\/703
|move|p2a: Snorlax|Amnesia|p2a: Snorlax
|-boost|p2a: Snorlax|spd|2
|-boost|p2a: Snorlax|spa|2
|
|turn|10
|
|switch|p2a: Jynx|Jynx|134\/333 par
|move|p1a: Chansey|Ice Beam|p2a: Jynx
|-resisted|p2a: Jynx
|-damage|p2a: Jynx|94\/333 par
|
|turn|11
|
|move|p1a: Chansey|Seismic Toss|p2a: Jynx
|-damage|p2a: Jynx|0 fnt
|faint|p2a: Jynx
|
|switch|p2a: Exeggutor|Exeggutor|393\/393
|turn|12
|
|switch|p1a: Exeggutor|Exeggutor|393\/393
|move|p2a: Exeggutor|Stun Spore|p1a: Exeggutor
|-status|p1a: Exeggutor|par
|
|turn|13
|
|move|p2a: Exeggutor|Psychic|p1a: Exeggutor
|-resisted|p1a: Exeggutor
|-damage|p1a: Exeggutor|339\/393 par
|move|p1a: Exeggutor|Sleep Powder|p2a: Exeggutor
|-status|p2a: Exeggutor|slp
|
|turn|14
|
|switch|p2a: Snorlax|Snorlax|523\/523
|switch|p1a: Tauros|Tauros|353\/353
|
|turn|15
|
|move|p1a: Tauros|Body Slam|p2a: Snorlax
|-damage|p2a: Snorlax|398\/523
|move|p2a: Snorlax|Reflect|p2a: Snorlax
|-start|p2a: Snorlax|Reflect
|
|turn|16
|
|move|p1a: Tauros|Body Slam|p2a: Snorlax
|-damage|p2a: Snorlax|334\/523
|move|p2a: Snorlax|Amnesia|p2a: Snorlax
|-boost|p2a: Snorlax|spd|2
|-boost|p2a: Snorlax|spa|2
|
|turn|17
|
|move|p1a: Tauros|Body Slam|p2a: Snorlax
|-damage|p2a: Snorlax|269\/523
|move|p2a: Snorlax|Amnesia|p2a: Snorlax
|-boost|p2a: Snorlax|spd|2
|-boost|p2a: Snorlax|spa|2
|
|turn|18
|
|move|p1a: Tauros|Body Slam|p2a: Snorlax
|-damage|p2a: Snorlax|202\/523
|move|p2a: Snorlax|Amnesia|p2a: Snorlax
|-boost|p2a: Snorlax|spd|2
|-boost|p2a: Snorlax|spa|2
|
|turn|19
|
|move|p1a: Tauros|Body Slam|p2a: Snorlax
|-damage|p2a: Snorlax|136\/523
|move|p2a: Snorlax|Rest|p2a: Snorlax
|-status|p2a: Snorlax|slp
|-heal|p2a: Snorlax|523\/523 slp|[silent]
|-status|p2a: Snorlax|slp|[from] move: Rest
|
|turn|20
|
|move|p1a: Tauros|Body Slam|p2a: Snorlax
|-damage|p2a: Snorlax|458\/523 slp
|cant|p2a: Snorlax|slp
|
|turn|21
|
|move|p1a: Tauros|Body Slam|p2a: Snorlax
|-damage|p2a: Snorlax|390\/523 slp
|cant|p2a: Snorlax|slp
|-curestatus|p2a: Snorlax|slp
|
|turn|22
|c|★reyscarface|where crit
|
|switch|p1a: Chansey|Chansey|703\/703
|move|p2a: Snorlax|Ice Beam|p1a: Chansey
|-damage|p1a: Chansey|469\/703
|
|turn|23
|
|move|p1a: Chansey|Ice Beam|p2a: Snorlax
|-damage|p2a: Snorlax|363\/523
|move|p2a: Snorlax|Ice Beam|p1a: Chansey
|-crit|p1a: Chansey
|-damage|p1a: Chansey|358\/703
|
|turn|24
|
|move|p1a: Chansey|Ice Beam|p2a: Snorlax
|-damage|p2a: Snorlax|338\/523
|move|p2a: Snorlax|Ice Beam|p1a: Chansey
|-damage|p1a: Chansey|121\/703
|
|turn|25
|
|move|p1a: Chansey|Soft-Boiled|p1a: Chansey
|-heal|p1a: Chansey|472\/703
|move|p2a: Snorlax|Ice Beam|p1a: Chansey
|-damage|p1a: Chansey|263\/703
|
|turn|26
|
|move|p1a: Chansey|Ice Beam|p2a: Snorlax
|-damage|p2a: Snorlax|314\/523
|move|p2a: Snorlax|Ice Beam|p1a: Chansey
|-damage|p1a: Chansey|53\/703
|
|turn|27
|
|move|p1a: Chansey|Soft-Boiled|p1a: Chansey
|-heal|p1a: Chansey|404\/703
|move|p2a: Snorlax|Ice Beam|p1a: Chansey
|-damage|p1a: Chansey|176\/703
|
|turn|28
|
|move|p1a: Chansey|Soft-Boiled|p1a: Chansey
|-heal|p1a: Chansey|527\/703
|move|p2a: Snorlax|Ice Beam|p1a: Chansey
|-damage|p1a: Chansey|294\/703
|-status|p1a: Chansey|frz
|
|turn|29
|c|★reyscarface|fck
|
|cant|p1a: Chansey|frz
|move|p2a: Snorlax|Rest|p2a: Snorlax
|-status|p2a: Snorlax|slp
|-heal|p2a: Snorlax|523\/523 slp|[silent]
|-status|p2a: Snorlax|slp|[from] move: Rest
|
|turn|30
|
|switch|p1a: Tauros|Tauros|353\/353
|cant|p2a: Snorlax|slp
|
|turn|31
|
|move|p1a: Tauros|Body Slam|p2a: Snorlax
|-damage|p2a: Snorlax|458\/523 slp
|cant|p2a: Snorlax|slp
|-curestatus|p2a: Snorlax|slp
|
|turn|32
|
|switch|p1a: Chansey|Chansey|294\/703 frz
|move|p2a: Snorlax|Ice Beam|p1a: Chansey
|-crit|p1a: Chansey
|-damage|p1a: Chansey|182\/703 frz
|
|turn|33
|
|cant|p1a: Chansey|frz
|move|p2a: Snorlax|Ice Beam|p1a: Chansey
|-damage|p1a: Chansey|0 fnt
|faint|p1a: Chansey
|
|switch|p1a: Starmie|Starmie|157\/323 slp
|turn|34
|
|cant|p1a: Starmie|slp
|-curestatus|p1a: Starmie|slp
|move|p2a: Snorlax|Ice Beam|p1a: Starmie
|-resisted|p1a: Starmie
|-damage|p1a: Starmie|51\/323
|-status|p1a: Starmie|frz
|
|turn|35
|c|★reyscarface|lol
|c|★reyscarface|gotta be shittin me here
|
|cant|p1a: Starmie|frz
|move|p2a: Snorlax|Ice Beam|p1a: Starmie
|-resisted|p1a: Starmie
|-damage|p1a: Starmie|0 fnt
|faint|p1a: Starmie
|
|switch|p1a: Alakazam|Alakazam|313\/313
|turn|36
|
|move|p1a: Alakazam|Thunder Wave|p2a: Snorlax
|-status|p2a: Snorlax|par
|move|p2a: Snorlax|Ice Beam|p1a: Alakazam
|-damage|p1a: Alakazam|143\/313
|
|turn|37
|
|move|p1a: Alakazam|Recover|p1a: Alakazam
|-heal|p1a: Alakazam|299\/313
|move|p2a: Snorlax|Ice Beam|p1a: Alakazam
|-damage|p1a: Alakazam|111\/313
|
|turn|38
|
|move|p1a: Alakazam|Recover|p1a: Alakazam
|-heal|p1a: Alakazam|267\/313
|cant|p2a: Snorlax|par
|
|turn|39
|
|move|p1a: Alakazam|Psychic|p2a: Snorlax
|-damage|p2a: Snorlax|413\/523 par
|-unboost|p2a: Snorlax|spd|1
|-unboost|p2a: Snorlax|spa|1
|move|p2a: Snorlax|Ice Beam|p1a: Alakazam
|-damage|p1a: Alakazam|102\/313
|
|turn|40
|
|move|p1a: Alakazam|Recover|p1a: Alakazam
|-heal|p1a: Alakazam|258\/313
|move|p2a: Snorlax|Amnesia|p2a: Snorlax
|-boost|p2a: Snorlax|spd|2
|-boost|p2a: Snorlax|spa|2
|
|turn|41
|
|move|p1a: Alakazam|Psychic|p2a: Snorlax
|-crit|p2a: Snorlax
|-damage|p2a: Snorlax|96\/523 par
|move|p2a: Snorlax|Ice Beam|p1a: Alakazam
|-crit|p1a: Alakazam
|-damage|p1a: Alakazam|170\/313
|
|turn|42
|
|move|p1a: Alakazam|Recover|p1a: Alakazam
|-heal|p1a: Alakazam|313\/313
|cant|p2a: Snorlax|par
|
|turn|43
|
|move|p1a: Alakazam|Psychic|p2a: Snorlax
|-damage|p2a: Snorlax|53\/523 par
|move|p2a: Snorlax|Ice Beam|p1a: Alakazam
|-damage|p1a: Alakazam|141\/313
|
|turn|44
|
|move|p1a: Alakazam|Psychic|p2a: Snorlax
|-damage|p2a: Snorlax|11\/523 par
|move|p2a: Snorlax|Rest|p2a: Snorlax
|-status|p2a: Snorlax|slp
|-heal|p2a: Snorlax|523\/523 slp|[silent]
|-status|p2a: Snorlax|slp|[from] move: Rest
|
|turn|45
|
|move|p1a: Alakazam|Recover|p1a: Alakazam
|-heal|p1a: Alakazam|297\/313
|cant|p2a: Snorlax|slp
|
|turn|46
|
|switch|p1a: Tauros|Tauros|353\/353
|cant|p2a: Snorlax|slp
|-curestatus|p2a: Snorlax|slp
|
|turn|47
|
|switch|p1a: Alakazam|Alakazam|297\/313
|move|p2a: Snorlax|Reflect|p2a: Snorlax
|-fail|p2a: Snorlax
|
|turn|48
|
|switch|p1a: Tauros|Tauros|353\/353
|move|p2a: Snorlax|Amnesia|p2a: Snorlax
|-boost|p2a: Snorlax|spd|2
|-boost|p2a: Snorlax|spa|2
|
|turn|49
|
|switch|p1a: Alakazam|Alakazam|297\/313
|move|p2a: Snorlax|Reflect|p2a: Snorlax
|-fail|p2a: Snorlax
|
|turn|50
|
|switch|p1a: Tauros|Tauros|353\/353
|switch|p2a: Zapdos|Zapdos|383\/383
|
|turn|51
|
|move|p1a: Tauros|Body Slam|p2a: Zapdos
|-crit|p2a: Zapdos
|-damage|p2a: Zapdos|156\/383
|move|p2a: Zapdos|Thunder Wave|p1a: Tauros
|-status|p1a: Tauros|par
|
|turn|52
|
|move|p2a: Zapdos|Thunderbolt|p1a: Tauros
|-damage|p1a: Tauros|199\/353 par
|cant|p1a: Tauros|par
|
|turn|53
|
|move|p2a: Zapdos|Thunderbolt|p1a: Tauros
|-damage|p1a: Tauros|40\/353 par
|cant|p1a: Tauros|par
|
|turn|54
|
|move|p2a: Zapdos|Drill Peck|p1a: Tauros
|-damage|p1a: Tauros|0 fnt
|faint|p1a: Tauros
|
|switch|p1a: Snorlax|Snorlax|391\/523 par
|turn|55
|
|move|p2a: Zapdos|Thunderbolt|p1a: Snorlax
|-damage|p1a: Snorlax|215\/523 par
|move|p1a: Snorlax|Hyper Beam|p2a: Zapdos
|-damage|p2a: Zapdos|0 fnt
|faint|p2a: Zapdos
|
|switch|p2a: Tauros|Tauros|353\/353
|turn|56
|
|switch|p1a: Exeggutor|Exeggutor|339\/393 par
|move|p2a: Tauros|Body Slam|p1a: Exeggutor
|-crit|p1a: Exeggutor
|-damage|p1a: Exeggutor|134\/393 par
|
|turn|57
|c|★reyscarface|lol
|c|★reyscarface|fuck pokemon
|
|move|p2a: Tauros|Hyper Beam|p1a: Exeggutor
|-damage|p1a: Exeggutor|0 fnt
|faint|p1a: Exeggutor
|
|switch|p1a: Alakazam|Alakazam|297\/313
|turn|58
|
|switch|p2a: Exeggutor|Exeggutor|393\/393 slp
|move|p1a: Alakazam|Thunder Wave|p2a: Exeggutor
|-fail|p2a: Exeggutor
|
|turn|59
|
|move|p1a: Alakazam|Psychic|p2a: Exeggutor
|-resisted|p2a: Exeggutor
|-damage|p2a: Exeggutor|339\/393 slp
|cant|p2a: Exeggutor|slp
|
|turn|60
|
|switch|p1a: Snorlax|Snorlax|215\/523 par
|cant|p2a: Exeggutor|slp
|
|turn|61
|
|cant|p2a: Exeggutor|slp
|move|p1a: Snorlax|Body Slam|p2a: Exeggutor
|-crit|p2a: Exeggutor
|-damage|p2a: Exeggutor|99\/393 slp
|
|turn|62
|
|cant|p2a: Exeggutor|slp
|-curestatus|p2a: Exeggutor|slp
|cant|p1a: Snorlax|par
|
|turn|63
|
|move|p2a: Exeggutor|Psychic|p1a: Snorlax
|-damage|p1a: Snorlax|57\/523 par
|move|p1a: Snorlax|Body Slam|p2a: Exeggutor
|-crit|p2a: Exeggutor
|-damage|p2a: Exeggutor|0 fnt
|faint|p2a: Exeggutor
|
|switch|p2a: Tauros|Tauros|353\/353
|turn|64
|
|move|p2a: Tauros|Earthquake|p1a: Snorlax
|-damage|p1a: Snorlax|0 fnt
|faint|p1a: Snorlax
|
|switch|p1a: Alakazam|Alakazam|297\/313
|turn|65
|
|move|p1a: Alakazam|Thunder Wave|p2a: Tauros
|-status|p2a: Tauros|par
|move|p2a: Tauros|Body Slam|p1a: Alakazam
|-crit|p1a: Alakazam
|-damage|p1a: Alakazam|0 fnt
|faint|p1a: Alakazam
|
|win|CrapAtRBY