|inactive|Battle timer is ON: inactive players will automatically lose when time's up.
|J|Purrl
|J|Dice
|player|p1|Purrl|239
|player|p2|Dice|168
|gametype|singles
|gen|1
|tier|[Gen 1] OU
|seed|43107,37712,23219,4977
|rule|Sleep Clause Mod: Limit one foe put to sleep
|rule|Freeze Clause Mod: Limit one foe frozen
|rule|Species Clause: Limit one of each Pokémon
|rule|OHKO Clause: OHKO moves are banned
|rule|Evasion Moves Clause: Evasion moves are banned
|rule|HP Percentage Mod: HP is shown in percentages
|
|start
|switch|p1a: Starmie|Starmie|323\/323
|switch|p2a: Hypno|Hypno|373\/373
|turn|1
|J|Nails
|J|hahaouou
|J|Demerging
|choice|move 2|move 1
|
|move|p1a: Starmie|Thunder Wave|p2a: Hypno
|-status|p2a: Hypno|par
|cant|p2a: Hypno|par
|
|turn|2
|choice|move 4|move 1
|
|move|p1a: Starmie|Thunderbolt|p2a: Hypno
|-crit|p2a: Hypno
|-damage|p2a: Hypno|252\/373 par
|cant|p2a: Hypno|par
|
|turn|3
|choice|move 4|move 1
|
|move|p1a: Starmie|Thunderbolt|p2a: Hypno
|-crit|p2a: Hypno
|-damage|p2a: Hypno|131\/373 par
|move|p2a: Hypno|Hypnosis|p1a: Starmie
|-status|p1a: Starmie|slp
|
|turn|4
|choice|switch 2|move 2
|
|switch|p1a: Snorlax|Snorlax|523\/523
|move|p2a: Hypno|Thunder Wave|p1a: Snorlax
|-status|p1a: Snorlax|par
|
|turn|5
|L|Demerging
|choice|move 2|move 3
|
|move|p2a: Hypno|Psychic|p1a: Snorlax
|-damage|p1a: Snorlax|381\/523 par
|move|p1a: Snorlax|Body Slam|p2a: Hypno
|-damage|p2a: Hypno|8\/373 par
|
|turn|6
|choice|switch 3|move 4
|
|switch|p1a: Alakazam|Alakazam|313\/313
|cant|p2a: Hypno|par
|
|turn|7
|choice|move 1|switch 6
|
|switch|p2a: Starmie|Starmie|323\/323
|move|p1a: Alakazam|Psychic|p2a: Starmie
|-resisted|p2a: Starmie
|-damage|p2a: Starmie|261\/323
|
|turn|8
|choice|move 2|move 1
|
|move|p1a: Alakazam|Thunder Wave|p2a: Starmie
|-status|p2a: Starmie|par
|move|p2a: Starmie|Blizzard|p1a: Alakazam|[miss]
|-miss|p2a: Starmie
|
|turn|9
|choice|switch 3|move 1
|
|switch|p1a: Snorlax|Snorlax|381\/523 par
|move|p2a: Starmie|Blizzard|p1a: Snorlax
|-damage|p1a: Snorlax|258\/523 par
|
|turn|10
|choice|move 4|move 1
|
|move|p2a: Starmie|Blizzard|p1a: Snorlax
|-crit|p1a: Snorlax
|-damage|p1a: Snorlax|4\/523 par
|move|p1a: Snorlax|Rest|p1a: Snorlax
|-status|p1a: Snorlax|slp
|-heal|p1a: Snorlax|523\/523 slp|[silent]
|-status|p1a: Snorlax|slp|[from] move: Rest
|
|turn|11
|choice|move 2|switch 2
|
|switch|p2a: Chansey|Chansey|703\/703
|cant|p1a: Snorlax|slp
|
|turn|12
|J|firap
|choice|move 2|move 1
|
|move|p2a: Chansey|Ice Beam|p1a: Snorlax
|-damage|p1a: Snorlax|415\/523 slp
|-curestatus|p1a: Snorlax|slp
|
|turn|13
|L|firap
|choice|switch 3|move 1
|
|switch|p1a: Alakazam|Alakazam|313\/313
|move|p2a: Chansey|Ice Beam|p1a: Alakazam
|-damage|p1a: Alakazam|250\/313
|
|turn|14
|choice|move 2|switch 2
|
|switch|p2a: Starmie|Starmie|261\/323 par
|move|p1a: Alakazam|Thunder Wave|p2a: Starmie
|-fail|p2a: Starmie|par
|
|turn|15
|choice|switch 3|move 1
|
|switch|p1a: Snorlax|Snorlax|415\/523
|move|p2a: Starmie|Blizzard|p1a: Snorlax
|-damage|p1a: Snorlax|296\/523
|
|turn|16
|choice|move 2|switch 2
|
|switch|p2a: Chansey|Chansey|703\/703
|move|p1a: Snorlax|Body Slam|p2a: Chansey
|-damage|p2a: Chansey|429\/703
|
|turn|17
|choice|move 2|move 1
|
|move|p2a: Chansey|Ice Beam|p1a: Snorlax
|-damage|p1a: Snorlax|199\/523
|-status|p1a: Snorlax|frz
|cant|p1a: Snorlax|frz
|
|turn|18
|choice|switch 3|move 4
|
|switch|p1a: Alakazam|Alakazam|250\/313
|move|p2a: Chansey|Soft-Boiled|p2a: Chansey
|-heal|p2a: Chansey|703\/703
|
|turn|19
|J|Meru
|choice|move 2|switch 2
|
|switch|p2a: Starmie|Starmie|261\/323 par
|move|p1a: Alakazam|Thunder Wave|p2a: Starmie
|-fail|p2a: Starmie|par
|
|turn|20
|choice|move 3|move 4
|
|move|p1a: Alakazam|Seismic Toss|p2a: Starmie
|-damage|p2a: Starmie|161\/323 par
|move|p2a: Starmie|Thunder Wave|p1a: Alakazam
|-status|p1a: Alakazam|par
|
|turn|21
|choice|move 1|move 2
|
|move|p1a: Alakazam|Psychic|p2a: Starmie
|-resisted|p2a: Starmie
|-damage|p2a: Starmie|95\/323 par
|move|p2a: Starmie|Recover|p2a: Starmie
|-heal|p2a: Starmie|256\/323 par
|
|turn|22
|choice|move 3|move 3
|
|cant|p1a: Alakazam|par
|cant|p2a: Starmie|par
|
|turn|23
|choice|move 3|move 2
|
|move|p1a: Alakazam|Seismic Toss|p2a: Starmie
|-damage|p2a: Starmie|156\/323 par
|move|p2a: Starmie|Recover|p2a: Starmie
|-heal|p2a: Starmie|317\/323 par
|
|turn|24
|choice|move 3|move 1
|
|move|p1a: Alakazam|Seismic Toss|p2a: Starmie
|-damage|p2a: Starmie|217\/323 par
|move|p2a: Starmie|Blizzard|p1a: Alakazam
|-damage|p1a: Alakazam|178\/313 par
|
|turn|25
|choice|move 4|switch 5
|
|switch|p2a: Snorlax|Snorlax|523\/523
|move|p1a: Alakazam|Recover|p1a: Alakazam
|-heal|p1a: Alakazam|313\/313 par
|
|turn|26
|L|Meru
|choice|switch 6|move 1
|
|switch|p1a: Rhydon|Rhydon|413\/413
|move|p2a: Snorlax|Body Slam|p1a: Rhydon
|-resisted|p1a: Rhydon
|-damage|p1a: Rhydon|363\/413
|
|turn|27
|choice|move 1|switch 4
|
|switch|p2a: Exeggutor|Exeggutor|393\/393
|move|p1a: Rhydon|Earthquake|p2a: Exeggutor
|-resisted|p2a: Exeggutor
|-damage|p2a: Exeggutor|313\/393
|
|turn|28
|choice|switch 6|move 1
|
|switch|p1a: Alakazam|Alakazam|313\/313 par
|move|p2a: Exeggutor|Psychic|p1a: Alakazam
|-resisted|p1a: Alakazam
|-damage|p1a: Alakazam|261\/313 par
|-unboost|p1a: Alakazam|spd|1
|-unboost|p1a: Alakazam|spa|1
|
|turn|29
|choice|move 2|move 1
|
|move|p2a: Exeggutor|Psychic|p1a: Alakazam
|-resisted|p1a: Alakazam
|-damage|p1a: Alakazam|191\/313 par
|move|p1a: Alakazam|Thunder Wave|p2a: Exeggutor
|-status|p2a: Exeggutor|par
|
|turn|30
|choice|move 2|move 1
|
|move|p2a: Exeggutor|Psychic|p1a: Alakazam
|-resisted|p1a: Alakazam
|-damage|p1a: Alakazam|118\/313 par
|-unboost|p1a: Alakazam|spd|1
|-unboost|p1a: Alakazam|spa|1
|move|p1a: Alakazam|Thunder Wave|p2a: Exeggutor
|-fail|p2a: Exeggutor|par
|
|turn|31
|choice|move 4|move 1
|
|move|p2a: Exeggutor|Psychic|p1a: Alakazam
|-resisted|p1a: Alakazam
|-damage|p1a: Alakazam|23\/313 par
|move|p1a: Alakazam|Recover|p1a: Alakazam
|-heal|p1a: Alakazam|179\/313 par
|
|turn|32
|choice|move 4|move 1
|
|move|p2a: Exeggutor|Psychic|p1a: Alakazam
|-crit|p1a: Alakazam
|-resisted|p1a: Alakazam
|-damage|p1a: Alakazam|83\/313 par
|cant|p1a: Alakazam|par
|
|turn|33
|choice|switch 2|switch 3
|
|switch|p2a: Tauros|Tauros|353\/353
|switch|p1a: Starmie|Starmie|323\/323 slp
|
|turn|34
|choice|switch 3|move 1
|
|switch|p1a: Snorlax|Snorlax|199\/523 frz
|move|p2a: Tauros|Body Slam|p1a: Snorlax
|-damage|p1a: Snorlax|67\/523 frz
|
|turn|35
|choice|move 2|switch 6
|
|switch|p2a: Hypno|Hypno|8\/373 par
|cant|p1a: Snorlax|frz
|
|turn|36
|choice|switch 2|move 4
|
|switch|p1a: Alakazam|Alakazam|83\/313 par
|move|p2a: Hypno|Rest|p2a: Hypno
|-status|p2a: Hypno|slp
|-heal|p2a: Hypno|373\/373 slp|[silent]
|-status|p2a: Hypno|slp|[from] move: Rest
|
|turn|37
|choice|move 4|switch 4
|
|switch|p2a: Snorlax|Snorlax|523\/523
|move|p1a: Alakazam|Recover|p1a: Alakazam
|-heal|p1a: Alakazam|239\/313 par
|
|turn|38
|choice|switch 6|move 1
|
|switch|p1a: Rhydon|Rhydon|363\/413
|move|p2a: Snorlax|Body Slam|p1a: Rhydon
|-resisted|p1a: Rhydon
|-damage|p1a: Rhydon|315\/413
|
|turn|39
|choice|move 1|switch 3
|
|switch|p2a: Exeggutor|Exeggutor|313\/393 par
|move|p1a: Rhydon|Earthquake|p2a: Exeggutor
|-resisted|p2a: Exeggutor
|-damage|p2a: Exeggutor|235\/393 par
|
|turn|40
|choice|switch 6|move 1
|
|switch|p1a: Alakazam|Alakazam|239\/313 par
|cant|p2a: Exeggutor|par
|
|turn|41
|choice|move 3|switch 3
|
|switch|p2a: Snorlax|Snorlax|523\/523
|move|p1a: Alakazam|Seismic Toss|p2a: Snorlax
|-damage|p2a: Snorlax|423\/523
|
|turn|42
|L|hahaouou
|choice|switch 2|move 2
|
|switch|p1a: Snorlax|Snorlax|67\/523 frz
|move|p2a: Snorlax|Earthquake|p1a: Snorlax
|-damage|p1a: Snorlax|0 fnt
|faint|p1a: Snorlax
|choice|switch 6|
|
|switch|p1a: Rhydon|Rhydon|315\/413
|turn|43
|choice|move 2|move 2
|
|move|p1a: Rhydon|Rock Slide|p2a: Snorlax
|-damage|p2a: Snorlax|280\/523
|move|p2a: Snorlax|Earthquake|p1a: Rhydon
|-supereffective|p1a: Rhydon
|-damage|p1a: Rhydon|171\/413
|
|turn|44
|choice|move 2|switch 3
|
|switch|p2a: Exeggutor|Exeggutor|235\/393 par
|move|p1a: Rhydon|Rock Slide|p2a: Exeggutor
|-damage|p2a: Exeggutor|124\/393 par
|
|turn|45
|choice|move 2|move 1
|
|move|p1a: Rhydon|Rock Slide|p2a: Exeggutor
|-damage|p2a: Exeggutor|8\/393 par
|move|p2a: Exeggutor|Psychic|p1a: Rhydon
|-damage|p1a: Rhydon|0 fnt
|faint|p1a: Rhydon
|choice|switch 4|
|
|switch|p1a: Tauros|Tauros|353\/353
|turn|46
|choice|move 1|move 3
|
|move|p1a: Tauros|Body Slam|p2a: Exeggutor
|-damage|p2a: Exeggutor|0 fnt
|faint|p2a: Exeggutor
|choice||switch 3
|
|switch|p2a: Snorlax|Snorlax|280\/523
|turn|47
|J|TTFTW
|choice|move 1|move 1
|
|move|p1a: Tauros|Body Slam|p2a: Snorlax
|-damage|p2a: Snorlax|147\/523
|move|p2a: Snorlax|Body Slam|p1a: Tauros
|-damage|p1a: Tauros|237\/353
|
|turn|48
|choice|move 1|switch 5
|
|switch|p2a: Starmie|Starmie|217\/323 par
|move|p1a: Tauros|Body Slam|p2a: Starmie
|-damage|p2a: Starmie|114\/323 par
|
|turn|49
|choice|move 2|move 4
|
|move|p1a: Tauros|Hyper Beam|p2a: Starmie
|-crit|p2a: Starmie
|-damage|p2a: Starmie|0 fnt
|faint|p2a: Starmie
|choice||switch 6
|
|switch|p2a: Tauros|Tauros|353\/353
|turn|50
|choice|switch 3|move 1
|
|switch|p1a: Starmie|Starmie|323\/323 slp
|move|p2a: Tauros|Body Slam|p1a: Starmie
|-damage|p1a: Starmie|221\/323 slp
|
|turn|51
|choice|move 3|move 1
|
|cant|p1a: Starmie|slp
|move|p2a: Tauros|Body Slam|p1a: Starmie
|-damage|p1a: Starmie|106\/323 slp
|
|turn|52
|choice|move 3|move 1
|
|-curestatus|p1a: Starmie|slp
|move|p2a: Tauros|Body Slam|p1a: Starmie
|-crit|p1a: Starmie
|-damage|p1a: Starmie|0 fnt
|faint|p1a: Starmie
|choice|switch 5|
|
|switch|p1a: Dragonite|Dragonite|385\/385
|turn|53
|choice|move 2|move 3
|
|move|p2a: Tauros|Blizzard|p1a: Dragonite
|-supereffective|p1a: Dragonite
|-damage|p1a: Dragonite|61\/385
|move|p1a: Dragonite|Thunder Wave|p2a: Tauros
|-status|p2a: Tauros|par
|
|turn|54
|choice|move 3|move 1
|
|move|p1a: Dragonite|Wrap|p2a: Tauros
|-crit|p2a: Tauros
|-damage|p2a: Tauros|324\/353 par
|-activate|p2a: Tauros|move: Wrap|[of] p1a: Dragonite
|cant|p2a: Tauros|partiallytrapped
|
|turn|55
|choice|move 3|move 1
|
|move|p1a: Dragonite|Wrap|p2a: Tauros
|-damage|p2a: Tauros|295\/353 par
|cant|p2a: Tauros|partiallytrapped
|
|turn|56
|choice|move 3|move 1
|
|move|p1a: Dragonite|Wrap|p2a: Tauros
|-damage|p2a: Tauros|266\/353 par
|cant|p2a: Tauros|par
|
|-end|p2a: Tauros|Wrap|[partiallytrapped]
|turn|57
|choice|move 3|move 1
|
|move|p1a: Dragonite|Wrap|p2a: Tauros
|-damage|p2a: Tauros|250\/353 par
|-activate|p2a: Tauros|move: Wrap|[of] p1a: Dragonite
|cant|p2a: Tauros|partiallytrapped
|
|turn|58
|choice|move 3|move 1
|
|move|p1a: Dragonite|Wrap|p2a: Tauros
|-damage|p2a: Tauros|234\/353 par
|cant|p2a: Tauros|partiallytrapped
|
|turn|59
|choice|move 3|move 1
|
|move|p1a: Dragonite|Wrap|p2a: Tauros
|-damage|p2a: Tauros|218\/353 par
|cant|p2a: Tauros|partiallytrapped
|
|-end|p2a: Tauros|Wrap|[partiallytrapped]
|turn|60
|choice|move 3|move 1
|
|move|p1a: Dragonite|Wrap|p2a: Tauros
|-damage|p2a: Tauros|204\/353 par
|-activate|p2a: Tauros|move: Wrap|[of] p1a: Dragonite
|cant|p2a: Tauros|par
|
|turn|61
|choice|move 3|move 1
|
|move|p1a: Dragonite|Wrap|p2a: Tauros
|-damage|p2a: Tauros|190\/353 par
|cant|p2a: Tauros|partiallytrapped
|
|turn|62
|choice|move 3|move 1
|
|move|p1a: Dragonite|Wrap|p2a: Tauros
|-damage|p2a: Tauros|176\/353 par
|cant|p2a: Tauros|partiallytrapped
|
|turn|63
|choice|move 3|move 1
|
|move|p1a: Dragonite|Wrap|p2a: Tauros
|-damage|p2a: Tauros|162\/353 par
|cant|p2a: Tauros|partiallytrapped
|
|turn|64
|choice|move 3|move 1
|
|move|p1a: Dragonite|Wrap|p2a: Tauros
|-damage|p2a: Tauros|148\/353 par
|cant|p2a: Tauros|partiallytrapped
|
|-end|p2a: Tauros|Wrap|[partiallytrapped]
|turn|65
|choice|move 3|move 1
|
|move|p1a: Dragonite|Wrap|p2a: Tauros
|-damage|p2a: Tauros|132\/353 par
|-activate|p2a: Tauros|move: Wrap|[of] p1a: Dragonite
|cant|p2a: Tauros|partiallytrapped
|
|turn|66
|choice|move 3|move 1
|
|move|p1a: Dragonite|Wrap|p2a: Tauros
|-damage|p2a: Tauros|116\/353 par
|cant|p2a: Tauros|partiallytrapped
|
|-end|p2a: Tauros|Wrap|[partiallytrapped]
|turn|67
|choice|move 3|move 1
|
|move|p1a: Dragonite|Wrap|p2a: Tauros
|-damage|p2a: Tauros|100\/353 par
|-activate|p2a: Tauros|move: Wrap|[of] p1a: Dragonite
|cant|p2a: Tauros|partiallytrapped
|
|turn|68
|choice|move 3|move 1
|
|move|p1a: Dragonite|Wrap|p2a: Tauros
|-damage|p2a: Tauros|84\/353 par
|cant|p2a: Tauros|par
|
|turn|69
|choice|move 3|move 1
|
|move|p1a: Dragonite|Wrap|p2a: Tauros
|-damage|p2a: Tauros|68\/353 par
|cant|p2a: Tauros|partiallytrapped
|
|-end|p2a: Tauros|Wrap|[partiallytrapped]
|turn|70
|choice|move 4|move 1
|
|move|p1a: Dragonite|Blizzard|p2a: Tauros
|-damage|p2a: Tauros|0 fnt
|faint|p2a: Tauros
|choice||switch 4
|
|switch|p2a: Hypno|Hypno|373\/373 slp
|turn|71
|choice|switch 3|move 3
|
|switch|p1a: Tauros|Tauros|237\/353
|cant|p2a: Hypno|slp
|
|turn|72
|choice|move 1|move 2
|
|move|p1a: Tauros|Body Slam|p2a: Hypno
|-damage|p2a: Hypno|240\/373 slp
|-curestatus|p2a: Hypno|slp
|
|turn|73
|choice|switch 2|move 1
|
|switch|p1a: Alakazam|Alakazam|239\/313 par
|move|p2a: Hypno|Hypnosis|p1a: Alakazam
|-fail|p1a: Alakazam
|
|turn|74
|choice|move 2|move 3
|
|move|p2a: Hypno|Psychic|p1a: Alakazam
|-resisted|p1a: Alakazam
|-damage|p1a: Alakazam|189\/313 par
|-unboost|p1a: Alakazam|spd|1
|-unboost|p1a: Alakazam|spa|1
|move|p1a: Alakazam|Thunder Wave|p2a: Hypno
|-status|p2a: Hypno|par
|
|turn|75
|choice|move 1|switch 5
|
|switch|p2a: Snorlax|Snorlax|147\/523
|move|p1a: Alakazam|Psychic|p2a: Snorlax
|-damage|p2a: Snorlax|33\/523
|
|turn|76
|choice|switch 2|move 3
|
|switch|p1a: Tauros|Tauros|237\/353
|move|p2a: Snorlax|Self-Destruct|p1a: Tauros
|-damage|p1a: Tauros|0 fnt
|faint|p1a: Tauros
|faint|p2a: Snorlax
|choice|switch 3|switch 2
|
|switch|p1a: Dragonite|Dragonite|61\/385
|switch|p2a: Chansey|Chansey|703\/703
|turn|77
|choice|move 3|move 1
|
|move|p1a: Dragonite|Wrap|p2a: Chansey
|-damage|p2a: Chansey|663\/703
|-activate|p2a: Chansey|move: Wrap|[of] p1a: Dragonite
|cant|p2a: Chansey|partiallytrapped
|
|turn|78
|choice|move 3|move 1
|
|move|p1a: Dragonite|Wrap|p2a: Chansey
|-damage|p2a: Chansey|623\/703
|cant|p2a: Chansey|partiallytrapped
|
|-end|p2a: Chansey|Wrap|[partiallytrapped]
|turn|79
|choice|move 3|move 1
|
|move|p1a: Dragonite|Wrap|p2a: Chansey|[miss]
|-miss|p1a: Dragonite
|move|p2a: Chansey|Ice Beam|p1a: Dragonite
|-supereffective|p1a: Dragonite
|-damage|p1a: Dragonite|0 fnt
|faint|p1a: Dragonite
|choice|switch 2|
|
|switch|p1a: Alakazam|Alakazam|189\/313 par
|turn|80
|choice|move 3|switch 5
|
|switch|p2a: Hypno|Hypno|240\/373 par
|cant|p1a: Alakazam|par
|
|turn|81
|choice|move 3|move 3
|
|cant|p1a: Alakazam|par
|cant|p2a: Hypno|par
|
|turn|82
|choice|move 3|move 4
|
|move|p1a: Alakazam|Seismic Toss|p2a: Hypno
|-damage|p2a: Hypno|140\/373 par
|move|p2a: Hypno|Rest|p2a: Hypno
|-status|p2a: Hypno|slp
|-heal|p2a: Hypno|373\/373 slp|[silent]
|-status|p2a: Hypno|slp|[from] move: Rest
|
|turn|83
|choice|move 3|switch 5
|
|switch|p2a: Chansey|Chansey|623\/703
|cant|p1a: Alakazam|par
|
|turn|84
|choice|move 2|move 2
|
|move|p2a: Chansey|Thunderbolt|p1a: Alakazam
|-crit|p1a: Alakazam
|-damage|p1a: Alakazam|62\/313 par
|move|p1a: Alakazam|Thunder Wave|p2a: Chansey
|-status|p2a: Chansey|par
|
|turn|85
|choice|move 4|move 1
|
|cant|p1a: Alakazam|par
|move|p2a: Chansey|Ice Beam|p1a: Alakazam
|-damage|p1a: Alakazam|0 fnt
|faint|p1a: Alakazam
|
|win|Dice