|J|Dice
|J|Agammemnon
|player|p1|Dice|2
|player|p2|Agammemnon|220
|gametype|singles
|gen|1
|tier|[Gen 1] OU
|seed|33358,28307,55555,12213
|rule|Sleep Clause Mod: Limit one foe put to sleep
|rule|Freeze Clause Mod: Limit one foe frozen
|rule|Species Clause: Limit one of each Pokémon
|rule|OHKO Clause: OHKO moves are banned
|rule|Evasion Moves Clause: Evasion moves are banned
|rule|HP Percentage Mod: HP is shown in percentages
|
|start
|switch|p1a: Gengar|Gengar|323\/323
|switch|p2a: Alakazam|Alakazam|313\/313
|turn|1
|c|★Dice|hf
|J|aqqq
|J|AGuyWithPants
|c|★Agammemnon|hf!
|J|SB with a big dick
|J|wtf lo lunatone
|J|Ary
|J|reyscarface
|L|SB with a big dick
|choice|switch 5|move 3
|
|switch|p1a: Exeggutor|Exeggutor|393\/393
|move|p2a: Alakazam|Psychic|p1a: Exeggutor
|-resisted|p1a: Exeggutor
|-damage|p1a: Exeggutor|342\/393
|
|turn|2
|J|MoxieInfinite
|J|majaspic22
|L|Ary
|J|metagame secrets
|J|Alexander
|choice|move 2|move 1
|
|move|p2a: Alakazam|Thunder Wave|p1a: Exeggutor
|-status|p1a: Exeggutor|par
|move|p1a: Exeggutor|Sleep Powder|p2a: Alakazam|[miss]
|-miss|p1a: Exeggutor
|
|turn|3
|J|King Tsunami
|J|popopopopopweop
|J|altestadores
|J|PhallusIntoAnus
|choice|move 2|move 4
|
|move|p2a: Alakazam|Seismic Toss|p1a: Exeggutor
|-damage|p1a: Exeggutor|242\/393 par
|move|p1a: Exeggutor|Sleep Powder|p2a: Alakazam|[miss]
|-miss|p1a: Exeggutor
|
|turn|4
|L|aqqq
|L|AGuyWithPants
|L|altestadores
|c|★Agammemnon|hm ok 
|choice|move 2|move 4
|
|move|p2a: Alakazam|Seismic Toss|p1a: Exeggutor
|-damage|p1a: Exeggutor|142\/393 par
|cant|p1a: Exeggutor|par
|
|turn|5
|J|KratosMana
|choice|move 4|move 4
|
|move|p2a: Alakazam|Seismic Toss|p1a: Exeggutor
|-damage|p1a: Exeggutor|42\/393 par
|move|p1a: Exeggutor|Explosion|p2a: Alakazam
|-damage|p2a: Alakazam|0 fnt
|faint|p2a: Alakazam
|faint|p1a: Exeggutor
|J|KJ Corp
|J|f a p k i n gg
|L|KJ Corp
|choice|switch 5|switch 5
|
|switch|p2a: ಠ_ಠ|Tauros|353\/353
|switch|p1a: Gengar|Gengar|323\/323
|turn|6
|choice|move 1|move 2
|
|move|p1a: Gengar|Hypnosis|p2a: ಠ_ಠ
|-status|p2a: ಠ_ಠ|slp
|cant|p2a: ಠ_ಠ|slp
|
|turn|7
|choice|move 2|move 2
|
|cant|p2a: ಠ_ಠ|slp
|move|p1a: Gengar|Night Shade|p2a: ಠ_ಠ
|-damage|p2a: ಠ_ಠ|253\/353 slp
|
|turn|8
|choice|move 2|switch 4
|
|switch|p2a: Chansey|Chansey|703\/703
|move|p1a: Gengar|Night Shade|p2a: Chansey
|-damage|p2a: Chansey|603\/703
|
|turn|9
|J|snagaa
|choice|move 4|move 2
|
|move|p1a: Gengar|Confuse Ray|p2a: Chansey
|-start|p2a: Chansey|confusion
|-activate|p2a: Chansey|confusion
|move|p2a: Chansey|Ice Beam|p1a: Gengar
|-crit|p1a: Gengar
|-damage|p1a: Gengar|193\/323
|
|turn|10
|choice|move 2|switch 2
|
|switch|p2a: Exeggutor|Exeggutor|393\/393
|move|p1a: Gengar|Night Shade|p2a: Exeggutor
|-damage|p2a: Exeggutor|293\/393
|
|turn|11
|choice|move 2|move 1
|
|move|p1a: Gengar|Night Shade|p2a: Exeggutor
|-damage|p2a: Exeggutor|193\/393
|move|p2a: Exeggutor|Psychic|p1a: Gengar
|-supereffective|p1a: Gengar
|-damage|p1a: Gengar|0 fnt
|faint|p1a: Gengar
|choice|switch 2|
|
|switch|p1a: Zapdos|Zapdos|383\/383
|turn|12
|choice|move 3|move 2
|
|move|p1a: Zapdos|Drill Peck|p2a: Exeggutor
|-crit|p2a: Exeggutor
|-supereffective|p2a: Exeggutor
|-damage|p2a: Exeggutor|0 fnt
|faint|p2a: Exeggutor
|c|★Agammemnon|rip
|c|+King Tsunami|what is this for o.o
|c|★Agammemnon|rby something tournament
|c|★Dice|yea that.
|c|+King Tsunami|-
|choice||switch 3
|
|switch|p2a: Snorlax|Snorlax|523\/523
|turn|13
|c|★Agammemnon|Im just trying not to be a huge john
|c|★Agammemnon|tbh
|choice|move 4|move 1
|
|move|p1a: Zapdos|Thunder Wave|p2a: Snorlax
|-status|p2a: Snorlax|par
|move|p2a: Snorlax|Body Slam|p1a: Zapdos
|-damage|p1a: Zapdos|257\/383
|-status|p1a: Zapdos|par
|
|turn|14
|choice|switch 3|move 1
|
|switch|p1a: Snorlax|Snorlax|523\/523
|move|p2a: Snorlax|Body Slam|p1a: Snorlax
|-damage|p1a: Snorlax|381\/523
|
|turn|15
|choice|move 2|move 2
|
|move|p1a: Snorlax|Earthquake|p2a: Snorlax
|-damage|p2a: Snorlax|408\/523 par
|cant|p2a: Snorlax|par
|
|turn|16
|choice|move 1|move 3
|
|move|p1a: Snorlax|Body Slam|p2a: Snorlax
|-damage|p2a: Snorlax|266\/523 par
|cant|p2a: Snorlax|par
|
|turn|17
|c|★Agammemnon|maaan
|choice|switch 3|move 2
|
|switch|p1a: Zapdos|Zapdos|257\/383 par
|move|p2a: Snorlax|Self-Destruct|p1a: Zapdos
|-crit|p1a: Zapdos
|-damage|p1a: Zapdos|0 fnt
|faint|p1a: Zapdos
|faint|p2a: Snorlax
|c|★Agammemnon|how do I counter you if you paralyze me
|c|★Dice|well u dont silly
|c|★Agammemnon|e.e
|c|★Agammemnon|That's mean
|J|zedpi
|choice|switch 4|switch 2
|
|switch|p1a: Tauros|Tauros|353\/353
|switch|p2a: Chansey|Chansey|603\/703
|turn|18
|L|zedpi
|choice|move 1|move 1
|
|move|p1a: Tauros|Body Slam|p2a: Chansey
|-damage|p2a: Chansey|322\/703
|move|p2a: Chansey|Thunder Wave|p1a: Tauros
|-status|p1a: Tauros|par
|
|turn|19
|J|kamisamano49
|c|+kamisamano49|go dice
|choice|move 1|move 3
|
|move|p2a: Chansey|Soft-Boiled|p2a: Chansey
|-heal|p2a: Chansey|673\/703
|move|p1a: Tauros|Body Slam|p2a: Chansey
|-damage|p2a: Chansey|378\/703
|
|turn|20
|choice|move 1|move 4
|
|move|p2a: Chansey|Seismic Toss|p1a: Tauros
|-damage|p1a: Tauros|253\/353 par
|move|p1a: Tauros|Body Slam|p2a: Chansey
|-damage|p2a: Chansey|89\/703
|
|turn|21
|c|★Agammemnon|hi
|c|★Agammemnon|You're paralyzed here
|c|★Dice|hello
|c|★Agammemnon|js
|J|Nachos
|choice|move 4|move 3
|
|move|p2a: Chansey|Soft-Boiled|p2a: Chansey
|-heal|p2a: Chansey|440\/703
|move|p1a: Tauros|Hyper Beam|p2a: Chansey
|-damage|p2a: Chansey|0 fnt
|faint|p2a: Chansey
|c|★Dice|i am
|L|Nachos
|c|★Dice|good bull
|c|★Agammemnon|Looks like Tauros does not care
|choice||switch 6
|
|switch|p2a: Zapdos|Zapdos|383\/383
|turn|22
|c|+kamisamano49|go dice
|c|★Dice|i trained him well
|choice|move 1|move 2
|
|move|p2a: Zapdos|Thunderbolt|p1a: Tauros
|-damage|p1a: Tauros|94\/353 par
|move|p1a: Tauros|Body Slam|p2a: Zapdos
|-damage|p2a: Zapdos|264\/383
|
|turn|23
|choice|move 1|move 2
|
|move|p2a: Zapdos|Thunderbolt|p1a: Tauros
|-damage|p1a: Tauros|0 fnt
|faint|p1a: Tauros
|choice|switch 6|
|
|switch|p1a: Chansey|Chansey|703\/703
|turn|24
|J|Rap Game Shkreli
|choice|move 1|move 4
|
|move|p2a: Zapdos|Thunder Wave|p1a: Chansey
|-status|p1a: Chansey|par
|move|p1a: Chansey|Thunder Wave|p2a: Zapdos
|-status|p2a: Zapdos|par
|
|turn|25
|c|★Agammemnon|Oh you wanna play this game
|choice|move 2|move 1
|
|move|p2a: Zapdos|Agility|p2a: Zapdos
|-boost|p2a: Zapdos|spe|2
|move|p1a: Chansey|Ice Beam|p2a: Zapdos
|-supereffective|p2a: Zapdos
|-damage|p2a: Zapdos|128\/383 par
|
|turn|26
|c|★Dice|i do
|c|★Agammemnon|Come on
|c|★Agammemnon|Zap
|c|★Agammemnon|I beg you, you ugly fuck
|c|★Dice|cmon egg
|choice|move 2|move 3
|
|move|p2a: Zapdos|Drill Peck|p1a: Chansey
|-damage|p1a: Chansey|477\/703 par
|move|p1a: Chansey|Ice Beam|p2a: Zapdos
|-supereffective|p2a: Zapdos
|-damage|p2a: Zapdos|5\/383 par
|
|turn|27
|c|★Agammemnon|Ok
|c|★Agammemnon|You can still make it
|choice|move 2|move 3
|
|move|p2a: Zapdos|Drill Peck|p1a: Chansey
|-crit|p1a: Chansey
|-damage|p1a: Chansey|0 fnt
|faint|p1a: Chansey
|J|Adversary
|choice|switch 3|
|
|switch|p1a: Snorlax|Snorlax|381\/523
|turn|28
|c|★Agammemnon|good boy
|L|Adversary
|c|★Dice|bad boy
|c|★Agammemnon|so
|c|★Agammemnon|A crit is not enough
|c|★Agammemnon|hmm
|choice|move 1|move 4
|
|move|p2a: Zapdos|Thunder Wave|p1a: Snorlax
|-status|p1a: Snorlax|par
|cant|p1a: Snorlax|par
|
|turn|29
|J|superbrick
|choice|move 1|move 2
|
|move|p2a: Zapdos|Thunderbolt|p1a: Snorlax
|-damage|p1a: Snorlax|199\/523 par
|move|p1a: Snorlax|Body Slam|p2a: Zapdos
|-damage|p2a: Zapdos|0 fnt
|faint|p2a: Zapdos
|c|★Dice|o no
|choice||switch 4
|
|switch|p2a: ಠ_ಠ|Tauros|253\/353 slp
|turn|30
|c|★Agammemnon|Sleepy Tauros disapproves
|choice|move 1|move 1
|
|cant|p2a: ಠ_ಠ|slp
|cant|p1a: Snorlax|par
|
|turn|31
|c|★Agammemnon|CRIPPLE FIGHT
|choice|move 3|move 1
|
|cant|p2a: ಠ_ಠ|slp
|move|p1a: Snorlax|Self-Destruct|p2a: ಠ_ಠ
|-damage|p2a: ಠ_ಠ|0 fnt
|faint|p2a: ಠ_ಠ
|faint|p1a: Snorlax
|
|win|Dice
|player|p1
|player|p2
|c|+f a p k i n gg|-
|c|★Agammemnon|How does it work
|L|majaspic22
|L|metagame secrets
|c|★Agammemnon|I never remember
|c|★Dice|we both get
|c|+f a p k i n gg|tie
|c|★Dice|half a point
|c|★Dice|in the tour
|L|KratosMana
|L|f a p k i n gg
|c|★Agammemnon|hah, neat
|c|★Dice|ye
|L|reyscarface
|c|★Agammemnon|I mean, that's fair
|L|snagaa
|c|★Agammemnon|It's a Bo2, right ?
|L|Rap Game Shkreli