|inactive|Battle timer is ON: inactive players will automatically lose when time's up.
|J|Beds
|J|f a p k i n g g
|player|p1|Beds|252
|player|p2|f a p k i n g g|25
|gametype|singles
|gen|1
|tier|[Gen 1] OU
|rule|Sleep Clause Mod: Limit one foe put to sleep
|rule|Freeze Clause Mod: Limit one foe frozen
|rule|Species Clause: Limit one of each Pokémon
|rule|OHKO Clause: OHKO moves are banned
|rule|Evasion Moves Clause: Evasion moves are banned
|rule|HP Percentage Mod: HP is shown in percentages
|
|start
|switch|p1a: Alakazam|Alakazam|313\/313
|switch|p2a: Jynx|Jynx|333\/333
|turn|1
|J|Disaster Area
|J|ReshiRampage
|J|VentusAwakening
|c|★Beds|hf
|J|Pat Labor
|c|★f a p k i n g g|hf
|L|ReshiRampage
|
|move|p1a: Alakazam|Thunder Wave|p2a: Jynx
|-status|p2a: Jynx|par
|move|p2a: Jynx|Lovely Kiss|p1a: Alakazam
|-status|p1a: Alakazam|slp
|
|turn|2
|J|Liones
|
|cant|p1a: Alakazam|slp
|cant|p2a: Jynx|par
|
|turn|3
|
|switch|p1a: Lapras|Lapras|463\/463
|switch|p2a: Snorlax|Snorlax|523\/523
|
|turn|4
|
|switch|p2a: Jynx|Jynx|333\/333 par
|move|p1a: Lapras|Blizzard|p2a: Jynx
|-resisted|p2a: Jynx
|-damage|p2a: Jynx|264\/333 par
|
|turn|5
|
|move|p1a: Lapras|Body Slam|p2a: Jynx
|-damage|p2a: Jynx|152\/333 par
|move|p2a: Jynx|Psychic|p1a: Lapras
|-crit|p1a: Lapras
|-damage|p1a: Lapras|270\/463
|
|turn|6
|
|switch|p2a: Lapras|Lapras|463\/463
|move|p1a: Lapras|Body Slam|p2a: Lapras
|-damage|p2a: Lapras|395\/463
|-status|p2a: Lapras|par
|
|turn|7
|
|switch|p1a: Alakazam|Alakazam|313\/313 slp
|move|p2a: Lapras|Thunderbolt|p1a: Alakazam
|-damage|p1a: Alakazam|249\/313 slp
|
|turn|8
|L|VentusAwakening
|J|MeowMix
|
|cant|p1a: Alakazam|slp
|move|p2a: Lapras|Body Slam|p1a: Alakazam
|-crit|p1a: Alakazam
|-damage|p1a: Alakazam|57\/313 slp
|
|turn|9
|J|Juriii
|L|MeowMix
|
|switch|p1a: Starmie|Starmie|323\/323
|cant|p2a: Lapras|par
|
|turn|10
|c|+karlaschnikov|los beds
|c|+karlaschnikov|wofür is das
|c|★Beds|pokemonperfect tour
|
|switch|p2a: Chansey|Chansey|703\/703
|move|p1a: Starmie|Blizzard|p2a: Chansey
|-damage|p2a: Chansey|610\/703
|
|turn|11
|
|switch|p1a: Alakazam|Alakazam|57\/313 slp
|move|p2a: Chansey|Thunderbolt|p1a: Alakazam
|-damage|p1a: Alakazam|0 fnt
|faint|p1a: Alakazam
|
|switch|p1a: Exeggutor|Exeggutor|393\/393
|turn|12
|
|switch|p1a: Snorlax|Snorlax|523\/523
|switch|p2a: Lapras|Lapras|395\/463 par
|
|turn|13
|
|move|p1a: Snorlax|Body Slam|p2a: Lapras
|-damage|p2a: Lapras|265\/463 par
|move|p2a: Lapras|Blizzard|p1a: Snorlax
|-damage|p1a: Snorlax|349\/523
|
|turn|14
|
|switch|p2a: Exeggutor|Exeggutor|393\/393
|move|p1a: Snorlax|Body Slam|p2a: Exeggutor
|-damage|p2a: Exeggutor|267\/393
|
|turn|15
|
|switch|p1a: Exeggutor|Exeggutor|393\/393
|move|p2a: Exeggutor|Sleep Powder|p1a: Exeggutor|[miss]
|-miss|p2a: Exeggutor
|
|turn|16
|
|switch|p2a: Lapras|Lapras|265\/463 par
|move|p1a: Exeggutor|Sleep Powder|p2a: Lapras
|-fail|p2a: Lapras
|
|turn|17
|
|switch|p1a: Lapras|Lapras|270\/463
|move|p2a: Lapras|Blizzard|p1a: Lapras
|-resisted|p1a: Lapras
|-damage|p1a: Lapras|233\/463
|
|turn|18
|
|switch|p2a: Chansey|Chansey|610\/703
|move|p1a: Lapras|Blizzard|p2a: Chansey
|-damage|p2a: Chansey|483\/703
|
|turn|19
|
|move|p1a: Lapras|Sing|p2a: Chansey|[miss]
|-miss|p1a: Lapras
|move|p2a: Chansey|Thunderbolt|p1a: Lapras
|-crit|p1a: Lapras
|-supereffective|p1a: Lapras
|-damage|p1a: Lapras|0 fnt
|faint|p1a: Lapras
|
|switch|p1a: Exeggutor|Exeggutor|393\/393
|turn|20
|
|switch|p2a: Jynx|Jynx|152\/333 par
|move|p1a: Exeggutor|Psychic|p2a: Jynx
|-resisted|p2a: Jynx
|-damage|p2a: Jynx|94\/333 par
|
|turn|21
|
|switch|p1a: Snorlax|Snorlax|349\/523
|move|p2a: Jynx|Lovely Kiss|p1a: Snorlax
|-status|p1a: Snorlax|slp
|
|turn|22
|
|switch|p1a: Starmie|Starmie|323\/323
|move|p2a: Jynx|Rest|p2a: Jynx
|-status|p2a: Jynx|slp
|-heal|p2a: Jynx|333\/333 slp|[silent]
|-status|p2a: Jynx|slp|[from] move: Rest
|
|turn|23
|L|Liones
|
|move|p1a: Starmie|Hydro Pump|p2a: Jynx
|-crit|p2a: Jynx
|-damage|p2a: Jynx|32\/333 slp
|cant|p2a: Jynx|slp
|
|turn|24
|
|move|p1a: Starmie|Blizzard|p2a: Jynx
|-crit|p2a: Jynx
|-resisted|p2a: Jynx
|-damage|p2a: Jynx|0 fnt
|faint|p2a: Jynx
|
|switch|p2a: Snorlax|Snorlax|523\/523
|turn|25
|
|switch|p1a: Exeggutor|Exeggutor|393\/393
|move|p2a: Snorlax|Amnesia|p2a: Snorlax
|-boost|p2a: Snorlax|spd|2
|-boost|p2a: Snorlax|spa|2
|
|turn|26
|
|move|p1a: Exeggutor|Psychic|p2a: Snorlax
|-damage|p2a: Snorlax|436\/523
|move|p2a: Snorlax|Blizzard|p1a: Exeggutor|[miss]
|-miss|p2a: Snorlax
|
|turn|27
|
|switch|p2a: Exeggutor|Exeggutor|267\/393
|move|p1a: Exeggutor|Sleep Powder|p2a: Exeggutor
|-status|p2a: Exeggutor|slp
|
|turn|28
|
|move|p1a: Exeggutor|Psychic|p2a: Exeggutor
|-resisted|p2a: Exeggutor
|-damage|p2a: Exeggutor|217\/393 slp
|cant|p2a: Exeggutor|slp
|
|turn|29
|
|switch|p1a: Starmie|Starmie|323\/323
|cant|p2a: Exeggutor|slp
|
|turn|30
|
|switch|p2a: Lapras|Lapras|265\/463 par
|move|p1a: Starmie|Blizzard|p2a: Lapras
|-resisted|p2a: Lapras
|-damage|p2a: Lapras|243\/463 par
|
|turn|31
|
|switch|p2a: Chansey|Chansey|483\/703
|move|p1a: Starmie|Thunderbolt|p2a: Chansey
|-damage|p2a: Chansey|412\/703
|-status|p2a: Chansey|par
|
|turn|32
|J|Zepherox
|L|Zepherox
|
|switch|p1a: Snorlax|Snorlax|349\/523 slp
|cant|p2a: Chansey|par
|
|turn|33
|
|cant|p1a: Snorlax|slp
|move|p2a: Chansey|Soft-Boiled|p2a: Chansey
|-heal|p2a: Chansey|703\/703 par
|
|turn|34
|
|switch|p2a: Lapras|Lapras|243\/463 par
|cant|p1a: Snorlax|slp
|
|turn|35
|
|cant|p1a: Snorlax|slp
|move|p2a: Lapras|Blizzard|p1a: Snorlax
|-damage|p1a: Snorlax|172\/523 slp
|
|turn|36
|
|switch|p1a: Starmie|Starmie|323\/323
|move|p2a: Lapras|Blizzard|p1a: Starmie
|-resisted|p1a: Starmie
|-damage|p1a: Starmie|255\/323
|
|turn|37
|
|switch|p1a: Snorlax|Snorlax|172\/523 slp
|switch|p2a: Chansey|Chansey|703\/703 par
|
|turn|38
|
|switch|p2a: Lapras|Lapras|243\/463 par
|cant|p1a: Snorlax|slp
|
|turn|39
|c|★Beds|WAKE ME UP
|c|★Beds|WAKE ME UP INSIDE
|
|switch|p1a: Starmie|Starmie|255\/323
|move|p2a: Lapras|Blizzard|p1a: Starmie
|-resisted|p1a: Starmie
|-damage|p1a: Starmie|181\/323
|
|turn|40
|
|switch|p2a: Chansey|Chansey|703\/703 par
|move|p1a: Starmie|Recover|p1a: Starmie
|-heal|p1a: Starmie|323\/323
|
|turn|41
|
|switch|p1a: Snorlax|Snorlax|172\/523 slp
|move|p2a: Chansey|Ice Beam|p1a: Snorlax
|-damage|p1a: Snorlax|78\/523 slp
|
|turn|42
|
|cant|p1a: Snorlax|slp
|move|p2a: Chansey|Ice Beam|p1a: Snorlax
|-damage|p1a: Snorlax|0 fnt
|faint|p1a: Snorlax
|
|switch|p1a: Tauros|Tauros|353\/353
|turn|43
|
|move|p1a: Tauros|Body Slam|p2a: Chansey
|-damage|p2a: Chansey|421\/703 par
|move|p2a: Chansey|Thunder Wave|p1a: Tauros
|-status|p1a: Tauros|par
|
|turn|44
|
|switch|p2a: Exeggutor|Exeggutor|217\/393 slp
|move|p1a: Tauros|Body Slam|p2a: Exeggutor
|-damage|p2a: Exeggutor|113\/393 slp
|
|turn|45
|
|-curestatus|p2a: Exeggutor|slp
|cant|p1a: Tauros|par
|
|turn|46
|
|move|p2a: Exeggutor|Explosion|p1a: Tauros
|-damage|p1a: Tauros|105\/353 par
|faint|p2a: Exeggutor
|
|switch|p2a: Tauros|Tauros|353\/353
|turn|47
|
|switch|p1a: Exeggutor|Exeggutor|393\/393
|move|p2a: Tauros|Body Slam|p1a: Exeggutor
|-crit|p1a: Exeggutor
|-damage|p1a: Exeggutor|193\/393
|
|turn|48
|
|switch|p2a: Lapras|Lapras|243\/463 par
|move|p1a: Exeggutor|Psychic|p2a: Lapras
|-damage|p2a: Lapras|112\/463 par
|
|turn|49
|L|Pat Labor
|
|move|p1a: Exeggutor|Psychic|p2a: Lapras
|-damage|p2a: Lapras|0 fnt
|faint|p2a: Lapras
|
|switch|p2a: Snorlax|Snorlax|436\/523
|turn|50
|
|switch|p2a: Chansey|Chansey|421\/703 par
|move|p1a: Exeggutor|Sleep Powder|p2a: Chansey
|-fail|p2a: Chansey
|
|turn|51
|
|move|p1a: Exeggutor|Psychic|p2a: Chansey
|-damage|p2a: Chansey|308\/703 par
|move|p2a: Chansey|Soft-Boiled|p2a: Chansey
|-heal|p2a: Chansey|659\/703 par
|
|turn|52
|
|switch|p2a: Snorlax|Snorlax|436\/523
|move|p1a: Exeggutor|Psychic|p2a: Snorlax
|-damage|p2a: Snorlax|284\/523
|
|turn|53
|
|move|p1a: Exeggutor|Sleep Powder|p2a: Snorlax|[miss]
|-miss|p1a: Exeggutor
|move|p2a: Snorlax|Blizzard|p1a: Exeggutor
|-supereffective|p1a: Exeggutor
|-damage|p1a: Exeggutor|57\/393
|
|turn|54
|
|move|p1a: Exeggutor|Sleep Powder|p2a: Snorlax
|-status|p2a: Snorlax|slp
|cant|p2a: Snorlax|slp
|
|turn|55
|
|switch|p2a: Tauros|Tauros|353\/353
|move|p1a: Exeggutor|Psychic|p2a: Tauros
|-crit|p2a: Tauros
|-damage|p2a: Tauros|63\/353
|
|turn|56
|
|switch|p1a: Starmie|Starmie|323\/323
|move|p2a: Tauros|Body Slam|p1a: Starmie
|-damage|p1a: Starmie|220\/323
|
|turn|57
|
|switch|p1a: Tauros|Tauros|105\/353 par
|switch|p2a: Chansey|Chansey|659\/703 par
|
|turn|58
|
|move|p1a: Tauros|Body Slam|p2a: Chansey
|-damage|p2a: Chansey|389\/703 par
|move|p2a: Chansey|Ice Beam|p1a: Tauros
|-damage|p1a: Tauros|6\/353 par
|
|turn|59
|c|★Beds|jesus please
|
|switch|p2a: Snorlax|Snorlax|284\/523 slp
|move|p1a: Tauros|Hyper Beam|p2a: Snorlax
|-damage|p2a: Snorlax|42\/523 slp
|
|turn|60
|-mustrecharge|p1a: Tauros
|-mustrecharge|p1a: Tauros
|
|switch|p2a: Tauros|Tauros|63\/353
|cant|p1a: Tauros|recharge
|
|turn|61
|
|switch|p1a: Exeggutor|Exeggutor|57\/393
|move|p2a: Tauros|Body Slam|p1a: Exeggutor
|-damage|p1a: Exeggutor|0 fnt
|faint|p1a: Exeggutor
|
|switch|p1a: Starmie|Starmie|220\/323
|turn|62
|
|switch|p2a: Snorlax|Snorlax|42\/523 slp
|move|p1a: Starmie|Hydro Pump|p2a: Snorlax|[miss]
|-miss|p1a: Starmie
|
|turn|63
|
|switch|p1a: Tauros|Tauros|6\/353 par
|-curestatus|p2a: Snorlax|slp
|
|turn|64
|
|switch|p1a: Starmie|Starmie|220\/323
|move|p2a: Snorlax|Body Slam|p1a: Starmie
|-damage|p1a: Starmie|111\/323
|-status|p1a: Starmie|par
|
|turn|65
|
|move|p2a: Snorlax|Body Slam|p1a: Starmie
|-damage|p1a: Starmie|0 fnt
|faint|p1a: Starmie
|
|switch|p1a: Tauros|Tauros|6\/353 par
|turn|66
|c|★Beds|gg
|c|★f a p k i n g g|gg http:\/\/i.imgur.com\/EXqnOj4.png
|
|move|p2a: Snorlax|Body Slam|p1a: Tauros
|-damage|p1a: Tauros|0 fnt
|faint|p1a: Tauros
|
|win|f a p k i n g g
|c|★Beds|damn son
|c|★f a p k i n g g|hahaha
|c|★f a p k i n g g|kidding
|L|Beds
|player|p1
|c|★f a p k i n g g|:^)
|L|Disaster Area
|L|f a p k i n g g
|player|p2