|inactive|Battle timer is ON: inactive players will automatically lose when time's up.
|J|Lusch
|J|slurmz
|player|p1|Lusch|153
|player|p2|slurmz|133
|gametype|singles
|gen|1
|tier|[Gen 1] OU
|seed|35294,9734,8322,36434
|rule|Sleep Clause Mod: Limit one foe put to sleep
|rule|Freeze Clause Mod: Limit one foe frozen
|rule|Species Clause: Limit one of each Pokémon
|rule|OHKO Clause: OHKO moves are banned
|rule|Evasion Moves Clause: Evasion moves are banned
|rule|HP Percentage Mod: HP is shown in percentages
|
|start
|switch|p1a: Alakazam|Alakazam|313\/313
|switch|p2a: folie à deux|Alakazam|313\/313
|turn|1
|choice|move 4|move 3
|
|move|p1a: Alakazam|Thunder Wave|p2a: folie à deux
|-status|p2a: folie à deux|par
|move|p2a: folie à deux|Thunder Wave|p1a: Alakazam
|-status|p1a: Alakazam|par
|
|turn|2
|choice|move 1|move 3
|
|move|p1a: Alakazam|Psychic|p2a: folie à deux
|-resisted|p2a: folie à deux
|-damage|p2a: folie à deux|264\/313 par
|cant|p2a: folie à deux|par
|
|turn|3
|choice|move 1|move 2
|
|move|p2a: folie à deux|Seismic Toss|p1a: Alakazam
|-damage|p1a: Alakazam|213\/313 par
|move|p1a: Alakazam|Psychic|p2a: folie à deux
|-crit|p2a: folie à deux
|-resisted|p2a: folie à deux
|-damage|p2a: folie à deux|170\/313 par
|-unboost|p2a: folie à deux|spd|1
|-unboost|p2a: folie à deux|spa|1
|
|turn|4
|choice|move 2|move 4
|
|move|p1a: Alakazam|Seismic Toss|p2a: folie à deux
|-damage|p2a: folie à deux|70\/313 par
|move|p2a: folie à deux|Recover|p2a: folie à deux
|-heal|p2a: folie à deux|226\/313 par
|
|turn|5
|choice|move 2|move 4
|
|move|p1a: Alakazam|Seismic Toss|p2a: folie à deux
|-damage|p2a: folie à deux|126\/313 par
|move|p2a: folie à deux|Recover|p2a: folie à deux
|-heal|p2a: folie à deux|282\/313 par
|
|turn|6
|choice|move 4|move 2
|
|cant|p1a: Alakazam|par
|move|p2a: folie à deux|Seismic Toss|p1a: Alakazam
|-damage|p1a: Alakazam|113\/313 par
|
|turn|7
|choice|move 3|move 2
|
|move|p1a: Alakazam|Recover|p1a: Alakazam
|-heal|p1a: Alakazam|269\/313 par
|cant|p2a: folie à deux|par
|
|turn|8
|choice|move 2|move 2
|
|move|p1a: Alakazam|Seismic Toss|p2a: folie à deux
|-damage|p2a: folie à deux|182\/313 par
|cant|p2a: folie à deux|par
|
|turn|9
|choice|move 2|move 4
|
|cant|p1a: Alakazam|par
|move|p2a: folie à deux|Recover|p2a: folie à deux
|-heal|p2a: folie à deux|313\/313 par
|
|turn|10
|choice|move 2|move 2
|
|move|p1a: Alakazam|Seismic Toss|p2a: folie à deux
|-damage|p2a: folie à deux|213\/313 par
|move|p2a: folie à deux|Seismic Toss|p1a: Alakazam
|-damage|p1a: Alakazam|169\/313 par
|
|turn|11
|choice|move 3|move 2
|
|move|p1a: Alakazam|Recover|p1a: Alakazam
|-heal|p1a: Alakazam|313\/313 par
|move|p2a: folie à deux|Seismic Toss|p1a: Alakazam
|-damage|p1a: Alakazam|213\/313 par
|
|turn|12
|choice|move 2|move 4
|
|move|p1a: Alakazam|Seismic Toss|p2a: folie à deux
|-damage|p2a: folie à deux|113\/313 par
|move|p2a: folie à deux|Recover|p2a: folie à deux
|-heal|p2a: folie à deux|269\/313 par
|
|turn|13
|choice|move 1|move 2
|
|move|p1a: Alakazam|Psychic|p2a: folie à deux
|-crit|p2a: folie à deux
|-resisted|p2a: folie à deux
|-damage|p2a: folie à deux|162\/313 par
|move|p2a: folie à deux|Seismic Toss|p1a: Alakazam
|-damage|p1a: Alakazam|113\/313 par
|
|turn|14
|choice|move 3|move 4
|
|cant|p1a: Alakazam|par
|move|p2a: folie à deux|Recover|p2a: folie à deux
|-heal|p2a: folie à deux|313\/313 par
|
|turn|15
|choice|move 3|move 2
|
|move|p1a: Alakazam|Recover|p1a: Alakazam
|-heal|p1a: Alakazam|269\/313 par
|move|p2a: folie à deux|Seismic Toss|p1a: Alakazam
|-damage|p1a: Alakazam|169\/313 par
|
|turn|16
|choice|move 3|move 2
|
|move|p1a: Alakazam|Recover|p1a: Alakazam
|-heal|p1a: Alakazam|313\/313 par
|move|p2a: folie à deux|Seismic Toss|p1a: Alakazam
|-damage|p1a: Alakazam|213\/313 par
|
|turn|17
|choice|move 2|move 2
|
|move|p1a: Alakazam|Seismic Toss|p2a: folie à deux
|-damage|p2a: folie à deux|213\/313 par
|cant|p2a: folie à deux|par
|
|turn|18
|choice|move 2|move 2
|
|move|p1a: Alakazam|Seismic Toss|p2a: folie à deux
|-damage|p2a: folie à deux|113\/313 par
|move|p2a: folie à deux|Seismic Toss|p1a: Alakazam
|-damage|p1a: Alakazam|113\/313 par
|
|turn|19
|choice|move 3|move 4
|
|move|p1a: Alakazam|Recover|p1a: Alakazam
|-heal|p1a: Alakazam|269\/313 par
|move|p2a: folie à deux|Recover|p2a: folie à deux
|-heal|p2a: folie à deux|269\/313 par
|
|turn|20
|choice|move 2|move 2
|
|move|p1a: Alakazam|Seismic Toss|p2a: folie à deux
|-damage|p2a: folie à deux|169\/313 par
|move|p2a: folie à deux|Seismic Toss|p1a: Alakazam
|-damage|p1a: Alakazam|169\/313 par
|
|turn|21
|choice|switch 6|move 4
|
|switch|p1a: Snorlax|Snorlax|523\/523
|cant|p2a: folie à deux|par
|
|turn|22
|c|★slurmz|Ah
|choice|move 3|switch 6
|
|switch|p2a: the gold standard|Chansey|703\/703
|move|p1a: Snorlax|Body Slam|p2a: the gold standard
|-damage|p2a: the gold standard|411\/703
|
|turn|23
|choice|switch 6|move 1
|
|switch|p1a: Alakazam|Alakazam|169\/313 par
|move|p2a: the gold standard|Soft-Boiled|p2a: the gold standard
|-heal|p2a: the gold standard|703\/703
|
|turn|24
|choice|move 4|switch 6
|
|switch|p2a: folie à deux|Alakazam|169\/313 par
|cant|p1a: Alakazam|par
|
|turn|25
|choice|switch 6|move 4
|
|switch|p1a: Snorlax|Snorlax|523\/523
|move|p2a: folie à deux|Recover|p2a: folie à deux
|-heal|p2a: folie à deux|313\/313 par
|
|turn|26
|choice|move 3|switch 6
|
|switch|p2a: the gold standard|Chansey|703\/703
|move|p1a: Snorlax|Body Slam|p2a: the gold standard
|-damage|p2a: the gold standard|388\/703
|
|turn|27
|choice|switch 6|move 1
|
|switch|p1a: Alakazam|Alakazam|169\/313 par
|move|p2a: the gold standard|Soft-Boiled|p2a: the gold standard
|-heal|p2a: the gold standard|703\/703
|
|turn|28
|choice|move 3|switch 2
|
|switch|p2a: west coast smoker|Golem|363\/363
|move|p1a: Alakazam|Recover|p1a: Alakazam
|-heal|p1a: Alakazam|313\/313 par
|
|turn|29
|choice|switch 5|move 2
|
|switch|p1a: Exeggutor|Exeggutor|393\/393
|move|p2a: west coast smoker|Earthquake|p1a: Exeggutor
|-crit|p1a: Exeggutor
|-resisted|p1a: Exeggutor
|-damage|p1a: Exeggutor|257\/393
|
|turn|30
|choice|switch 6|switch 6
|
|switch|p1a: Snorlax|Snorlax|523\/523
|switch|p2a: folie à deux|Alakazam|313\/313 par
|
|turn|31
|choice|move 3|switch 2
|
|switch|p2a: the gold standard|Chansey|703\/703
|move|p1a: Snorlax|Body Slam|p2a: the gold standard
|-damage|p2a: the gold standard|422\/703
|
|turn|32
|choice|move 3|move 1
|
|move|p2a: the gold standard|Soft-Boiled|p2a: the gold standard
|-heal|p2a: the gold standard|703\/703
|move|p1a: Snorlax|Body Slam|p2a: the gold standard
|-damage|p2a: the gold standard|409\/703
|
|turn|33
|choice|switch 5|move 4
|
|switch|p1a: Alakazam|Alakazam|313\/313 par
|move|p2a: the gold standard|Ice Beam|p1a: Alakazam
|-damage|p1a: Alakazam|255\/313 par
|
|turn|34
|choice|move 1|move 1
|
|move|p2a: the gold standard|Soft-Boiled|p2a: the gold standard
|-heal|p2a: the gold standard|703\/703
|cant|p1a: Alakazam|par
|
|turn|35
|choice|move 2|switch 2
|
|switch|p2a: folie à deux|Alakazam|313\/313 par
|move|p1a: Alakazam|Seismic Toss|p2a: folie à deux
|-damage|p2a: folie à deux|213\/313 par
|
|turn|36
|choice|move 2|move 2
|
|cant|p2a: folie à deux|par
|move|p1a: Alakazam|Seismic Toss|p2a: folie à deux
|-damage|p2a: folie à deux|113\/313 par
|
|turn|37
|choice|move 2|move 4
|
|move|p1a: Alakazam|Seismic Toss|p2a: folie à deux
|-damage|p2a: folie à deux|13\/313 par
|move|p2a: folie à deux|Recover|p2a: folie à deux
|-heal|p2a: folie à deux|169\/313 par
|
|turn|38
|choice|move 2|move 4
|
|move|p1a: Alakazam|Seismic Toss|p2a: folie à deux
|-damage|p2a: folie à deux|69\/313 par
|cant|p2a: folie à deux|par
|
|turn|39
|choice|move 2|move 4
|
|move|p1a: Alakazam|Seismic Toss|p2a: folie à deux
|-damage|p2a: folie à deux|0 fnt
|faint|p2a: folie à deux
|choice||switch 6
|
|switch|p2a: west coast smoker|Golem|363\/363
|turn|40
|choice|switch 6|move 1
|
|switch|p1a: Exeggutor|Exeggutor|257\/393
|move|p2a: west coast smoker|Body Slam|p1a: Exeggutor
|-damage|p1a: Exeggutor|177\/393
|
|turn|41
|choice|move 3|move 1
|
|move|p1a: Exeggutor|Sleep Powder|p2a: west coast smoker
|-status|p2a: west coast smoker|slp
|cant|p2a: west coast smoker|slp
|
|turn|42
|choice|switch 6|switch 5
|
|switch|p1a: Alakazam|Alakazam|255\/313 par
|switch|p2a: what a catch!|Exeggutor|393\/393
|
|turn|43
|choice|move 4|switch 2
|
|switch|p2a: the gold standard|Chansey|703\/703
|move|p1a: Alakazam|Thunder Wave|p2a: the gold standard
|-status|p2a: the gold standard|par
|
|turn|44
|choice|switch 5|switch 3
|
|switch|p1a: Snorlax|Snorlax|523\/523
|switch|p2a: disloyal order|Zapdos|383\/383
|
|turn|45
|choice|switch 3|move 1
|
|switch|p1a: Rhydon|Rhydon|413\/413
|move|p2a: disloyal order|Thunder Wave|p1a: Rhydon
|-immune|p1a: Rhydon|[msg]
|
|turn|46
|choice|move 4|switch 2
|
|switch|p2a: what a catch!|Exeggutor|393\/393
|move|p1a: Rhydon|Body Slam|p2a: what a catch!
|-damage|p2a: what a catch!|311\/393
|
|turn|47
|choice|switch 5|switch 2
|
|switch|p2a: disloyal order|Zapdos|383\/383
|switch|p1a: Alakazam|Alakazam|255\/313 par
|
|turn|48
|choice|switch 5|switch 4
|
|switch|p2a: w.a.m.s.|Tauros|353\/353
|switch|p1a: Rhydon|Rhydon|413\/413
|
|turn|49
|choice|switch 3|move 2
|
|switch|p1a: Snorlax|Snorlax|523\/523
|move|p2a: w.a.m.s.|Blizzard|p1a: Snorlax
|-damage|p1a: Snorlax|418\/523
|
|turn|50
|choice|move 3|move 2
|
|move|p2a: w.a.m.s.|Blizzard|p1a: Snorlax
|-damage|p1a: Snorlax|313\/523
|-status|p1a: Snorlax|frz
|cant|p1a: Snorlax|frz
|
|turn|51
|c|★slurmz|Z
|choice|switch 3|move 1
|
|switch|p1a: Rhydon|Rhydon|413\/413
|move|p2a: w.a.m.s.|Body Slam|p1a: Rhydon
|-resisted|p1a: Rhydon
|-damage|p1a: Rhydon|366\/413
|
|turn|52
|choice|switch 2|move 2
|
|switch|p1a: Starmie|Starmie|323\/323
|move|p2a: w.a.m.s.|Blizzard|p1a: Starmie
|-resisted|p1a: Starmie
|-damage|p1a: Starmie|286\/323
|
|turn|53
|choice|move 1|switch 2
|
|switch|p2a: what a catch!|Exeggutor|311\/393
|move|p1a: Starmie|Thunder Wave|p2a: what a catch!
|-status|p2a: what a catch!|par
|
|turn|54
|choice|switch 5|switch 4
|
|switch|p1a: Alakazam|Alakazam|255\/313 par
|switch|p2a: disloyal order|Zapdos|383\/383
|
|turn|55
|choice|move 4|switch 2
|
|switch|p2a: w.a.m.s.|Tauros|353\/353
|move|p1a: Alakazam|Thunder Wave|p2a: w.a.m.s.
|-status|p2a: w.a.m.s.|par
|
|turn|56
|c|★slurmz|Oof
|c|★slurmz|ok
|c|★slurmz|u risked a crit 
|c|★slurmz|gg
|-message|slurmz forfeited.
|
|win|Lusch