|inactive|Battle timer is ON: inactive players will automatically lose when time's up.
|J|SOMALIA
|J|Beds
|player|p1|SOMALIA|#somalia
|player|p2|Beds|252
|gametype|singles
|gen|1
|tier|[Gen 1] OU
|seed|16471,45259,35565,45177
|rule|Sleep Clause Mod: Limit one foe put to sleep
|rule|Freeze Clause Mod: Limit one foe frozen
|rule|Species Clause: Limit one of each Pokémon
|rule|OHKO Clause: OHKO moves are banned
|rule|Evasion Moves Clause: Evasion moves are banned
|rule|HP Percentage Mod: HP is shown in percentages
|
|start
|switch|p1a: Snorlax|Snorlax|523\/523
|switch|p2a: Starmie|Starmie|323\/323
|turn|1
|c|★SOMALIA|ohboy the king pin himself
|choice|move 3|move 3
|
|move|p2a: Starmie|Psychic|p1a: Snorlax
|-damage|p1a: Snorlax|390\/523
|-unboost|p1a: Snorlax|spd|1
|-unboost|p1a: Snorlax|spa|1
|move|p1a: Snorlax|Body Slam|p2a: Starmie
|-damage|p2a: Starmie|209\/323
|
|turn|2
|J|Genesis7
|choice|switch 5|move 2
|
|switch|p1a: Chansey|Chansey|703\/703
|move|p2a: Starmie|Blizzard|p1a: Chansey
|-damage|p1a: Chansey|612\/703
|
|turn|3
|choice|move 2|switch 2
|
|switch|p2a: Exeggutor|Exeggutor|393\/393
|move|p1a: Chansey|Ice Beam|p2a: Exeggutor
|-supereffective|p2a: Exeggutor
|-damage|p2a: Exeggutor|268\/393
|
|turn|4
|J|xJoelituh
|choice|move 4|move 1
|
|move|p2a: Exeggutor|Sleep Powder|p1a: Chansey
|-status|p1a: Chansey|slp
|-curestatus|p1a: Chansey|slp
|
|turn|5
|choice|move 4|move 1
|
|move|p2a: Exeggutor|Sleep Powder|p1a: Chansey|[miss]
|-miss|p2a: Exeggutor
|move|p1a: Chansey|Thunder Wave|p2a: Exeggutor
|-status|p2a: Exeggutor|par
|
|turn|6
|choice|move 2|move 1
|
|move|p1a: Chansey|Ice Beam|p2a: Exeggutor
|-supereffective|p2a: Exeggutor
|-damage|p2a: Exeggutor|143\/393 par
|cant|p2a: Exeggutor|par
|
|turn|7
|J|Vileman
|choice|switch 6|move 1
|
|switch|p1a: Exeggutor|Exeggutor|393\/393
|move|p2a: Exeggutor|Sleep Powder|p1a: Exeggutor
|-status|p1a: Exeggutor|slp
|
|turn|8
|choice|move 2|move 3
|
|cant|p1a: Exeggutor|slp
|move|p2a: Exeggutor|Psychic|p1a: Exeggutor
|-resisted|p1a: Exeggutor
|-damage|p1a: Exeggutor|345\/393 slp
|
|turn|9
|choice|move 2|switch 2
|
|switch|p2a: Starmie|Starmie|209\/323
|cant|p1a: Exeggutor|slp
|
|turn|10
|choice|switch 6|move 2
|
|switch|p1a: Chansey|Chansey|612\/703
|move|p2a: Starmie|Blizzard|p1a: Chansey
|-damage|p1a: Chansey|528\/703
|
|turn|11
|choice|move 1|switch 3
|
|switch|p2a: Chansey|Chansey|703\/703
|move|p1a: Chansey|Seismic Toss|p2a: Chansey
|-damage|p2a: Chansey|603\/703
|
|turn|12
|J|meanign
|choice|move 1|move 2
|
|move|p1a: Chansey|Seismic Toss|p2a: Chansey
|-damage|p2a: Chansey|503\/703
|move|p2a: Chansey|Ice Beam|p1a: Chansey
|-damage|p1a: Chansey|457\/703
|
|turn|13
|choice|move 3|move 2
|
|move|p1a: Chansey|Soft-Boiled|p1a: Chansey
|-heal|p1a: Chansey|703\/703
|move|p2a: Chansey|Ice Beam|p1a: Chansey
|-damage|p1a: Chansey|631\/703
|
|turn|14
|choice|move 4|move 2
|
|move|p2a: Chansey|Ice Beam|p1a: Chansey
|-damage|p1a: Chansey|560\/703
|move|p1a: Chansey|Thunder Wave|p2a: Chansey
|-status|p2a: Chansey|par
|
|turn|15
|choice|move 3|move 2
|
|move|p1a: Chansey|Soft-Boiled|p1a: Chansey
|-heal|p1a: Chansey|703\/703
|move|p2a: Chansey|Ice Beam|p1a: Chansey
|-damage|p1a: Chansey|627\/703
|
|turn|16
|choice|switch 3|move 2
|
|switch|p1a: Cloyster|Cloyster|303\/303
|move|p2a: Chansey|Ice Beam|p1a: Cloyster
|-resisted|p1a: Cloyster
|-damage|p1a: Cloyster|281\/303
|
|turn|17
|choice|move 2|move 3
|
|move|p1a: Cloyster|Clamp|p2a: Chansey
|-damage|p2a: Chansey|468\/703 par
|-activate|p2a: Chansey|move: Clamp|[of] p1a: Cloyster
|cant|p2a: Chansey|partiallytrapped
|
|turn|18
|choice|move 2|switch 3
|
|switch|p2a: Starmie|Starmie|209\/323
|move|p1a: Cloyster|Clamp|p2a: Starmie
|-resisted|p2a: Starmie
|-damage|p2a: Starmie|189\/323
|-activate|p2a: Starmie|move: Clamp|[of] p1a: Cloyster
|
|turn|19
|choice|move 2|move 1
|
|cant|p2a: Starmie|partiallytrapped
|move|p1a: Cloyster|Clamp|p2a: Starmie
|-damage|p2a: Starmie|169\/323
|
|-end|p2a: Starmie|Clamp|[partiallytrapped]
|turn|20
|choice|switch 3|move 1
|
|switch|p1a: Chansey|Chansey|627\/703
|move|p2a: Starmie|Thunder Wave|p1a: Chansey
|-status|p1a: Chansey|par
|
|turn|21
|choice|move 4|move 4
|
|move|p2a: Starmie|Recover|p2a: Starmie
|-heal|p2a: Starmie|323\/323
|move|p1a: Chansey|Thunder Wave|p2a: Starmie
|-status|p2a: Starmie|par
|
|turn|22
|choice|move 1|switch 5
|
|switch|p2a: Snorlax|Snorlax|523\/523
|cant|p1a: Chansey|par
|
|turn|23
|choice|switch 5|move 1
|
|switch|p1a: Snorlax|Snorlax|390\/523
|move|p2a: Snorlax|Body Slam|p1a: Snorlax
|-damage|p1a: Snorlax|246\/523
|
|turn|24
|choice|move 2|switch 2
|
|switch|p2a: Exeggutor|Exeggutor|143\/393 par
|move|p1a: Snorlax|Counter|p2a: Exeggutor
|-damage|p2a: Exeggutor|0 fnt
|faint|p2a: Exeggutor
|choice||switch 2
|
|switch|p2a: Snorlax|Snorlax|523\/523
|turn|25
|choice|move 1|move 3
|
|move|p2a: Snorlax|Blizzard|p1a: Snorlax
|-damage|p1a: Snorlax|145\/523
|move|p1a: Snorlax|Self-Destruct|p2a: Snorlax
|-damage|p2a: Snorlax|119\/523
|faint|p1a: Snorlax
|choice|switch 2|
|
|switch|p1a: Golem|Golem|363\/363
|turn|26
|choice|move 2|switch 6
|
|switch|p2a: Slowbro|Slowbro|393\/393
|move|p1a: Golem|Earthquake|p2a: Slowbro
|-damage|p2a: Slowbro|271\/393
|
|turn|27
|J|Jirachee
|choice|move 4|move 3
|
|move|p1a: Golem|Substitute|p1a: Golem
|-start|p1a: Golem|Substitute
|-damage|p1a: Golem|273\/363
|move|p2a: Slowbro|Surf|p1a: Golem
|-supereffective|p1a: Golem
|-end|p1a: Golem|Substitute
|
|turn|28
|L|Jirachee
|choice|switch 3|move 3
|
|switch|p1a: Cloyster|Cloyster|281\/303
|move|p2a: Slowbro|Surf|p1a: Cloyster
|-resisted|p1a: Cloyster
|-damage|p1a: Cloyster|226\/303
|
|turn|29
|choice|move 3|switch 5
|
|switch|p2a: Starmie|Starmie|323\/323 par
|move|p1a: Cloyster|Ice Beam|p2a: Starmie
|-resisted|p2a: Starmie
|-damage|p2a: Starmie|269\/323 par
|
|turn|30
|choice|move 2|move 3
|
|move|p1a: Cloyster|Clamp|p2a: Starmie
|-resisted|p2a: Starmie
|-damage|p2a: Starmie|251\/323 par
|-activate|p2a: Starmie|move: Clamp|[of] p1a: Cloyster
|cant|p2a: Starmie|partiallytrapped
|
|turn|31
|choice|move 2|move 3
|
|move|p1a: Cloyster|Clamp|p2a: Starmie
|-damage|p2a: Starmie|233\/323 par
|cant|p2a: Starmie|partiallytrapped
|
|turn|32
|choice|move 2|move 3
|
|move|p1a: Cloyster|Clamp|p2a: Starmie
|-damage|p2a: Starmie|215\/323 par
|cant|p2a: Starmie|partiallytrapped
|
|turn|33
|choice|move 2|move 3
|
|move|p1a: Cloyster|Clamp|p2a: Starmie
|-damage|p2a: Starmie|197\/323 par
|cant|p2a: Starmie|par
|
|-end|p2a: Starmie|Clamp|[partiallytrapped]
|turn|34
|choice|move 2|move 4
|
|move|p1a: Cloyster|Clamp|p2a: Starmie|[miss]
|-miss|p1a: Cloyster
|cant|p2a: Starmie|par
|
|turn|35
|choice|move 2|move 4
|
|move|p1a: Cloyster|Clamp|p2a: Starmie
|-resisted|p2a: Starmie
|-damage|p2a: Starmie|177\/323 par
|-activate|p2a: Starmie|move: Clamp|[of] p1a: Cloyster
|cant|p2a: Starmie|par
|
|turn|36
|choice|move 2|move 4
|
|move|p1a: Cloyster|Clamp|p2a: Starmie
|-damage|p2a: Starmie|157\/323 par
|cant|p2a: Starmie|par
|
|turn|37
|choice|move 2|move 4
|
|move|p1a: Cloyster|Clamp|p2a: Starmie
|-damage|p2a: Starmie|137\/323 par
|cant|p2a: Starmie|partiallytrapped
|
|turn|38
|choice|move 2|move 4
|
|move|p1a: Cloyster|Clamp|p2a: Starmie
|-damage|p2a: Starmie|117\/323 par
|cant|p2a: Starmie|partiallytrapped
|
|turn|39
|choice|move 2|move 4
|
|move|p1a: Cloyster|Clamp|p2a: Starmie
|-damage|p2a: Starmie|97\/323 par
|cant|p2a: Starmie|partiallytrapped
|
|-end|p2a: Starmie|Clamp|[partiallytrapped]
|turn|40
|choice|move 2|move 1
|
|move|p1a: Cloyster|Clamp|p2a: Starmie
|-resisted|p2a: Starmie
|-damage|p2a: Starmie|77\/323 par
|-activate|p2a: Starmie|move: Clamp|[of] p1a: Cloyster
|cant|p2a: Starmie|par
|
|turn|41
|choice|move 2|move 1
|
|move|p1a: Cloyster|Clamp|p2a: Starmie
|-damage|p2a: Starmie|57\/323 par
|cant|p2a: Starmie|partiallytrapped
|
|-end|p2a: Starmie|Clamp|[partiallytrapped]
|turn|42
|choice|move 2|move 1
|
|move|p1a: Cloyster|Clamp|p2a: Starmie
|-resisted|p2a: Starmie
|-damage|p2a: Starmie|38\/323 par
|-activate|p2a: Starmie|move: Clamp|[of] p1a: Cloyster
|cant|p2a: Starmie|par
|
|turn|43
|choice|move 2|move 3
|
|move|p1a: Cloyster|Clamp|p2a: Starmie
|-damage|p2a: Starmie|19\/323 par
|cant|p2a: Starmie|partiallytrapped
|
|turn|44
|choice|move 2|move 3
|
|move|p1a: Cloyster|Clamp|p2a: Starmie
|-damage|p2a: Starmie|0 fnt
|faint|p2a: Starmie
|choice||switch 5
|
|switch|p2a: Slowbro|Slowbro|271\/393
|turn|45
|choice|move 1|move 1
|
|move|p1a: Cloyster|Explosion|p2a: Slowbro
|-damage|p2a: Slowbro|37\/393
|faint|p1a: Cloyster
|choice|switch 3|
|
|switch|p1a: Golem|Golem|273\/363
|turn|46
|choice|move 2|move 3
|
|move|p1a: Golem|Earthquake|p2a: Slowbro
|-damage|p2a: Slowbro|0 fnt
|faint|p2a: Slowbro
|choice||switch 4
|
|switch|p2a: Tauros|Tauros|353\/353
|turn|47
|choice|switch 5|move 3
|
|switch|p1a: Chansey|Chansey|627\/703 par
|move|p2a: Tauros|Blizzard|p1a: Chansey
|-crit|p1a: Chansey
|-damage|p1a: Chansey|478\/703 par
|
|turn|48
|choice|move 4|switch 6
|
|switch|p2a: Snorlax|Snorlax|119\/523
|move|p1a: Chansey|Thunder Wave|p2a: Snorlax
|-status|p2a: Snorlax|par
|
|turn|49
|choice|move 1|move 4
|
|move|p1a: Chansey|Seismic Toss|p2a: Snorlax
|-damage|p2a: Snorlax|19\/523 par
|cant|p2a: Snorlax|par
|
|turn|50
|c|★Beds|AAAAAAAAAAAAAAAAAAAAAAAAAAAAAAAAAAAAAAAAAAAAAAAAAAAAAAAAAAAAAAAAAAAAAAAAAAAAAAAAAAAAAAAAAAAAAAAAAAAAAAa
|c|★SOMALIA|ill wave
|choice|move 4|move 4
|
|move|p1a: Chansey|Thunder Wave|p2a: Snorlax
|-fail|p2a: Snorlax|par
|move|p2a: Snorlax|Rest|p2a: Snorlax
|-status|p2a: Snorlax|slp
|-heal|p2a: Snorlax|523\/523 slp|[silent]
|-status|p2a: Snorlax|slp|[from] move: Rest
|
|turn|51
|choice|switch 6|move 1
|
|switch|p1a: Exeggutor|Exeggutor|345\/393 slp
|cant|p2a: Snorlax|slp
|
|turn|52
|c|★Beds|thx my man
|choice|move 2|move 2
|
|-curestatus|p1a: Exeggutor|slp
|-curestatus|p2a: Snorlax|slp
|
|turn|53
|c|★SOMALIA|np bro
|choice|move 4|switch 3
|
|switch|p2a: Chansey|Chansey|468\/703 par
|move|p1a: Exeggutor|Sleep Powder|p2a: Chansey
|-fail|p2a: Chansey
|
|turn|54
|choice|switch 6|move 4
|
|switch|p1a: Chansey|Chansey|478\/703 par
|move|p2a: Chansey|Soft-Boiled|p2a: Chansey
|-heal|p2a: Chansey|703\/703 par
|
|turn|55
|choice|move 4|switch 3
|
|switch|p2a: Snorlax|Snorlax|523\/523
|move|p1a: Chansey|Thunder Wave|p2a: Snorlax
|-status|p2a: Snorlax|par
|
|turn|56
|choice|switch 4|move 2
|
|switch|p1a: Slowbro|Slowbro|393\/393
|move|p2a: Snorlax|Amnesia|p2a: Snorlax
|-boost|p2a: Snorlax|spd|2
|-boost|p2a: Snorlax|spa|2
|
|turn|57
|choice|move 1|move 1
|
|move|p1a: Slowbro|Amnesia|p1a: Slowbro
|-boost|p1a: Slowbro|spd|2
|-boost|p1a: Slowbro|spa|2
|cant|p2a: Snorlax|par
|
|turn|58
|choice|move 1|move 1
|
|move|p1a: Slowbro|Amnesia|p1a: Slowbro
|-boost|p1a: Slowbro|spd|2
|-boost|p1a: Slowbro|spa|2
|move|p2a: Snorlax|Body Slam|p1a: Slowbro
|-damage|p1a: Slowbro|298\/393
|-status|p1a: Slowbro|par
|
|turn|59
|choice|move 1|move 2
|
|move|p1a: Slowbro|Amnesia|p1a: Slowbro
|-boost|p1a: Slowbro|spd|2
|-boost|p1a: Slowbro|spa|2
|move|p2a: Snorlax|Amnesia|p2a: Snorlax
|-boost|p2a: Snorlax|spd|2
|-boost|p2a: Snorlax|spa|2
|
|turn|60
|choice|move 2|move 2
|
|move|p1a: Slowbro|Surf|p2a: Snorlax
|-damage|p2a: Snorlax|358\/523 par
|move|p2a: Snorlax|Amnesia|p2a: Snorlax
|-boost|p2a: Snorlax|spd|2
|-boost|p2a: Snorlax|spa|2
|
|turn|61
|choice|move 2|move 1
|
|move|p1a: Slowbro|Surf|p2a: Snorlax
|-damage|p2a: Snorlax|233\/523 par
|move|p2a: Snorlax|Body Slam|p1a: Slowbro
|-damage|p1a: Slowbro|203\/393 par
|
|turn|62
|J|CasedVictory
|choice|move 2|move 4
|
|move|p1a: Slowbro|Surf|p2a: Snorlax
|-damage|p2a: Snorlax|120\/523 par
|move|p2a: Snorlax|Rest|p2a: Snorlax
|-status|p2a: Snorlax|slp
|-heal|p2a: Snorlax|523\/523 slp|[silent]
|-status|p2a: Snorlax|slp|[from] move: Rest
|
|turn|63
|c|+CasedVictory|lol
|choice|move 2|move 1
|
|move|p1a: Slowbro|Surf|p2a: Snorlax
|-damage|p2a: Snorlax|394\/523 slp
|cant|p2a: Snorlax|slp
|
|turn|64
|choice|move 2|move 1
|
|cant|p1a: Slowbro|par
|-curestatus|p2a: Snorlax|slp
|
|turn|65
|choice|move 4|move 1
|
|move|p1a: Slowbro|Thunder Wave|p2a: Snorlax
|-status|p2a: Snorlax|par
|move|p2a: Snorlax|Body Slam|p1a: Slowbro
|-damage|p1a: Slowbro|103\/393 par
|
|turn|66
|choice|move 3|move 1
|
|move|p1a: Slowbro|Rest|p1a: Slowbro
|-status|p1a: Slowbro|slp
|-heal|p1a: Slowbro|393\/393 slp|[silent]
|-status|p1a: Slowbro|slp|[from] move: Rest
|move|p2a: Snorlax|Body Slam|p1a: Slowbro
|-damage|p1a: Slowbro|295\/393 slp
|
|turn|67
|choice|move 2|move 1
|
|cant|p1a: Slowbro|slp
|move|p2a: Snorlax|Body Slam|p1a: Slowbro
|-damage|p1a: Slowbro|190\/393 slp
|
|turn|68
|choice|move 2|move 1
|
|-curestatus|p1a: Slowbro|slp
|move|p2a: Snorlax|Body Slam|p1a: Slowbro
|-damage|p1a: Slowbro|83\/393
|
|turn|69
|choice|move 3|move 1
|
|move|p1a: Slowbro|Rest|p1a: Slowbro
|-status|p1a: Slowbro|slp
|-heal|p1a: Slowbro|393\/393 slp|[silent]
|-status|p1a: Slowbro|slp|[from] move: Rest
|move|p2a: Snorlax|Body Slam|p1a: Slowbro
|-damage|p1a: Slowbro|296\/393 slp
|
|turn|70
|choice|move 2|move 1
|
|cant|p1a: Slowbro|slp
|cant|p2a: Snorlax|par
|
|turn|71
|choice|move 2|move 1
|
|-curestatus|p1a: Slowbro|slp
|move|p2a: Snorlax|Body Slam|p1a: Slowbro
|-damage|p1a: Slowbro|199\/393
|
|turn|72
|choice|move 2|move 1
|
|move|p1a: Slowbro|Surf|p2a: Snorlax
|-damage|p2a: Snorlax|278\/523 par
|cant|p2a: Snorlax|par
|
|turn|73
|choice|move 2|move 3
|
|move|p1a: Slowbro|Surf|p2a: Snorlax
|-damage|p2a: Snorlax|149\/523 par
|move|p2a: Snorlax|Blizzard|p1a: Slowbro
|-resisted|p1a: Slowbro
|-damage|p1a: Slowbro|153\/393
|
|turn|74
|choice|move 2|move 4
|
|move|p1a: Slowbro|Surf|p2a: Snorlax
|-damage|p2a: Snorlax|21\/523 par
|move|p2a: Snorlax|Rest|p2a: Snorlax
|-status|p2a: Snorlax|slp
|-heal|p2a: Snorlax|523\/523 slp|[silent]
|-status|p2a: Snorlax|slp|[from] move: Rest
|
|turn|75
|choice|move 2|move 1
|
|move|p1a: Slowbro|Surf|p2a: Snorlax
|-damage|p2a: Snorlax|390\/523 slp
|cant|p2a: Snorlax|slp
|
|turn|76
|choice|move 2|move 1
|
|move|p1a: Slowbro|Surf|p2a: Snorlax
|-crit|p2a: Snorlax
|-damage|p2a: Snorlax|165\/523 slp
|-curestatus|p2a: Snorlax|slp
|
|turn|77
|L|CasedVictory
|choice|move 4|move 4
|
|move|p1a: Slowbro|Thunder Wave|p2a: Snorlax
|-status|p2a: Snorlax|par
|move|p2a: Snorlax|Rest|p2a: Snorlax
|-status|p2a: Snorlax|slp
|-heal|p2a: Snorlax|523\/523 slp|[silent]
|-status|p2a: Snorlax|slp|[from] move: Rest
|
|turn|78
|choice|move 2|move 1
|
|move|p1a: Slowbro|Surf|p2a: Snorlax
|-crit|p2a: Snorlax
|-damage|p2a: Snorlax|295\/523 slp
|cant|p2a: Snorlax|slp
|
|turn|79
|choice|move 2|move 4
|
|move|p1a: Slowbro|Surf|p2a: Snorlax
|-damage|p2a: Snorlax|163\/523 slp
|-curestatus|p2a: Snorlax|slp
|
|turn|80
|choice|move 2|move 4
|
|move|p1a: Slowbro|Surf|p2a: Snorlax
|-damage|p2a: Snorlax|34\/523
|move|p2a: Snorlax|Rest|p2a: Snorlax
|-status|p2a: Snorlax|slp
|-heal|p2a: Snorlax|523\/523 slp|[silent]
|-status|p2a: Snorlax|slp|[from] move: Rest
|
|turn|81
|choice|move 3|move 1
|
|move|p1a: Slowbro|Rest|p1a: Slowbro
|-status|p1a: Slowbro|slp
|-heal|p1a: Slowbro|393\/393 slp|[silent]
|-status|p1a: Slowbro|slp|[from] move: Rest
|cant|p2a: Snorlax|slp
|
|turn|82
|choice|move 2|move 1
|
|cant|p1a: Slowbro|slp
|-curestatus|p2a: Snorlax|slp
|
|turn|83
|choice|move 2|move 1
|
|-curestatus|p1a: Slowbro|slp
|move|p2a: Snorlax|Body Slam|p1a: Slowbro
|-damage|p1a: Slowbro|300\/393
|
|turn|84
|choice|move 4|move 3
|
|move|p1a: Slowbro|Thunder Wave|p2a: Snorlax
|-status|p2a: Snorlax|par
|move|p2a: Snorlax|Blizzard|p1a: Slowbro
|-resisted|p1a: Slowbro
|-damage|p1a: Slowbro|256\/393
|
|turn|85
|choice|move 2|move 3
|
|move|p1a: Slowbro|Surf|p2a: Snorlax
|-damage|p2a: Snorlax|410\/523 par
|move|p2a: Snorlax|Blizzard|p1a: Slowbro
|-resisted|p1a: Slowbro
|-damage|p1a: Slowbro|214\/393
|
|turn|86
|choice|move 2|move 1
|
|move|p1a: Slowbro|Surf|p2a: Snorlax
|-damage|p2a: Snorlax|295\/523 par
|move|p2a: Snorlax|Body Slam|p1a: Slowbro
|-damage|p1a: Slowbro|111\/393
|
|turn|87
|choice|move 2|move 4
|
|move|p1a: Slowbro|Surf|p2a: Snorlax
|-damage|p2a: Snorlax|172\/523 par
|move|p2a: Snorlax|Rest|p2a: Snorlax
|-status|p2a: Snorlax|slp
|-heal|p2a: Snorlax|523\/523 slp|[silent]
|-status|p2a: Snorlax|slp|[from] move: Rest
|
|turn|88
|choice|move 2|move 1
|
|move|p1a: Slowbro|Surf|p2a: Snorlax
|-damage|p2a: Snorlax|410\/523 slp
|cant|p2a: Snorlax|slp
|
|turn|89
|choice|move 2|move 1
|
|move|p1a: Slowbro|Surf|p2a: Snorlax
|-damage|p2a: Snorlax|282\/523 slp
|-curestatus|p2a: Snorlax|slp
|
|turn|90
|J|Lutra
|choice|move 2|move 1
|
|move|p1a: Slowbro|Surf|p2a: Snorlax
|-crit|p2a: Snorlax
|-damage|p2a: Snorlax|51\/523
|move|p2a: Snorlax|Body Slam|p1a: Slowbro
|-damage|p1a: Slowbro|3\/393
|
|turn|91
|choice|move 2|move 1
|
|move|p1a: Slowbro|Surf|p2a: Snorlax
|-damage|p2a: Snorlax|0 fnt
|faint|p2a: Snorlax
|choice||switch 6
|
|switch|p2a: Tauros|Tauros|353\/353
|turn|92
|choice|move 2|move 1
|
|move|p2a: Tauros|Body Slam|p1a: Slowbro
|-damage|p1a: Slowbro|0 fnt
|faint|p1a: Slowbro
|choice|switch 6|
|
|switch|p1a: Exeggutor|Exeggutor|345\/393
|turn|93
|choice|move 4|switch 3
|
|switch|p2a: Chansey|Chansey|703\/703 par
|move|p1a: Exeggutor|Sleep Powder|p2a: Chansey|[miss]
|-miss|p1a: Exeggutor
|
|turn|94
|choice|move 2|move 2
|
|move|p1a: Exeggutor|Psychic|p2a: Chansey
|-damage|p2a: Chansey|589\/703 par
|-unboost|p2a: Chansey|spd|1
|-unboost|p2a: Chansey|spa|1
|move|p2a: Chansey|Ice Beam|p1a: Exeggutor
|-supereffective|p1a: Exeggutor
|-damage|p1a: Exeggutor|253\/393
|
|turn|95
|choice|switch 4|move 1
|
|switch|p1a: Chansey|Chansey|478\/703 par
|move|p2a: Chansey|Thunder Wave|p1a: Chansey
|-fail|p1a: Chansey|par
|
|turn|96
|choice|move 3|switch 3
|
|switch|p2a: Tauros|Tauros|353\/353
|move|p1a: Chansey|Soft-Boiled|p1a: Chansey
|-heal|p1a: Chansey|703\/703 par
|
|turn|97
|choice|move 4|move 1
|
|move|p2a: Tauros|Body Slam|p1a: Chansey
|-damage|p1a: Chansey|415\/703 par
|move|p1a: Chansey|Thunder Wave|p2a: Tauros
|-status|p2a: Tauros|par
|
|turn|98
|choice|move 1|move 1
|
|cant|p2a: Tauros|par
|move|p1a: Chansey|Seismic Toss|p2a: Tauros
|-damage|p2a: Tauros|253\/353 par
|
|turn|99
|choice|move 4|move 4
|
|move|p2a: Tauros|Hyper Beam|p1a: Chansey
|-damage|p1a: Chansey|0 fnt
|faint|p1a: Chansey
|choice|switch 4|
|
|switch|p1a: Exeggutor|Exeggutor|253\/393
|turn|100
|choice|move 1|move 1
|
|move|p1a: Exeggutor|Explosion|p2a: Tauros
|-damage|p2a: Tauros|0 fnt
|faint|p2a: Tauros
|faint|p1a: Exeggutor
|choice|switch 5|switch 3
|
|switch|p1a: Golem|Golem|273\/363
|switch|p2a: Chansey|Chansey|589\/703 par
|turn|101
|choice|move 2|move 2
|
|move|p1a: Golem|Earthquake|p2a: Chansey
|-damage|p2a: Chansey|243\/703 par
|cant|p2a: Chansey|par
|
|turn|102
|c|★SOMALIA|come on
|c|★SOMALIA|this is stupid
|choice|move 3|move 4
|
|move|p1a: Golem|Rock Slide|p2a: Chansey
|-damage|p2a: Chansey|0 fnt
|faint|p2a: Chansey
|
|win|SOMALIA