|J|Alexander
|J|Triangles RSE
|player|p1|Alexander|101
|player|p2|Triangles RSE|25
|gametype|singles
|gen|1
|tier|[Gen 1] OU
|seed|29351,63967,30556,46662
|rule|Sleep Clause Mod: Limit one foe put to sleep
|rule|Freeze Clause Mod: Limit one foe frozen
|rule|Species Clause: Limit one of each Pokémon
|rule|OHKO Clause: OHKO moves are banned
|rule|Evasion Moves Clause: Evasion moves are banned
|rule|HP Percentage Mod: HP is shown in percentages
|
|start
|switch|p1a: Jynx|Jynx|333\/333
|switch|p2a: Alakazam|Alakazam|313\/313
|turn|1
|choice|move 1|move 1
|
|move|p2a: Alakazam|Thunder Wave|p1a: Jynx
|-status|p1a: Jynx|par
|move|p1a: Jynx|Lovely Kiss|p2a: Alakazam
|-status|p2a: Alakazam|slp
|
|turn|2
|J|teal6
|choice|move 2|switch 3
|
|switch|p2a: Lapras|Lapras|463\/463
|move|p1a: Jynx|Blizzard|p2a: Lapras
|-resisted|p2a: Lapras
|-damage|p2a: Lapras|429\/463
|
|turn|3
|choice|move 3|move 1
|
|move|p2a: Lapras|Blizzard|p1a: Jynx
|-resisted|p1a: Jynx
|-damage|p1a: Jynx|258\/333 par
|cant|p1a: Jynx|par
|
|turn|4
|J|KratosMana
|choice|move 3|move 2
|
|move|p2a: Lapras|Confuse Ray|p1a: Jynx
|-start|p1a: Jynx|confusion
|cant|p1a: Jynx|par
|
|turn|5
|choice|switch 2|move 1
|
|switch|p1a: Chansey|Chansey|703\/703
|move|p2a: Lapras|Blizzard|p1a: Chansey
|-damage|p1a: Chansey|576\/703
|
|turn|6
|choice|move 1|move 3
|
|move|p2a: Lapras|Sing|p1a: Chansey|[miss]
|-miss|p2a: Lapras
|move|p1a: Chansey|Thunder Wave|p2a: Lapras
|-status|p2a: Lapras|par
|
|turn|7
|J|Nunno
|choice|switch 2|move 3
|
|switch|p1a: Jynx|Jynx|258\/333 par
|move|p2a: Lapras|Sing|p1a: Jynx
|-fail|p1a: Jynx
|
|turn|8
|L|KratosMana
|choice|move 3|move 4
|
|move|p1a: Jynx|Psychic|p2a: Lapras
|-damage|p2a: Lapras|314\/463 par
|-unboost|p2a: Lapras|spd|1
|-unboost|p2a: Lapras|spa|1
|cant|p2a: Lapras|par
|
|turn|9
|choice|move 2|switch 3
|
|switch|p2a: Alakazam|Alakazam|313\/313 slp
|move|p1a: Jynx|Blizzard|p2a: Alakazam
|-damage|p2a: Alakazam|206\/313 slp
|
|turn|10
|choice|switch 3|switch 3
|
|switch|p2a: Lapras|Lapras|314\/463 par
|switch|p1a: Tauros|Tauros|353\/353
|
|turn|11
|choice|switch 3|move 3
|
|switch|p1a: Jynx|Jynx|258\/333 par
|move|p2a: Lapras|Sing|p1a: Jynx
|-fail|p1a: Jynx
|
|turn|12
|choice|move 3|move 4
|
|move|p1a: Jynx|Psychic|p2a: Lapras
|-damage|p2a: Lapras|202\/463 par
|move|p2a: Lapras|Thunderbolt|p1a: Jynx
|-damage|p1a: Jynx|180\/333 par
|
|turn|13
|choice|move 4|move 4
|
|move|p1a: Jynx|Rest|p1a: Jynx
|-status|p1a: Jynx|slp
|-heal|p1a: Jynx|333\/333 slp|[silent]
|-status|p1a: Jynx|slp|[from] move: Rest
|move|p2a: Lapras|Thunderbolt|p1a: Jynx
|-damage|p1a: Jynx|255\/333 slp
|
|turn|14
|J|i belong with you
|choice|move 3|switch 4
|
|switch|p2a: Snorlax|Snorlax|523\/523
|cant|p1a: Jynx|slp
|
|turn|15
|J|KratosMana
|choice|switch 2|move 1
|
|switch|p1a: Chansey|Chansey|576\/703
|move|p2a: Snorlax|Body Slam|p1a: Chansey
|-damage|p1a: Chansey|297\/703
|
|turn|16
|choice|move 4|switch 4
|
|switch|p2a: Lapras|Lapras|202\/463 par
|move|p1a: Chansey|Soft-Boiled|p1a: Chansey
|-heal|p1a: Chansey|648\/703
|
|turn|17
|choice|move 3|switch 4
|
|switch|p2a: Snorlax|Snorlax|523\/523
|move|p1a: Chansey|Seismic Toss|p2a: Snorlax
|-damage|p2a: Snorlax|423\/523
|
|turn|18
|J|Chilled Elephant
|choice|move 2|move 1
|
|move|p1a: Chansey|Reflect|p1a: Chansey
|-start|p1a: Chansey|Reflect
|move|p2a: Snorlax|Body Slam|p1a: Chansey
|-damage|p1a: Chansey|502\/703
|
|turn|19
|choice|move 3|move 4
|
|move|p1a: Chansey|Seismic Toss|p2a: Snorlax
|-damage|p2a: Snorlax|323\/523
|move|p2a: Snorlax|Self-Destruct|p1a: Chansey
|-damage|p1a: Chansey|37\/703
|faint|p2a: Snorlax
|choice||switch 2
|
|switch|p2a: Jolteon|Jolteon|333\/333
|turn|20
|choice|move 3|move 1
|
|move|p2a: Jolteon|Thunderbolt|p1a: Chansey
|-damage|p1a: Chansey|0 fnt
|faint|p1a: Chansey
|choice|switch 5|
|
|switch|p1a: Snorlax|Snorlax|523\/523
|turn|21
|choice|move 1|switch 5
|
|switch|p2a: Exeggutor|Exeggutor|393\/393
|move|p1a: Snorlax|Body Slam|p2a: Exeggutor
|-damage|p2a: Exeggutor|272\/393
|-status|p2a: Exeggutor|par
|
|turn|22
|J|Dr.Awesome99
|choice|switch 2|move 1
|
|switch|p1a: Jynx|Jynx|255\/333 slp
|cant|p2a: Exeggutor|par
|
|turn|23
|choice|move 2|switch 6
|
|switch|p2a: Tauros|Tauros|353\/353
|-curestatus|p1a: Jynx|slp
|
|turn|24
|choice|switch 4|move 1
|
|switch|p1a: Cloyster|Cloyster|303\/303
|move|p2a: Tauros|Body Slam|p1a: Cloyster
|-damage|p1a: Cloyster|235\/303
|-status|p1a: Cloyster|par
|
|turn|25
|L|KratosMana
|J|Xopi
|choice|move 4|switch 4
|
|switch|p2a: Lapras|Lapras|202\/463 par
|cant|p1a: Cloyster|par
|
|turn|26
|choice|switch 4|move 4
|
|switch|p1a: Jynx|Jynx|255\/333
|cant|p2a: Lapras|par
|
|turn|27
|choice|move 3|move 3
|
|move|p1a: Jynx|Psychic|p2a: Lapras
|-damage|p2a: Lapras|97\/463 par
|move|p2a: Lapras|Sing|p1a: Jynx
|-status|p1a: Jynx|slp
|
|turn|28
|choice|move 3|move 1
|
|cant|p1a: Jynx|slp
|move|p2a: Lapras|Blizzard|p1a: Jynx
|-resisted|p1a: Jynx
|-damage|p1a: Jynx|189\/333 slp
|
|turn|29
|choice|switch 2|switch 4
|
|switch|p1a: Snorlax|Snorlax|523\/523
|switch|p2a: Tauros|Tauros|353\/353
|
|turn|30
|choice|move 1|move 1
|
|move|p2a: Tauros|Body Slam|p1a: Snorlax
|-damage|p1a: Snorlax|400\/523
|move|p1a: Snorlax|Body Slam|p2a: Tauros
|-damage|p2a: Tauros|249\/353
|
|turn|31
|L|Dr.Awesome99
|choice|move 1|switch 4
|
|switch|p2a: Lapras|Lapras|97\/463 par
|move|p1a: Snorlax|Body Slam|p2a: Lapras
|-damage|p2a: Lapras|0 fnt
|faint|p2a: Lapras
|choice||switch 6
|
|switch|p2a: Exeggutor|Exeggutor|272\/393 par
|turn|32
|choice|move 1|move 1
|
|move|p1a: Snorlax|Body Slam|p2a: Exeggutor
|-damage|p2a: Exeggutor|162\/393 par
|move|p2a: Exeggutor|Psychic|p1a: Snorlax
|-damage|p1a: Snorlax|241\/523
|
|turn|33
|choice|move 3|move 4
|
|move|p1a: Snorlax|Hyper Beam|p2a: Exeggutor
|-damage|p2a: Exeggutor|0 fnt
|faint|p2a: Exeggutor
|choice||switch 4
|
|switch|p2a: Tauros|Tauros|249\/353
|turn|34
|choice|move 4|move 1
|
|move|p2a: Tauros|Body Slam|p1a: Snorlax
|-damage|p1a: Snorlax|118\/523
|move|p1a: Snorlax|Self-Destruct|p2a: Tauros
|-damage|p2a: Tauros|0 fnt
|faint|p2a: Tauros
|faint|p1a: Snorlax
|choice|switch 6|switch 5
|
|switch|p2a: Jolteon|Jolteon|333\/333
|switch|p1a: Alakazam|Alakazam|313\/313
|turn|35
|L|i belong with you
|J|Shadestep
|J|Praj.pran
|choice|move 1|move 2
|
|move|p2a: Jolteon|Thunder Wave|p1a: Alakazam
|-status|p1a: Alakazam|par
|move|p1a: Alakazam|Thunder Wave|p2a: Jolteon
|-status|p2a: Jolteon|par
|
|turn|36
|choice|move 2|move 1
|
|move|p2a: Jolteon|Thunderbolt|p1a: Alakazam
|-damage|p1a: Alakazam|209\/313 par
|move|p1a: Alakazam|Psychic|p2a: Jolteon
|-damage|p2a: Jolteon|213\/333 par
|-unboost|p2a: Jolteon|spd|1
|-unboost|p2a: Jolteon|spa|1
|
|turn|37
|choice|move 2|switch 3
|
|switch|p2a: Alakazam|Alakazam|206\/313 slp
|move|p1a: Alakazam|Psychic|p2a: Alakazam
|-resisted|p2a: Alakazam
|-damage|p2a: Alakazam|154\/313 slp
|
|turn|38
|choice|switch 3|move 3
|
|switch|p1a: Tauros|Tauros|353\/353
|cant|p2a: Alakazam|slp
|
|turn|39
|c|★Triangles RSE|gg
|-message|Triangles RSE forfeited.
|
|win|Alexander