|inactive|Battle timer is ON: inactive players will automatically lose when time's up.
|J|IFM
|J|marcoasd
|player|p1|IFM|265
|player|p2|marcoasd|101
|gametype|singles
|gen|1
|tier|[Gen 1] OU
|rule|Sleep Clause Mod: Limit one foe put to sleep
|rule|Freeze Clause Mod: Limit one foe frozen
|rule|Species Clause: Limit one of each Pokémon
|rule|OHKO Clause: OHKO moves are banned
|rule|Evasion Moves Clause: Evasion moves are banned
|rule|HP Percentage Mod: HP is shown in percentages
|
|start
|switch|p1a: Exeggutor|Exeggutor|393\/393
|switch|p2a: Alakazam|Alakazam|313\/313
|turn|1
|J|Problems
|J|Erick 17
|J|purrl
|J|srk1214
|J|the Jaiho
|J|Inflikted
|J|Ciele
|J|FAJI
|J|sugarhigh
|J|bouff
|J|finally
|J|MoxieInfinite
|J|Omfuga
|J|sulcata
|J|Teddeh
|J|tamahome
|J|innovamania
|J|double01
|J|Wesleyxd
|c|+Problems|go marco!
|J|Zamrock
|J|Tiba
|J|brokenwings
|J|Tshrekt
|J|Tesung
|J|lunarr
|J|Anty
|J|Hack
|J|LighTz911
|J|the pdc show
|J|xtazzmania
|J|zdrup
|J|Nelson
|
|move|p2a: Alakazam|Seismic Toss|p1a: Exeggutor
|-damage|p1a: Exeggutor|293\/393
|move|p1a: Exeggutor|Sleep Powder|p2a: Alakazam
|-status|p2a: Alakazam|slp
|
|turn|2
|J|Texas Cloverleaf
|J|mccauley
|c|+Tesung|porco dio
|J|Soulgazer
|J|Da Raikage
|J|Finchinator
|J|HaxW.We R DNA
|J|AM
|J|pokeaim
|J|giara
|raw|<div class="broadcast-red"><b>Moderated chat was set to @!<\/b><br \/>Only users of rank @ and higher can talk.<\/div>
|
|switch|p2a: Exeggutor|Exeggutor|393\/393
|switch|p1a: Tauros|Tauros|353\/353
|
|turn|3
|J|LORRD
|J|Cashier
|J|Conflict
|
|switch|p1a: Exeggutor|Exeggutor|293\/393
|move|p2a: Exeggutor|Sleep Powder|p1a: Exeggutor
|-status|p1a: Exeggutor|slp
|
|turn|4
|J|Vileman
|J|DoctorDraX
|
|switch|p2a: Chansey|Chansey|703\/703
|cant|p1a: Exeggutor|slp
|
|turn|5
|L|DoctorDraX
|
|switch|p1a: Chansey|Chansey|703\/703
|move|p2a: Chansey|Ice Beam|p1a: Chansey
|-damage|p1a: Chansey|632\/703
|
|turn|6
|J|Bomber
|L|AM
|
|move|p1a: Chansey|Ice Beam|p2a: Chansey
|-damage|p2a: Chansey|624\/703
|move|p2a: Chansey|Thunder Wave|p1a: Chansey
|-status|p1a: Chansey|par
|
|turn|7
|
|switch|p2a: Snorlax|Snorlax|523\/523
|move|p1a: Chansey|Ice Beam|p2a: Snorlax
|-damage|p2a: Snorlax|431\/523
|
|turn|8
|
|move|p2a: Snorlax|Earthquake|p1a: Chansey
|-crit|p1a: Chansey
|-damage|p1a: Chansey|155\/703 par
|move|p1a: Chansey|Thunder Wave|p2a: Snorlax
|-status|p2a: Snorlax|par
|
|turn|9
|J|Isa RC
|L|giara
|L|xtazzmania
|L|Vileman
|J|Txhh
|L|brokenwings
|J|New Breed
|J|Nachos
|
|move|p1a: Chansey|Soft-Boiled|p1a: Chansey
|-heal|p1a: Chansey|506\/703 par
|cant|p2a: Snorlax|par
|
|turn|10
|J|iplaytennislol
|
|move|p1a: Chansey|Soft-Boiled|p1a: Chansey
|-heal|p1a: Chansey|703\/703 par
|move|p2a: Snorlax|Earthquake|p1a: Chansey
|-damage|p1a: Chansey|461\/703 par
|
|turn|11
|J|Jayde
|J|noname4505
|J|lorne malvo
|
|cant|p1a: Chansey|par
|move|p2a: Snorlax|Body Slam|p1a: Chansey|[miss]
|-miss|p2a: Snorlax
|
|turn|12
|J|momzyadig
|L|noname4505
|c|★marcoasd|lol
|
|move|p1a: Chansey|Soft-Boiled|p1a: Chansey
|-heal|p1a: Chansey|703\/703 par
|move|p2a: Snorlax|Earthquake|p1a: Chansey
|-damage|p1a: Chansey|479\/703 par
|
|turn|13
|J|BLINGAS
|J|4trackboy
|J|Haunted Diamond
|
|move|p1a: Chansey|Soft-Boiled|p1a: Chansey
|-heal|p1a: Chansey|703\/703 par
|cant|p2a: Snorlax|par
|
|turn|14
|L|Wesleyxd
|J|Mizuhime
|J|CrashinBoomBang
|
|move|p1a: Chansey|Ice Beam|p2a: Snorlax
|-damage|p2a: Snorlax|336\/523 par
|move|p2a: Snorlax|Earthquake|p1a: Chansey
|-crit|p1a: Chansey
|-damage|p1a: Chansey|249\/703 par
|
|turn|15
|J|The Goomy
|
|move|p1a: Chansey|Soft-Boiled|p1a: Chansey
|-heal|p1a: Chansey|600\/703 par
|move|p2a: Snorlax|Body Slam|p1a: Chansey
|-damage|p1a: Chansey|314\/703 par
|
|turn|16
|
|move|p1a: Chansey|Soft-Boiled|p1a: Chansey
|-heal|p1a: Chansey|665\/703 par
|move|p2a: Snorlax|Body Slam|p1a: Chansey
|-damage|p1a: Chansey|352\/703 par
|
|turn|17
|J|Divixel
|
|move|p1a: Chansey|Soft-Boiled|p1a: Chansey
|-heal|p1a: Chansey|703\/703 par
|move|p2a: Snorlax|Body Slam|p1a: Chansey
|-damage|p1a: Chansey|396\/703 par
|
|turn|18
|J|BAIKA
|J|Moony
|J|Tokyo Tom
|J|Genesis7
|
|switch|p1a: Snorlax|Snorlax|523\/523
|move|p2a: Snorlax|Body Slam|p1a: Snorlax
|-damage|p1a: Snorlax|380\/523
|
|turn|19
|
|switch|p1a: Golem|Golem|363\/363
|cant|p2a: Snorlax|par
|
|turn|20
|c|★marcoasd|earthquake
|c|★marcoasd|obv
|
|switch|p2a: Exeggutor|Exeggutor|393\/393
|move|p1a: Golem|Body Slam|p2a: Exeggutor
|-damage|p2a: Exeggutor|309\/393
|
|turn|21
|
|switch|p2a: Snorlax|Snorlax|336\/523 par
|switch|p1a: Chansey|Chansey|396\/703 par
|
|turn|22
|J|Vileman
|L|Isa RC
|L|Erick 17
|
|move|p1a: Chansey|Soft-Boiled|p1a: Chansey
|-heal|p1a: Chansey|703\/703 par
|move|p2a: Snorlax|Body Slam|p1a: Chansey
|-damage|p1a: Chansey|414\/703 par
|
|turn|23
|J|Tokyo Tom✨
|L|lorne malvo
|L|FAJI
|
|switch|p1a: Snorlax|Snorlax|380\/523
|move|p2a: Snorlax|Body Slam|p1a: Snorlax
|-damage|p1a: Snorlax|242\/523
|
|turn|24
|J|e7e
|
|switch|p2a: Chansey|Chansey|624\/703
|move|p1a: Snorlax|Self-Destruct|p2a: Chansey
|-damage|p2a: Chansey|0 fnt
|faint|p2a: Chansey
|faint|p1a: Snorlax
|J|icey tea
|
|switch|p1a: Lapras|Lapras|463\/463
|switch|p2a: Exeggutor|Exeggutor|309\/393
|turn|25
|
|switch|p2a: Lapras|Lapras|463\/463
|move|p1a: Lapras|Blizzard|p2a: Lapras
|-resisted|p2a: Lapras
|-damage|p2a: Lapras|431\/463
|
|turn|26
|L|Haunted Diamond
|
|move|p1a: Lapras|Thunderbolt|p2a: Lapras
|-supereffective|p2a: Lapras
|-damage|p2a: Lapras|270\/463
|move|p2a: Lapras|Thunderbolt|p1a: Lapras
|-supereffective|p1a: Lapras
|-damage|p1a: Lapras|303\/463
|
|turn|27
|
|move|p1a: Lapras|Thunderbolt|p2a: Lapras
|-supereffective|p2a: Lapras
|-damage|p2a: Lapras|112\/463
|move|p2a: Lapras|Thunderbolt|p1a: Lapras
|-supereffective|p1a: Lapras
|-damage|p1a: Lapras|149\/463
|
|turn|28
|
|move|p1a: Lapras|Thunderbolt|p2a: Lapras
|-supereffective|p2a: Lapras
|-damage|p2a: Lapras|0 fnt
|faint|p2a: Lapras
|
|switch|p2a: Tauros|Tauros|353\/353
|turn|29
|
|switch|p1a: Chansey|Chansey|414\/703 par
|move|p2a: Tauros|Earthquake|p1a: Chansey
|-damage|p1a: Chansey|200\/703 par
|
|turn|30
|J|BKC
|
|move|p2a: Tauros|Body Slam|p1a: Chansey
|-damage|p1a: Chansey|0 fnt
|faint|p1a: Chansey
|
|switch|p1a: Tauros|Tauros|353\/353
|turn|31
|L|Jayde
|
|move|p1a: Tauros|Body Slam|p2a: Tauros
|-damage|p2a: Tauros|253\/353
|move|p2a: Tauros|Body Slam|p1a: Tauros
|-damage|p1a: Tauros|258\/353
|
|turn|32
|
|move|p2a: Tauros|Body Slam|p1a: Tauros
|-damage|p1a: Tauros|155\/353
|move|p1a: Tauros|Body Slam|p2a: Tauros
|-damage|p2a: Tauros|157\/353
|
|turn|33
|J|badaking
|J|thecrystalonix
|
|switch|p2a: Snorlax|Snorlax|336\/523 par
|move|p1a: Tauros|Hyper Beam|p2a: Snorlax
|-damage|p2a: Snorlax|89\/523 par
|
|turn|34
|J|MetaPhysical
|J|Krovvy
|c|@Texas Cloverleaf|fp here
|
|cant|p1a: Tauros|recharge
|move|p2a: Snorlax|Self-Destruct|p1a: Tauros
|-damage|p1a: Tauros|0 fnt
|faint|p1a: Tauros
|faint|p2a: Snorlax
|c|★marcoasd|obv
|c|@Texas Cloverleaf|yus
|c|@Texas Cloverleaf|reverse jynxed it
|L|iplaytennislol
|L|LORRD
|
|switch|p2a: Alakazam|Alakazam|313\/313 slp
|switch|p1a: Exeggutor|Exeggutor|293\/393 slp
|turn|35
|J|Lutra
|
|switch|p2a: Tauros|Tauros|157\/353
|cant|p1a: Exeggutor|slp
|
|turn|36
|
|move|p2a: Tauros|Blizzard|p1a: Exeggutor
|-supereffective|p1a: Exeggutor
|-damage|p1a: Exeggutor|171\/393 slp
|cant|p1a: Exeggutor|slp
|
|turn|37
|
|move|p2a: Tauros|Body Slam|p1a: Exeggutor
|-crit|p1a: Exeggutor
|-damage|p1a: Exeggutor|0 fnt
|faint|p1a: Exeggutor
|
|switch|p1a: Golem|Golem|363\/363
|turn|38
|L|The Goomy
|L|pokeaim
|L|Txhh
|L|Omfuga
|
|switch|p2a: Exeggutor|Exeggutor|309\/393
|move|p1a: Golem|Body Slam|p2a: Exeggutor
|-damage|p2a: Exeggutor|226\/393
|
|turn|39
|
|switch|p1a: Lapras|Lapras|149\/463
|move|p2a: Exeggutor|Sleep Powder|p1a: Lapras
|-status|p1a: Lapras|slp
|
|turn|40
|
|cant|p1a: Lapras|slp
|-curestatus|p1a: Lapras|slp
|move|p2a: Exeggutor|Psychic|p1a: Lapras
|-damage|p1a: Lapras|31\/463
|
|turn|41
|
|switch|p2a: Alakazam|Alakazam|313\/313 slp
|move|p1a: Lapras|Blizzard|p2a: Alakazam
|-damage|p2a: Alakazam|196\/313 slp
|
|turn|42
|
|cant|p2a: Alakazam|slp
|move|p1a: Lapras|Blizzard|p2a: Alakazam
|-damage|p2a: Alakazam|80\/313 slp
|
|turn|43
|
|cant|p2a: Alakazam|slp
|move|p1a: Lapras|Blizzard|p2a: Alakazam
|-damage|p2a: Alakazam|0 fnt
|faint|p2a: Alakazam
|L|innovamania
|
|switch|p2a: Tauros|Tauros|157\/353
|turn|44
|
|switch|p1a: Golem|Golem|363\/363
|move|p2a: Tauros|Earthquake|p1a: Golem
|-supereffective|p1a: Golem
|-damage|p1a: Golem|224\/363
|
|turn|45
|
|switch|p2a: Exeggutor|Exeggutor|226\/393
|move|p1a: Golem|Explosion|p2a: Exeggutor
|-damage|p2a: Exeggutor|0 fnt
|faint|p2a: Exeggutor
|faint|p1a: Golem
|c|★marcoasd|gg
|
|switch|p2a: Tauros|Tauros|157\/353
|switch|p1a: Lapras|Lapras|31\/463
|turn|46
|
|move|p2a: Tauros|Body Slam|p1a: Lapras
|-crit|p1a: Lapras
|-damage|p1a: Lapras|0 fnt
|faint|p1a: Lapras
|
|win|marcoasd
|L|Bomber
|c|★IFM|gg
|L|Texas Cloverleaf
|L|purrl
|L|Tokyo Tom✨
|L|zdrup
|L|Divixel
|L|IFM
|player|p1
|L|icey tea
|L|sulcata
|L|Tiba
|L|Teddeh
|L|Tshrekt
|L|Tesung
|L|MetaPhysical
|L|the Jaiho
|L|marcoasd
|player|p2
|L|BKC
|L|the pdc show
|L|Hack
|L|Krovvy
|L|Anty
|L|Problems
|L|Ciele