|J|Isa
|J|Dice
|player|p1|Isa|1
|player|p2|Dice|168
|gametype|singles
|gen|1
|tier|[Gen 1] OU
|seed|15890,41333,28505,23209
|rule|Sleep Clause Mod: Limit one foe put to sleep
|rule|Freeze Clause Mod: Limit one foe frozen
|rule|Species Clause: Limit one of each Pokémon
|rule|OHKO Clause: OHKO moves are banned
|rule|Evasion Moves Clause: Evasion moves are banned
|rule|HP Percentage Mod: HP is shown in percentages
|
|start
|switch|p1a: Gengar|Gengar|323\/323
|switch|p2a: Gengar|Gengar|323\/323
|turn|1
|choice|move 1|move 1
|
|move|p1a: Gengar|Hypnosis|p2a: Gengar
|-status|p2a: Gengar|slp
|cant|p2a: Gengar|slp
|
|turn|2
|c|★Isa|quick claw
|choice|move 3|move 1
|
|-curestatus|p2a: Gengar|slp
|move|p1a: Gengar|Night Shade|p2a: Gengar
|-damage|p2a: Gengar|223\/323
|
|turn|3
|J|Ciele
|c|★Dice|ok win
|choice|move 1|move 1
|
|move|p1a: Gengar|Hypnosis|p2a: Gengar
|-status|p2a: Gengar|slp
|cant|p2a: Gengar|slp
|
|turn|4
|J|user zf
|c|★Dice|dam
|c|★Isa|neat
|choice|move 3|switch 3
|
|switch|p2a: Starmie|Starmie|323\/323
|move|p1a: Gengar|Night Shade|p2a: Starmie
|-damage|p2a: Starmie|223\/323
|
|turn|5
|choice|move 4|move 2
|
|move|p2a: Starmie|Psychic|p1a: Gengar
|-supereffective|p1a: Gengar
|-damage|p1a: Gengar|150\/323
|-unboost|p1a: Gengar|spd|1
|-unboost|p1a: Gengar|spa|1
|move|p1a: Gengar|Thunderbolt|p2a: Starmie
|-supereffective|p2a: Starmie
|-damage|p2a: Starmie|96\/323
|
|turn|6
|c|★Isa|hm
|J|homed
|c|★Isa|psychic on the nonlead star
|choice|switch 3|move 4
|
|switch|p1a: Snorlax|Snorlax|523\/523
|move|p2a: Starmie|Recover|p2a: Starmie
|-heal|p2a: Starmie|257\/323
|
|turn|7
|choice|move 1|move 3
|
|move|p2a: Starmie|Thunder Wave|p1a: Snorlax
|-status|p1a: Snorlax|par
|cant|p1a: Snorlax|par
|
|turn|8
|choice|move 1|switch 3
|
|switch|p2a: Gengar|Gengar|223\/323 slp
|cant|p1a: Snorlax|par
|
|turn|9
|choice|move 1|switch 6
|
|switch|p2a: Snorlax|Snorlax|523\/523
|move|p1a: Snorlax|Body Slam|p2a: Snorlax
|-crit|p2a: Snorlax
|-damage|p2a: Snorlax|257\/523
|
|turn|10
|c|★Isa|ok thats good.
|choice|move 1|move 1
|
|move|p2a: Snorlax|Body Slam|p1a: Snorlax
|-damage|p1a: Snorlax|376\/523 par
|move|p1a: Snorlax|Body Slam|p2a: Snorlax
|-damage|p2a: Snorlax|129\/523
|
|turn|11
|c|★Isa|use eq here
|c|★Dice|scouting for counter.
|choice|switch 4|move 4
|
|switch|p1a: Golem|Golem|363\/363
|move|p2a: Snorlax|Self-Destruct|p1a: Golem
|-resisted|p1a: Golem
|-damage|p1a: Golem|236\/363
|faint|p2a: Snorlax
|c|★Isa|good enough
|choice||switch 3
|
|switch|p2a: Starmie|Starmie|257\/323
|turn|12
|choice|switch 4|move 1
|
|switch|p1a: Snorlax|Snorlax|376\/523 par
|move|p2a: Starmie|Blizzard|p1a: Snorlax
|-damage|p1a: Snorlax|258\/523 par
|
|turn|13
|choice|move 1|move 2
|
|move|p2a: Starmie|Psychic|p1a: Snorlax
|-damage|p1a: Snorlax|117\/523 par
|cant|p1a: Snorlax|par
|
|turn|14
|c|★Isa|stop being so crippled when you slam this fukr
|choice|move 3|move 2
|
|move|p2a: Starmie|Psychic|p1a: Snorlax
|-damage|p1a: Snorlax|0 fnt
|faint|p1a: Snorlax
|choice|switch 6|
|
|switch|p1a: Zapdos|Zapdos|383\/383
|turn|15
|choice|move 2|move 1
|
|move|p2a: Starmie|Blizzard|p1a: Zapdos|[miss]
|-miss|p2a: Starmie
|move|p1a: Zapdos|Thunder Wave|p2a: Starmie
|-status|p2a: Starmie|par
|
|turn|16
|c|★Isa|ok nice.
|choice|move 1|switch 4
|
|switch|p2a: Chansey|Chansey|703\/703
|move|p1a: Zapdos|Thunderbolt|p2a: Chansey
|-damage|p2a: Chansey|568\/703
|
|turn|17
|choice|move 2|move 4
|
|move|p1a: Zapdos|Thunder Wave|p2a: Chansey
|-status|p2a: Chansey|par
|move|p2a: Chansey|Thunder Wave|p1a: Zapdos
|-status|p1a: Zapdos|par
|
|turn|18
|choice|move 3|move 2
|
|move|p1a: Zapdos|Drill Peck|p2a: Chansey
|-damage|p2a: Chansey|329\/703 par
|move|p2a: Chansey|Ice Beam|p1a: Zapdos
|-supereffective|p1a: Zapdos
|-damage|p1a: Zapdos|252\/383 par
|
|turn|19
|choice|move 3|move 1
|
|move|p1a: Zapdos|Drill Peck|p2a: Chansey
|-crit|p2a: Chansey
|-damage|p2a: Chansey|0 fnt
|faint|p2a: Chansey
|c|★Isa|gj bzzbird
|c|★Dice|ok bird
|c|★Dice|win
|choice||switch 2
|
|switch|p2a: Articuno|Articuno|383\/383
|turn|20
|c|★Isa|KACAW
|choice|move 2|move 1
|
|move|p2a: Articuno|Blizzard|p1a: Zapdos
|-supereffective|p1a: Zapdos
|-damage|p1a: Zapdos|0 fnt
|faint|p1a: Zapdos
|choice|switch 3|
|
|switch|p1a: Gengar|Gengar|150\/323
|turn|21
|choice|move 4|move 2
|
|move|p1a: Gengar|Thunderbolt|p2a: Articuno
|-crit|p2a: Articuno
|-supereffective|p2a: Articuno
|-damage|p2a: Articuno|64\/383
|move|p2a: Articuno|Ice Beam|p1a: Gengar
|-damage|p1a: Gengar|36\/323
|
|turn|22
|c|★Isa|ty gengar
|choice|move 4|move 2
|
|move|p1a: Gengar|Thunderbolt|p2a: Articuno
|-supereffective|p2a: Articuno
|-damage|p2a: Articuno|0 fnt
|faint|p2a: Articuno
|choice||switch 4
|
|switch|p2a: Starmie|Starmie|257\/323 par
|turn|23
|choice|move 4|move 2
|
|move|p1a: Gengar|Thunderbolt|p2a: Starmie
|-crit|p2a: Starmie
|-supereffective|p2a: Starmie
|-damage|p2a: Starmie|0 fnt
|faint|p2a: Starmie
|choice||switch 5
|
|switch|p2a: Tauros|Tauros|353\/353
|turn|24
|choice|move 2|move 2
|
|move|p1a: Gengar|Explosion|p2a: Tauros
|-crit|p2a: Tauros
|-damage|p2a: Tauros|0 fnt
|faint|p2a: Tauros
|faint|p1a: Gengar
|c|★Isa|crit machine
|choice|switch 2|switch 6
|
|switch|p2a: Gengar|Gengar|223\/323 slp
|switch|p1a: Exeggutor|Exeggutor|393\/393
|turn|25
|c|★Dice|dam
|choice|move 3|move 1
|
|cant|p2a: Gengar|slp
|move|p1a: Exeggutor|Psychic|p2a: Gengar
|-supereffective|p2a: Gengar
|-damage|p2a: Gengar|7\/323 slp
|
|turn|26
|c|★Dice|gg
|c|★Isa|i wanted to boom more
|c|★Isa|gg
|choice|move 3|move 1
|
|-curestatus|p2a: Gengar|slp
|move|p1a: Exeggutor|Psychic|p2a: Gengar
|-supereffective|p2a: Gengar
|-damage|p2a: Gengar|0 fnt
|faint|p2a: Gengar
|
|win|Isa