|inactive|Battle timer is ON: inactive players will automatically lose when time's up.
|J|Vileman
|J|Nails
|player|p1|Vileman|165
|player|p2|Nails|265
|gametype|singles
|gen|1
|tier|[Gen 1] OU
|seed|18417,374,63615,33016
|rule|Sleep Clause Mod: Limit one foe put to sleep
|rule|Freeze Clause Mod: Limit one foe frozen
|rule|Species Clause: Limit one of each Pokémon
|rule|OHKO Clause: OHKO moves are banned
|rule|Evasion Moves Clause: Evasion moves are banned
|rule|HP Percentage Mod: HP is shown in percentages
|
|start
|switch|p1a: Gengar|Gengar|323\/323
|switch|p2a: Jynx|Jynx|333\/333
|turn|1
|J|ZoroDark
|J|KratosMana
|L|ZoroDark
|c|★Vileman|fite fite fite
|L|KratosMana
|choice|move 1|move 1
|
|move|p1a: Gengar|Hypnosis|p2a: Jynx
|-status|p2a: Jynx|slp
|cant|p2a: Jynx|slp
|
|turn|2
|J|Asuya
|J|Albeh
|J|petyer
|J|celebitrainer36
|L|Asuya
|choice|move 3|move 3
|
|move|p1a: Gengar|Thunderbolt|p2a: Jynx
|-damage|p2a: Jynx|243\/333 slp
|cant|p2a: Jynx|slp
|
|turn|3
|L|petyer
|choice|move 3|switch 2
|
|switch|p2a: Alakazam|Alakazam|313\/313
|move|p1a: Gengar|Thunderbolt|p2a: Alakazam
|-damage|p2a: Alakazam|242\/313
|-status|p2a: Alakazam|par
|
|turn|4
|J|galbia
|c|★Nails|rude
|J|kmkkjhh
|c|★Vileman|y
|c|@galbia|is someone using nidoking
|L|celebitrainer36
|choice|move 4|move 3
|
|move|p1a: Gengar|Explosion|p2a: Alakazam
|-damage|p2a: Alakazam|0 fnt
|faint|p2a: Alakazam
|faint|p1a: Gengar
|c|★Nails|unlucky
|J|Agammemnon
|choice|switch 5|switch 5
|
|switch|p2a: Chansey|Chansey|703\/703
|switch|p1a: Snorlax|Snorlax|523\/523
|turn|5
|choice|move 1|move 1
|
|move|p2a: Chansey|Toxic|p1a: Snorlax
|-status|p1a: Snorlax|tox
|move|p1a: Snorlax|Body Slam|p2a: Chansey
|-damage|p2a: Chansey|419\/703
|-damage|p1a: Snorlax|491\/523 tox|[from] tox|[of] p2a: Chansey
|
|turn|6
|c|★Vileman|what
|c|+Agammemnon|oO Toxic
|c|★Nails|get innovated on
|c|★Vileman|thats a new one
|J|ggggd
|choice|move 1|move 2
|
|move|p2a: Chansey|Reflect|p2a: Chansey
|-start|p2a: Chansey|Reflect
|move|p1a: Snorlax|Body Slam|p2a: Chansey
|-damage|p2a: Chansey|282\/703
|-damage|p1a: Snorlax|427\/523 tox|[from] tox|[of] p2a: Chansey
|
|turn|7
|J|purrl
|choice|switch 4|move 3
|
|switch|p1a: Slowbro|Slowbro|393\/393
|move|p2a: Chansey|Soft-Boiled|p2a: Chansey
|-heal|p2a: Chansey|633\/703
|
|turn|8
|c|★Vileman|hot damn this man
|choice|move 3|move 1
|
|move|p2a: Chansey|Toxic|p1a: Slowbro
|-status|p1a: Slowbro|tox
|move|p1a: Slowbro|Thunder Wave|p2a: Chansey
|-status|p2a: Chansey|par
|-damage|p1a: Slowbro|369\/393 tox|[from] tox|[of] p2a: Chansey
|
|turn|9
|L|Albeh
|choice|move 1|switch 6
|
|switch|p2a: Dragonite|Dragonite|385\/385
|move|p1a: Slowbro|Amnesia|p1a: Slowbro
|-boost|p1a: Slowbro|spd|2
|-boost|p1a: Slowbro|spa|2
|-damage|p1a: Slowbro|321\/393 tox|[from] psn
|
|turn|10
|c|+Agammemnon|Nails, you know that it'll become a normal poison once they switch in again
|c|★Vileman|oh boy
|c|★Vileman|wrap and toxic
|c|+Agammemnon|right ?
|c|★Nails|i know aga
|c|★Vileman|i see you
|J|FAJI
|choice|move 3|move 1
|
|move|p2a: Dragonite|Wrap|p1a: Slowbro|[miss]
|-miss|p2a: Dragonite
|move|p1a: Slowbro|Thunder Wave|p2a: Dragonite
|-status|p2a: Dragonite|par
|-damage|p1a: Slowbro|249\/393 tox|[from] tox|[of] p2a: Dragonite
|
|turn|11
|c|+Agammemnon|Ooooh, Wrap haha
|c|★Nails|hate lucky players
|c|@galbia|toxic + leech seed
|c|@galbia|.
|c|★Vileman|im it my peak
|c|@galbia|the only strat
|c|★Vileman|of rby
|c|+FAJI|nails suuuuuuuuuuuuuuuuucks
|J|Holiano
|choice|switch 2|move 1
|
|switch|p1a: Chansey|Chansey|703\/703
|move|p2a: Dragonite|Wrap|p1a: Chansey
|-damage|p1a: Chansey|666\/703
|-activate|p1a: Chansey|move: Wrap|[of] p2a: Dragonite
|
|turn|12
|choice|switch 4|move 1
|
|switch|p1a: Snorlax|Snorlax|427\/523 tox
|-status|p1a: Snorlax|psn
|-damage|p1a: Snorlax|395\/523 psn|[from] psn
|cant|p2a: Dragonite|par
|
|turn|13
|J|Soulgazer
|L|galbia
|c|★Vileman|oh that happens
|c|★Vileman|everytime
|choice|move 1|move 1
|
|move|p1a: Snorlax|Body Slam|p2a: Dragonite
|-damage|p2a: Dragonite|277\/385 par
|-damage|p1a: Snorlax|363\/523 psn|[from] psn|[of] p2a: Dragonite
|move|p2a: Dragonite|Wrap|p1a: Snorlax
|-damage|p1a: Snorlax|342\/523 psn
|-activate|p1a: Snorlax|move: Wrap|[of] p2a: Dragonite
|
|turn|14
|choice|switch 4|move 1
|
|switch|p1a: Chansey|Chansey|666\/703
|move|p2a: Dragonite|Wrap|p1a: Chansey
|-damage|p1a: Chansey|624\/703
|-activate|p1a: Chansey|move: Wrap|[of] p2a: Dragonite
|
|turn|15
|choice|switch 6|switch 6
|
|switch|p1a: Zapdos|Zapdos|383\/383
|switch|p2a: Chansey|Chansey|633\/703 par
|
|turn|16
|c|★Vileman|i guess we could say
|c|★Vileman|nails is a toxic user.
|J|whoreson
|J|pizzapiefuckmyeye
|c|★Nails|that miss was lamer than that pun
|L|pizzapiefuckmyeye
|choice|switch 2|switch 3
|
|switch|p1a: Slowbro|Slowbro|249\/393 tox
|-status|p1a: Slowbro|psn
|-damage|p1a: Slowbro|225\/393 psn|[from] psn
|switch|p2a: Snorlax|Snorlax|523\/523
|
|turn|17
|J|hero
|choice|move 3|switch 2
|
|switch|p2a: Jynx|Jynx|243\/333 slp
|move|p1a: Slowbro|Thunder Wave|p2a: Jynx
|-fail|p2a: Jynx
|-damage|p1a: Slowbro|201\/393 psn|[from] psn|[of] p2a: Jynx
|
|turn|18
|choice|move 4|switch 2
|
|switch|p2a: Snorlax|Snorlax|523\/523
|move|p1a: Slowbro|Rest|p1a: Slowbro
|-status|p1a: Slowbro|slp
|-heal|p1a: Slowbro|393\/393 slp|[silent]
|-status|p1a: Slowbro|slp|[from] move: Rest
|
|turn|19
|choice|switch 6|move 1
|
|switch|p1a: Chansey|Chansey|624\/703
|move|p2a: Snorlax|Body Slam|p1a: Chansey
|-damage|p1a: Chansey|349\/703
|
|turn|20
|choice|move 1|move 2
|
|move|p1a: Chansey|Soft-Boiled|p1a: Chansey
|-heal|p1a: Chansey|700\/703
|move|p2a: Snorlax|Hyper Beam|p1a: Chansey
|-damage|p1a: Chansey|167\/703
|
|turn|21
|-mustrecharge|p2a: Snorlax
|-mustrecharge|p2a: Snorlax
|c|★Nails|drats
|choice|move 3|move 1
|
|cant|p2a: Snorlax|recharge
|move|p1a: Chansey|Counter|p2a: Snorlax
|-damage|p2a: Snorlax|0 fnt
|faint|p2a: Snorlax
|choice||switch 4
|
|switch|p2a: Tauros|Tauros|353\/353
|turn|22
|choice|switch 6|move 1
|
|switch|p1a: Slowbro|Slowbro|393\/393 slp
|move|p2a: Tauros|Body Slam|p1a: Slowbro
|-damage|p1a: Slowbro|295\/393 slp
|
|turn|23
|J|Alexander
|choice|move 2|move 1
|
|move|p2a: Tauros|Body Slam|p1a: Slowbro
|-damage|p1a: Slowbro|199\/393 slp
|cant|p1a: Slowbro|slp
|
|turn|24
|L|Alexander
|L|FAJI
|choice|move 2|move 1
|
|move|p2a: Tauros|Body Slam|p1a: Slowbro
|-damage|p1a: Slowbro|111\/393 slp
|-curestatus|p1a: Slowbro|slp
|
|turn|25
|choice|switch 2|move 1
|
|switch|p1a: Zapdos|Zapdos|383\/383
|move|p2a: Tauros|Body Slam|p1a: Zapdos
|-damage|p1a: Zapdos|277\/383
|-status|p1a: Zapdos|par
|
|turn|26
|c|★Vileman|f
|c|★Vileman|ya got me tho
|choice|move 4|switch 6
|
|switch|p2a: Dragonite|Dragonite|277\/385 par
|move|p1a: Zapdos|Thunder Wave|p2a: Dragonite
|-fail|p2a: Dragonite|par
|
|turn|27
|choice|move 1|move 3
|
|move|p1a: Zapdos|Drill Peck|p2a: Dragonite
|-damage|p2a: Dragonite|191\/385 par
|move|p2a: Dragonite|Agility|p2a: Dragonite
|-boost|p2a: Dragonite|spe|2
|
|turn|28
|choice|move 2|move 1
|
|move|p2a: Dragonite|Wrap|p1a: Zapdos
|-damage|p1a: Zapdos|260\/383 par
|-activate|p1a: Zapdos|move: Wrap|[of] p2a: Dragonite
|cant|p1a: Zapdos|par
|
|turn|29
|choice|switch 2|move 1
|
|switch|p1a: Slowbro|Slowbro|111\/393
|cant|p2a: Dragonite|par
|
|turn|30
|J|Closexy
|L|Closexy
|choice|move 4|move 2
|
|cant|p2a: Dragonite|par
|move|p1a: Slowbro|Rest|p1a: Slowbro
|-status|p1a: Slowbro|slp
|-heal|p1a: Slowbro|393\/393 slp|[silent]
|-status|p1a: Slowbro|slp|[from] move: Rest
|
|turn|31
|choice|move 3|switch 2
|
|switch|p2a: Jynx|Jynx|243\/333 slp
|cant|p1a: Slowbro|slp
|
|turn|32
|choice|switch 3|move 3
|
|switch|p1a: Tauros|Tauros|353\/353
|cant|p2a: Jynx|slp
|
|turn|33
|choice|move 1|switch 6
|
|switch|p2a: Tauros|Tauros|353\/353
|move|p1a: Tauros|Body Slam|p2a: Tauros
|-damage|p2a: Tauros|244\/353
|
|turn|34
|c|★Vileman|bull wars
|choice|move 1|move 1
|
|move|p2a: Tauros|Body Slam|p1a: Tauros
|-damage|p1a: Tauros|257\/353
|move|p1a: Tauros|Body Slam|p2a: Tauros
|-damage|p2a: Tauros|136\/353
|
|turn|35
|choice|move 1|switch 2
|
|switch|p2a: Dragonite|Dragonite|191\/385 par
|move|p1a: Tauros|Body Slam|p2a: Dragonite
|-damage|p2a: Dragonite|89\/385 par
|
|turn|36
|choice|move 1|move 1
|
|move|p1a: Tauros|Body Slam|p2a: Dragonite
|-damage|p2a: Dragonite|0 fnt
|faint|p2a: Dragonite
|choice||switch 3
|
|switch|p2a: Chansey|Chansey|633\/703 par
|turn|37
|choice|switch 3|move 2
|
|switch|p1a: Slowbro|Slowbro|393\/393 slp
|cant|p2a: Chansey|par
|
|turn|38
|choice|move 1|switch 2
|
|switch|p2a: Tauros|Tauros|136\/353
|-curestatus|p1a: Slowbro|slp
|
|turn|39
|choice|move 3|move 1
|
|move|p2a: Tauros|Body Slam|p1a: Slowbro
|-damage|p1a: Slowbro|294\/393
|move|p1a: Slowbro|Thunder Wave|p2a: Tauros
|-status|p2a: Tauros|par
|
|turn|40
|choice|move 1|move 1
|
|move|p1a: Slowbro|Amnesia|p1a: Slowbro
|-boost|p1a: Slowbro|spd|2
|-boost|p1a: Slowbro|spa|2
|move|p2a: Tauros|Body Slam|p1a: Slowbro
|-damage|p1a: Slowbro|192\/393
|
|turn|41
|choice|move 2|move 2
|
|move|p1a: Slowbro|Surf|p2a: Tauros
|-damage|p2a: Tauros|0 fnt
|faint|p2a: Tauros
|-message|Nails forfeited.
|
|win|Vileman