|inactive|Battle timer is ON: inactive players will automatically lose when time's up.
|J|Golden Gyarados
|J|TheChaser
|player|p1|Golden Gyarados|170
|player|p2|TheChaser|266
|gametype|singles
|gen|1
|tier|[Gen 1] OU
|seed|48648,60752,3239,23308
|rule|Sleep Clause Mod: Limit one foe put to sleep
|rule|Freeze Clause Mod: Limit one foe frozen
|rule|Species Clause: Limit one of each Pokémon
|rule|OHKO Clause: OHKO moves are banned
|rule|Evasion Moves Clause: Evasion moves are banned
|rule|HP Percentage Mod: HP is shown in percentages
|
|start
|switch|p1a: Jynx|Jynx|333\/333
|switch|p2a: Starmie|Starmie|323\/323
|turn|1
|J|rozes
|J|Fort et Beau
|J|Vinc2612
|J|dekzeh
|J|Ashio
|J|Dread Arceus
|J|qsns
|raw|<div class="broadcast-red"><b>Moderated chat was set to %!<\/b><br \/>Only users of rank % and higher can talk.<\/div>
|J|Century Express
|J|imanalt
|J|KratosMana
|J|boudouche
|J|LJDarkrai
|J|craing
|J|Jirachee
|J|skup
|J|WECAMEASROMANS
|J|Roxer
|J|bro fist
|J|user zf
|J|QuagGod
|J|H-C
|J|CrashinBoomBang
|L|QuagGod
|J|dodrio
|J|Sugar K Leonard
|J|Biosci
|J|OuraganGastrique
|J|Wind Ice
|J|Sapientia
|J|bouff
|J|Flagadosspam
|J|Leftiez
|L|dodrio
|J|Sweep
|J|hyogafodex
|J|uboa17
|J|Asuya
|J|Blitzamirin
|J|CasedVictory
|J|mccauley
|J|celebitrainer36
|J|MoxieInfinite
|J|QuagGod
|J|Mizuhime
|J|Meru
|J|stathakis
|J|Bad Ass
|J|Malekith
|J|blarajan
|J|Conflict
|J|Gene Sp
|J|LeoDamin
|J|flygon38
|J|MaxPower97
|J|Nails
|L|MaxPower97
|c|%blarajan|gooooooooooooo thechaser *-* u can this
|J|WolfLegendTS
|J|Mistaken
|J|Jatlantis
|J|AM
|J|XxTJPxX
|J|DoctorDraX
|choice|move 3|move 1
|
|move|p2a: Starmie|Hydro Pump|p1a: Jynx
|-damage|p1a: Jynx|186\/333
|move|p1a: Jynx|Lovely Kiss|p2a: Starmie
|-status|p2a: Starmie|slp
|
|turn|2
|J|MetalGro$$
|J|leremyju
|J|OP
|J|Omfuga
|J|Pomman
|J|m00ns
|J|Mentagrill
|J|Disenchanted
|J|Cory's House
|L|Jatlantis
|J|Prankster
|L|Prankster
|choice|move 1|move 1
|
|cant|p2a: Starmie|slp
|move|p1a: Jynx|Blizzard|p2a: Starmie
|-resisted|p2a: Starmie
|-damage|p2a: Starmie|253\/323 slp
|
|turn|3
|J|King Tsunami
|L|Mistaken
|choice|move 4|switch 5
|
|switch|p2a: Chansey|Chansey|703\/703
|move|p1a: Jynx|Psychic|p2a: Chansey|[miss]
|-miss|p1a: Jynx
|
|turn|4
|J|FINCHINATOR
|J|3581O
|J|the pdc show
|J|The Raven
|J|yohoE
|c|★Golden Gyarados|aw man
|J|Colchonero
|L|purity aura
|J|ABR
|choice|switch 2|move 2
|
|switch|p1a: Chansey|Chansey|703\/703
|move|p2a: Chansey|Thunderbolt|p1a: Chansey
|-damage|p1a: Chansey|634\/703
|
|turn|5
|J|Chilled Elephant
|J|Funkasaurus
|L|Sweep
|J|MARCU5theBAW5
|J|chimpact
|J|Hikari
|J|Sweep
|choice|move 1|switch 2
|
|switch|p2a: Exeggutor|Exeggutor|393\/393
|move|p1a: Chansey|Ice Beam|p2a: Exeggutor
|-supereffective|p2a: Exeggutor
|-damage|p2a: Exeggutor|265\/393
|
|turn|6
|L|MARCU5theBAW5
|choice|switch 2|move 1
|
|switch|p1a: Jynx|Jynx|186\/333
|move|p2a: Exeggutor|Sleep Powder|p1a: Jynx|[miss]
|-miss|p2a: Exeggutor
|
|turn|7
|J|reyscarface
|choice|move 1|switch 2
|
|switch|p2a: Chansey|Chansey|703\/703
|move|p1a: Jynx|Blizzard|p2a: Chansey
|-damage|p2a: Chansey|578\/703
|
|turn|8
|J|Staraptor44
|J|JabbaTheGriffin
|J|Teddeh
|J|Dear Ophelia
|choice|move 1|move 2
|
|move|p1a: Jynx|Blizzard|p2a: Chansey
|-crit|p2a: Chansey
|-damage|p2a: Chansey|316\/703
|move|p2a: Chansey|Thunderbolt|p1a: Jynx
|-damage|p1a: Jynx|112\/333
|
|turn|9
|L|OP
|J|STRFCKT EGLHWK
|choice|move 1|move 4
|
|move|p1a: Jynx|Blizzard|p2a: Chansey
|-damage|p2a: Chansey|176\/703
|move|p2a: Chansey|Soft-Boiled|p2a: Chansey
|-heal|p2a: Chansey|527\/703
|
|turn|10
|L|STRFCKT EGLHWK
|choice|switch 2|move 4
|
|switch|p1a: Chansey|Chansey|634\/703
|move|p2a: Chansey|Soft-Boiled|p2a: Chansey
|-heal|p2a: Chansey|703\/703
|
|turn|11
|J|OP
|J|McMeghan
|J|RainPB
|choice|move 1|switch 6
|
|switch|p2a: Snorlax|Snorlax|523\/523
|move|p1a: Chansey|Ice Beam|p2a: Snorlax
|-damage|p2a: Snorlax|419\/523
|
|turn|12
|J|FUDREIGON
|L|3581O
|J|SoulWind
|choice|move 4|switch 6
|
|switch|p2a: Chansey|Chansey|703\/703
|move|p1a: Chansey|Thunder Wave|p2a: Chansey
|-status|p2a: Chansey|par
|
|turn|13
|J|FUDREIGON
|J|XswagmuffinX
|choice|move 1|move 1
|
|move|p1a: Chansey|Ice Beam|p2a: Chansey
|-damage|p2a: Chansey|634\/703 par
|cant|p2a: Chansey|par
|
|turn|14
|choice|move 2|move 1
|
|move|p1a: Chansey|Thunderbolt|p2a: Chansey
|-damage|p2a: Chansey|557\/703 par
|move|p2a: Chansey|Ice Beam|p1a: Chansey
|-damage|p1a: Chansey|563\/703
|
|turn|15
|J|GeeMick
|choice|move 2|move 1
|
|move|p1a: Chansey|Thunderbolt|p2a: Chansey
|-crit|p2a: Chansey
|-damage|p2a: Chansey|420\/703 par
|cant|p2a: Chansey|par
|
|turn|16
|J|Antaevs
|choice|move 2|move 4
|
|move|p1a: Chansey|Thunderbolt|p2a: Chansey
|-damage|p2a: Chansey|344\/703 par
|cant|p2a: Chansey|par
|
|turn|17
|J|once adreamed
|J|franklinfrank
|L|XswagmuffinX
|choice|move 2|move 4
|
|move|p1a: Chansey|Thunderbolt|p2a: Chansey
|-damage|p2a: Chansey|269\/703 par
|move|p2a: Chansey|Soft-Boiled|p2a: Chansey
|-heal|p2a: Chansey|620\/703 par
|
|turn|18
|choice|move 2|move 1
|
|move|p1a: Chansey|Thunderbolt|p2a: Chansey
|-crit|p2a: Chansey
|-damage|p2a: Chansey|480\/703 par
|move|p2a: Chansey|Ice Beam|p1a: Chansey
|-crit|p1a: Chansey
|-damage|p1a: Chansey|413\/703
|
|turn|19
|choice|move 3|move 4
|
|move|p1a: Chansey|Soft-Boiled|p1a: Chansey
|-heal|p1a: Chansey|703\/703
|move|p2a: Chansey|Soft-Boiled|p2a: Chansey
|-heal|p2a: Chansey|703\/703 par
|
|turn|20
|choice|move 2|move 1
|
|move|p1a: Chansey|Thunderbolt|p2a: Chansey
|-damage|p2a: Chansey|625\/703 par
|move|p2a: Chansey|Ice Beam|p1a: Chansey
|-damage|p1a: Chansey|633\/703
|-status|p1a: Chansey|frz
|
|turn|21
|L|qsns
|J|giara
|choice|move 4|move 3
|
|cant|p1a: Chansey|frz
|move|p2a: Chansey|Thunder Wave|p1a: Chansey
|-fail|p1a: Chansey
|
|turn|22
|choice|switch 2|move 3
|
|switch|p1a: Jynx|Jynx|112\/333
|move|p2a: Chansey|Thunder Wave|p1a: Jynx
|-status|p1a: Jynx|par
|
|turn|23
|J|snagaa
|choice|move 4|move 3
|
|cant|p1a: Jynx|par
|move|p2a: Chansey|Thunder Wave|p1a: Jynx
|-fail|p1a: Jynx|par
|
|turn|24
|J|Gulio Jomes
|choice|move 4|move 2
|
|cant|p1a: Jynx|par
|move|p2a: Chansey|Thunderbolt|p1a: Jynx
|-damage|p1a: Jynx|29\/333 par
|
|turn|25
|L|Staraptor44
|J|scyther no swiping
|choice|move 4|move 2
|
|cant|p1a: Jynx|par
|move|p2a: Chansey|Thunderbolt|p1a: Jynx
|-damage|p1a: Jynx|0 fnt
|faint|p1a: Jynx
|choice|switch 4|
|
|switch|p1a: Golem|Golem|363\/363
|turn|26
|J|qsns
|choice|move 1|switch 2
|
|switch|p2a: Exeggutor|Exeggutor|265\/393
|move|p1a: Golem|Body Slam|p2a: Exeggutor
|-damage|p2a: Exeggutor|185\/393
|
|turn|27
|L|Roxer
|choice|switch 2|move 1
|
|switch|p1a: Chansey|Chansey|633\/703 frz
|move|p2a: Exeggutor|Sleep Powder|p1a: Chansey|[miss]
|-miss|p2a: Exeggutor
|
|turn|28
|choice|move 2|move 1
|
|move|p2a: Exeggutor|Sleep Powder|p1a: Chansey|[miss]
|-miss|p2a: Exeggutor
|cant|p1a: Chansey|frz
|
|turn|29
|choice|move 2|move 1
|
|move|p2a: Exeggutor|Sleep Powder|p1a: Chansey
|-fail|p1a: Chansey
|cant|p1a: Chansey|frz
|
|turn|30
|J|MiltankMilk
|J|Hyperflume
|J|bluannazucch
|choice|move 4|move 1
|
|move|p2a: Exeggutor|Sleep Powder|p1a: Chansey|[miss]
|-miss|p2a: Exeggutor
|cant|p1a: Chansey|frz
|
|turn|31
|J|Staraptor44
|J|VanNiko
|L|VanNiko
|choice|move 4|move 1
|
|move|p2a: Exeggutor|Sleep Powder|p1a: Chansey
|-fail|p1a: Chansey
|cant|p1a: Chansey|frz
|
|turn|32
|J|Ary
|choice|move 4|move 1
|
|move|p2a: Exeggutor|Sleep Powder|p1a: Chansey|[miss]
|-miss|p2a: Exeggutor
|cant|p1a: Chansey|frz
|
|turn|33
|choice|move 4|move 2
|
|move|p2a: Exeggutor|Psychic|p1a: Chansey
|-damage|p1a: Chansey|508\/703 frz
|cant|p1a: Chansey|frz
|
|turn|34
|J|thecrystalonix
|choice|move 4|move 1
|
|move|p2a: Exeggutor|Sleep Powder|p1a: Chansey
|-fail|p1a: Chansey
|cant|p1a: Chansey|frz
|
|turn|35
|choice|move 4|move 2
|
|move|p2a: Exeggutor|Psychic|p1a: Chansey
|-damage|p1a: Chansey|397\/703 frz
|-unboost|p1a: Chansey|spd|1
|-unboost|p1a: Chansey|spa|1
|cant|p1a: Chansey|frz
|
|turn|36
|choice|move 4|move 2
|
|move|p2a: Exeggutor|Psychic|p1a: Chansey
|-damage|p1a: Chansey|208\/703 frz
|-unboost|p1a: Chansey|spd|1
|-unboost|p1a: Chansey|spa|1
|cant|p1a: Chansey|frz
|
|turn|37
|choice|move 4|move 1
|
|move|p2a: Exeggutor|Sleep Powder|p1a: Chansey
|-fail|p1a: Chansey
|cant|p1a: Chansey|frz
|
|turn|38
|choice|move 4|move 1
|
|move|p2a: Exeggutor|Sleep Powder|p1a: Chansey
|-fail|p1a: Chansey
|cant|p1a: Chansey|frz
|
|turn|39
|L|Hyperflume
|J|wylit
|choice|move 4|move 2
|
|move|p2a: Exeggutor|Psychic|p1a: Chansey
|-crit|p1a: Chansey
|-damage|p1a: Chansey|0 fnt
|faint|p1a: Chansey
|J|EG Posho
|choice|switch 5|
|
|switch|p1a: Lapras|Lapras|463\/463
|turn|40
|J|Confide
|choice|move 1|switch 2
|
|switch|p2a: Chansey|Chansey|625\/703 par
|move|p1a: Lapras|Blizzard|p2a: Chansey
|-damage|p2a: Chansey|489\/703 par
|
|turn|41
|J|fattyyy
|choice|switch 2|move 3
|
|switch|p1a: Golem|Golem|363\/363
|move|p2a: Chansey|Thunder Wave|p1a: Golem
|-immune|p1a: Golem|[msg]
|
|turn|42
|J|Frexa
|choice|move 1|switch 2
|
|switch|p2a: Exeggutor|Exeggutor|185\/393
|move|p1a: Golem|Body Slam|p2a: Exeggutor
|-crit|p2a: Exeggutor
|-damage|p2a: Exeggutor|21\/393
|
|turn|43
|J|Vrille
|choice|move 1|move 1
|
|move|p2a: Exeggutor|Sleep Powder|p1a: Golem
|-status|p1a: Golem|slp
|cant|p1a: Golem|slp
|
|turn|44
|J|Vileman
|J|Shinmei971
|J|Hyperflume
|choice|switch 3|move 2
|
|switch|p1a: Exeggutor|Exeggutor|393\/393
|move|p2a: Exeggutor|Psychic|p1a: Exeggutor
|-resisted|p1a: Exeggutor
|-damage|p1a: Exeggutor|338\/393
|-unboost|p1a: Exeggutor|spd|1
|-unboost|p1a: Exeggutor|spa|1
|
|turn|45
|J|slurmz
|J|UmPM
|choice|switch 3|move 3
|
|switch|p1a: Golem|Golem|363\/363 slp
|move|p2a: Exeggutor|Explosion|p1a: Golem
|-crit|p1a: Golem
|-resisted|p1a: Golem
|-damage|p1a: Golem|136\/363 slp
|faint|p2a: Exeggutor
|L|bluannazucch
|L|ABR
|J|FAJI
|L|EG Posho
|J|clueless
|J|Nintendi
|L|Hyperflume
|J|FLCL
|choice||switch 2
|
|switch|p2a: Chansey|Chansey|489\/703 par
|turn|46
|J|EG Posho
|J|Fleeting Rain
|J|Based Jamie Vardy
|choice|switch 2|move 1
|
|switch|p1a: Lapras|Lapras|463\/463
|cant|p2a: Chansey|par
|
|turn|47
|J|Real FV13
|J|3581O
|choice|move 3|move 3
|
|move|p1a: Lapras|Confuse Ray|p2a: Chansey
|-start|p2a: Chansey|confusion
|-activate|p2a: Chansey|confusion
|-damage|p2a: Chansey|454\/703 par|[from] confusion
|
|turn|48
|L|3581O
|choice|move 2|move 4
|
|move|p1a: Lapras|Body Slam|p2a: Chansey
|-damage|p2a: Chansey|276\/703 par
|-activate|p2a: Chansey|confusion
|move|p2a: Chansey|Soft-Boiled|p2a: Chansey
|-heal|p2a: Chansey|627\/703 par
|
|turn|49
|J|Zebraiken
|choice|move 2|move 3
|
|move|p1a: Lapras|Body Slam|p2a: Chansey
|-damage|p2a: Chansey|466\/703 par
|cant|p2a: Chansey|par
|
|turn|50
|choice|move 2|move 4
|
|move|p1a: Lapras|Body Slam|p2a: Chansey
|-damage|p2a: Chansey|299\/703 par
|-activate|p2a: Chansey|confusion
|-damage|p2a: Chansey|264\/703 par|[from] confusion
|
|turn|51
|J|lord qwilfish
|L|XxTJPxX
|L|MiltankMilk
|choice|move 2|move 4
|
|move|p1a: Lapras|Body Slam|p2a: Chansey
|-damage|p2a: Chansey|107\/703 par
|-activate|p2a: Chansey|confusion
|move|p2a: Chansey|Soft-Boiled|p2a: Chansey
|-heal|p2a: Chansey|458\/703 par
|
|turn|52
|J|Hyperflume
|choice|move 2|move 4
|
|move|p1a: Lapras|Body Slam|p2a: Chansey
|-damage|p2a: Chansey|294\/703 par
|-end|p2a: Chansey|confusion
|move|p2a: Chansey|Soft-Boiled|p2a: Chansey
|-heal|p2a: Chansey|645\/703 par
|
|turn|53
|L|scyther no swiping
|choice|move 3|move 3
|
|move|p1a: Lapras|Confuse Ray|p2a: Chansey
|-start|p2a: Chansey|confusion
|cant|p2a: Chansey|par
|
|turn|54
|J|Ggggd
|choice|move 2|move 3
|
|move|p1a: Lapras|Body Slam|p2a: Chansey
|-damage|p2a: Chansey|483\/703 par
|cant|p2a: Chansey|par
|
|turn|55
|J|n10sit
|choice|move 2|move 3
|
|move|p1a: Lapras|Body Slam|p2a: Chansey
|-damage|p2a: Chansey|316\/703 par
|-activate|p2a: Chansey|confusion
|move|p2a: Chansey|Thunder Wave|p1a: Lapras
|-status|p1a: Lapras|par
|
|turn|56
|L|Staraptor44
|J|SwedishBiscuit
|J|Veni Vidi Victini
|L|skup
|choice|move 2|move 4
|
|cant|p1a: Lapras|par
|-activate|p2a: Chansey|confusion
|-damage|p2a: Chansey|281\/703 par|[from] confusion
|
|turn|57
|L|Zebraiken
|L|Ggggd
|L|qsns
|L|SwedishBiscuit
|L|Disenchanted
|J|Zamrock
|J|Ggggd
|L|Ggggd
|choice|move 2|switch 6
|
|switch|p2a: Snorlax|Snorlax|419\/523
|move|p1a: Lapras|Body Slam|p2a: Snorlax
|-damage|p2a: Snorlax|338\/523
|
|turn|58
|choice|move 1|move 1
|
|move|p2a: Snorlax|Body Slam|p1a: Lapras
|-damage|p1a: Lapras|337\/463 par
|move|p1a: Lapras|Blizzard|p2a: Snorlax
|-damage|p2a: Snorlax|155\/523
|
|turn|59
|L|Sweep
|J|Sweep
|choice|switch 2|move 1
|
|switch|p1a: Golem|Golem|136\/363 slp
|move|p2a: Snorlax|Body Slam|p1a: Golem
|-resisted|p1a: Golem
|-damage|p1a: Golem|90\/363 slp
|
|turn|60
|J|ZNain
|choice|move 1|move 1
|
|cant|p1a: Golem|slp
|move|p2a: Snorlax|Body Slam|p1a: Golem
|-resisted|p1a: Golem
|-damage|p1a: Golem|46\/363 slp
|
|turn|61
|choice|move 2|move 1
|
|cant|p1a: Golem|slp
|move|p2a: Snorlax|Body Slam|p1a: Golem
|-resisted|p1a: Golem
|-damage|p1a: Golem|5\/363 slp
|
|turn|62
|choice|move 2|move 1
|
|cant|p1a: Golem|slp
|move|p2a: Snorlax|Body Slam|p1a: Golem
|-resisted|p1a: Golem
|-damage|p1a: Golem|0 fnt
|faint|p1a: Golem
|choice|switch 3|
|
|switch|p1a: Exeggutor|Exeggutor|338\/393
|turn|63
|J|Ggggd
|L|Ggggd
|L|Real FV13
|choice|move 1|switch 5
|
|switch|p2a: Starmie|Starmie|253\/323 slp
|move|p1a: Exeggutor|Psychic|p2a: Starmie
|-resisted|p2a: Starmie
|-damage|p2a: Starmie|188\/323 slp
|
|turn|64
|choice|move 1|move 4
|
|cant|p2a: Starmie|slp
|move|p1a: Exeggutor|Psychic|p2a: Starmie
|-resisted|p2a: Starmie
|-damage|p2a: Starmie|126\/323 slp
|
|turn|65
|J|Disenchanted
|choice|move 1|move 4
|
|cant|p2a: Starmie|slp
|move|p1a: Exeggutor|Psychic|p2a: Starmie
|-resisted|p2a: Starmie
|-damage|p2a: Starmie|68\/323 slp
|
|turn|66
|J|xtraShine
|L|Gulio Jomes
|L|xtraShine
|choice|move 2|move 4
|
|-curestatus|p2a: Starmie|slp
|move|p1a: Exeggutor|Sleep Powder|p2a: Starmie
|-status|p2a: Starmie|slp
|
|turn|67
|L|UmPM
|J|ASackOfPotatoes
|choice|move 1|switch 6
|
|switch|p2a: Chansey|Chansey|281\/703 par
|move|p1a: Exeggutor|Psychic|p2a: Chansey
|-damage|p2a: Chansey|167\/703 par
|
|turn|68
|choice|move 1|move 4
|
|move|p1a: Exeggutor|Psychic|p2a: Chansey
|-damage|p2a: Chansey|54\/703 par
|cant|p2a: Chansey|par
|
|turn|69
|J|BKC
|choice|move 1|move 4
|
|move|p1a: Exeggutor|Psychic|p2a: Chansey
|-damage|p2a: Chansey|0 fnt
|faint|p2a: Chansey
|J|MattL
|choice||switch 4
|
|switch|p2a: Tauros|Tauros|353\/353
|turn|70
|J|Tobes
|choice|move 4|move 1
|
|move|p2a: Tauros|Body Slam|p1a: Exeggutor
|-damage|p1a: Exeggutor|234\/393
|move|p1a: Exeggutor|Stun Spore|p2a: Tauros
|-status|p2a: Tauros|par
|
|turn|71
|choice|move 1|move 1
|
|move|p1a: Exeggutor|Psychic|p2a: Tauros
|-damage|p2a: Tauros|192\/353 par
|move|p2a: Tauros|Body Slam|p1a: Exeggutor
|-crit|p1a: Exeggutor
|-damage|p1a: Exeggutor|22\/393
|
|turn|72
|L|MattL
|choice|move 1|move 1
|
|move|p1a: Exeggutor|Psychic|p2a: Tauros
|-crit|p2a: Tauros
|-damage|p2a: Tauros|0 fnt
|faint|p2a: Tauros
|J|YABO
|choice||switch 3
|
|switch|p2a: Golem|Golem|363\/363
|turn|73
|L|flygon38
|J|dadoux
|L|Hyperflume
|choice|move 1|move 1
|
|move|p1a: Exeggutor|Psychic|p2a: Golem
|-damage|p2a: Golem|185\/363
|move|p2a: Golem|Earthquake|p1a: Exeggutor
|-resisted|p1a: Exeggutor
|-damage|p1a: Exeggutor|0 fnt
|faint|p1a: Exeggutor
|J|qsns
|choice|switch 6|
|
|switch|p1a: Tauros|Tauros|353\/353
|turn|74
|L|stathakis
|choice|move 4|move 1
|
|move|p1a: Tauros|Blizzard|p2a: Golem
|-supereffective|p2a: Golem
|-damage|p2a: Golem|0 fnt
|faint|p2a: Golem
|choice||switch 5
|
|switch|p2a: Snorlax|Snorlax|155\/523
|turn|75
|L|MoxieInfinite
|J|Ggggd
|L|Omfuga
|choice|move 3|move 3
|
|move|p1a: Tauros|Hyper Beam|p2a: Snorlax
|-damage|p2a: Snorlax|0 fnt
|faint|p2a: Snorlax
|L|OuraganGastrique
|choice||switch 6
|
|switch|p2a: Starmie|Starmie|68\/323 slp
|turn|76
|L|mccauley
|choice|move 1|move 4
|
|cant|p2a: Starmie|slp
|move|p1a: Tauros|Body Slam|p2a: Starmie
|-damage|p2a: Starmie|0 fnt
|faint|p2a: Starmie
|
|win|Golden Gyarados
|J|SketchUp
|c|★Golden Gyarados|gg
|L|Blitzamirin
|c|★TheChaser|gg
|L|dekzeh
|L|FLCL
|L|craing
|L|Pomman
|L|Dear Ophelia
|L|YABO
|L|ASackOfPotatoes
|L|reyscarface
|L|Bad Ass
|L|CasedVictory
|L|DoctorDraX
|L|Jirachee
|L|Veni Vidi Victini
|L|ZNain
|L|snagaa
|L|SoulWind
|L|qsns
|L|hyogafodex
|L|Conflict
|L|Shinmei971
|L|Asuya
|L|Sapientia
|L|FAJI
|L|MetalGro$$
|L|Fort et Beau
|L|Disenchanted
|L|KratosMana
|L|imanalt
|L|Malekith
|L|Ggggd
|L|Golden Gyarados
|player|p1
|L|LeoDamin