|J|Nails
|J|Tesung
|player|p1|Nails|282
|player|p2|Tesung|102
|gametype|singles
|gen|1
|tier|[Gen 1] OU
|seed|63535,41278,33003,54102
|rule|Sleep Clause Mod: Limit one foe put to sleep
|rule|Freeze Clause Mod: Limit one foe frozen
|rule|Species Clause: Limit one of each Pokémon
|rule|OHKO Clause: OHKO moves are banned
|rule|Evasion Moves Clause: Evasion moves are banned
|rule|HP Percentage Mod: HP is shown in percentages
|
|start
|switch|p1a: Starmie|Starmie|323\/323
|switch|p2a: Alakazam|Alakazam|313\/313
|turn|1
|choice|switch 2|move 2
|
|switch|p1a: Exeggutor|Exeggutor, M|393\/393
|move|p2a: Alakazam|Thunder Wave|p1a: Exeggutor
|-status|p1a: Exeggutor|par
|
|turn|2
|choice|move 1|move 3
|
|move|p2a: Alakazam|Seismic Toss|p1a: Exeggutor
|-damage|p1a: Exeggutor|293\/393 par
|move|p1a: Exeggutor|Sleep Powder|p2a: Alakazam
|-status|p2a: Alakazam|slp
|
|turn|3
|choice|move 1|move 3
|
|-curestatus|p2a: Alakazam|slp
|move|p1a: Exeggutor|Sleep Powder|p2a: Alakazam|[miss]
|-miss|p1a: Exeggutor
|
|turn|4
|c|★Nails|.
|c|★Tesung|-
|c|★Tesung|LOL
|c|★Nails|my misclick
|c|★Nails|failed me
|choice|move 1|move 3
|
|move|p2a: Alakazam|Seismic Toss|p1a: Exeggutor
|-damage|p1a: Exeggutor|193\/393 par
|move|p1a: Exeggutor|Sleep Powder|p2a: Alakazam|[miss]
|-miss|p1a: Exeggutor
|
|turn|5
|choice|move 1|move 3
|
|move|p2a: Alakazam|Seismic Toss|p1a: Exeggutor
|-damage|p1a: Exeggutor|93\/393 par
|cant|p1a: Exeggutor|par
|
|turn|6
|c|★Tesung|bad egg
|c|★Nails|ugh.
|choice|switch 3|move 3
|
|switch|p1a: Chansey|Chansey|703\/703
|move|p2a: Alakazam|Seismic Toss|p1a: Chansey
|-damage|p1a: Chansey|603\/703
|
|turn|7
|choice|move 1|switch 5
|
|switch|p2a: Exeggutor|Exeggutor|393\/393
|move|p1a: Chansey|Thunder Wave|p2a: Exeggutor
|-status|p2a: Exeggutor|par
|
|turn|8
|choice|move 3|move 3
|
|move|p1a: Chansey|Seismic Toss|p2a: Exeggutor
|-damage|p2a: Exeggutor|293\/393 par
|move|p2a: Exeggutor|Hyper Beam|p1a: Chansey
|-crit|p1a: Chansey
|-damage|p1a: Chansey|18\/703
|
|turn|9
|-mustrecharge|p2a: Exeggutor
|-mustrecharge|p2a: Exeggutor
|c|★Tesung|-
|c|★Nails|rude
|choice|move 4|move 1
|
|move|p1a: Chansey|Soft-Boiled|p1a: Chansey
|-heal|p1a: Chansey|369\/703
|cant|p2a: Exeggutor|recharge
|
|turn|10
|choice|switch 3|move 4
|
|switch|p1a: Exeggutor|Exeggutor, M|93\/393 par
|move|p2a: Exeggutor|Sleep Powder|p1a: Exeggutor
|-fail|p1a: Exeggutor
|
|turn|11
|c|★Tesung|nice
|choice|move 4|move 3
|
|move|p1a: Exeggutor|Explosion|p2a: Exeggutor
|-crit|p2a: Exeggutor
|-damage|p2a: Exeggutor|0 fnt
|faint|p2a: Exeggutor
|faint|p1a: Exeggutor
|c|★Nails|got it
|c|★Tesung|gotme
|choice|switch 2|switch 5
|
|switch|p2a: Alakazam|Alakazam|313\/313
|switch|p1a: Starmie|Starmie|323\/323
|turn|12
|choice|switch 3|move 2
|
|switch|p1a: Chansey|Chansey|369\/703
|move|p2a: Alakazam|Thunder Wave|p1a: Chansey
|-status|p1a: Chansey|par
|
|turn|13
|choice|move 4|move 1
|
|move|p2a: Alakazam|Psychic|p1a: Chansey
|-damage|p1a: Chansey|248\/703 par
|cant|p1a: Chansey|par
|
|turn|14
|choice|move 4|switch 6
|
|switch|p2a: Snorlax|Snorlax|523\/523
|move|p1a: Chansey|Soft-Boiled|p1a: Chansey
|-heal|p1a: Chansey|599\/703 par
|
|turn|15
|choice|move 1|move 3
|
|move|p2a: Snorlax|Body Slam|p1a: Chansey
|-damage|p1a: Chansey|307\/703 par
|move|p1a: Chansey|Thunder Wave|p2a: Snorlax
|-status|p2a: Snorlax|par
|
|turn|16
|choice|move 4|move 3
|
|move|p1a: Chansey|Soft-Boiled|p1a: Chansey
|-heal|p1a: Chansey|658\/703 par
|move|p2a: Snorlax|Body Slam|p1a: Chansey
|-damage|p1a: Chansey|355\/703 par
|
|turn|17
|choice|move 2|move 3
|
|cant|p1a: Chansey|par
|move|p2a: Snorlax|Body Slam|p1a: Chansey
|-damage|p1a: Chansey|63\/703 par
|
|turn|18
|choice|switch 4|move 1
|
|switch|p1a: Golem|Golem, M|363\/363
|move|p2a: Snorlax|Hyper Beam|p1a: Golem
|-resisted|p1a: Golem
|-damage|p1a: Golem|288\/363
|
|turn|19
|-mustrecharge|p2a: Snorlax
|J|B& KC
|-mustrecharge|p2a: Snorlax
|choice|move 1|move 1
|
|move|p1a: Golem|Earthquake|p2a: Snorlax
|-damage|p2a: Snorlax|372\/523 par
|cant|p2a: Snorlax|recharge
|
|turn|20
|choice|move 2|move 4
|
|move|p1a: Golem|Body Slam|p2a: Snorlax
|-damage|p2a: Snorlax|278\/523 par
|move|p2a: Snorlax|Earthquake|p1a: Golem
|-supereffective|p1a: Golem
|-damage|p1a: Golem|139\/363
|
|turn|21
|choice|move 4|move 4
|
|move|p1a: Golem|Explosion|p2a: Snorlax
|-damage|p2a: Snorlax|0 fnt
|faint|p2a: Snorlax
|faint|p1a: Golem
|choice|switch 6|switch 2
|
|switch|p2a: Starmie|Starmie|323\/323
|switch|p1a: Snorlax|Snorlax, M|523\/523
|turn|22
|choice|move 1|move 3
|
|move|p2a: Starmie|Thunder Wave|p1a: Snorlax
|-status|p1a: Snorlax|par
|move|p1a: Snorlax|Body Slam|p2a: Starmie
|-damage|p2a: Starmie|204\/323
|-status|p2a: Starmie|par
|
|turn|23
|c|★Nails|i swear to god these marco teams are more hood
|c|★Nails|than cbb's ttar
|c|★Tesung|lol
|choice|move 1|move 2
|
|cant|p2a: Starmie|par
|cant|p1a: Snorlax|par
|
|turn|24
|choice|move 1|move 2
|
|move|p2a: Starmie|Recover|p2a: Starmie
|-heal|p2a: Starmie|323\/323 par
|move|p1a: Snorlax|Body Slam|p2a: Starmie
|-damage|p2a: Starmie|213\/323 par
|
|turn|25
|choice|move 1|move 1
|
|move|p2a: Starmie|Blizzard|p1a: Snorlax|[miss]
|-miss|p2a: Starmie
|move|p1a: Snorlax|Body Slam|p2a: Starmie
|-damage|p2a: Starmie|89\/323 par
|
|turn|26
|choice|move 1|move 2
|
|move|p2a: Starmie|Recover|p2a: Starmie
|-heal|p2a: Starmie|250\/323 par
|move|p1a: Snorlax|Body Slam|p2a: Starmie
|-damage|p2a: Starmie|139\/323 par
|
|turn|27
|choice|move 1|move 2
|
|cant|p2a: Starmie|par
|move|p1a: Snorlax|Body Slam|p2a: Starmie
|-damage|p2a: Starmie|15\/323 par
|
|turn|28
|choice|move 1|move 2
|
|move|p2a: Starmie|Recover|p2a: Starmie
|-heal|p2a: Starmie|176\/323 par
|move|p1a: Snorlax|Body Slam|p2a: Starmie
|-damage|p2a: Starmie|55\/323 par
|
|turn|29
|choice|move 1|move 2
|
|cant|p2a: Starmie|par
|move|p1a: Snorlax|Body Slam|p2a: Starmie
|-damage|p2a: Starmie|0 fnt
|faint|p2a: Starmie
|c|★Nails|k w\/e lax is a god
|choice||switch 4
|
|switch|p2a: Tauros|Tauros|353\/353
|turn|30
|c|★Tesung|lol
|choice|move 3|move 1
|
|move|p2a: Tauros|Body Slam|p1a: Snorlax
|-damage|p1a: Snorlax|398\/523 par
|move|p1a: Snorlax|Reflect|p1a: Snorlax
|-start|p1a: Snorlax|Reflect
|
|turn|31
|choice|move 1|switch 6
|
|switch|p2a: Alakazam|Alakazam|313\/313
|cant|p1a: Snorlax|par
|
|turn|32
|choice|move 1|move 1
|
|move|p2a: Alakazam|Psychic|p1a: Snorlax
|-damage|p1a: Snorlax|224\/523 par
|move|p1a: Snorlax|Body Slam|p2a: Alakazam
|-damage|p2a: Alakazam|148\/313
|-status|p2a: Alakazam|par
|
|turn|33
|choice|move 1|move 1
|
|move|p2a: Alakazam|Psychic|p1a: Snorlax
|-crit|p1a: Snorlax
|-damage|p1a: Snorlax|0 fnt
|faint|p1a: Snorlax
|c|★Tesung|good
|choice|switch 5|
|
|switch|p1a: Kingler|Kingler, M|313\/313
|turn|34
|c|★Tesung|hngg
|choice|move 4|move 2
|
|move|p1a: Kingler|Hyper Beam|p2a: Alakazam
|-damage|p2a: Alakazam|0 fnt
|faint|p2a: Alakazam
|choice||switch 3
|
|switch|p2a: Jolteon|Jolteon|333\/333
|turn|35
|c|★Tesung|its here
|c|★Nails|still have no clue
|c|★Nails|why this isnt a tauros
|choice|switch 4|move 4
|
|switch|p1a: Chansey|Chansey|63\/703 par
|move|p2a: Jolteon|Thunderbolt|p1a: Chansey
|-damage|p1a: Chansey|0 fnt
|faint|p1a: Chansey
|J|LT2 Fly Away
|c|★Tesung|LOl
|choice|switch 3|
|
|switch|p1a: Starmie|Starmie|323\/323
|turn|36
|c|★Tesung|just as good of lategame sweeper
|c|★Tesung|yn
|c|★Nails|sure why not.
|choice|move 3|switch 6
|
|switch|p2a: Tauros|Tauros|353\/353
|move|p1a: Starmie|Thunder Wave|p2a: Tauros
|-status|p2a: Tauros|par
|
|turn|37
|choice|move 2|move 1
|
|move|p1a: Starmie|Psychic|p2a: Tauros
|-damage|p2a: Tauros|219\/353 par
|move|p2a: Tauros|Body Slam|p1a: Starmie
|-damage|p1a: Starmie|211\/323
|
|turn|38
|choice|move 2|move 1
|
|move|p1a: Starmie|Psychic|p2a: Tauros
|-crit|p2a: Tauros
|-damage|p2a: Tauros|0 fnt
|faint|p2a: Tauros
|choice||switch 6
|
|switch|p2a: Jolteon|Jolteon|333\/333
|turn|39
|c|★Nails|.
|c|★Nails|.
|c|★Nails|.
|c|★Nails|.
|c|★Nails|.
|c|★Tesung|LOL
|choice|move 3|move 4
|
|move|p2a: Jolteon|Thunderbolt|p1a: Starmie
|-supereffective|p1a: Starmie
|-damage|p1a: Starmie|0 fnt
|faint|p1a: Starmie
|choice|switch 4|
|
|switch|p1a: Kingler|Kingler, M|313\/313
|turn|40
|c|★Tesung|u had to get me to fp
|c|★Tesung|befor u para
|c|★Nails|yes.
|choice|move 3|move 4
|
|move|p2a: Jolteon|Thunderbolt|p1a: Kingler
|-supereffective|p1a: Kingler
|-damage|p1a: Kingler|0 fnt
|faint|p1a: Kingler
|
|win|Tesung