|inactive|Battle timer is ON: inactive players will automatically lose when time's up.
|J|marcoasd
|J|SunnyORAS
|player|p1|marcoasd|1
|player|p2|SunnyORAS|102
|gametype|singles
|gen|1
|tier|[Gen 1] OU
|rule|Sleep Clause Mod: Limit one foe put to sleep
|rule|Freeze Clause Mod: Limit one foe frozen
|rule|Species Clause: Limit one of each Pokémon
|rule|OHKO Clause: OHKO moves are banned
|rule|Evasion Moves Clause: Evasion moves are banned
|rule|HP Percentage Mod: HP is shown in percentages
|
|start
|switch|p1a: Alakazam|Alakazam|313\/313
|switch|p2a: Alakazam|Alakazam|313\/313
|turn|1
|
|move|p2a: Alakazam|Thunder Wave|p1a: Alakazam
|-status|p1a: Alakazam|par
|move|p1a: Alakazam|Thunder Wave|p2a: Alakazam
|-status|p2a: Alakazam|par
|
|turn|2
|
|cant|p2a: Alakazam|par
|move|p1a: Alakazam|Seismic Toss|p2a: Alakazam
|-damage|p2a: Alakazam|213\/313 par
|
|turn|3
|
|move|p1a: Alakazam|Seismic Toss|p2a: Alakazam
|-damage|p2a: Alakazam|113\/313 par
|move|p2a: Alakazam|Recover|p2a: Alakazam
|-heal|p2a: Alakazam|269\/313 par
|
|turn|4
|
|move|p2a: Alakazam|Seismic Toss|p1a: Alakazam
|-damage|p1a: Alakazam|213\/313 par
|move|p1a: Alakazam|Psychic|p2a: Alakazam
|-resisted|p2a: Alakazam
|-damage|p2a: Alakazam|218\/313 par
|
|turn|5
|
|cant|p2a: Alakazam|par
|move|p1a: Alakazam|Recover|p1a: Alakazam
|-heal|p1a: Alakazam|313\/313 par
|
|turn|6
|
|move|p2a: Alakazam|Recover|p2a: Alakazam
|-heal|p2a: Alakazam|313\/313 par
|move|p1a: Alakazam|Seismic Toss|p2a: Alakazam
|-damage|p2a: Alakazam|213\/313 par
|
|turn|7
|
|move|p2a: Alakazam|Recover|p2a: Alakazam
|-heal|p2a: Alakazam|313\/313 par
|move|p1a: Alakazam|Seismic Toss|p2a: Alakazam
|-damage|p2a: Alakazam|213\/313 par
|
|turn|8
|J|TraceofLife
|
|move|p1a: Alakazam|Seismic Toss|p2a: Alakazam
|-damage|p2a: Alakazam|113\/313 par
|move|p2a: Alakazam|Recover|p2a: Alakazam
|-heal|p2a: Alakazam|269\/313 par
|
|turn|9
|
|move|p2a: Alakazam|Seismic Toss|p1a: Alakazam
|-damage|p1a: Alakazam|213\/313 par
|cant|p1a: Alakazam|par
|
|turn|10
|
|switch|p2a: Snorlax|Snorlax|523\/523
|move|p1a: Alakazam|Recover|p1a: Alakazam
|-heal|p1a: Alakazam|313\/313 par
|
|turn|11
|
|switch|p2a: Alakazam|Alakazam|269\/313 par
|cant|p1a: Alakazam|par
|
|turn|12
|
|cant|p1a: Alakazam|par
|move|p2a: Alakazam|Seismic Toss|p1a: Alakazam
|-damage|p1a: Alakazam|213\/313 par
|
|turn|13
|L|TraceofLife
|
|switch|p2a: Snorlax|Snorlax|523\/523
|move|p1a: Alakazam|Recover|p1a: Alakazam
|-heal|p1a: Alakazam|313\/313 par
|
|turn|14
|
|switch|p2a: Alakazam|Alakazam|269\/313 par
|switch|p1a: Slowbro|Slowbro|393\/393
|
|turn|15
|
|switch|p2a: Exeggutor|Exeggutor|393\/393
|move|p1a: Slowbro|Thunder Wave|p2a: Exeggutor
|-status|p2a: Exeggutor|par
|
|turn|16
|
|switch|p1a: Alakazam|Alakazam|313\/313 par
|move|p2a: Exeggutor|Leech Seed|p1a: Alakazam
|-start|p1a: Alakazam|move: Leech Seed
|
|turn|17
|
|switch|p2a: Alakazam|Alakazam|269\/313 par
|cant|p1a: Alakazam|par
|-damage|p1a: Alakazam|294\/313 par|[from] Leech Seed|[of] p2a: Alakazam
|-heal|p2a: Alakazam|288\/313 par|[silent]
|
|turn|18
|
|switch|p1a: Slowbro|Slowbro|393\/393
|switch|p2a: Snorlax|Snorlax|523\/523
|
|turn|19
|
|switch|p2a: Exeggutor|Exeggutor|393\/393 par
|switch|p1a: Moltres|Moltres|383\/383
|
|turn|20
|
|switch|p2a: Rhydon|Rhydon|413\/413
|move|p1a: Moltres|Fire Spin|p2a: Rhydon|[miss]
|-miss|p1a: Moltres
|
|turn|21
|
|switch|p1a: Exeggutor|Exeggutor|393\/393
|move|p2a: Rhydon|Body Slam|p1a: Exeggutor
|-damage|p1a: Exeggutor|312\/393
|
|turn|22
|
|switch|p2a: Alakazam|Alakazam|288\/313 par
|move|p1a: Exeggutor|Psychic|p2a: Alakazam
|-resisted|p2a: Alakazam
|-damage|p2a: Alakazam|241\/313 par
|
|turn|23
|
|move|p1a: Exeggutor|Psychic|p2a: Alakazam
|-resisted|p2a: Alakazam
|-damage|p2a: Alakazam|193\/313 par
|move|p2a: Alakazam|Seismic Toss|p1a: Exeggutor
|-damage|p1a: Exeggutor|212\/393
|
|turn|24
|
|move|p1a: Exeggutor|Psychic|p2a: Alakazam
|-resisted|p2a: Alakazam
|-damage|p2a: Alakazam|146\/313 par
|move|p2a: Alakazam|Recover|p2a: Alakazam
|-heal|p2a: Alakazam|302\/313 par
|
|turn|25
|
|switch|p1a: Alakazam|Alakazam|294\/313 par
|move|p2a: Alakazam|Seismic Toss|p1a: Alakazam
|-damage|p1a: Alakazam|194\/313 par
|
|turn|26
|
|switch|p2a: Snorlax|Snorlax|523\/523
|move|p1a: Alakazam|Recover|p1a: Alakazam
|-heal|p1a: Alakazam|313\/313 par
|
|turn|27
|
|switch|p2a: Alakazam|Alakazam|302\/313 par
|move|p1a: Alakazam|Thunder Wave|p2a: Alakazam
|-fail|p2a: Alakazam|par
|
|turn|28
|
|move|p1a: Alakazam|Psychic|p2a: Alakazam
|-crit|p2a: Alakazam
|-resisted|p2a: Alakazam
|-damage|p2a: Alakazam|198\/313 par
|move|p2a: Alakazam|Seismic Toss|p1a: Alakazam
|-damage|p1a: Alakazam|213\/313 par
|
|turn|29
|
|switch|p2a: Snorlax|Snorlax|523\/523
|move|p1a: Alakazam|Psychic|p2a: Snorlax
|-damage|p2a: Snorlax|348\/523
|
|turn|30
|
|switch|p1a: Chansey|Chansey|703\/703
|move|p2a: Snorlax|Body Slam|p1a: Chansey
|-damage|p1a: Chansey|407\/703
|
|turn|31
|
|move|p1a: Chansey|Soft-Boiled|p1a: Chansey
|-heal|p1a: Chansey|703\/703
|move|p2a: Snorlax|Body Slam|p1a: Chansey
|-damage|p1a: Chansey|412\/703
|
|turn|32
|
|switch|p2a: Alakazam|Alakazam|198\/313 par
|move|p1a: Chansey|Soft-Boiled|p1a: Chansey
|-heal|p1a: Chansey|703\/703
|
|turn|33
|
|move|p1a: Chansey|Seismic Toss|p2a: Alakazam
|-damage|p2a: Alakazam|98\/313 par
|move|p2a: Alakazam|Recover|p2a: Alakazam
|-heal|p2a: Alakazam|254\/313 par
|
|turn|34
|
|switch|p1a: Alakazam|Alakazam|213\/313 par
|move|p2a: Alakazam|Psychic|p1a: Alakazam
|-resisted|p1a: Alakazam
|-damage|p1a: Alakazam|161\/313 par
|
|turn|35
|
|move|p2a: Alakazam|Seismic Toss|p1a: Alakazam
|-damage|p1a: Alakazam|61\/313 par
|move|p1a: Alakazam|Psychic|p2a: Alakazam
|-resisted|p2a: Alakazam
|-damage|p2a: Alakazam|203\/313 par
|-unboost|p2a: Alakazam|spd|1
|-unboost|p2a: Alakazam|spa|1
|
|turn|36
|
|switch|p2a: Snorlax|Snorlax|348\/523
|move|p1a: Alakazam|Recover|p1a: Alakazam
|-heal|p1a: Alakazam|217\/313 par
|
|turn|37
|
|switch|p1a: Chansey|Chansey|703\/703
|move|p2a: Snorlax|Body Slam|p1a: Chansey
|-damage|p1a: Chansey|391\/703
|
|turn|38
|
|switch|p2a: Jynx|Jynx|333\/333
|move|p1a: Chansey|Soft-Boiled|p1a: Chansey
|-heal|p1a: Chansey|703\/703
|
|turn|39
|
|switch|p1a: Slowbro|Slowbro|393\/393
|move|p2a: Jynx|Blizzard|p1a: Slowbro
|-resisted|p1a: Slowbro
|-damage|p1a: Slowbro|308\/393
|
|turn|40
|
|switch|p1a: Alakazam|Alakazam|217\/313 par
|move|p2a: Jynx|Blizzard|p1a: Alakazam
|-damage|p1a: Alakazam|107\/313 par
|
|turn|41
|
|move|p2a: Jynx|Blizzard|p1a: Alakazam
|-damage|p1a: Alakazam|0 fnt
|faint|p1a: Alakazam
|c|★marcoasd|nice
|c|★SunnyORAS|ty
|
|switch|p1a: Tauros|Tauros|353\/353
|turn|42
|
|switch|p2a: Exeggutor|Exeggutor|393\/393 par
|move|p1a: Tauros|Body Slam|p2a: Exeggutor
|-damage|p2a: Exeggutor|275\/393 par
|
|turn|43
|
|switch|p1a: Exeggutor|Exeggutor|212\/393
|move|p2a: Exeggutor|Leech Seed|p1a: Exeggutor|[miss]
|-miss|p2a: Exeggutor
|
|turn|44
|
|move|p1a: Exeggutor|Psychic|p2a: Exeggutor
|-resisted|p2a: Exeggutor
|-damage|p2a: Exeggutor|226\/393 par
|move|p2a: Exeggutor|Stun Spore|p1a: Exeggutor
|-status|p1a: Exeggutor|par
|
|turn|45
|
|cant|p1a: Exeggutor|par
|move|p2a: Exeggutor|Psychic|p1a: Exeggutor
|-resisted|p1a: Exeggutor
|-damage|p1a: Exeggutor|161\/393 par
|
|turn|46
|
|switch|p2a: Jynx|Jynx|333\/333
|move|p1a: Exeggutor|Explosion|p2a: Jynx
|-damage|p2a: Jynx|0 fnt
|faint|p2a: Jynx
|faint|p1a: Exeggutor
|c|★SunnyORAS|shit
|
|switch|p1a: Tauros|Tauros|353\/353
|switch|p2a: Chansey|Chansey|703\/703
|turn|47
|
|switch|p1a: Chansey|Chansey|703\/703
|move|p2a: Chansey|Thunder Wave|p1a: Chansey
|-status|p1a: Chansey|par
|
|turn|48
|
|switch|p2a: Alakazam|Alakazam|203\/313 par
|move|p1a: Chansey|Reflect|p1a: Chansey
|-start|p1a: Chansey|Reflect
|
|turn|49
|
|move|p2a: Alakazam|Recover|p2a: Alakazam
|-heal|p2a: Alakazam|313\/313 par
|move|p1a: Chansey|Seismic Toss|p2a: Alakazam
|-damage|p2a: Alakazam|213\/313 par
|
|turn|50
|
|cant|p2a: Alakazam|par
|move|p1a: Chansey|Seismic Toss|p2a: Alakazam
|-damage|p2a: Alakazam|113\/313 par
|
|turn|51
|c|★SunnyORAS|,,,,
|
|switch|p1a: Tauros|Tauros|353\/353
|cant|p2a: Alakazam|par
|
|turn|52
|c|★SunnyORAS|recover n_n
|
|switch|p2a: Rhydon|Rhydon|413\/413
|move|p1a: Tauros|Earthquake|p2a: Rhydon
|-supereffective|p2a: Rhydon
|-damage|p2a: Rhydon|281\/413
|
|turn|53
|
|switch|p2a: Chansey|Chansey|703\/703
|move|p1a: Tauros|Blizzard|p2a: Chansey
|-damage|p2a: Chansey|626\/703
|
|turn|54
|
|switch|p1a: Chansey|Chansey|703\/703 par
|switch|p2a: Snorlax|Snorlax|348\/523
|
|turn|55
|
|move|p2a: Snorlax|Reflect|p2a: Snorlax
|-start|p2a: Snorlax|Reflect
|move|p1a: Chansey|Thunder Wave|p2a: Snorlax
|-status|p2a: Snorlax|par
|
|turn|56
|
|move|p1a: Chansey|Reflect|p1a: Chansey
|-start|p1a: Chansey|Reflect
|move|p2a: Snorlax|Body Slam|p1a: Chansey
|-damage|p1a: Chansey|551\/703 par
|
|turn|57
|
|move|p1a: Chansey|Seismic Toss|p2a: Snorlax
|-damage|p2a: Snorlax|248\/523 par
|move|p2a: Snorlax|Body Slam|p1a: Chansey
|-damage|p1a: Chansey|408\/703 par
|
|turn|58
|
|move|p1a: Chansey|Soft-Boiled|p1a: Chansey
|-heal|p1a: Chansey|703\/703 par
|move|p2a: Snorlax|Rest|p2a: Snorlax
|-status|p2a: Snorlax|slp
|-heal|p2a: Snorlax|523\/523 slp|[silent]
|-status|p2a: Snorlax|slp|[from] move: Rest
|
|turn|59
|
|switch|p1a: Moltres|Moltres|383\/383
|cant|p2a: Snorlax|slp
|
|turn|60
|
|move|p1a: Moltres|Fire Blast|p2a: Snorlax
|-damage|p2a: Snorlax|326\/523 slp
|-curestatus|p2a: Snorlax|slp
|
|turn|61
|
|move|p1a: Moltres|Fire Blast|p2a: Snorlax
|-damage|p2a: Snorlax|102\/523
|-status|p2a: Snorlax|brn
|move|p2a: Snorlax|Body Slam|p1a: Moltres
|-damage|p1a: Moltres|323\/383
|-status|p1a: Moltres|par
|-damage|p2a: Snorlax|70\/523 brn|[from] brn|[of] p1a: Moltres
|
|turn|62
|
|switch|p1a: Slowbro|Slowbro|308\/393
|move|p2a: Snorlax|Rest|p2a: Snorlax
|-status|p2a: Snorlax|slp
|-heal|p2a: Snorlax|523\/523 slp|[silent]
|-status|p2a: Snorlax|slp|[from] move: Rest
|
|turn|63
|
|switch|p2a: Exeggutor|Exeggutor|226\/393 par
|move|p1a: Slowbro|Amnesia|p1a: Slowbro
|-boost|p1a: Slowbro|spd|2
|-boost|p1a: Slowbro|spa|2
|
|turn|64
|
|move|p1a: Slowbro|Psychic|p2a: Exeggutor
|-resisted|p2a: Exeggutor
|-damage|p2a: Exeggutor|147\/393 par
|move|p2a: Exeggutor|Leech Seed|p1a: Slowbro
|-start|p1a: Slowbro|move: Leech Seed
|
|turn|65
|
|switch|p1a: Moltres|Moltres|323\/383 par
|move|p2a: Exeggutor|Leech Seed|p1a: Moltres
|-start|p1a: Moltres|move: Leech Seed
|
|turn|66
|
|switch|p2a: Rhydon|Rhydon|281\/413
|move|p1a: Moltres|Fire Blast|p2a: Rhydon
|-resisted|p2a: Rhydon
|-damage|p2a: Rhydon|142\/413
|-status|p2a: Rhydon|brn
|-damage|p1a: Moltres|300\/383 par|[from] Leech Seed|[of] p2a: Rhydon
|-heal|p2a: Rhydon|165\/413 brn|[silent]
|
|turn|67
|c|★SunnyORAS|:<
|c|★SunnyORAS|fair :P
|
|switch|p2a: Exeggutor|Exeggutor|147\/393 par
|switch|p1a: Tauros|Tauros|353\/353
|
|turn|68
|c|★marcoasd|no tauros no party
|
|switch|p2a: Chansey|Chansey|626\/703
|move|p1a: Tauros|Hyper Beam|p2a: Chansey
|-damage|p2a: Chansey|143\/703
|
|turn|69
|-mustrecharge|p1a: Tauros
|-mustrecharge|p1a: Tauros
|
|cant|p1a: Tauros|recharge
|move|p2a: Chansey|Thunder Wave|p1a: Tauros
|-status|p1a: Tauros|par
|
|turn|70
|
|move|p2a: Chansey|Soft-Boiled|p2a: Chansey
|-heal|p2a: Chansey|494\/703
|move|p1a: Tauros|Body Slam|p2a: Chansey
|-crit|p2a: Chansey
|-damage|p2a: Chansey|0 fnt
|faint|p2a: Chansey
|c|★SunnyORAS|n_______n
|J|BahaWin
|
|switch|p2a: Alakazam|Alakazam|113\/313 par
|turn|71
|
|move|p2a: Alakazam|Psychic|p1a: Tauros
|-damage|p1a: Tauros|193\/353 par
|-unboost|p1a: Tauros|spd|1
|-unboost|p1a: Tauros|spa|1
|cant|p1a: Tauros|par
|
|turn|72
|
|switch|p1a: Slowbro|Slowbro|308\/393
|move|p2a: Alakazam|Psychic|p1a: Slowbro
|-resisted|p1a: Slowbro
|-damage|p1a: Slowbro|236\/393
|
|turn|73
|
|move|p1a: Slowbro|Amnesia|p1a: Slowbro
|-boost|p1a: Slowbro|spd|2
|-boost|p1a: Slowbro|spa|2
|move|p2a: Alakazam|Recover|p2a: Alakazam
|-heal|p2a: Alakazam|269\/313 par
|
|turn|74
|
|move|p1a: Slowbro|Amnesia|p1a: Slowbro
|-boost|p1a: Slowbro|spd|2
|-boost|p1a: Slowbro|spa|2
|move|p2a: Alakazam|Thunder Wave|p1a: Slowbro
|-status|p1a: Slowbro|par
|
|turn|75
|
|move|p1a: Slowbro|Amnesia|p1a: Slowbro
|-boost|p1a: Slowbro|spd|2
|-boost|p1a: Slowbro|spa|2
|move|p2a: Alakazam|Seismic Toss|p1a: Slowbro
|-damage|p1a: Slowbro|136\/393 par
|
|turn|76
|
|move|p1a: Slowbro|Rest|p1a: Slowbro
|-status|p1a: Slowbro|slp
|-heal|p1a: Slowbro|393\/393 slp|[silent]
|-status|p1a: Slowbro|slp|[from] move: Rest
|move|p2a: Alakazam|Seismic Toss|p1a: Slowbro
|-damage|p1a: Slowbro|293\/393 slp
|
|turn|77
|
|cant|p1a: Slowbro|slp
|move|p2a: Alakazam|Seismic Toss|p1a: Slowbro
|-damage|p1a: Slowbro|193\/393 slp
|
|turn|78
|
|-curestatus|p1a: Slowbro|slp
|move|p2a: Alakazam|Seismic Toss|p1a: Slowbro
|-damage|p1a: Slowbro|93\/393
|
|turn|79
|
|switch|p2a: Exeggutor|Exeggutor|147\/393 par
|move|p1a: Slowbro|Rest|p1a: Slowbro
|-status|p1a: Slowbro|slp
|-heal|p1a: Slowbro|393\/393 slp|[silent]
|-status|p1a: Slowbro|slp|[from] move: Rest
|
|turn|80
|
|cant|p2a: Exeggutor|par
|cant|p1a: Slowbro|slp
|
|turn|81
|
|switch|p1a: Chansey|Chansey|703\/703 par
|move|p2a: Exeggutor|Leech Seed|p1a: Chansey
|-start|p1a: Chansey|move: Leech Seed
|
|turn|82
|
|switch|p2a: Snorlax|Snorlax|523\/523 slp
|switch|p1a: Moltres|Moltres|300\/383 par
|
|turn|83
|J|During Summer
|
|switch|p2a: Rhydon|Rhydon|165\/413 brn
|-damage|p2a: Rhydon|140\/413 brn|[from] brn
|switch|p1a: Slowbro|Slowbro|393\/393 slp
|
|turn|84
|c|+During Summer|è per qualcosa?
|
|switch|p2a: Exeggutor|Exeggutor|147\/393 par
|-curestatus|p1a: Slowbro|slp
|
|turn|85
|c|★marcoasd|torneo di pp
|c|★marcoasd|underdogs
|c|+During Summer|ah fico
|
|switch|p1a: Chansey|Chansey|703\/703 par
|move|p2a: Exeggutor|Leech Seed|p1a: Chansey
|-start|p1a: Chansey|move: Leech Seed
|
|turn|86
|
|switch|p2a: Alakazam|Alakazam|269\/313 par
|cant|p1a: Chansey|par
|-damage|p1a: Chansey|660\/703 par|[from] Leech Seed|[of] p2a: Alakazam
|-heal|p2a: Alakazam|312\/313 par|[silent]
|
|turn|87
|
|switch|p1a: Slowbro|Slowbro|393\/393
|cant|p2a: Alakazam|par
|
|turn|88
|
|move|p1a: Slowbro|Amnesia|p1a: Slowbro
|-boost|p1a: Slowbro|spd|2
|-boost|p1a: Slowbro|spa|2
|move|p2a: Alakazam|Seismic Toss|p1a: Slowbro
|-damage|p1a: Slowbro|293\/393
|
|turn|89
|
|move|p1a: Slowbro|Amnesia|p1a: Slowbro
|-boost|p1a: Slowbro|spd|2
|-boost|p1a: Slowbro|spa|2
|cant|p2a: Alakazam|par
|
|turn|90
|
|move|p1a: Slowbro|Psychic|p2a: Alakazam
|-resisted|p2a: Alakazam
|-damage|p2a: Alakazam|202\/313 par
|-unboost|p2a: Alakazam|spd|1
|-unboost|p2a: Alakazam|spa|1
|cant|p2a: Alakazam|par
|
|turn|91
|
|move|p1a: Slowbro|Psychic|p2a: Alakazam
|-resisted|p2a: Alakazam
|-damage|p2a: Alakazam|27\/313 par
|move|p2a: Alakazam|Thunder Wave|p1a: Slowbro
|-status|p1a: Slowbro|par
|
|turn|92
|c|★SunnyORAS|a lil luck plz
|
|move|p1a: Slowbro|Psychic|p2a: Alakazam
|-crit|p2a: Alakazam
|-resisted|p2a: Alakazam
|-damage|p2a: Alakazam|0 fnt
|faint|p2a: Alakazam
|
|switch|p2a: Exeggutor|Exeggutor|147\/393 par
|turn|93
|c|★SunnyORAS|ggz man
|
|switch|p1a: Chansey|Chansey|660\/703 par
|move|p2a: Exeggutor|Leech Seed|p1a: Chansey
|-start|p1a: Chansey|move: Leech Seed
|
|turn|94
|J|DaSpoofy
|
|switch|p2a: Snorlax|Snorlax|523\/523 slp
|move|p1a: Chansey|Seismic Toss|p2a: Snorlax
|-damage|p2a: Snorlax|423\/523 slp
|-damage|p1a: Chansey|617\/703 par|[from] Leech Seed|[of] p2a: Snorlax
|-heal|p2a: Snorlax|466\/523 slp|[silent]
|
|turn|95
|L|DaSpoofy
|
|switch|p1a: Slowbro|Slowbro|293\/393 par
|cant|p2a: Snorlax|slp
|
|turn|96
|c|★SunnyORAS|maybe not hmm
|
|-curestatus|p2a: Snorlax|slp
|cant|p1a: Slowbro|par
|
|turn|97
|
|move|p2a: Snorlax|Body Slam|p1a: Slowbro
|-damage|p1a: Slowbro|201\/393 par
|move|p1a: Slowbro|Thunder Wave|p2a: Snorlax
|-status|p2a: Snorlax|par
|
|turn|98
|
|switch|p2a: Exeggutor|Exeggutor|147\/393 par
|move|p1a: Slowbro|Amnesia|p1a: Slowbro
|-boost|p1a: Slowbro|spd|2
|-boost|p1a: Slowbro|spa|2
|
|turn|99
|
|cant|p1a: Slowbro|par
|move|p2a: Exeggutor|Leech Seed|p1a: Slowbro
|-start|p1a: Slowbro|move: Leech Seed
|
|turn|100
|
|move|p1a: Slowbro|Psychic|p2a: Exeggutor
|-resisted|p2a: Exeggutor
|-damage|p2a: Exeggutor|75\/393 par
|-damage|p1a: Slowbro|177\/393 par|[from] Leech Seed|[of] p2a: Exeggutor
|-heal|p2a: Exeggutor|99\/393 par|[silent]
|cant|p2a: Exeggutor|par
|
|turn|101
|
|cant|p1a: Slowbro|par
|-damage|p1a: Slowbro|153\/393 par|[from] Leech Seed|[of] p2a: Exeggutor
|-heal|p2a: Exeggutor|123\/393 par|[silent]
|move|p2a: Exeggutor|Rest|p2a: Exeggutor
|-status|p2a: Exeggutor|slp
|-heal|p2a: Exeggutor|393\/393 slp|[silent]
|-status|p2a: Exeggutor|slp|[from] move: Rest
|
|turn|102
|c|★SunnyORAS|not over yet huehue
|
|switch|p2a: Snorlax|Snorlax|466\/523 par
|cant|p1a: Slowbro|par
|-damage|p1a: Slowbro|129\/393 par|[from] Leech Seed|[of] p2a: Snorlax
|-heal|p2a: Snorlax|490\/523 par|[silent]
|
|turn|103
|
|cant|p1a: Slowbro|par
|-damage|p1a: Slowbro|105\/393 par|[from] Leech Seed|[of] p2a: Snorlax
|-heal|p2a: Snorlax|514\/523 par|[silent]
|cant|p2a: Snorlax|par
|
|turn|104
|
|move|p1a: Slowbro|Rest|p1a: Slowbro
|-status|p1a: Slowbro|slp
|-heal|p1a: Slowbro|393\/393 slp|[silent]
|-status|p1a: Slowbro|slp|[from] move: Rest
|-damage|p1a: Slowbro|369\/393 slp|[from] Leech Seed|[of] p2a: Snorlax
|-heal|p2a: Snorlax|523\/523 par|[silent]
|move|p2a: Snorlax|Hyper Beam|p1a: Slowbro
|-damage|p1a: Slowbro|181\/393 slp
|
|turn|105
|-mustrecharge|p2a: Snorlax
|-mustrecharge|p2a: Snorlax
|c|★SunnyORAS|shit :<
|
|cant|p1a: Slowbro|slp
|-damage|p1a: Slowbro|157\/393 slp|[from] Leech Seed|[of] p2a: Snorlax
|cant|p2a: Snorlax|recharge
|
|turn|106
|c|+During Summer|honestly
|
|switch|p1a: Moltres|Moltres|300\/383 par
|cant|p2a: Snorlax|par
|
|turn|107
|c|+During Summer|is a good move
|c|+During Summer|this beam
|
|move|p1a: Moltres|Fire Blast|p2a: Snorlax
|-damage|p2a: Snorlax|310\/523 par
|move|p2a: Snorlax|Hyper Beam|p1a: Moltres
|-damage|p1a: Moltres|100\/383 par
|
|turn|108
|-mustrecharge|p2a: Snorlax
|-mustrecharge|p2a: Snorlax
|
|cant|p1a: Moltres|par
|cant|p2a: Snorlax|recharge
|
|turn|109
|
|move|p1a: Moltres|Fire Blast|p2a: Snorlax
|-damage|p2a: Snorlax|102\/523 par
|move|p2a: Snorlax|Rest|p2a: Snorlax
|-status|p2a: Snorlax|slp
|-heal|p2a: Snorlax|523\/523 slp|[silent]
|-status|p2a: Snorlax|slp|[from] move: Rest
|
|turn|110
|
|switch|p1a: Slowbro|Slowbro|157\/393 slp
|cant|p2a: Snorlax|slp
|
|turn|111
|
|switch|p2a: Exeggutor|Exeggutor|393\/393 slp
|-curestatus|p1a: Slowbro|slp
|
|turn|112
|
|switch|p1a: Moltres|Moltres|100\/383 par
|cant|p2a: Exeggutor|slp
|
|turn|113
|
|switch|p2a: Rhydon|Rhydon|140\/413 brn
|-damage|p2a: Rhydon|115\/413 brn|[from] brn
|move|p1a: Moltres|Fire Blast|p2a: Rhydon|[miss]
|-miss|p1a: Moltres
|
|turn|114
|
|switch|p1a: Chansey|Chansey|617\/703 par
|move|p2a: Rhydon|Body Slam|p1a: Chansey
|-damage|p1a: Chansey|508\/703 par
|-damage|p2a: Rhydon|90\/413 brn|[from] brn|[of] p1a: Chansey
|
|turn|115
|
|switch|p2a: Exeggutor|Exeggutor|393\/393 slp
|cant|p1a: Chansey|par
|
|turn|116
|
|-curestatus|p2a: Exeggutor|slp
|move|p1a: Chansey|Seismic Toss|p2a: Exeggutor
|-damage|p2a: Exeggutor|293\/393
|
|turn|117
|
|move|p2a: Exeggutor|Leech Seed|p1a: Chansey
|-start|p1a: Chansey|move: Leech Seed
|move|p1a: Chansey|Thunder Wave|p2a: Exeggutor
|-status|p2a: Exeggutor|par
|-damage|p1a: Chansey|465\/703 par|[from] Leech Seed|[of] p2a: Exeggutor
|-heal|p2a: Exeggutor|336\/393 par|[silent]
|
|turn|118
|
|switch|p1a: Moltres|Moltres|100\/383 par
|move|p2a: Exeggutor|Psychic|p1a: Moltres
|-damage|p1a: Moltres|0 fnt
|faint|p1a: Moltres
|c|★marcoasd|a+
|L|BahaWin
|c|★SunnyORAS|sorry
|
|switch|p1a: Tauros|Tauros|193\/353 par
|turn|119
|
|move|p1a: Tauros|Blizzard|p2a: Exeggutor
|-supereffective|p2a: Exeggutor
|-damage|p2a: Exeggutor|210\/393 par
|move|p2a: Exeggutor|Leech Seed|p1a: Tauros
|-start|p1a: Tauros|move: Leech Seed
|
|turn|120
|
|switch|p1a: Chansey|Chansey|465\/703 par
|switch|p2a: Rhydon|Rhydon|90\/413 brn
|-damage|p2a: Rhydon|65\/413 brn|[from] brn
|
|turn|121
|
|switch|p2a: Snorlax|Snorlax|523\/523 slp
|switch|p1a: Tauros|Tauros|193\/353 par
|
|turn|122
|
|switch|p1a: Slowbro|Slowbro|157\/393
|-curestatus|p2a: Snorlax|slp
|
|turn|123
|
|move|p1a: Slowbro|Thunder Wave|p2a: Snorlax
|-status|p2a: Snorlax|par
|move|p2a: Snorlax|Body Slam|p1a: Slowbro
|-damage|p1a: Slowbro|49\/393
|
|turn|124
|
|switch|p2a: Exeggutor|Exeggutor|210\/393 par
|move|p1a: Slowbro|Rest|p1a: Slowbro
|-status|p1a: Slowbro|slp
|-heal|p1a: Slowbro|393\/393 slp|[silent]
|-status|p1a: Slowbro|slp|[from] move: Rest
|
|turn|125
|c|★marcoasd|why didn't you beam
|
|cant|p1a: Slowbro|slp
|move|p2a: Exeggutor|Leech Seed|p1a: Slowbro
|-start|p1a: Slowbro|move: Leech Seed
|
|turn|126
|c|★SunnyORAS|I was scared of something idk n____n
|
|-damage|p1a: Slowbro|369\/393 slp|[from] Leech Seed|[of] p2a: Exeggutor
|-heal|p2a: Exeggutor|234\/393 par|[silent]
|-curestatus|p1a: Slowbro|slp
|move|p2a: Exeggutor|Psychic|p1a: Slowbro
|-resisted|p1a: Slowbro
|-damage|p1a: Slowbro|299\/393
|
|turn|127
|
|switch|p1a: Chansey|Chansey|465\/703 par
|move|p2a: Exeggutor|Psychic|p1a: Chansey
|-damage|p1a: Chansey|355\/703 par
|
|turn|128
|
|cant|p2a: Exeggutor|par
|move|p1a: Chansey|Soft-Boiled|p1a: Chansey
|-heal|p1a: Chansey|703\/703 par
|
|turn|129
|
|cant|p2a: Exeggutor|par
|move|p1a: Chansey|Seismic Toss|p2a: Exeggutor
|-damage|p2a: Exeggutor|134\/393 par
|
|turn|130
|
|switch|p2a: Snorlax|Snorlax|523\/523 par
|switch|p1a: Tauros|Tauros|193\/353 par
|
|turn|131
|
|move|p1a: Tauros|Body Slam|p2a: Snorlax
|-damage|p2a: Snorlax|389\/523 par
|move|p2a: Snorlax|Body Slam|p1a: Tauros
|-damage|p1a: Tauros|87\/353 par
|
|turn|132
|
|move|p1a: Tauros|Hyper Beam|p2a: Snorlax
|-damage|p2a: Snorlax|173\/523 par
|cant|p2a: Snorlax|par
|
|turn|133
|-mustrecharge|p1a: Tauros
|-mustrecharge|p1a: Tauros
|
|cant|p1a: Tauros|recharge
|cant|p2a: Snorlax|par
|
|turn|134
|c|★SunnyORAS|:<
|c|★SunnyORAS|rip
|
|move|p1a: Tauros|Hyper Beam|p2a: Snorlax|[miss]
|-miss|p1a: Tauros
|move|p2a: Snorlax|Body Slam|p1a: Tauros
|-damage|p1a: Tauros|0 fnt
|faint|p1a: Tauros
|
|switch|p1a: Slowbro|Slowbro|299\/393
|turn|135
|c|★SunnyORAS|what is this game
|
|switch|p2a: Exeggutor|Exeggutor|134\/393 par
|move|p1a: Slowbro|Amnesia|p1a: Slowbro
|-boost|p1a: Slowbro|spd|2
|-boost|p1a: Slowbro|spa|2
|
|turn|136
|
|move|p1a: Slowbro|Psychic|p2a: Exeggutor
|-resisted|p2a: Exeggutor
|-damage|p2a: Exeggutor|59\/393 par
|move|p2a: Exeggutor|Leech Seed|p1a: Slowbro
|-start|p1a: Slowbro|move: Leech Seed
|
|turn|137
|
|move|p1a: Slowbro|Psychic|p2a: Exeggutor
|-resisted|p2a: Exeggutor
|-damage|p2a: Exeggutor|0 fnt
|faint|p2a: Exeggutor
|
|switch|p2a: Rhydon|Rhydon|65\/413 brn
|turn|138
|c|★SunnyORAS|D:
|
|move|p2a: Rhydon|Earthquake|p1a: Slowbro
|-damage|p1a: Slowbro|235\/393
|-damage|p2a: Rhydon|40\/413 brn|[from] brn|[of] p1a: Slowbro
|move|p1a: Slowbro|Psychic|p2a: Rhydon
|-damage|p2a: Rhydon|0 fnt
|faint|p2a: Rhydon
|
|switch|p2a: Snorlax|Snorlax|173\/523 par
|turn|139
|c|★marcoasd|gg
|
|move|p1a: Slowbro|Psychic|p2a: Snorlax
|-damage|p2a: Snorlax|0 fnt
|faint|p2a: Snorlax
|
|win|marcoasd