|inactive|Battle timer is ON: inactive players will automatically lose when time's up.
|J|KratosMana
|J|Nails
|player|p1|KratosMana|282
|player|p2|Nails|282
|gametype|singles
|gen|1
|tier|[Gen 1] Random Battle
|seed|7136,31842,17863,34746
|rule|Sleep Clause Mod: Limit one foe put to sleep
|rule|Freeze Clause Mod: Limit one foe frozen
|rule|HP Percentage Mod: HP is shown in percentages
|
|start
|switch|p1a: Kakuna|Kakuna, L99|290\/290
|switch|p2a: Weedle|Weedle, L99|280\/280
|turn|1
|c|★Nails|nice
|c|★KratosMana|get evolved
|choice|move 1|move 2
|
|move|p2a: Weedle|Poison Sting|p1a: Kakuna
|-damage|p1a: Kakuna|275\/290
|move|p1a: Kakuna|Poison Sting|p2a: Weedle
|-damage|p2a: Weedle|262\/280
|
|turn|2
|choice|move 1|move 2
|
|move|p2a: Weedle|Poison Sting|p1a: Kakuna
|-damage|p1a: Kakuna|260\/290
|move|p1a: Kakuna|Poison Sting|p2a: Weedle
|-damage|p2a: Weedle|245\/280
|
|turn|3
|choice|move 1|move 2
|
|move|p2a: Weedle|Poison Sting|p1a: Kakuna
|-damage|p1a: Kakuna|243\/290
|move|p1a: Kakuna|Poison Sting|p2a: Weedle
|-damage|p2a: Weedle|227\/280
|
|turn|4
|choice|move 1|move 2
|
|move|p2a: Weedle|Poison Sting|p1a: Kakuna
|-damage|p1a: Kakuna|227\/290
|move|p1a: Kakuna|Poison Sting|p2a: Weedle
|-damage|p2a: Weedle|211\/280
|
|turn|5
|choice|move 1|move 2
|
|move|p2a: Weedle|Poison Sting|p1a: Kakuna
|-damage|p1a: Kakuna|211\/290
|move|p1a: Kakuna|Poison Sting|p2a: Weedle
|-damage|p2a: Weedle|195\/280
|
|turn|6
|choice|move 1|move 2
|
|move|p2a: Weedle|Poison Sting|p1a: Kakuna
|-damage|p1a: Kakuna|194\/290
|move|p1a: Kakuna|Poison Sting|p2a: Weedle
|-damage|p2a: Weedle|178\/280
|
|turn|7
|choice|move 1|move 2
|
|move|p2a: Weedle|Poison Sting|p1a: Kakuna
|-damage|p1a: Kakuna|177\/290
|move|p1a: Kakuna|Poison Sting|p2a: Weedle
|-damage|p2a: Weedle|162\/280
|
|turn|8
|choice|move 1|move 2
|
|move|p2a: Weedle|Poison Sting|p1a: Kakuna
|-damage|p1a: Kakuna|160\/290
|move|p1a: Kakuna|Poison Sting|p2a: Weedle
|-damage|p2a: Weedle|144\/280
|
|turn|9
|choice|move 1|move 2
|
|move|p2a: Weedle|Poison Sting|p1a: Kakuna
|-crit|p1a: Kakuna
|-damage|p1a: Kakuna|129\/290
|move|p1a: Kakuna|Poison Sting|p2a: Weedle
|-damage|p2a: Weedle|128\/280
|
|turn|10
|choice|move 1|move 2
|
|move|p2a: Weedle|Poison Sting|p1a: Kakuna
|-damage|p1a: Kakuna|112\/290
|move|p1a: Kakuna|Poison Sting|p2a: Weedle
|-damage|p2a: Weedle|112\/280
|
|turn|11
|choice|move 1|move 2
|
|move|p2a: Weedle|Poison Sting|p1a: Kakuna
|-damage|p1a: Kakuna|96\/290
|move|p1a: Kakuna|Poison Sting|p2a: Weedle
|-damage|p2a: Weedle|95\/280
|
|turn|12
|c|★Nails|my crit rate
|c|★KratosMana|COME ON KAKUNA
|c|★Nails|is higher.
|choice|move 1|move 2
|
|move|p2a: Weedle|Poison Sting|p1a: Kakuna
|-damage|p1a: Kakuna|78\/290
|move|p1a: Kakuna|Poison Sting|p2a: Weedle
|-damage|p2a: Weedle|78\/280
|
|turn|13
|choice|move 1|move 2
|
|move|p2a: Weedle|Poison Sting|p1a: Kakuna
|-damage|p1a: Kakuna|61\/290
|move|p1a: Kakuna|Poison Sting|p2a: Weedle
|-damage|p2a: Weedle|62\/280
|
|turn|14
|choice|move 1|move 2
|
|move|p2a: Weedle|Poison Sting|p1a: Kakuna
|-damage|p1a: Kakuna|45\/290
|move|p1a: Kakuna|Poison Sting|p2a: Weedle
|-damage|p2a: Weedle|46\/280
|
|turn|15
|choice|move 1|move 2
|
|move|p2a: Weedle|Poison Sting|p1a: Kakuna
|-damage|p1a: Kakuna|29\/290
|move|p1a: Kakuna|Poison Sting|p2a: Weedle
|-damage|p2a: Weedle|30\/280
|
|turn|16
|choice|move 1|move 2
|
|move|p2a: Weedle|Poison Sting|p1a: Kakuna
|-damage|p1a: Kakuna|12\/290
|move|p1a: Kakuna|Poison Sting|p2a: Weedle
|-damage|p2a: Weedle|13\/280
|
|turn|17
|c|★KratosMana|KAKUNA
|c|★KratosMana|U CAN THIS
|J|benbe
|choice|move 1|move 2
|
|move|p2a: Weedle|Poison Sting|p1a: Kakuna
|-damage|p1a: Kakuna|0 fnt
|faint|p1a: Kakuna
|c|★Nails|dominated.
|c|★KratosMana|NOOOOOOOOO
|L|benbe
|c|★KratosMana|why did the evolution lose
|c|★KratosMana|well i had fun.
|choice|switch 4|
|
|switch|p1a: Tauros|Tauros, L79|280\/280
|turn|18
|c|★Nails|mine is better trained
|c|★Nails|the real question
|c|★Nails|is who trains their weedle to lvl 99
|choice|move 1|move 2
|
|move|p1a: Tauros|Body Slam|p2a: Weedle
|-damage|p2a: Weedle|0 fnt
|faint|p2a: Weedle
|J|Sabella
|c|★Nails|hmm
|L|Sabella
|c|★Nails|which tauros counter
|c|★Nails|do i send out
|c|★KratosMana|mewtwo
|choice||switch 2
|
|switch|p2a: Articuno|Articuno, L79|304\/304
|turn|19
|choice|switch 3|move 1
|
|switch|p1a: Lapras|Lapras, L79|367\/367
|move|p2a: Articuno|Ice Beam|p1a: Lapras
|-resisted|p1a: Lapras
|-damage|p1a: Lapras|342\/367
|
|turn|20
|c|★Nails|this 1 imo
|choice|move 2|switch 5
|
|switch|p2a: Chansey|Chansey, L79|557\/557
|move|p1a: Lapras|Blizzard|p2a: Chansey
|-damage|p2a: Chansey|452\/557
|
|turn|21
|c|★KratosMana|.
|choice|switch 5|move 2
|
|switch|p1a: Golem|Golem, L79|288\/288
|move|p2a: Chansey|Thunder Wave|p1a: Golem
|-immune|p1a: Golem|[msg]
|
|turn|22
|choice|move 2|switch 3
|
|switch|p2a: Mew|Mew, L74|300\/300
|move|p1a: Golem|Explosion|p2a: Mew
|-damage|p2a: Mew|49\/300
|faint|p1a: Golem
|c|★Nails|?
|choice|switch 3|
|
|switch|p1a: Tauros|Tauros, L79|280\/280
|turn|23
|choice|move 1|move 2
|
|move|p1a: Tauros|Body Slam|p2a: Mew
|-damage|p2a: Mew|0 fnt
|faint|p2a: Mew
|choice||switch 4
|
|switch|p2a: Zapdos|Zapdos, L79|304\/304
|turn|24
|choice|move 1|move 1
|
|move|p1a: Tauros|Body Slam|p2a: Zapdos
|-damage|p2a: Zapdos|218\/304
|move|p2a: Zapdos|Thunder Wave|p1a: Tauros
|-status|p1a: Tauros|par
|
|turn|25
|choice|move 1|move 4
|
|move|p2a: Zapdos|Thunderbolt|p1a: Tauros
|-damage|p1a: Tauros|154\/280 par
|move|p1a: Tauros|Body Slam|p2a: Zapdos
|-damage|p2a: Zapdos|125\/304
|-status|p2a: Zapdos|par
|
|turn|26
|choice|move 4|switch 3
|
|switch|p2a: Chansey|Chansey, L79|452\/557
|move|p1a: Tauros|Hyper Beam|p2a: Chansey
|-damage|p2a: Chansey|61\/557
|
|turn|27
|-mustrecharge|p1a: Tauros
|-mustrecharge|p1a: Tauros
|choice|move 1|move 1
|
|move|p2a: Chansey|Soft-Boiled|p2a: Chansey
|-heal|p2a: Chansey|339\/557
|cant|p1a: Tauros|recharge
|
|turn|28
|choice|move 4|move 1
|
|move|p2a: Chansey|Soft-Boiled|p2a: Chansey
|-heal|p2a: Chansey|557\/557
|move|p1a: Tauros|Hyper Beam|p2a: Chansey
|-damage|p2a: Chansey|181\/557
|
|turn|29
|-mustrecharge|p1a: Tauros
|c|★KratosMana|i like ur avatar btw
|-mustrecharge|p1a: Tauros
|c|★Nails|thx
|c|★Nails|:3
|choice|move 1|move 1
|
|move|p2a: Chansey|Soft-Boiled|p2a: Chansey
|-heal|p2a: Chansey|459\/557
|cant|p1a: Tauros|recharge
|
|turn|30
|J|thecrystalonix
|choice|move 4|move 3
|
|move|p1a: Tauros|Hyper Beam|p2a: Chansey
|-damage|p2a: Chansey|54\/557
|move|p2a: Chansey|Counter|p1a: Tauros
|-damage|p1a: Tauros|0 fnt
|faint|p1a: Tauros
|choice|switch 2|
|
|switch|p1a: Mew|Mew, L74|300\/300
|turn|31
|choice|move 2|move 2
|
|move|p1a: Mew|Swift|p2a: Chansey
|-damage|p2a: Chansey|0 fnt
|faint|p2a: Chansey
|choice||switch 5
|
|switch|p2a: Articuno|Articuno, L79|304\/304
|turn|32
|choice|switch 5|move 1
|
|switch|p1a: Lapras|Lapras, L79|342\/367
|move|p2a: Articuno|Ice Beam|p1a: Lapras
|-resisted|p1a: Lapras
|-damage|p1a: Lapras|317\/367
|
|turn|33
|choice|move 2|move 2
|
|move|p2a: Articuno|Mimic|p1a: Lapras
|-start|p2a: Articuno|Mimic|Blizzard
|move|p1a: Lapras|Blizzard|p2a: Articuno
|-damage|p2a: Articuno|205\/304
|
|turn|34
|choice|move 1|move 2
|
|move|p2a: Articuno|Blizzard|p1a: Lapras
|-resisted|p1a: Lapras
|-damage|p1a: Lapras|286\/367
|move|p1a: Lapras|Thunderbolt|p2a: Articuno
|-supereffective|p2a: Articuno
|-damage|p2a: Articuno|104\/304
|
|turn|35
|c|★KratosMana|that mimic was p helpful
|choice|move 1|switch 6
|
|switch|p2a: Persian|Persian, L79|265\/265
|move|p1a: Lapras|Thunderbolt|p2a: Persian
|-crit|p2a: Persian
|-damage|p2a: Persian|113\/265
|
|turn|36
|c|★KratosMana|yn
|choice|move 2|move 1
|
|move|p2a: Persian|Slash|p1a: Lapras
|-crit|p1a: Lapras
|-damage|p1a: Lapras|159\/367
|move|p1a: Lapras|Blizzard|p2a: Persian
|-crit|p2a: Persian
|-damage|p2a: Persian|0 fnt
|faint|p2a: Persian
|c|★Nails|n
|c|★Nails|:(
|choice||switch 3
|
|switch|p2a: Zapdos|Zapdos, L79|125\/304 par
|turn|37
|choice|move 2|move 4
|
|move|p1a: Lapras|Blizzard|p2a: Zapdos
|-supereffective|p2a: Zapdos
|-damage|p2a: Zapdos|0 fnt
|faint|p2a: Zapdos
|choice||switch 6
|
|switch|p2a: Articuno|Articuno, L79|104\/304
|turn|38
|choice|switch 6|move 2
|
|switch|p1a: Starmie|Starmie, L79|257\/257
|move|p2a: Articuno|Mimic|p1a: Starmie
|-start|p2a: Articuno|Mimic|Recover
|
|turn|39
|c|★KratosMana|oh no.
|choice|switch 5|move 2
|
|switch|p1a: Mew|Mew, L74|300\/300
|move|p2a: Articuno|Recover|p2a: Articuno
|-heal|p2a: Articuno|256\/304
|
|turn|40
|choice|move 1|move 1
|
|move|p1a: Mew|Thunder Wave|p2a: Articuno
|-status|p2a: Articuno|par
|move|p2a: Articuno|Ice Beam|p1a: Mew
|-damage|p1a: Mew|188\/300
|
|turn|41
|choice|move 3|move 1
|
|move|p1a: Mew|Swords Dance|p1a: Mew
|-boost|p1a: Mew|atk|2
|move|p2a: Articuno|Ice Beam|p1a: Mew
|-damage|p1a: Mew|78\/300
|
|turn|42
|choice|move 2|move 1
|
|move|p1a: Mew|Swift|p2a: Articuno
|-crit|p2a: Articuno
|-damage|p2a: Articuno|191\/304 par
|move|p2a: Articuno|Ice Beam|p1a: Mew
|-crit|p1a: Mew
|-damage|p1a: Mew|0 fnt
|faint|p1a: Mew
|choice|switch 6|
|
|switch|p1a: Lapras|Lapras, L79|159\/367
|turn|43
|choice|move 1|move 2
|
|move|p1a: Lapras|Thunderbolt|p2a: Articuno
|-supereffective|p2a: Articuno
|-damage|p2a: Articuno|99\/304 par
|cant|p2a: Articuno|par
|
|turn|44
|choice|move 1|move 2
|
|move|p1a: Lapras|Thunderbolt|p2a: Articuno
|-supereffective|p2a: Articuno
|-damage|p2a: Articuno|0 fnt
|faint|p2a: Articuno
|
|win|KratosMana