|J|Golden Gyarados
|J|MetalGro$$
|player|p1|Golden Gyarados|37
|player|p2|MetalGro$$|226
|gametype|singles
|gen|1
|tier|[Gen 1] OU
|seed|
|rule|Sleep Clause Mod: Limit one foe put to sleep
|rule|Freeze Clause Mod: Limit one foe frozen
|rule|Species Clause: Limit one of each Pokémon
|rule|OHKO Clause: OHKO moves are banned
|rule|Evasion Moves Clause: Evasion moves are banned
|rule|HP Percentage Mod: HP is shown in percentages
|
|start
|switch|p1a: Jynx|Jynx|100\/100
|switch|p2a: Jamie|Gengar, M|100\/100
|turn|1
|J|Esteemed User
|J|ReshiRampage
|J|ABR
|c|★MetalGro$$|gl hf
|J|Soulgazer
|J|Triangles RSE
|choice||
|
|move|p2a: Jamie|Hypnosis|p1a: Jynx
|-status|p1a: Jynx|slp
|-curestatus|p1a: Jynx|slp
|
|turn|2
|c|★MetalGro$$|another one
|choice||
|
|move|p2a: Jamie|Hypnosis|p1a: Jynx
|-status|p1a: Jynx|slp
|-curestatus|p1a: Jynx|slp
|
|turn|3
|J|scheisse
|J|sugarhigh
|J|qsns
|c|★MetalGro$$|ANOTHER ONE
|choice||
|
|move|p2a: Jamie|Hypnosis|p1a: Jynx|[miss]
|-miss|p2a: Jamie
|move|p1a: Jynx|Lovely Kiss|p2a: Jamie
|-status|p2a: Jamie|slp
|
|turn|4
|c|★MetalGro$$|D:
|J|Icey Tea
|choice||
|
|switch|p2a: Robert|Chansey|100\/100
|move|p1a: Jynx|Blizzard|p2a: Robert
|-damage|p2a: Robert|83\/100
|
|turn|5
|J|Megazard
|J|dekzeh
|J|majaspic22
|J|Purrl
|J|Void
|L|Megazard
|choice||
|
|switch|p1a: Chansey|Chansey|100\/100
|move|p2a: Robert|Thunderbolt|p1a: Chansey
|-damage|p1a: Chansey|90\/100
|
|turn|6
|choice||
|
|move|p1a: Chansey|Ice Beam|p2a: Robert
|-damage|p2a: Robert|72\/100
|-status|p2a: Robert|frz
|cant|p2a: Robert|frz
|
|turn|7
|J|raseri
|J|KratosMana
|J|Shadestep
|J|Nintendi
|choice||
|
|move|p1a: Chansey|Thunder Wave|p2a: Robert
|-fail|p2a: Robert
|cant|p2a: Robert|frz
|
|turn|8
|J|Stratos
|J|Quite Quiet
|choice||
|
|switch|p2a: Danny|Exeggutor, M|100\/100
|move|p1a: Chansey|Ice Beam|p2a: Danny
|-supereffective|p2a: Danny
|-damage|p2a: Danny|67\/100
|
|turn|9
|L|Soulgazer
|J|ZNain
|J|Finchinator
|choice||
|
|switch|p1a: Jynx|Jynx|100\/100
|move|p2a: Danny|Sleep Powder|p1a: Jynx
|-status|p1a: Jynx|slp
|
|turn|10
|J|Nunno
|L|ZNain
|choice||
|
|cant|p1a: Jynx|slp
|move|p2a: Danny|Stun Spore|p1a: Jynx|[miss]
|-miss|p2a: Danny
|
|turn|11
|J|Chilled Elephant
|choice||
|
|switch|p1a: Exeggutor|Exeggutor, M|100\/100
|switch|p2a: Shinji|Snorlax, M|100\/100
|
|turn|12
|choice||
|
|switch|p2a: Danny|Exeggutor, M|67\/100
|move|p1a: Exeggutor|Stun Spore|p2a: Danny
|-status|p2a: Danny|par
|
|turn|13
|J|tamahome
|choice||
|
|switch|p1a: Jynx|Jynx|100\/100 slp
|cant|p2a: Danny|par
|
|turn|14
|choice||
|
|switch|p1a: Exeggutor|Exeggutor, M|100\/100
|switch|p2a: Shinji|Snorlax, M|100\/100
|
|turn|15
|choice||
|
|switch|p2a: Danny|Exeggutor, M|67\/100 par
|move|p1a: Exeggutor|Psychic|p2a: Danny
|-resisted|p2a: Danny
|-damage|p2a: Danny|54\/100 par
|
|turn|16
|J|Phil
|choice||
|
|move|p1a: Exeggutor|Psychic|p2a: Danny
|-resisted|p2a: Danny
|-damage|p2a: Danny|40\/100 par
|move|p2a: Danny|Stun Spore|p1a: Exeggutor
|-status|p1a: Exeggutor|par
|
|turn|17
|J|Sugar K Leonard
|choice||
|
|switch|p1a: Jynx|Jynx|100\/100 slp
|move|p2a: Danny|Psychic|p1a: Jynx
|-resisted|p1a: Jynx
|-damage|p1a: Jynx|82\/100 slp
|
|turn|18
|choice||
|
|switch|p1a: Exeggutor|Exeggutor, M|100\/100 par
|switch|p2a: Shinji|Snorlax, M|100\/100
|
|turn|19
|J|sifu katara
|choice||
|
|move|p2a: Shinji|Body Slam|p1a: Exeggutor
|-damage|p1a: Exeggutor|73\/100 par
|cant|p1a: Exeggutor|par
|
|turn|20
|choice||
|
|switch|p2a: Danny|Exeggutor, M|40\/100 par
|move|p1a: Exeggutor|Stun Spore|p2a: Danny|[miss]
|-miss|p1a: Exeggutor
|
|turn|21
|choice||
|
|switch|p2a: Shinji|Snorlax, M|100\/100
|move|p1a: Exeggutor|Psychic|p2a: Shinji
|-damage|p2a: Shinji|68\/100
|
|turn|22
|choice||
|
|switch|p2a: Danny|Exeggutor, M|40\/100 par
|move|p1a: Exeggutor|Stun Spore|p2a: Danny
|-fail|p2a: Danny|par
|
|turn|23
|choice||
|
|move|p1a: Exeggutor|Psychic|p2a: Danny
|-resisted|p2a: Danny
|-damage|p2a: Danny|27\/100 par
|-unboost|p2a: Danny|spd|1
|-unboost|p2a: Danny|spa|1
|cant|p2a: Danny|par
|
|turn|24
|J|Binder Check
|J|Funkasaurus
|choice||
|
|switch|p2a: Shinji|Snorlax, M|68\/100
|move|p1a: Exeggutor|Psychic|p2a: Shinji
|-crit|p2a: Shinji
|-damage|p2a: Shinji|4\/100
|
|turn|25
|J|ChillShadow
|J|SoulWind
|choice||
|
|move|p2a: Shinji|Rest|p2a: Shinji
|-status|p2a: Shinji|slp
|-heal|p2a: Shinji|100\/100 slp|[silent]
|-status|p2a: Shinji|slp|[from] move: Rest
|cant|p1a: Exeggutor|par
|
|turn|26
|choice||
|
|cant|p2a: Shinji|slp
|move|p1a: Exeggutor|Psychic|p2a: Shinji
|-damage|p2a: Shinji|68\/100 slp
|
|turn|27
|choice||
|
|switch|p2a: Danny|Exeggutor, M|27\/100 par
|move|p1a: Exeggutor|Stun Spore|p2a: Danny
|-fail|p2a: Danny|par
|
|turn|28
|J|giara
|J|DGP
|choice||
|
|move|p1a: Exeggutor|Psychic|p2a: Danny
|-resisted|p2a: Danny
|-damage|p2a: Danny|13\/100 par
|cant|p2a: Danny|par
|
|turn|29
|choice||
|
|cant|p2a: Danny|par
|move|p1a: Exeggutor|Psychic|p2a: Danny
|-resisted|p2a: Danny
|-damage|p2a: Danny|1\/100 par
|-unboost|p2a: Danny|spd|1
|-unboost|p2a: Danny|spa|1
|
|turn|30
|J|autolocked phrases
|choice||
|
|cant|p1a: Exeggutor|par
|move|p2a: Danny|Explosion|p1a: Exeggutor
|-damage|p1a: Exeggutor|0 fnt
|faint|p1a: Exeggutor
|faint|p2a: Danny
|J|mael
|choice||
|
|switch|p1a: Chansey|Chansey|90\/100
|switch|p2a: N'Golo|Golem, M|100\/100
|turn|31
|choice||
|
|move|p1a: Chansey|Ice Beam|p2a: N'Golo
|-supereffective|p2a: N'Golo
|-damage|p2a: N'Golo|43\/100
|move|p2a: N'Golo|Explosion|p1a: Chansey
|-damage|p1a: Chansey|0 fnt
|faint|p1a: Chansey
|faint|p2a: N'Golo
|choice||
|
|switch|p2a: Riyad|Tauros|100\/100
|switch|p1a: Lapras|Lapras, M|100\/100
|turn|32
|choice||
|
|move|p2a: Riyad|Body Slam|p1a: Lapras
|-damage|p1a: Lapras|75\/100
|move|p1a: Lapras|Blizzard|p2a: Riyad
|-damage|p2a: Riyad|50\/100
|-message|Freeze Clause activated.
|
|turn|33
|L|autolocked phrases
|J|autolocked phrases
|J|sunsetsarsaparilla
|choice||
|
|move|p2a: Riyad|Earthquake|p1a: Lapras
|-damage|p1a: Lapras|54\/100
|move|p1a: Lapras|Blizzard|p2a: Riyad
|-crit|p2a: Riyad
|-damage|p2a: Riyad|0 fnt
|faint|p2a: Riyad
|J|Quaggsterrr
|choice||
|
|switch|p2a: Jamie|Gengar, M|100\/100 slp
|turn|34
|choice||
|
|cant|p2a: Jamie|slp
|move|p1a: Lapras|Blizzard|p2a: Jamie
|-crit|p2a: Jamie
|-damage|p2a: Jamie|35\/100 slp
|
|turn|35
|choice||
|
|cant|p2a: Jamie|slp
|move|p1a: Lapras|Blizzard|p2a: Jamie
|-damage|p2a: Jamie|1\/100 slp
|
|turn|36
|L|DGP
|choice||
|
|cant|p2a: Jamie|slp
|move|p1a: Lapras|Thunderbolt|p2a: Jamie
|-damage|p2a: Jamie|0 fnt
|faint|p2a: Jamie
|choice||
|
|switch|p2a: Shinji|Snorlax, M|68\/100 slp
|turn|37
|choice||
|
|move|p1a: Lapras|Blizzard|p2a: Shinji
|-damage|p2a: Shinji|32\/100 slp
|-curestatus|p2a: Shinji|slp
|
|turn|38
|choice||
|
|move|p1a: Lapras|Blizzard|p2a: Shinji
|-damage|p2a: Shinji|0 fnt
|faint|p2a: Shinji
|choice||
|
|switch|p2a: Robert|Chansey|72\/100 frz
|turn|39
|c|★MetalGro$$|gg
|J|Praj.pran
|-message|MetalGro$$ forfeited.
|
|win|Golden Gyarados
|player|p1
|player|p2
|L|Finchinator
|L|autolocked phrases
|L|scheisse
|L|Golden Gyarados
|L|ChillShadow
|L|Triangles RSE
|L|Praj.pran
|L|mael
|L|Quaggsterrr
|L|qsns
|L|Esteemed User
|L|KratosMana
|J|scheisse
|L|raseri
|L|Void
|L|sifu katara