|J|Beds
|J|marcoasd
|player|p1|Beds|252
|player|p2|marcoasd|169
|gametype|singles
|gen|1
|tier|[Gen 1] OU
|seed|33141,54192,14653,32883
|rule|Sleep Clause Mod: Limit one foe put to sleep
|rule|Freeze Clause Mod: Limit one foe frozen
|rule|Species Clause: Limit one of each Pokémon
|rule|OHKO Clause: OHKO moves are banned
|rule|Evasion Moves Clause: Evasion moves are banned
|rule|HP Percentage Mod: HP is shown in percentages
|
|start
|switch|p1a: Alakazam|Alakazam|313\/313
|switch|p2a: Starmie|Starmie|323\/323
|turn|1
|J|fapkingg
|J|B K C
|J|Mr.378
|J|lt2 sunset jesus
|J|theurbandear
|J|fitzy
|J|Yogiras
|J|SOSAUNIT845
|J|BLINGAS
|J|Finchinator
|J|Century Express
|c|+Finchinator|in
|J|Alexander
|J|Bomber
|J|Dear Ophelia
|J|Omfuga
|c|+Mr.378|Marco Beds
|c|★Beds|i have to admit
|c|+Mr.378|Big fan
|J|Purrl
|J|xMarth
|J|aqqq
|c|★Beds|I wanted to use jigglypuff with sing
|J|jvl101993
|J|CasedVictory
|J|Triangles RSE
|J|aimless oo
|c|★Beds|and name it la voce del silenzio
|J|not oak
|c|+Alexander|LOL
|c|★marcoasd|y
|c|+CasedVictory|lmfao
|c|+Alexander|ur my hero
|c|+fapkingg|lmaooo
|J|giara
|J|trc
|J|Vileman
|c|+CasedVictory|rip snowcristal
|c|★marcoasd|CI SONO COSE NEL SILENZIO
|J|SoulWind
|J|pls win no
|c|★marcoasd|CHE NON MI ASPETTAVO MAI
|J|Tahu
|J|iamgingy
|J|hiwiegehtsso
|L|trc
|J|Henry
|J|EG Posho
|J|Ciele
|J|TheRealTCR
|c|★Beds|ok gl hf
|J|seedtree
|choice|move 2|move 3
|
|move|p1a: Alakazam|Thunder Wave|p2a: Starmie
|-status|p2a: Starmie|par
|cant|p2a: Starmie|par
|
|turn|2
|c|★marcoasd|i'm not havin fun
|J|Can
|J|Cicada
|c|★marcoasd|porcoddio
|J|trc
|L|trc
|c|+Vileman|beds is an inspiration to me
|J|GOD MARTH
|J|Mizuhime
|raw|<div class="broadcast-red"><b>Moderated chat was set to @!<\/b><br \/>Only users of rank @ and higher can talk.<\/div>
|choice|move 1|move 3
|
|move|p1a: Alakazam|Psychic|p2a: Starmie
|-crit|p2a: Starmie
|-resisted|p2a: Starmie
|-damage|p2a: Starmie|192\/323 par
|move|p2a: Starmie|Thunder Wave|p1a: Alakazam
|-status|p1a: Alakazam|par
|
|turn|3
|J|empoleonlove
|J|Dani the girl
|choice|move 1|move 4
|
|move|p1a: Alakazam|Psychic|p2a: Starmie
|-resisted|p2a: Starmie
|-damage|p2a: Starmie|132\/323 par
|move|p2a: Starmie|Recover|p2a: Starmie
|-heal|p2a: Starmie|293\/323 par
|
|turn|4
|J|Nails
|choice|move 4|move 1
|
|cant|p1a: Alakazam|par
|move|p2a: Starmie|Blizzard|p1a: Alakazam
|-damage|p1a: Alakazam|234\/313 par
|
|turn|5
|J|opium poppy
|choice|move 4|move 1
|
|move|p1a: Alakazam|Seismic Toss|p2a: Starmie
|-damage|p2a: Starmie|193\/323 par
|move|p2a: Starmie|Blizzard|p1a: Alakazam
|-crit|p1a: Alakazam
|-damage|p1a: Alakazam|91\/313 par
|
|turn|6
|J|King Tsunami
|J|smilzo
|choice|move 3|move 4
|
|move|p1a: Alakazam|Recover|p1a: Alakazam
|-heal|p1a: Alakazam|247\/313 par
|cant|p2a: Starmie|par
|
|turn|7
|J|Dice
|J|Hostel
|choice|switch 4|move 4
|
|switch|p1a: Chansey|Chansey|703\/703
|move|p2a: Starmie|Recover|p2a: Starmie
|-heal|p2a: Starmie|323\/323 par
|
|turn|8
|L|King Tsunami
|choice|move 1|switch 3
|
|switch|p2a: Chansey|Chansey|703\/703
|move|p1a: Chansey|Ice Beam|p2a: Chansey
|-damage|p2a: Chansey|624\/703
|
|turn|9
|choice|move 1|move 1
|
|move|p2a: Chansey|Thunder Wave|p1a: Chansey
|-status|p1a: Chansey|par
|move|p1a: Chansey|Ice Beam|p2a: Chansey
|-damage|p2a: Chansey|553\/703
|
|turn|10
|choice|move 1|switch 3
|
|switch|p2a: Starmie|Starmie|323\/323 par
|move|p1a: Chansey|Ice Beam|p2a: Starmie
|-resisted|p2a: Starmie
|-damage|p2a: Starmie|282\/323 par
|
|turn|11
|J|Latias
|J|Zamrock
|choice|move 3|switch 6
|
|switch|p2a: Snorlax|Snorlax, M|523\/523
|move|p1a: Chansey|Thunder Wave|p2a: Snorlax
|-status|p2a: Snorlax|par
|
|turn|12
|J|Eloy Jimenez
|J|reply 1988
|choice|switch 2|move 3
|
|switch|p1a: Snorlax|Snorlax|523\/523
|move|p2a: Snorlax|Reflect|p2a: Snorlax
|-start|p2a: Snorlax|Reflect
|
|turn|13
|choice|move 1|move 1
|
|move|p1a: Snorlax|Body Slam|p2a: Snorlax
|-damage|p2a: Snorlax|457\/523 par
|move|p2a: Snorlax|Body Slam|p1a: Snorlax
|-damage|p1a: Snorlax|395\/523
|
|turn|14
|choice|switch 3|move 1
|
|switch|p1a: Exeggutor|Exeggutor|393\/393
|move|p2a: Snorlax|Body Slam|p1a: Exeggutor
|-damage|p1a: Exeggutor|275\/393
|
|turn|15
|J|ABR
|choice|move 3|switch 6
|
|switch|p2a: Starmie|Starmie|282\/323 par
|move|p1a: Exeggutor|Psychic|p2a: Starmie
|-resisted|p2a: Starmie
|-damage|p2a: Starmie|221\/323 par
|
|turn|16
|choice|switch 2|move 4
|
|switch|p1a: Chansey|Chansey|703\/703 par
|cant|p2a: Starmie|par
|
|turn|17
|J|yunggucci06
|L|yunggucci06
|L|ABR
|choice|move 2|switch 6
|
|switch|p2a: Snorlax|Snorlax, M|457\/523 par
|move|p1a: Chansey|Thunderbolt|p2a: Snorlax
|-damage|p2a: Snorlax|351\/523 par
|
|turn|18
|L|Can
|choice|switch 3|move 1
|
|switch|p1a: Snorlax|Snorlax|395\/523
|move|p2a: Snorlax|Body Slam|p1a: Snorlax
|-damage|p1a: Snorlax|261\/523
|
|turn|19
|choice|move 1|move 3
|
|move|p1a: Snorlax|Body Slam|p2a: Snorlax
|-damage|p2a: Snorlax|201\/523 par
|move|p2a: Snorlax|Reflect|p2a: Snorlax
|-start|p2a: Snorlax|Reflect
|
|turn|20
|J|Slimmer
|J|CrashinBoomBang
|J|hero
|J|quiescent
|J|pokeaim
|choice|move 1|move 4
|
|move|p1a: Snorlax|Body Slam|p2a: Snorlax
|-damage|p2a: Snorlax|128\/523 par
|cant|p2a: Snorlax|par
|
|turn|21
|J|Suhnnnnnnny
|L|Suhnnnnnnny
|J|dekzeh
|choice|move 1|move 4
|
|move|p1a: Snorlax|Body Slam|p2a: Snorlax
|-damage|p2a: Snorlax|58\/523 par
|cant|p2a: Snorlax|par
|
|turn|22
|L|seedtree
|c|★marcoasd|.
|J|LUCKSKILL
|c|★Beds|jajajaja
|J|my dear anathema
|choice|move 1|move 4
|
|move|p1a: Snorlax|Body Slam|p2a: Snorlax
|-damage|p2a: Snorlax|0 fnt
|faint|p2a: Snorlax
|J|peli
|choice||switch 2
|
|switch|p2a: Exeggutor|Exeggutor, M|393\/393
|turn|23
|choice|switch 4|move 2
|
|switch|p1a: Alakazam|Alakazam|247\/313 par
|move|p2a: Exeggutor|Double-Edge|p1a: Alakazam
|-damage|p1a: Alakazam|132\/313 par
|-damage|p2a: Exeggutor|365\/393|[from] recoil|[of] p1a: Alakazam
|
|turn|24
|J|THE OU GODFATHER
|J|rozes
|choice|move 3|move 3
|
|move|p2a: Exeggutor|Psychic|p1a: Alakazam
|-resisted|p1a: Alakazam
|-damage|p1a: Alakazam|79\/313 par
|-unboost|p1a: Alakazam|spd|1
|-unboost|p1a: Alakazam|spa|1
|move|p1a: Alakazam|Recover|p1a: Alakazam
|-heal|p1a: Alakazam|235\/313 par
|
|turn|25
|J|Roundabout Zodiak
|L|rozes
|J|Not Troller
|choice|move 2|move 2
|
|move|p2a: Exeggutor|Double-Edge|p1a: Alakazam
|-damage|p1a: Alakazam|112\/313 par
|-damage|p2a: Exeggutor|335\/393|[from] recoil|[of] p1a: Alakazam
|cant|p1a: Alakazam|par
|
|turn|26
|J|rozes
|J|bro fist
|choice|switch 3|move 2
|
|switch|p1a: Chansey|Chansey|703\/703 par
|move|p2a: Exeggutor|Double-Edge|p1a: Chansey
|-damage|p1a: Chansey|503\/703 par
|-damage|p2a: Exeggutor|285\/393|[from] recoil|[of] p1a: Chansey
|
|turn|27
|choice|move 3|move 3
|
|move|p2a: Exeggutor|Psychic|p1a: Chansey
|-damage|p1a: Chansey|392\/703 par
|cant|p1a: Chansey|par
|
|turn|28
|J|nbf per la gente
|J|TrailBlazer77
|choice|move 4|move 2
|
|move|p2a: Exeggutor|Double-Edge|p1a: Chansey
|-damage|p1a: Chansey|196\/703 par
|-damage|p2a: Exeggutor|236\/393|[from] recoil|[of] p1a: Chansey
|cant|p1a: Chansey|par
|
|turn|29
|c|★Beds|ruderino
|choice|switch 2|move 2
|
|switch|p1a: Exeggutor|Exeggutor|275\/393
|move|p2a: Exeggutor|Double-Edge|p1a: Exeggutor
|-damage|p1a: Exeggutor|188\/393
|-damage|p2a: Exeggutor|215\/393|[from] recoil|[of] p1a: Exeggutor
|
|turn|30
|J|tubby the lord
|J|RedMaxx
|J|Christo
|choice|move 1|move 1
|
|move|p1a: Exeggutor|Sleep Powder|p2a: Exeggutor
|-status|p2a: Exeggutor|slp
|cant|p2a: Exeggutor|slp
|
|turn|31
|J|ponderosa twins
|c|★marcoasd|.
|J|badaking
|J|qsns
|L|Christo
|choice|switch 2|switch 4
|
|switch|p2a: Alakazam|Alakazam, M|313\/313
|switch|p1a: Chansey|Chansey|196\/703 par
|
|turn|32
|J|H.M.N.I.P
|choice|move 4|move 2
|
|move|p2a: Alakazam|Psychic|p1a: Chansey
|-damage|p1a: Chansey|74\/703 par
|move|p1a: Chansey|Soft-Boiled|p1a: Chansey
|-heal|p1a: Chansey|425\/703 par
|
|turn|33
|L|dekzeh
|J|kukuk
|J|Ary
|J|LT1 Papa
|choice|move 4|switch 3
|
|switch|p2a: Chansey|Chansey|553\/703
|move|p1a: Chansey|Soft-Boiled|p1a: Chansey
|-heal|p1a: Chansey|703\/703 par
|
|turn|34
|choice|move 1|move 2
|
|move|p2a: Chansey|Seismic Toss|p1a: Chansey
|-damage|p1a: Chansey|603\/703 par
|move|p1a: Chansey|Ice Beam|p2a: Chansey
|-damage|p2a: Chansey|480\/703
|
|turn|35
|choice|move 1|move 2
|
|move|p2a: Chansey|Seismic Toss|p1a: Chansey
|-damage|p1a: Chansey|503\/703 par
|move|p1a: Chansey|Ice Beam|p2a: Chansey
|-damage|p2a: Chansey|405\/703
|
|turn|36
|J|LuckyLadTV
|choice|move 4|move 4
|
|move|p2a: Chansey|Soft-Boiled|p2a: Chansey
|-heal|p2a: Chansey|703\/703
|move|p1a: Chansey|Soft-Boiled|p1a: Chansey
|-heal|p1a: Chansey|703\/703 par
|
|turn|37
|J|Cartman Brah Show
|choice|move 1|switch 3
|
|switch|p2a: Alakazam|Alakazam, M|313\/313
|move|p1a: Chansey|Ice Beam|p2a: Alakazam
|-damage|p2a: Alakazam|253\/313
|
|turn|38
|L|qsns
|J|Tricking
|choice|move 1|move 2
|
|move|p2a: Alakazam|Psychic|p1a: Chansey
|-crit|p1a: Chansey
|-damage|p1a: Chansey|470\/703 par
|move|p1a: Chansey|Ice Beam|p2a: Alakazam
|-damage|p2a: Alakazam|193\/313
|-status|p2a: Alakazam|frz
|
|turn|39
|choice|move 4|switch 5
|
|switch|p2a: Tauros|Tauros|353\/353
|move|p1a: Chansey|Soft-Boiled|p1a: Chansey
|-heal|p1a: Chansey|703\/703 par
|
|turn|40
|choice|switch 3|switch 3
|
|switch|p2a: Chansey|Chansey|703\/703
|switch|p1a: Alakazam|Alakazam|112\/313 par
|
|turn|41
|choice|move 3|move 2
|
|move|p2a: Chansey|Seismic Toss|p1a: Alakazam
|-damage|p1a: Alakazam|12\/313 par
|move|p1a: Alakazam|Recover|p1a: Alakazam
|-heal|p1a: Alakazam|168\/313 par
|
|turn|42
|choice|move 2|move 2
|
|move|p2a: Chansey|Seismic Toss|p1a: Alakazam
|-damage|p1a: Alakazam|68\/313 par
|move|p1a: Alakazam|Thunder Wave|p2a: Chansey
|-status|p2a: Chansey|par
|
|turn|43
|choice|move 3|move 2
|
|move|p1a: Alakazam|Recover|p1a: Alakazam
|-heal|p1a: Alakazam|224\/313 par
|move|p2a: Chansey|Seismic Toss|p1a: Alakazam
|-damage|p1a: Alakazam|124\/313 par
|
|turn|44
|choice|move 3|switch 3
|
|switch|p2a: Tauros|Tauros|353\/353
|move|p1a: Alakazam|Recover|p1a: Alakazam
|-heal|p1a: Alakazam|280\/313 par
|
|turn|45
|J|Teddeh
|choice|move 2|move 3
|
|move|p2a: Tauros|Hyper Beam|p1a: Alakazam
|-damage|p1a: Alakazam|0 fnt
|faint|p1a: Alakazam
|L|reply 1988
|choice|switch 4|
|
|switch|p1a: Snorlax|Snorlax|261\/523
|turn|46
|choice|move 4|switch 5
|
|switch|p2a: Alakazam|Alakazam, M|193\/313 frz
|move|p1a: Snorlax|Self-Destruct|p2a: Alakazam
|-damage|p2a: Alakazam|0 fnt
|faint|p2a: Alakazam
|faint|p1a: Snorlax
|J|White Zombi
|L|LuckyLadTV
|choice|switch 6|switch 3
|
|switch|p1a: Jolteon|Jolteon|333\/333
|switch|p2a: Chansey|Chansey|703\/703 par
|turn|47
|L|TrailBlazer77
|choice|move 3|move 1
|
|move|p1a: Jolteon|Double Kick|p2a: Chansey
|-supereffective|p2a: Chansey
|-damage|p2a: Chansey|599\/703 par
|-damage|p2a: Chansey|495\/703 par
|-hitcount|p2a: Chansey|2
|move|p2a: Chansey|Thunder Wave|p1a: Jolteon
|-status|p1a: Jolteon|par
|
|turn|48
|choice|move 3|move 4
|
|move|p1a: Jolteon|Double Kick|p2a: Chansey
|-supereffective|p2a: Chansey
|-damage|p2a: Chansey|399\/703 par
|-damage|p2a: Chansey|303\/703 par
|-hitcount|p2a: Chansey|2
|move|p2a: Chansey|Soft-Boiled|p2a: Chansey
|-heal|p2a: Chansey|654\/703 par
|
|turn|49
|choice|move 3|move 2
|
|move|p1a: Jolteon|Double Kick|p2a: Chansey
|-supereffective|p2a: Chansey
|-damage|p2a: Chansey|548\/703 par
|-damage|p2a: Chansey|442\/703 par
|-hitcount|p2a: Chansey|2
|move|p2a: Chansey|Seismic Toss|p1a: Jolteon
|-damage|p1a: Jolteon|233\/333 par
|
|turn|50
|choice|move 3|move 4
|
|move|p1a: Jolteon|Double Kick|p2a: Chansey
|-supereffective|p2a: Chansey
|-damage|p2a: Chansey|342\/703 par
|-damage|p2a: Chansey|242\/703 par
|-hitcount|p2a: Chansey|2
|cant|p2a: Chansey|par
|
|turn|51
|J|undisputed
|choice|move 3|move 4
|
|move|p1a: Jolteon|Double Kick|p2a: Chansey
|-supereffective|p2a: Chansey
|-damage|p2a: Chansey|135\/703 par
|-damage|p2a: Chansey|28\/703 par
|-hitcount|p2a: Chansey|2
|move|p2a: Chansey|Soft-Boiled|p2a: Chansey
|-heal|p2a: Chansey|379\/703 par
|
|turn|52
|L|quiescent
|choice|move 3|move 4
|
|move|p1a: Jolteon|Double Kick|p2a: Chansey
|-supereffective|p2a: Chansey
|-damage|p2a: Chansey|282\/703 par
|-damage|p2a: Chansey|185\/703 par
|-hitcount|p2a: Chansey|2
|cant|p2a: Chansey|par
|
|turn|53
|J|dekzeh
|J|MoxieInfinite
|J|DiegLand
|L|DiegLand
|J|Karppi
|J|Lana Del seldo
|J|Zargon
|choice|move 3|switch 4
|
|switch|p2a: Exeggutor|Exeggutor, M|215\/393 slp
|move|p1a: Jolteon|Double Kick|p2a: Exeggutor
|-crit|p2a: Exeggutor
|-resisted|p2a: Exeggutor
|-damage|p2a: Exeggutor|196\/393 slp
|-damage|p2a: Exeggutor|177\/393 slp
|-hitcount|p2a: Exeggutor|2
|
|turn|54
|J|yungthom21
|J|jajajajajajja
|J|exodus latios
|J|Another OU Jesi
|choice|move 4|move 3
|
|cant|p2a: Exeggutor|slp
|move|p1a: Jolteon|Pin Missile|p2a: Exeggutor
|-crit|p2a: Exeggutor
|-supereffective|p2a: Exeggutor
|-damage|p2a: Exeggutor|95\/393 slp
|-damage|p2a: Exeggutor|13\/393 slp
|-damage|p2a: Exeggutor|0 fnt
|-hitcount|p2a: Exeggutor|3
|faint|p2a: Exeggutor
|J|King Tsunami
|L|yungthom21
|L|King Tsunami
|choice||switch 5
|
|switch|p2a: Tauros|Tauros|353\/353
|turn|55
|choice|move 2|move 3
|
|move|p2a: Tauros|Hyper Beam|p1a: Jolteon
|-crit|p1a: Jolteon
|-damage|p1a: Jolteon|0 fnt
|faint|p1a: Jolteon
|choice|switch 2|
|
|switch|p1a: Exeggutor|Exeggutor|188\/393
|turn|56
|J|Mael is PRETTY
|J|KyleCole
|J|yungthom21
|J|Rob
|J|hodor
|J|Lohgock
|J|Leftiez
|J|DG9
|L|not oak
|J|TrailBlazer77
|J|qsns
|J|Tehy
|J|SinisterResolute
|J|Celestavian
|J|DennisEG
|J|LT2 ThugJones
|J|y4
|L|hiwiegehtsso
|J|Aurious
|L|qsns
|J|iplaytennislol
|J|Imanalt
|L|fapkingg
|choice|move 3|move 3
|
|move|p2a: Tauros|Hyper Beam|p1a: Exeggutor
|-damage|p1a: Exeggutor|0 fnt
|faint|p1a: Exeggutor
|J|Christo
|J|fapkingg
|choice|switch 5|
|
|switch|p1a: Tauros|Tauros|353\/353
|turn|57
|J|LombreOnDaTrack
|L|LombreOnDaTrack
|choice|move 1|move 1
|
|move|p2a: Tauros|Body Slam|p1a: Tauros
|-damage|p1a: Tauros|248\/353
|move|p1a: Tauros|Body Slam|p2a: Tauros
|-crit|p2a: Tauros
|-damage|p2a: Tauros|159\/353
|
|turn|58
|L|Christo
|L|fapkingg
|L|SinisterResolute
|J|fapkingg
|J|DiegLand
|J|TheyLuvdisc
|J|GoldenPaladin
|L|DiegLand
|L|GoldenPaladin
|L|TrailBlazer77
|J|highaims
|L|TheyLuvdisc
|J|TheLegend.exe
|J|austinwalt
|J|bitchsauce
|L|austinwalt
|choice|move 4|move 1
|
|move|p2a: Tauros|Body Slam|p1a: Tauros
|-damage|p1a: Tauros|140\/353
|move|p1a: Tauros|Hyper Beam|p2a: Tauros
|-damage|p2a: Tauros|0 fnt
|faint|p2a: Tauros
|J|Leru
|choice||switch 6
|
|switch|p2a: Starmie|Starmie|221\/323 par
|turn|59
|choice|switch 3|switch 4
|
|switch|p1a: Chansey|Chansey|703\/703 par
|switch|p2a: Chansey|Chansey|185\/703 par
|
|turn|60
|choice|switch 3|move 3
|
|switch|p1a: Tauros|Tauros|140\/353
|cant|p2a: Chansey|par
|
|turn|61
|J|stinkyqueef
|L|bitchsauce
|L|opium poppy
|c|★marcoasd|i've got no words
|J|Christo
|L|Ary
|c|★Beds|sorry dude
|J|bitchsauce
|c|★Beds|let's make it a better second one
|J|Disenchanted
|J|KratosMana
|L|Tricking
|c|★marcoasd|i had won this game
|choice|move 1|switch 4
|
|switch|p2a: Starmie|Starmie|221\/323 par
|move|p1a: Tauros|Body Slam|p2a: Starmie
|-damage|p2a: Starmie|117\/323 par
|
|turn|62
|J|Shadestep
|J|qsns
|c|★marcoasd|fucking miss
|L|TheLegend.exe
|choice|move 4|switch 4
|
|switch|p2a: Chansey|Chansey|185\/703 par
|move|p1a: Tauros|Hyper Beam|p2a: Chansey
|-damage|p2a: Chansey|0 fnt
|faint|p2a: Chansey
|J|IDM p2
|c|★marcoasd|yeah
|J|sadfreee
|c|★marcoasd|i had counter
|c|★marcoasd|.
|c|★marcoasd|...
|c|★marcoasd|.
|c|★marcoasd|.
|c|★marcoasd|.
|c|★marcoasd|.
|c|★marcoasd|.
|c|★marcoasd|.
|c|★marcoasd|gg
|L|Century Express
|choice||switch 4
|
|switch|p2a: Starmie|Starmie|117\/323 par
|turn|63
|choice|move 4|move 3
|
|move|p1a: Tauros|Hyper Beam|p2a: Starmie
|-damage|p2a: Starmie|0 fnt
|faint|p2a: Starmie
|
|win|Beds
|player|p1
|player|p2
|c|★Beds|gg
|L|Lohgock
|L|my dear anathema
|L|ponderosa twins
|L|Bomber
|L|marcoasd
|L|pls win no
|L|MoxieInfinite
|L|SOSAUNIT845
|L|y4
|L|KyleCole
|L|giara
|L|undisputed
|L|White Zombi
|L|Shadestep
|L|LUCKSKILL
|J|Drangonn
|L|Alexander
|L|Mr.378
|L|rozes
|L|badaking
|L|rob
|L|H.M.N.I.P
|L|Beds
|L|Drangonn
|L|dekzeh
|L|jvl101993
|L|Purrl
|L|hero
|L|Aurious
|L|fapkingg
|L|Teddeh
|L|xMarth
|L|IDM p2
|L|Celestavian
|L|Tahu
|L|Yogiras
|L|TheRealTCR
|L|KratosMana
|L|Vileman
|L|Mael is PRETTY
|L|Cicada
|L|Hostel
|L|Roundabout Zodiak
|L|bitchsauce
|L|hodor
|L|Nails
|L|Finchinator
|J|LT2 Dank
|L|Latias
|J|Purrl
|L|smilzo
|L|highaims
|L|aqqq
|L|Dear Ophelia
|L|theurbandear
|L|qsns
|L|Purrl
|J|Shadestep
|L|Mizuhime
|L|Shadestep
|L|pokeaim
|L|Honor
|J|Aurious
|L|Aurious
|L|Dice
|J|pls win no
|L|aimless oo
|L|BLINGAS
|L|UmPM
|L|Omfuga
|L|Disenchanted
|L|sadfreee
|L|lt2 sunset jesus
|L|CasedVictory
|J|amberrlamps
|J|Disenchanted
|L|Cartman Brah Show
|J|Drangonn
|L|Drangonn
|L|GOD MARTH
|J|Drangonn
|L|Drangonn
|J|indianballer17
|L|indianballer17
|L|windsong
|L|Lana Del seldo
|L|Triangles RSE
|L|Tehy
|L|Christo
|L|LT2 Dank
|L|tubby the lord
|L|Not Troller
|L|Leftiez
|J|Leftiez
|L|amberrlamps
|L|Leftiez
|J|Leftiez
|L|Leftiez
|L|EG Posho
|L|RedMaxx
|L|stinkyqueef
|L|iamgingy