|inactive|Battle timer is ON: inactive players will automatically lose when time's up.
|J|SunnyORAS
|J|marcoasd
|player|p1|SunnyORAS|102
|player|p2|marcoasd|1
|gametype|singles
|gen|1
|tier|[Gen 1] OU
|rule|Sleep Clause Mod: Limit one foe put to sleep
|rule|Freeze Clause Mod: Limit one foe frozen
|rule|Species Clause: Limit one of each Pokémon
|rule|OHKO Clause: OHKO moves are banned
|rule|Evasion Moves Clause: Evasion moves are banned
|rule|HP Percentage Mod: HP is shown in percentages
|
|start
|switch|p1a: Alakazam|Alakazam|313\/313
|switch|p2a: Exeggutor|Exeggutor|393\/393
|turn|1
|
|move|p1a: Alakazam|Seismic Toss|p2a: Exeggutor
|-damage|p2a: Exeggutor|293\/393
|move|p2a: Exeggutor|Sleep Powder|p1a: Alakazam
|-status|p1a: Alakazam|slp
|
|turn|2
|J|Arifeen
|
|switch|p1a: Exeggutor|Exeggutor|393\/393
|move|p2a: Exeggutor|Stun Spore|p1a: Exeggutor
|-status|p1a: Exeggutor|par
|
|turn|3
|
|switch|p2a: Chansey|Chansey|703\/703
|switch|p1a: Alakazam|Alakazam|313\/313 slp
|
|turn|4
|
|cant|p1a: Alakazam|slp
|move|p2a: Chansey|Seismic Toss|p1a: Alakazam
|-damage|p1a: Alakazam|213\/313 slp
|
|turn|5
|
|-curestatus|p1a: Alakazam|slp
|move|p2a: Chansey|Seismic Toss|p1a: Alakazam
|-damage|p1a: Alakazam|113\/313
|
|turn|6
|
|move|p1a: Alakazam|Recover|p1a: Alakazam
|-heal|p1a: Alakazam|269\/313
|move|p2a: Chansey|Thunder Wave|p1a: Alakazam
|-status|p1a: Alakazam|par
|
|turn|7
|
|move|p2a: Chansey|Seismic Toss|p1a: Alakazam
|-damage|p1a: Alakazam|169\/313 par
|move|p1a: Alakazam|Seismic Toss|p2a: Chansey
|-damage|p2a: Chansey|603\/703
|
|turn|8
|
|move|p2a: Chansey|Seismic Toss|p1a: Alakazam
|-damage|p1a: Alakazam|69\/313 par
|cant|p1a: Alakazam|par
|
|turn|9
|J|ReshiRampage
|
|switch|p1a: Rhydon|Rhydon|413\/413
|move|p2a: Chansey|Seismic Toss|p1a: Rhydon
|-damage|p1a: Rhydon|313\/413
|
|turn|10
|
|move|p2a: Chansey|Reflect|p2a: Chansey
|-start|p2a: Chansey|Reflect
|move|p1a: Rhydon|Body Slam|p2a: Chansey
|-damage|p2a: Chansey|492\/703
|
|turn|11
|c|+Arifeen|:?
|
|switch|p1a: Jynx|Jynx|333\/333
|move|p2a: Chansey|Seismic Toss|p1a: Jynx
|-damage|p1a: Jynx|233\/333
|
|turn|12
|c|★SunnyORAS|ehehehe
|c|★SunnyORAS|rby for you
|
|switch|p2a: Starmie|Starmie|323\/323
|move|p1a: Jynx|Blizzard|p2a: Starmie
|-resisted|p2a: Starmie
|-damage|p2a: Starmie|251\/323
|
|turn|13
|c|★SunnyORAS|i c u
|c|★SunnyORAS|tryna freeze mie
|
|move|p2a: Starmie|Thunder Wave|p1a: Jynx
|-status|p1a: Jynx|par
|move|p1a: Jynx|Lovely Kiss|p2a: Starmie
|-status|p2a: Starmie|slp
|
|turn|14
|
|switch|p2a: Chansey|Chansey|492\/703
|switch|p1a: Snorlax|Snorlax|523\/523
|
|turn|15
|
|switch|p1a: Exeggutor|Exeggutor|393\/393 par
|move|p2a: Chansey|Reflect|p2a: Chansey
|-start|p2a: Chansey|Reflect
|
|turn|16
|
|move|p2a: Chansey|Seismic Toss|p1a: Exeggutor|[miss]
|-miss|p2a: Chansey
|move|p1a: Exeggutor|Psychic|p2a: Chansey
|-damage|p2a: Chansey|371\/703
|
|turn|17
|
|move|p2a: Chansey|Soft-Boiled|p2a: Chansey
|-heal|p2a: Chansey|703\/703
|move|p1a: Exeggutor|Stun Spore|p2a: Chansey
|-status|p2a: Chansey|par
|
|turn|18
|
|cant|p1a: Exeggutor|par
|move|p2a: Chansey|Seismic Toss|p1a: Exeggutor
|-damage|p1a: Exeggutor|293\/393 par
|
|turn|19
|
|move|p1a: Exeggutor|Leech Seed|p2a: Chansey
|-start|p2a: Chansey|move: Leech Seed
|cant|p2a: Chansey|par
|-damage|p2a: Chansey|660\/703 par|[from] Leech Seed|[of] p1a: Exeggutor
|-heal|p1a: Exeggutor|336\/393 par|[silent]
|
|turn|20
|
|switch|p2a: Starmie|Starmie|251\/323 slp
|cant|p1a: Exeggutor|par
|
|turn|21
|
|switch|p2a: Exeggutor|Exeggutor|293\/393
|cant|p1a: Exeggutor|par
|
|turn|22
|
|switch|p1a: Alakazam|Alakazam|69\/313 par
|move|p2a: Exeggutor|Psychic|p1a: Alakazam
|-resisted|p1a: Alakazam
|-damage|p1a: Alakazam|17\/313 par
|
|turn|23
|
|switch|p1a: Jynx|Jynx|233\/333 par
|move|p2a: Exeggutor|Psychic|p1a: Jynx
|-resisted|p1a: Jynx
|-damage|p1a: Jynx|172\/333 par
|-unboost|p1a: Jynx|spd|1
|-unboost|p1a: Jynx|spa|1
|
|turn|24
|
|switch|p2a: Snorlax|Snorlax|523\/523
|move|p1a: Jynx|Rest|p1a: Jynx
|-status|p1a: Jynx|slp
|-heal|p1a: Jynx|333\/333 slp|[silent]
|-status|p1a: Jynx|slp|[from] move: Rest
|
|turn|25
|c|★SunnyORAS|boom rh
|c|★SunnyORAS|heheh
|
|switch|p1a: Chansey|Chansey|703\/703
|move|p2a: Snorlax|Reflect|p2a: Snorlax
|-start|p2a: Snorlax|Reflect
|
|turn|26
|
|move|p1a: Chansey|Ice Beam|p2a: Snorlax
|-damage|p2a: Snorlax|422\/523
|-status|p2a: Snorlax|frz
|cant|p2a: Snorlax|frz
|
|turn|27
|c|★SunnyORAS|YES
|c|★marcoasd|rip
|
|switch|p1a: Jynx|Jynx|333\/333 slp
|switch|p2a: Chansey|Chansey|660\/703 par
|
|turn|28
|
|switch|p2a: Tauros|Tauros|353\/353
|cant|p1a: Jynx|slp
|
|turn|29
|
|switch|p1a: Snorlax|Snorlax|523\/523
|move|p2a: Tauros|Body Slam|p1a: Snorlax
|-damage|p1a: Snorlax|387\/523
|
|turn|30
|
|move|p2a: Tauros|Body Slam|p1a: Snorlax
|-damage|p1a: Snorlax|258\/523
|move|p1a: Snorlax|Reflect|p1a: Snorlax
|-start|p1a: Snorlax|Reflect
|
|turn|31
|
|move|p2a: Tauros|Blizzard|p1a: Snorlax
|-damage|p1a: Snorlax|165\/523
|move|p1a: Snorlax|Rest|p1a: Snorlax
|-status|p1a: Snorlax|slp
|-heal|p1a: Snorlax|523\/523 slp|[silent]
|-status|p1a: Snorlax|slp|[from] move: Rest
|
|turn|32
|
|move|p2a: Tauros|Body Slam|p1a: Snorlax
|-crit|p1a: Snorlax
|-damage|p1a: Snorlax|269\/523 slp
|cant|p1a: Snorlax|slp
|
|turn|33
|
|move|p2a: Tauros|Body Slam|p1a: Snorlax
|-crit|p1a: Snorlax
|-damage|p1a: Snorlax|0 fnt
|faint|p1a: Snorlax
|c|★SunnyORAS|ay
|c|★SunnyORAS|double crit n____n
|
|switch|p1a: Chansey|Chansey|703\/703
|turn|34
|
|switch|p2a: Chansey|Chansey|660\/703 par
|move|p1a: Chansey|Thunder Wave|p2a: Chansey
|-fail|p2a: Chansey|par
|
|turn|35
|
|switch|p1a: Exeggutor|Exeggutor|336\/393 par
|switch|p2a: Exeggutor|Exeggutor|293\/393
|
|turn|36
|
|switch|p1a: Jynx|Jynx|333\/333 slp
|move|p2a: Exeggutor|Psychic|p1a: Jynx
|-resisted|p1a: Jynx
|-damage|p1a: Jynx|271\/333 slp
|
|turn|37
|
|switch|p1a: Chansey|Chansey|703\/703
|move|p2a: Exeggutor|Sleep Powder|p1a: Chansey
|-status|p1a: Chansey|slp
|
|turn|38
|c|★marcoasd|terribile errore
|c|★SunnyORAS|yea
|c|★SunnyORAS|n____n
|c|★marcoasd|terribbileh
|c|★SunnyORAS|expected tauros
|J|yuruuu
|c|★marcoasd|https:\/\/www.youtube.com\/watch?v=EzK3PTc2d9g
|
|switch|p1a: Exeggutor|Exeggutor|336\/393 par
|move|p2a: Exeggutor|Psychic|p1a: Exeggutor
|-resisted|p1a: Exeggutor
|-damage|p1a: Exeggutor|281\/393 par
|
|turn|39
|
|switch|p2a: Chansey|Chansey|660\/703 par
|switch|p1a: Rhydon|Rhydon|313\/413
|
|turn|40
|
|switch|p2a: Exeggutor|Exeggutor|293\/393
|move|p1a: Rhydon|Earthquake|p2a: Exeggutor
|-resisted|p2a: Exeggutor
|-damage|p2a: Exeggutor|210\/393
|
|turn|41
|
|move|p2a: Exeggutor|Psychic|p1a: Rhydon
|-crit|p1a: Rhydon
|-damage|p1a: Rhydon|0 fnt
|faint|p1a: Rhydon
|c|★SunnyORAS|n_n
|c|★SunnyORAS|why do dis marco :,
|
|switch|p1a: Jynx|Jynx|271\/333 slp
|turn|42
|c|★marcoasd|it happened by itself
|c|★SunnyORAS|i know
|c|★SunnyORAS|:<
|c|★SunnyORAS|gg man
|c|★marcoasd|gg
|c|★SunnyORAS|gl for next round
|
|switch|p2a: Chansey|Chansey|660\/703 par
|-curestatus|p1a: Jynx|slp
|
|turn|43
|c|★marcoasd|we're both qualified!
|c|★SunnyORAS|huh
|
|move|p1a: Jynx|Psychic|p2a: Chansey
|-damage|p2a: Chansey|567\/703 par
|cant|p2a: Chansey|par
|
|turn|44
|c|★SunnyORAS|this is news to me
|c|★SunnyORAS|how so man :x
|c|★marcoasd|2 out of 3
|c|★marcoasd|you're second 
|c|★SunnyORAS|=0
|c|★SunnyORAS|oki then
|-message|SunnyORAS forfeited.
|
|win|marcoasd
|c|★SunnyORAS|gg man