|inactive|Battle timer is ON: inactive players will automatically lose when time's up.
|J|galbia
|J|smilzo
|player|p1|galbia|#galbia
|player|p2|smilzo|157
|gametype|singles
|gen|1
|tier|[Gen 1] OU
|rule|Sleep Clause Mod: Limit one foe put to sleep
|rule|Freeze Clause Mod: Limit one foe frozen
|rule|Species Clause: Limit one of each Pokémon
|rule|OHKO Clause: OHKO moves are banned
|rule|Evasion Moves Clause: Evasion moves are banned
|rule|HP Percentage Mod: HP is shown in percentages
|
|start
|switch|p1a: Jolteon|Jolteon|333\/333
|switch|p2a: Jynx|Jynx|333\/333
|turn|1
|J|fran17
|c|★smilzo|hf
|
|move|p1a: Jolteon|Thunder Wave|p2a: Jynx
|-status|p2a: Jynx|par
|move|p2a: Jynx|Lovely Kiss|p1a: Jolteon
|-status|p1a: Jolteon|slp
|
|turn|2
|J|sca1d
|c|★galbia|hf
|J|choollio
|J|Yogiras
|
|switch|p1a: Chansey|Chansey|703\/703
|move|p2a: Jynx|Psychic|p1a: Chansey
|-damage|p1a: Chansey|596\/703
|-unboost|p1a: Chansey|spd|1
|-unboost|p1a: Chansey|spa|1
|
|turn|3
|
|move|p1a: Chansey|Seismic Toss|p2a: Jynx
|-damage|p2a: Jynx|233\/333 par
|move|p2a: Jynx|Blizzard|p1a: Chansey
|-crit|p1a: Chansey
|-damage|p1a: Chansey|357\/703
|
|turn|4
|J|xastify
|J|apatao
|J|RainAndSnow
|
|move|p1a: Chansey|Soft-Boiled|p1a: Chansey
|-heal|p1a: Chansey|703\/703
|move|p2a: Jynx|Blizzard|p1a: Chansey
|-damage|p1a: Chansey|502\/703
|
|turn|5
|L|RainAndSnow
|J|Dr.SeussLowKeyFire
|
|switch|p1a: Starmie|Starmie|323\/323
|cant|p2a: Jynx|par
|
|turn|6
|J|Halejo
|L|Dr.SeussLowKeyFire
|J|pteryan988
|J|HeydudeD
|J|Sir Kay
|L|Sir Kay
|J|Eyan
|
|switch|p2a: Chansey|Chansey|703\/703
|move|p1a: Starmie|Thunderbolt|p2a: Chansey
|-damage|p2a: Chansey|633\/703
|
|turn|7
|J|FINCHINATOR
|L|FINCHINATOR
|
|switch|p1a: Chansey|Chansey|502\/703
|move|p2a: Chansey|Thunder Wave|p1a: Chansey
|-status|p1a: Chansey|par
|
|turn|8
|L|sca1d
|
|switch|p2a: Jynx|Jynx|233\/333 par
|move|p1a: Chansey|Reflect|p1a: Chansey
|-start|p1a: Chansey|Reflect
|
|turn|9
|
|cant|p2a: Jynx|par
|cant|p1a: Chansey|par
|
|turn|10
|
|move|p2a: Jynx|Psychic|p1a: Chansey
|-damage|p1a: Chansey|395\/703 par
|move|p1a: Chansey|Soft-Boiled|p1a: Chansey
|-heal|p1a: Chansey|703\/703 par
|
|turn|11
|
|move|p2a: Jynx|Psychic|p1a: Chansey
|-damage|p1a: Chansey|606\/703 par
|cant|p1a: Chansey|par
|
|turn|12
|L|xastify
|
|move|p2a: Jynx|Psychic|p1a: Chansey
|-damage|p1a: Chansey|504\/703 par
|cant|p1a: Chansey|par
|
|turn|13
|
|move|p2a: Jynx|Psychic|p1a: Chansey
|-damage|p1a: Chansey|397\/703 par
|move|p1a: Chansey|Soft-Boiled|p1a: Chansey
|-heal|p1a: Chansey|703\/703 par
|
|turn|14
|
|cant|p2a: Jynx|par
|move|p1a: Chansey|Seismic Toss|p2a: Jynx
|-damage|p2a: Jynx|133\/333 par
|
|turn|15
|
|move|p2a: Jynx|Rest|p2a: Jynx
|-status|p2a: Jynx|slp
|-heal|p2a: Jynx|333\/333 slp|[silent]
|-status|p2a: Jynx|slp|[from] move: Rest
|move|p1a: Chansey|Seismic Toss|p2a: Jynx
|-damage|p2a: Jynx|233\/333 slp
|
|turn|16
|
|switch|p1a: Tauros|Tauros|353\/353
|cant|p2a: Jynx|slp
|
|turn|17
|
|switch|p2a: Snorlax|Snorlax|523\/523
|move|p1a: Tauros|Body Slam|p2a: Snorlax
|-damage|p2a: Snorlax|387\/523
|
|turn|18
|
|switch|p1a: Exeggutor|Exeggutor|393\/393
|move|p2a: Snorlax|Reflect|p2a: Snorlax
|-start|p2a: Snorlax|Reflect
|
|turn|19
|
|switch|p2a: Jynx|Jynx|233\/333 slp
|move|p1a: Exeggutor|Sleep Powder|p2a: Jynx
|-fail|p2a: Jynx|slp
|
|turn|20
|L|pteryan988
|
|cant|p2a: Jynx|slp
|-curestatus|p2a: Jynx|slp
|move|p1a: Exeggutor|Sleep Powder|p2a: Jynx
|-status|p2a: Jynx|slp
|
|turn|21
|
|cant|p2a: Jynx|slp
|move|p1a: Exeggutor|Psychic|p2a: Jynx
|-resisted|p2a: Jynx
|-damage|p2a: Jynx|173\/333 slp
|
|turn|22
|
|cant|p2a: Jynx|slp
|move|p1a: Exeggutor|Hyper Beam|p2a: Jynx
|-damage|p2a: Jynx|0 fnt
|faint|p2a: Jynx
|J|kayz8
|
|switch|p2a: Jolteon|Jolteon|333\/333
|turn|23
|L|kayz8
|
|move|p2a: Jolteon|Pin Missile|p1a: Exeggutor|[miss]
|-miss|p2a: Jolteon
|move|p1a: Exeggutor|Sleep Powder|p2a: Jolteon
|-status|p2a: Jolteon|slp
|
|turn|24
|
|switch|p2a: Chansey|Chansey|633\/703
|move|p1a: Exeggutor|Psychic|p2a: Chansey
|-damage|p2a: Chansey|511\/703
|
|turn|25
|
|switch|p1a: Chansey|Chansey|703\/703 par
|move|p2a: Chansey|Thunder Wave|p1a: Chansey
|-fail|p1a: Chansey|par
|
|turn|26
|
|switch|p2a: Snorlax|Snorlax|387\/523
|move|p1a: Chansey|Reflect|p1a: Chansey
|-start|p1a: Chansey|Reflect
|
|turn|27
|
|move|p2a: Snorlax|Body Slam|p1a: Chansey
|-damage|p1a: Chansey|549\/703 par
|move|p1a: Chansey|Seismic Toss|p2a: Snorlax
|-damage|p2a: Snorlax|287\/523
|
|turn|28
|
|move|p2a: Snorlax|Reflect|p2a: Snorlax
|-start|p2a: Snorlax|Reflect
|move|p1a: Chansey|Thunder Wave|p2a: Snorlax
|-status|p2a: Snorlax|par
|
|turn|29
|
|move|p1a: Chansey|Seismic Toss|p2a: Snorlax
|-damage|p2a: Snorlax|187\/523 par
|move|p2a: Snorlax|Body Slam|p1a: Chansey
|-damage|p1a: Chansey|392\/703 par
|
|turn|30
|
|move|p1a: Chansey|Soft-Boiled|p1a: Chansey
|-heal|p1a: Chansey|703\/703 par
|move|p2a: Snorlax|Rest|p2a: Snorlax
|-status|p2a: Snorlax|slp
|-heal|p2a: Snorlax|523\/523 slp|[silent]
|-status|p2a: Snorlax|slp|[from] move: Rest
|
|turn|31
|
|move|p1a: Chansey|Seismic Toss|p2a: Snorlax
|-damage|p2a: Snorlax|423\/523 slp
|cant|p2a: Snorlax|slp
|
|turn|32
|L|fran17
|
|move|p1a: Chansey|Seismic Toss|p2a: Snorlax
|-damage|p2a: Snorlax|323\/523 slp
|cant|p2a: Snorlax|slp
|-curestatus|p2a: Snorlax|slp
|
|turn|33
|
|move|p1a: Chansey|Thunder Wave|p2a: Snorlax
|-status|p2a: Snorlax|par
|move|p2a: Snorlax|Body Slam|p1a: Chansey
|-damage|p1a: Chansey|550\/703 par
|
|turn|34
|
|switch|p1a: Starmie|Starmie|323\/323
|cant|p2a: Snorlax|par
|
|turn|35
|
|move|p1a: Starmie|Psychic|p2a: Snorlax
|-damage|p2a: Snorlax|180\/523 par
|move|p2a: Snorlax|Rest|p2a: Snorlax
|-status|p2a: Snorlax|slp
|-heal|p2a: Snorlax|523\/523 slp|[silent]
|-status|p2a: Snorlax|slp|[from] move: Rest
|
|turn|36
|
|move|p1a: Starmie|Psychic|p2a: Snorlax
|-damage|p2a: Snorlax|395\/523 slp
|cant|p2a: Snorlax|slp
|
|turn|37
|
|switch|p2a: Exeggutor|Exeggutor|393\/393
|move|p1a: Starmie|Psychic|p2a: Exeggutor
|-crit|p2a: Exeggutor
|-resisted|p2a: Exeggutor
|-damage|p2a: Exeggutor|306\/393
|-unboost|p2a: Exeggutor|spd|1
|-unboost|p2a: Exeggutor|spa|1
|
|turn|38
|
|move|p1a: Starmie|Thunder Wave|p2a: Exeggutor
|-status|p2a: Exeggutor|par
|move|p2a: Exeggutor|Stun Spore|p1a: Starmie|[miss]
|-miss|p2a: Exeggutor
|
|turn|39
|
|switch|p1a: Exeggutor|Exeggutor|393\/393
|move|p2a: Exeggutor|Stun Spore|p1a: Exeggutor
|-status|p1a: Exeggutor|par
|
|turn|40
|L|apatao
|J|EG Treasure
|
|switch|p2a: Chansey|Chansey|511\/703
|move|p1a: Exeggutor|Psychic|p2a: Chansey
|-damage|p2a: Chansey|386\/703
|-unboost|p2a: Chansey|spd|1
|-unboost|p2a: Chansey|spa|1
|
|turn|41
|
|switch|p1a: Chansey|Chansey|550\/703 par
|move|p2a: Chansey|Reflect|p2a: Chansey
|-start|p2a: Chansey|Reflect
|
|turn|42
|L|Eyan
|
|move|p2a: Chansey|Soft-Boiled|p2a: Chansey
|-heal|p2a: Chansey|703\/703
|move|p1a: Chansey|Seismic Toss|p2a: Chansey
|-damage|p2a: Chansey|603\/703
|
|turn|43
|
|switch|p2a: Snorlax|Snorlax|395\/523 slp
|cant|p1a: Chansey|par
|
|turn|44
|
|cant|p2a: Snorlax|slp
|-curestatus|p2a: Snorlax|slp
|cant|p1a: Chansey|par
|
|turn|45
|J|Geitz
|
|move|p2a: Snorlax|Body Slam|p1a: Chansey
|-damage|p1a: Chansey|270\/703 par
|move|p1a: Chansey|Thunder Wave|p2a: Snorlax
|-status|p2a: Snorlax|par
|
|turn|46
|
|move|p1a: Chansey|Soft-Boiled|p1a: Chansey
|-heal|p1a: Chansey|621\/703 par
|move|p2a: Snorlax|Body Slam|p1a: Chansey
|-damage|p1a: Chansey|350\/703 par
|
|turn|47
|
|move|p1a: Chansey|Reflect|p1a: Chansey
|-start|p1a: Chansey|Reflect
|cant|p2a: Snorlax|par
|
|turn|48
|
|move|p1a: Chansey|Soft-Boiled|p1a: Chansey
|-heal|p1a: Chansey|701\/703 par
|move|p2a: Snorlax|Body Slam|p1a: Chansey
|-damage|p1a: Chansey|565\/703 par
|
|turn|49
|
|move|p1a: Chansey|Seismic Toss|p2a: Snorlax
|-damage|p2a: Snorlax|295\/523 par
|move|p2a: Snorlax|Body Slam|p1a: Chansey
|-damage|p1a: Chansey|423\/703 par
|
|turn|50
|
|move|p1a: Chansey|Soft-Boiled|p1a: Chansey
|-heal|p1a: Chansey|703\/703 par
|cant|p2a: Snorlax|par
|
|turn|51
|
|switch|p1a: Starmie|Starmie|323\/323
|move|p2a: Snorlax|Reflect|p2a: Snorlax
|-start|p2a: Snorlax|Reflect
|
|turn|52
|
|move|p1a: Starmie|Psychic|p2a: Snorlax
|-damage|p2a: Snorlax|161\/523 par
|-unboost|p2a: Snorlax|spd|1
|-unboost|p2a: Snorlax|spa|1
|cant|p2a: Snorlax|par
|
|turn|53
|
|switch|p2a: Exeggutor|Exeggutor|306\/393 par
|move|p1a: Starmie|Psychic|p2a: Exeggutor
|-resisted|p2a: Exeggutor
|-damage|p2a: Exeggutor|264\/393 par
|-unboost|p2a: Exeggutor|spd|1
|-unboost|p2a: Exeggutor|spa|1
|
|turn|54
|
|switch|p1a: Exeggutor|Exeggutor|393\/393 par
|move|p2a: Exeggutor|Psychic|p1a: Exeggutor
|-resisted|p1a: Exeggutor
|-damage|p1a: Exeggutor|356\/393 par
|
|turn|55
|L|Geitz
|
|switch|p2a: Snorlax|Snorlax|161\/523 par
|move|p1a: Exeggutor|Psychic|p2a: Snorlax
|-damage|p2a: Snorlax|3\/523 par
|
|turn|56
|
|cant|p1a: Exeggutor|par
|cant|p2a: Snorlax|par
|
|turn|57
|
|cant|p1a: Exeggutor|par
|move|p2a: Snorlax|Rest|p2a: Snorlax
|-status|p2a: Snorlax|slp
|-heal|p2a: Snorlax|523\/523 slp|[silent]
|-status|p2a: Snorlax|slp|[from] move: Rest
|
|turn|58
|c|★galbia|.
|
|switch|p1a: Chansey|Chansey|703\/703 par
|switch|p2a: Chansey|Chansey|603\/703
|
|turn|59
|
|switch|p2a: Exeggutor|Exeggutor|264\/393 par
|move|p1a: Chansey|Reflect|p1a: Chansey
|-start|p1a: Chansey|Reflect
|
|turn|60
|
|move|p2a: Exeggutor|Psychic|p1a: Chansey
|-damage|p1a: Chansey|579\/703 par
|cant|p1a: Chansey|par
|
|turn|61
|
|cant|p2a: Exeggutor|par
|cant|p1a: Chansey|par
|
|turn|62
|
|cant|p2a: Exeggutor|par
|move|p1a: Chansey|Seismic Toss|p2a: Exeggutor
|-damage|p2a: Exeggutor|164\/393 par
|
|turn|63
|
|move|p2a: Exeggutor|Psychic|p1a: Chansey
|-damage|p1a: Chansey|464\/703 par
|move|p1a: Chansey|Seismic Toss|p2a: Exeggutor
|-damage|p2a: Exeggutor|64\/393 par
|
|turn|64
|L|EG Treasure
|
|move|p2a: Exeggutor|Explosion|p1a: Chansey
|-damage|p1a: Chansey|123\/703 par
|faint|p2a: Exeggutor
|
|switch|p2a: Tauros|Tauros|353\/353
|turn|65
|
|switch|p1a: Jolteon|Jolteon|333\/333 slp
|move|p2a: Tauros|Body Slam|p1a: Jolteon
|-damage|p1a: Jolteon|191\/333 slp
|
|turn|66
|
|cant|p1a: Jolteon|slp
|-curestatus|p1a: Jolteon|slp
|move|p2a: Tauros|Body Slam|p1a: Jolteon
|-damage|p1a: Jolteon|49\/333
|
|turn|67
|
|switch|p2a: Snorlax|Snorlax|523\/523 slp
|move|p1a: Jolteon|Thunder Wave|p2a: Snorlax
|-fail|p2a: Snorlax
|
|turn|68
|
|move|p1a: Jolteon|Thunderbolt|p2a: Snorlax
|-damage|p2a: Snorlax|355\/523 slp
|cant|p2a: Snorlax|slp
|
|turn|69
|
|move|p1a: Jolteon|Thunderbolt|p2a: Snorlax
|-damage|p2a: Snorlax|197\/523 slp
|cant|p2a: Snorlax|slp
|-curestatus|p2a: Snorlax|slp
|
|turn|70
|
|move|p1a: Jolteon|Thunderbolt|p2a: Snorlax
|-crit|p2a: Snorlax
|-damage|p2a: Snorlax|0 fnt
|faint|p2a: Snorlax
|
|switch|p2a: Chansey|Chansey|603\/703
|turn|71
|
|move|p1a: Jolteon|Thunder Wave|p2a: Chansey
|-status|p2a: Chansey|par
|move|p2a: Chansey|Seismic Toss|p1a: Jolteon
|-damage|p1a: Jolteon|0 fnt
|faint|p1a: Jolteon
|
|switch|p1a: Tauros|Tauros|353\/353
|turn|72
|
|move|p1a: Tauros|Body Slam|p2a: Chansey
|-damage|p2a: Chansey|327\/703 par
|cant|p2a: Chansey|par
|
|turn|73
|
|move|p1a: Tauros|Hyper Beam|p2a: Chansey
|-crit|p2a: Chansey
|-damage|p2a: Chansey|0 fnt
|faint|p2a: Chansey
|
|switch|p2a: Tauros|Tauros|353\/353
|turn|74
|
|switch|p1a: Chansey|Chansey|123\/703 par
|move|p2a: Tauros|Body Slam|p1a: Chansey
|-damage|p1a: Chansey|0 fnt
|faint|p1a: Chansey
|
|switch|p1a: Snorlax|Snorlax|523\/523
|turn|75
|
|move|p2a: Tauros|Body Slam|p1a: Snorlax
|-damage|p1a: Snorlax|399\/523
|move|p1a: Snorlax|Body Slam|p2a: Tauros
|-damage|p2a: Tauros|234\/353
|
|turn|76
|
|move|p2a: Tauros|Body Slam|p1a: Snorlax
|-damage|p1a: Snorlax|269\/523
|move|p1a: Snorlax|Counter|p2a: Tauros
|-damage|p2a: Tauros|0 fnt
|faint|p2a: Tauros
|
|switch|p2a: Jolteon|Jolteon|333\/333 slp
|turn|77
|
|cant|p2a: Jolteon|slp
|move|p1a: Snorlax|Self-Destruct|p2a: Jolteon
|-damage|p2a: Jolteon|0 fnt
|faint|p2a: Jolteon
|faint|p1a: Snorlax
|
|win|galbia