|J|fapkingg
|J|metaphysical
|player|p1|fapkingg|25
|player|p2|metaphysical|138
|gametype|singles
|gen|1
|tier|[Gen 1] OU
|seed|49820,32673,4792,32301
|rule|Sleep Clause Mod: Limit one foe put to sleep
|rule|Freeze Clause Mod: Limit one foe frozen
|rule|Species Clause: Limit one of each Pokémon
|rule|OHKO Clause: OHKO moves are banned
|rule|Evasion Moves Clause: Evasion moves are banned
|rule|HP Percentage Mod: HP is shown in percentages
|
|start
|switch|p1a: Alakazam|Alakazam|313\/313
|switch|p2a: Alakazam|Alakazam|313\/313
|turn|1
|J|choollio
|choice|move 4|move 2
|
|move|p1a: Alakazam|Thunder Wave|p2a: Alakazam
|-status|p2a: Alakazam|par
|cant|p2a: Alakazam|par
|
|turn|2
|choice|switch 5|move 2
|
|switch|p1a: Snorlax|Snorlax|523\/523
|move|p2a: Alakazam|Thunder Wave|p1a: Snorlax
|-status|p1a: Snorlax|par
|
|turn|3
|choice|move 1|switch 6
|
|switch|p2a: Golem|Golem|363\/363
|move|p1a: Snorlax|Body Slam|p2a: Golem
|-resisted|p2a: Golem
|-damage|p2a: Golem|322\/363
|
|turn|4
|choice|move 2|move 1
|
|move|p2a: Golem|Earthquake|p1a: Snorlax
|-damage|p1a: Snorlax|358\/523 par
|move|p1a: Snorlax|Earthquake|p2a: Golem
|-supereffective|p2a: Golem
|-damage|p2a: Golem|192\/363
|
|turn|5
|choice|switch 3|move 1
|
|switch|p1a: Exeggutor|Exeggutor|393\/393
|move|p2a: Golem|Earthquake|p1a: Exeggutor
|-resisted|p1a: Exeggutor
|-damage|p1a: Exeggutor|320\/393
|
|turn|6
|choice|move 1|switch 6
|
|switch|p2a: Alakazam|Alakazam|313\/313 par
|move|p1a: Exeggutor|Sleep Powder|p2a: Alakazam
|-fail|p2a: Alakazam
|
|turn|7
|J|CasedVictory
|choice|switch 3|move 3
|
|switch|p1a: Snorlax|Snorlax|358\/523 par
|move|p2a: Alakazam|Seismic Toss|p1a: Snorlax
|-damage|p1a: Snorlax|258\/523 par
|
|turn|8
|c|+CasedVictory|metaphysical smells like discharge
|choice|move 2|switch 6
|
|switch|p2a: Golem|Golem|192\/363
|move|p1a: Snorlax|Earthquake|p2a: Golem
|-supereffective|p2a: Golem
|-damage|p2a: Golem|46\/363
|
|turn|9
|choice|move 2|move 4
|
|move|p2a: Golem|Explosion|p1a: Snorlax
|-damage|p1a: Snorlax|0 fnt
|faint|p1a: Snorlax
|faint|p2a: Golem
|L|CasedVictory
|J|CasedVictory
|L|CasedVictory
|choice|switch 2|switch 5
|
|switch|p2a: Tauros|Tauros|353\/353
|switch|p1a: Rhydon|Rhydon|413\/413
|turn|10
|choice|switch 5|switch 4
|
|switch|p2a: Exeggutor|Exeggutor|393\/393
|switch|p1a: Alakazam|Alakazam|313\/313
|
|turn|11
|choice|move 3|switch 3
|
|switch|p2a: Chansey|Chansey|703\/703
|move|p1a: Alakazam|Seismic Toss|p2a: Chansey
|-damage|p2a: Chansey|603\/703
|
|turn|12
|choice|switch 4|move 3
|
|switch|p1a: Chansey|Chansey|703\/703
|move|p2a: Chansey|Thunder Wave|p1a: Chansey
|-status|p1a: Chansey|par
|
|turn|13
|choice|move 4|switch 2
|
|switch|p2a: Snorlax|Snorlax|523\/523
|move|p1a: Chansey|Thunder Wave|p2a: Snorlax
|-status|p2a: Snorlax|par
|
|turn|14
|choice|move 1|move 1
|
|move|p1a: Chansey|Reflect|p1a: Chansey
|-start|p1a: Chansey|Reflect
|cant|p2a: Snorlax|par
|
|turn|15
|choice|move 2|move 1
|
|cant|p1a: Chansey|par
|move|p2a: Snorlax|Body Slam|p1a: Chansey
|-crit|p1a: Chansey
|-damage|p1a: Chansey|124\/703 par
|
|turn|16
|choice|move 3|move 1
|
|move|p1a: Chansey|Soft-Boiled|p1a: Chansey
|-heal|p1a: Chansey|475\/703 par
|move|p2a: Snorlax|Body Slam|p1a: Chansey
|-damage|p1a: Chansey|326\/703 par
|
|turn|17
|choice|move 3|move 1
|
|cant|p1a: Chansey|par
|move|p2a: Snorlax|Body Slam|p1a: Chansey
|-damage|p1a: Chansey|181\/703 par
|
|turn|18
|choice|move 3|move 3
|
|move|p1a: Chansey|Soft-Boiled|p1a: Chansey
|-heal|p1a: Chansey|532\/703 par
|move|p2a: Snorlax|Self-Destruct|p1a: Chansey
|-damage|p1a: Chansey|106\/703 par
|faint|p2a: Snorlax
|choice||switch 4
|
|switch|p2a: Tauros|Tauros|353\/353
|turn|19
|choice|move 4|move 2
|
|move|p2a: Tauros|Hyper Beam|p1a: Chansey|[miss]
|-miss|p2a: Tauros
|cant|p1a: Chansey|par
|
|turn|20
|choice|move 4|move 1
|
|move|p2a: Tauros|Body Slam|p1a: Chansey
|-damage|p1a: Chansey|0 fnt
|faint|p1a: Chansey
|choice|switch 4|
|
|switch|p1a: Alakazam|Alakazam|313\/313
|turn|21
|choice|move 3|switch 2
|
|switch|p2a: Chansey|Chansey|603\/703
|move|p1a: Alakazam|Seismic Toss|p2a: Chansey
|-damage|p2a: Chansey|503\/703
|
|turn|22
|choice|move 4|move 1
|
|move|p1a: Alakazam|Thunder Wave|p2a: Chansey
|-status|p2a: Chansey|par
|move|p2a: Chansey|Ice Beam|p1a: Alakazam
|-damage|p1a: Alakazam|249\/313
|-status|p1a: Alakazam|frz
|
|turn|23
|c|★metaphysical|srry
|c|★fapkingg|all good
|choice|switch 6|move 2
|
|switch|p1a: Tauros|Tauros|353\/353
|move|p2a: Chansey|Soft-Boiled|p2a: Chansey
|-heal|p2a: Chansey|703\/703 par
|
|turn|24
|choice|move 1|move 3
|
|move|p1a: Tauros|Body Slam|p2a: Chansey
|-damage|p2a: Chansey|451\/703 par
|move|p2a: Chansey|Thunder Wave|p1a: Tauros
|-status|p1a: Tauros|par
|
|turn|25
|choice|move 1|switch 6
|
|switch|p2a: Alakazam|Alakazam|313\/313 par
|move|p1a: Tauros|Body Slam|p2a: Alakazam
|-crit|p2a: Alakazam
|-damage|p2a: Alakazam|7\/313 par
|
|turn|26
|choice|move 2|move 1
|
|move|p2a: Alakazam|Psychic|p1a: Tauros
|-crit|p1a: Tauros
|-damage|p1a: Tauros|41\/353 par
|-unboost|p1a: Tauros|spd|1
|-unboost|p1a: Tauros|spa|1
|move|p1a: Tauros|Hyper Beam|p2a: Alakazam
|-damage|p2a: Alakazam|0 fnt
|faint|p2a: Alakazam
|choice||switch 2
|
|switch|p2a: Tauros|Tauros|353\/353
|turn|27
|J|Hack
|choice|switch 6|move 1
|
|switch|p1a: Alakazam|Alakazam|249\/313 frz
|move|p2a: Tauros|Body Slam|p1a: Alakazam
|-damage|p1a: Alakazam|87\/313 frz
|
|turn|28
|L|Hack
|choice|move 1|move 1
|
|cant|p1a: Alakazam|frz
|move|p2a: Tauros|Body Slam|p1a: Alakazam
|-damage|p1a: Alakazam|0 fnt
|faint|p1a: Alakazam
|choice|switch 3|
|
|switch|p1a: Exeggutor|Exeggutor|320\/393
|turn|29
|choice|switch 6|switch 6
|
|switch|p2a: Chansey|Chansey|451\/703 par
|switch|p1a: Tauros|Tauros|41\/353 par
|
|turn|30
|J|Disenchanted
|choice|move 2|move 1
|
|cant|p1a: Tauros|par
|move|p2a: Chansey|Ice Beam|p1a: Tauros
|-damage|p1a: Tauros|0 fnt
|faint|p1a: Tauros
|choice|switch 5|
|
|switch|p1a: Rhydon|Rhydon|413\/413
|turn|31
|choice|move 1|switch 3
|
|switch|p2a: Exeggutor|Exeggutor|393\/393
|move|p1a: Rhydon|Substitute|p1a: Rhydon
|-start|p1a: Rhydon|Substitute
|-damage|p1a: Rhydon|310\/413
|
|turn|32
|choice|move 3|move 2
|
|move|p2a: Exeggutor|Psychic|p1a: Rhydon
|-end|p1a: Rhydon|Substitute
|move|p1a: Rhydon|Rock Slide|p2a: Exeggutor
|-damage|p2a: Exeggutor|274\/393
|
|turn|33
|choice|move 3|move 1
|
|move|p2a: Exeggutor|Sleep Powder|p1a: Rhydon|[miss]
|-miss|p2a: Exeggutor
|move|p1a: Rhydon|Rock Slide|p2a: Exeggutor
|-damage|p2a: Exeggutor|152\/393
|
|turn|34
|choice|move 3|move 1
|
|move|p2a: Exeggutor|Sleep Powder|p1a: Rhydon
|-status|p1a: Rhydon|slp
|cant|p1a: Rhydon|slp
|
|turn|35
|choice|switch 6|move 2
|
|switch|p1a: Exeggutor|Exeggutor|320\/393
|move|p2a: Exeggutor|Psychic|p1a: Exeggutor
|-resisted|p1a: Exeggutor
|-damage|p1a: Exeggutor|267\/393
|-unboost|p1a: Exeggutor|spd|1
|-unboost|p1a: Exeggutor|spa|1
|
|turn|36
|choice|switch 6|switch 3
|
|switch|p1a: Rhydon|Rhydon|310\/413 slp
|switch|p2a: Chansey|Chansey|451\/703 par
|
|turn|37
|choice|move 1|move 1
|
|-curestatus|p1a: Rhydon|slp
|cant|p2a: Chansey|par
|
|turn|38
|choice|move 1|move 1
|
|move|p1a: Rhydon|Substitute|p1a: Rhydon
|-start|p1a: Rhydon|Substitute
|-damage|p1a: Rhydon|207\/413
|move|p2a: Chansey|Ice Beam|p1a: Rhydon
|-supereffective|p1a: Rhydon
|-end|p1a: Rhydon|Substitute
|
|turn|39
|choice|move 1|move 1
|
|move|p1a: Rhydon|Substitute|p1a: Rhydon
|-start|p1a: Rhydon|Substitute
|-damage|p1a: Rhydon|104\/413
|move|p2a: Chansey|Ice Beam|p1a: Rhydon
|-supereffective|p1a: Rhydon
|-end|p1a: Rhydon|Substitute
|
|turn|40
|choice|move 1|switch 3
|
|switch|p2a: Exeggutor|Exeggutor|152\/393
|move|p1a: Rhydon|Substitute|p1a: Rhydon
|-start|p1a: Rhydon|Substitute
|-damage|p1a: Rhydon|1\/413
|
|turn|41
|choice|move 2|move 2
|
|move|p2a: Exeggutor|Psychic|p1a: Rhydon
|-end|p1a: Rhydon|Substitute
|move|p1a: Rhydon|Body Slam|p2a: Exeggutor
|-damage|p2a: Exeggutor|66\/393
|
|turn|42
|c|+Disenchanted|sub salac rhydon
|c|+Disenchanted|yn
|c|★fapkingg|y
|c|★fapkingg|item disappeared
|c|★fapkingg|hacker
|c|★metaphysical|fuck
|c|★metaphysical|got me
|c|★metaphysical|:\
|choice|switch 6|move 2
|
|switch|p1a: Exeggutor|Exeggutor|267\/393
|move|p2a: Exeggutor|Psychic|p1a: Exeggutor
|-resisted|p1a: Exeggutor
|-damage|p1a: Exeggutor|218\/393
|
|turn|43
|choice|move 3|move 4
|
|move|p1a: Exeggutor|Psychic|p2a: Exeggutor
|-resisted|p2a: Exeggutor
|-damage|p2a: Exeggutor|14\/393
|move|p2a: Exeggutor|Explosion|p1a: Exeggutor
|-damage|p1a: Exeggutor|0 fnt
|faint|p1a: Exeggutor
|faint|p2a: Exeggutor
|choice|switch 6|switch 6
|
|switch|p2a: Tauros|Tauros|353\/353
|switch|p1a: Rhydon|Rhydon|1\/413
|turn|44
|c|★fapkingg|time for some 255s
|choice|move 4|move 4
|
|move|p2a: Tauros|Earthquake|p1a: Rhydon
|-supereffective|p1a: Rhydon
|-damage|p1a: Rhydon|0 fnt
|faint|p1a: Rhydon
|
|win|metaphysical