|inactive|Battle timer is ON: inactive players will automatically lose when time's up.
|J|Vileman
|J|CrapAtRBY
|player|p1|Vileman|165
|player|p2|CrapAtRBY|2
|gametype|singles
|gen|1
|tier|[Gen 1] OU
|seed|57951,16259,23185,41415
|rule|Sleep Clause Mod: Limit one foe put to sleep
|rule|Freeze Clause Mod: Limit one foe frozen
|rule|Species Clause: Limit one of each Pokémon
|rule|OHKO Clause: OHKO moves are banned
|rule|Evasion Moves Clause: Evasion moves are banned
|rule|HP Percentage Mod: HP is shown in percentages
|
|start
|switch|p1a: Gengar|Gengar|323\/323
|switch|p2a: Jynx|Jynx|333\/333
|turn|1
|c|★Vileman|gl hf
|J|Demerging
|J|EG POSHO
|J|Roundabout Zodiak
|J|LeoDamin
|choice|move 1|move 2
|
|move|p1a: Gengar|Hypnosis|p2a: Jynx
|-status|p2a: Jynx|slp
|cant|p2a: Jynx|slp
|
|turn|2
|c|★CrapAtRBY|You too
|choice|move 4|switch 2
|
|switch|p2a: Exeggutor|Exeggutor|393\/393
|move|p1a: Gengar|Explosion|p2a: Exeggutor
|-crit|p2a: Exeggutor
|-damage|p2a: Exeggutor|0 fnt
|faint|p2a: Exeggutor
|faint|p1a: Gengar
|choice|switch 5|switch 3
|
|switch|p2a: Chansey|Chansey|703\/703
|switch|p1a: Snorlax|Snorlax|523\/523
|turn|3
|choice|switch 2|move 3
|
|switch|p1a: Chansey|Chansey|703\/703
|move|p2a: Chansey|Thunder Wave|p1a: Chansey
|-status|p1a: Chansey|par
|
|turn|4
|choice|switch 2|switch 4
|
|switch|p2a: Snorlax|Snorlax|523\/523
|switch|p1a: Snorlax|Snorlax|523\/523
|
|turn|5
|choice|move 3|move 3
|
|move|p2a: Snorlax|Reflect|p2a: Snorlax
|-start|p2a: Snorlax|Reflect
|move|p1a: Snorlax|Reflect|p1a: Snorlax
|-start|p1a: Snorlax|Reflect
|
|turn|6
|choice|move 1|move 2
|
|move|p1a: Snorlax|Body Slam|p2a: Snorlax
|-damage|p2a: Snorlax|455\/523
|move|p2a: Snorlax|Amnesia|p2a: Snorlax
|-boost|p2a: Snorlax|spd|2
|-boost|p2a: Snorlax|spa|2
|
|turn|7
|choice|move 1|move 2
|
|move|p2a: Snorlax|Amnesia|p2a: Snorlax
|-boost|p2a: Snorlax|spd|2
|-boost|p2a: Snorlax|spa|2
|move|p1a: Snorlax|Body Slam|p2a: Snorlax
|-damage|p2a: Snorlax|382\/523
|
|turn|8
|choice|switch 4|move 2
|
|switch|p1a: Slowbro|Slowbro|393\/393
|move|p2a: Snorlax|Amnesia|p2a: Snorlax
|-boost|p2a: Snorlax|spd|2
|-boost|p2a: Snorlax|spa|2
|
|turn|9
|J|Lana Del seldo
|choice|move 3|switch 4
|
|switch|p2a: Chansey|Chansey|703\/703
|move|p1a: Slowbro|Thunder Wave|p2a: Chansey
|-status|p2a: Chansey|par
|
|turn|10
|L|Lana Del seldo
|choice|move 1|move 3
|
|move|p1a: Slowbro|Amnesia|p1a: Slowbro
|-boost|p1a: Slowbro|spd|2
|-boost|p1a: Slowbro|spa|2
|move|p2a: Chansey|Thunder Wave|p1a: Slowbro
|-status|p1a: Slowbro|par
|
|turn|11
|choice|move 1|move 2
|
|move|p1a: Slowbro|Amnesia|p1a: Slowbro
|-boost|p1a: Slowbro|spd|2
|-boost|p1a: Slowbro|spa|2
|cant|p2a: Chansey|par
|
|turn|12
|choice|move 2|move 2
|
|move|p1a: Slowbro|Surf|p2a: Chansey
|-damage|p2a: Chansey|421\/703 par
|move|p2a: Chansey|Thunderbolt|p1a: Slowbro
|-supereffective|p1a: Slowbro
|-damage|p1a: Slowbro|334\/393 par
|
|turn|13
|choice|move 2|move 4
|
|cant|p1a: Slowbro|par
|move|p2a: Chansey|Soft-Boiled|p2a: Chansey
|-heal|p2a: Chansey|703\/703 par
|
|turn|14
|choice|move 1|move 2
|
|move|p1a: Slowbro|Amnesia|p1a: Slowbro
|-boost|p1a: Slowbro|spd|2
|-boost|p1a: Slowbro|spa|2
|move|p2a: Chansey|Thunderbolt|p1a: Slowbro
|-supereffective|p1a: Slowbro
|-damage|p1a: Slowbro|284\/393 par
|
|turn|15
|J|Enki
|L|Enki
|choice|move 2|move 2
|
|move|p1a: Slowbro|Surf|p2a: Chansey
|-damage|p2a: Chansey|317\/703 par
|move|p2a: Chansey|Thunderbolt|p1a: Slowbro
|-supereffective|p1a: Slowbro
|-damage|p1a: Slowbro|236\/393 par
|
|turn|16
|choice|move 2|move 4
|
|move|p1a: Slowbro|Surf|p2a: Chansey
|-damage|p2a: Chansey|0 fnt
|faint|p2a: Chansey
|L|Roundabout Zodiak
|choice||switch 6
|
|switch|p2a: Lapras|Lapras|463\/463
|turn|17
|choice|move 3|move 2
|
|move|p2a: Lapras|Thunderbolt|p1a: Slowbro
|-supereffective|p1a: Slowbro
|-damage|p1a: Slowbro|190\/393 par
|cant|p1a: Slowbro|par
|
|turn|18
|choice|move 3|move 2
|
|move|p2a: Lapras|Thunderbolt|p1a: Slowbro
|-supereffective|p1a: Slowbro
|-damage|p1a: Slowbro|141\/393 par
|move|p1a: Slowbro|Thunder Wave|p2a: Lapras
|-status|p2a: Lapras|par
|
|turn|19
|choice|move 4|move 3
|
|cant|p2a: Lapras|par
|move|p1a: Slowbro|Rest|p1a: Slowbro
|-status|p1a: Slowbro|slp
|-heal|p1a: Slowbro|393\/393 slp|[silent]
|-status|p1a: Slowbro|slp|[from] move: Rest
|
|turn|20
|choice|move 3|move 2
|
|move|p2a: Lapras|Thunderbolt|p1a: Slowbro
|-crit|p1a: Slowbro
|-supereffective|p1a: Slowbro
|-damage|p1a: Slowbro|63\/393 slp
|cant|p1a: Slowbro|slp
|
|turn|21
|choice|move 3|move 2
|
|move|p2a: Lapras|Thunderbolt|p1a: Slowbro
|-supereffective|p1a: Slowbro
|-damage|p1a: Slowbro|14\/393 slp
|-curestatus|p1a: Slowbro|slp
|
|turn|22
|choice|move 4|move 2
|
|cant|p2a: Lapras|par
|move|p1a: Slowbro|Rest|p1a: Slowbro
|-status|p1a: Slowbro|slp
|-heal|p1a: Slowbro|393\/393 slp|[silent]
|-status|p1a: Slowbro|slp|[from] move: Rest
|
|turn|23
|choice|move 2|move 2
|
|move|p2a: Lapras|Thunderbolt|p1a: Slowbro
|-supereffective|p1a: Slowbro
|-damage|p1a: Slowbro|345\/393 slp
|cant|p1a: Slowbro|slp
|
|turn|24
|choice|move 2|move 2
|
|move|p2a: Lapras|Thunderbolt|p1a: Slowbro
|-supereffective|p1a: Slowbro
|-damage|p1a: Slowbro|300\/393 slp
|-curestatus|p1a: Slowbro|slp
|
|turn|25
|choice|move 2|move 3
|
|move|p2a: Lapras|Confuse Ray|p1a: Slowbro
|-start|p1a: Slowbro|confusion
|-activate|p1a: Slowbro|confusion
|move|p1a: Slowbro|Surf|p2a: Lapras
|-resisted|p2a: Lapras
|-damage|p2a: Lapras|281\/463 par
|
|turn|26
|choice|move 2|move 2
|
|cant|p2a: Lapras|par
|-activate|p1a: Slowbro|confusion
|move|p1a: Slowbro|Surf|p2a: Lapras
|-resisted|p2a: Lapras
|-damage|p2a: Lapras|88\/463 par
|
|turn|27
|choice|move 2|move 2
|
|move|p2a: Lapras|Thunderbolt|p1a: Slowbro
|-supereffective|p1a: Slowbro
|-damage|p1a: Slowbro|252\/393
|-activate|p1a: Slowbro|confusion
|-damage|p1a: Slowbro|224\/393|[from] confusion
|
|turn|28
|choice|move 2|move 2
|
|move|p2a: Lapras|Thunderbolt|p1a: Slowbro
|-crit|p1a: Slowbro
|-supereffective|p1a: Slowbro
|-damage|p1a: Slowbro|0 fnt
|faint|p1a: Slowbro
|choice|switch 3|
|
|switch|p1a: Tauros|Tauros|353\/353
|turn|29
|choice|move 1|move 1
|
|move|p1a: Tauros|Body Slam|p2a: Lapras
|-damage|p2a: Lapras|0 fnt
|faint|p2a: Lapras
|choice||switch 5
|
|switch|p2a: Tauros|Tauros|353\/353
|turn|30
|choice|move 1|move 1
|
|move|p1a: Tauros|Body Slam|p2a: Tauros
|-damage|p2a: Tauros|243\/353
|move|p2a: Tauros|Body Slam|p1a: Tauros
|-damage|p1a: Tauros|249\/353
|
|turn|31
|choice|move 1|move 1
|
|move|p2a: Tauros|Body Slam|p1a: Tauros
|-crit|p1a: Tauros
|-damage|p1a: Tauros|32\/353
|move|p1a: Tauros|Body Slam|p2a: Tauros
|-crit|p2a: Tauros
|-damage|p2a: Tauros|38\/353
|
|turn|32
|choice|move 1|move 1
|
|move|p2a: Tauros|Body Slam|p1a: Tauros
|-crit|p1a: Tauros
|-damage|p1a: Tauros|0 fnt
|faint|p1a: Tauros
|choice|switch 6|
|
|switch|p1a: Zapdos|Zapdos|383\/383
|turn|33
|choice|move 1|move 2
|
|move|p2a: Tauros|Hyper Beam|p1a: Zapdos
|-damage|p1a: Zapdos|190\/383
|move|p1a: Zapdos|Drill Peck|p2a: Tauros
|-damage|p2a: Tauros|0 fnt
|faint|p2a: Tauros
|choice||switch 4
|
|switch|p2a: Snorlax|Snorlax|382\/523
|turn|34
|choice|move 4|move 2
|
|move|p1a: Zapdos|Thunder Wave|p2a: Snorlax
|-status|p2a: Snorlax|par
|move|p2a: Snorlax|Amnesia|p2a: Snorlax
|-boost|p2a: Snorlax|spd|2
|-boost|p2a: Snorlax|spa|2
|
|turn|35
|choice|move 1|move 2
|
|move|p1a: Zapdos|Drill Peck|p2a: Snorlax
|-damage|p2a: Snorlax|265\/523 par
|move|p2a: Snorlax|Amnesia|p2a: Snorlax
|-boost|p2a: Snorlax|spd|2
|-boost|p2a: Snorlax|spa|2
|
|turn|36
|choice|move 1|move 3
|
|move|p1a: Zapdos|Drill Peck|p2a: Snorlax
|-damage|p2a: Snorlax|156\/523 par
|cant|p2a: Snorlax|par
|
|turn|37
|choice|move 1|move 4
|
|move|p1a: Zapdos|Drill Peck|p2a: Snorlax
|-damage|p2a: Snorlax|35\/523 par
|move|p2a: Snorlax|Rest|p2a: Snorlax
|-status|p2a: Snorlax|slp
|-heal|p2a: Snorlax|523\/523 slp|[silent]
|-status|p2a: Snorlax|slp|[from] move: Rest
|
|turn|38
|choice|move 1|move 3
|
|move|p1a: Zapdos|Drill Peck|p2a: Snorlax
|-damage|p2a: Snorlax|401\/523 slp
|cant|p2a: Snorlax|slp
|
|turn|39
|choice|move 1|move 3
|
|move|p1a: Zapdos|Drill Peck|p2a: Snorlax
|-damage|p2a: Snorlax|285\/523 slp
|-curestatus|p2a: Snorlax|slp
|
|turn|40
|choice|move 4|move 3
|
|move|p1a: Zapdos|Thunder Wave|p2a: Snorlax
|-status|p2a: Snorlax|par
|move|p2a: Snorlax|Reflect|p2a: Snorlax
|-start|p2a: Snorlax|Reflect
|
|turn|41
|choice|move 1|move 2
|
|move|p1a: Zapdos|Drill Peck|p2a: Snorlax
|-damage|p2a: Snorlax|228\/523 par
|move|p2a: Snorlax|Amnesia|p2a: Snorlax
|-boost|p2a: Snorlax|spd|2
|-boost|p2a: Snorlax|spa|2
|
|turn|42
|choice|move 2|move 4
|
|move|p1a: Zapdos|Thunder|p2a: Snorlax
|-damage|p2a: Snorlax|171\/523 par
|move|p2a: Snorlax|Rest|p2a: Snorlax
|-status|p2a: Snorlax|slp
|-heal|p2a: Snorlax|523\/523 slp|[silent]
|-status|p2a: Snorlax|slp|[from] move: Rest
|
|turn|43
|choice|move 2|move 1
|
|move|p1a: Zapdos|Thunder|p2a: Snorlax
|-crit|p2a: Snorlax
|-damage|p2a: Snorlax|136\/523 slp
|cant|p2a: Snorlax|slp
|
|turn|44
|choice|move 1|move 4
|
|move|p1a: Zapdos|Drill Peck|p2a: Snorlax
|-crit|p2a: Snorlax
|-damage|p2a: Snorlax|0 fnt
|faint|p2a: Snorlax
|choice||switch 2
|
|switch|p2a: Jynx|Jynx|333\/333 slp
|turn|45
|choice|move 1|move 1
|
|move|p1a: Zapdos|Drill Peck|p2a: Jynx
|-crit|p2a: Jynx
|-damage|p2a: Jynx|28\/333 slp
|cant|p2a: Jynx|slp
|
|turn|46
|choice|move 1|move 1
|
|move|p1a: Zapdos|Drill Peck|p2a: Jynx
|-damage|p2a: Jynx|0 fnt
|faint|p2a: Jynx
|
|win|Vileman