|J|Dice
|J|M Dragon
|player|p1|Dice|265
|player|p2|M Dragon|1
|gametype|singles
|gen|1
|tier|[Gen 1] OU
|seed|65363,28201,37340,7076
|rule|Sleep Clause Mod: Limit one foe put to sleep
|rule|Freeze Clause Mod: Limit one foe frozen
|rule|Species Clause: Limit one of each Pokémon
|rule|OHKO Clause: OHKO moves are banned
|rule|Evasion Moves Clause: Evasion moves are banned
|rule|HP Percentage Mod: HP is shown in percentages
|
|start
|switch|p1a: Jynx|Jynx|333\/333
|switch|p2a: Alakazam|Alakazam, M|313\/313
|turn|1
|J|badaking
|J|BKC
|J|obii
|c|%BKC|gl trying to beat him with your "plays" dice
|c|+badaking|*whistles ominously
|J|BLINGAS
|c|+badaking|*
|c|★Dice|:3
|c|★M Dragon|gl hf
|c|★Dice|u2
|J|shartruce2
|J|lt2 mister boy
|choice|move 2|move 1
|
|move|p2a: Alakazam|Thunder Wave|p1a: Jynx
|-status|p1a: Jynx|par
|move|p1a: Jynx|Lovely Kiss|p2a: Alakazam|[miss]
|-miss|p1a: Jynx
|
|turn|2
|c|%BKC|oh this is for rbywc
|c|★M Dragon|yes
|c|★Dice|yes
|choice|move 2|move 4
|
|move|p2a: Alakazam|Seismic Toss|p1a: Jynx
|-damage|p1a: Jynx|233\/333 par
|move|p1a: Jynx|Lovely Kiss|p2a: Alakazam
|-status|p2a: Alakazam|slp
|
|turn|3
|choice|move 3|switch 5
|
|switch|p2a: Lapras|Lapras, M|463\/463
|move|p1a: Jynx|Counter|p2a: Lapras
|-fail|p1a: Jynx
|
|turn|4
|c|+smurfer|whats this for
|c|★Dice|oh
|c|★Dice|im dumb
|c|★Dice|LOL
|c|★Dice|lag.
|choice|switch 5|move 3
|
|switch|p1a: Snorlax|Snorlax, M|523\/523
|move|p2a: Lapras|Thunderbolt|p1a: Snorlax
|-crit|p1a: Snorlax
|-damage|p1a: Snorlax|352\/523
|
|turn|5
|choice|move 1|move 1
|
|move|p2a: Lapras|Blizzard|p1a: Snorlax|[miss]
|-miss|p2a: Lapras
|move|p1a: Snorlax|Body Slam|p2a: Lapras
|-damage|p2a: Lapras|336\/463
|-status|p2a: Lapras|par
|
|turn|6
|choice|move 1|move 1
|
|move|p1a: Snorlax|Body Slam|p2a: Lapras
|-damage|p2a: Lapras|209\/463 par
|move|p2a: Lapras|Blizzard|p1a: Snorlax
|-damage|p1a: Snorlax|185\/523
|
|turn|7
|L|shartruce2
|choice|move 1|move 1
|
|move|p1a: Snorlax|Body Slam|p2a: Lapras
|-damage|p2a: Lapras|74\/463 par
|move|p2a: Lapras|Blizzard|p1a: Snorlax
|-damage|p1a: Snorlax|2\/523
|
|turn|8
|choice|move 1|move 1
|
|move|p1a: Snorlax|Body Slam|p2a: Lapras
|-damage|p2a: Lapras|0 fnt
|faint|p2a: Lapras
|J|Frazzle Dazzle
|choice||switch 3
|
|switch|p2a: Tauros|Tauros|353\/353
|turn|9
|choice|switch 3|move 2
|
|switch|p1a: Slowbro|Slowbro, M|393\/393
|move|p2a: Tauros|Body Slam|p1a: Slowbro
|-crit|p1a: Slowbro
|-damage|p1a: Slowbro|220\/393
|-status|p1a: Slowbro|par
|
|turn|10
|choice|move 3|switch 4
|
|switch|p2a: Snorlax|Snorlax, M|523\/523
|cant|p1a: Slowbro|par
|
|turn|11
|choice|move 3|move 1
|
|move|p2a: Snorlax|Body Slam|p1a: Slowbro
|-damage|p1a: Slowbro|125\/393 par
|cant|p1a: Slowbro|par
|
|turn|12
|c|%BKC|lol
|choice|move 2|move 1
|
|move|p2a: Snorlax|Body Slam|p1a: Slowbro
|-damage|p1a: Slowbro|23\/393 par
|cant|p1a: Slowbro|par
|
|turn|13
|choice|switch 2|move 1
|
|switch|p1a: Golem|Golem, M|363\/363
|move|p2a: Snorlax|Body Slam|p1a: Golem
|-resisted|p1a: Golem
|-damage|p1a: Golem|321\/363
|
|turn|14
|choice|move 2|move 2
|
|move|p1a: Golem|Earthquake|p2a: Snorlax
|-damage|p2a: Snorlax|347\/523
|move|p2a: Snorlax|Earthquake|p1a: Golem
|-supereffective|p1a: Golem
|-damage|p1a: Golem|173\/363
|
|turn|15
|J|Aussicht
|choice|move 2|switch 6
|
|switch|p2a: Exeggutor|Exeggutor, M|393\/393
|move|p1a: Golem|Earthquake|p2a: Exeggutor
|-resisted|p2a: Exeggutor
|-damage|p2a: Exeggutor|329\/393
|
|turn|16
|J|SOMALIA
|choice|switch 5|move 1
|
|switch|p1a: Jynx|Jynx|233\/333 par
|move|p2a: Exeggutor|Psychic|p1a: Jynx
|-resisted|p1a: Jynx
|-damage|p1a: Jynx|165\/333 par
|
|turn|17
|choice|switch 3|move 1
|
|switch|p1a: Snorlax|Snorlax, M|2\/523
|move|p2a: Exeggutor|Psychic|p1a: Snorlax
|-damage|p1a: Snorlax|0 fnt
|faint|p1a: Snorlax
|choice|switch 3|
|
|switch|p1a: Jynx|Jynx|165\/333 par
|turn|18
|choice|move 4|switch 6
|
|switch|p2a: Snorlax|Snorlax, M|347\/523
|move|p1a: Jynx|Blizzard|p2a: Snorlax
|-damage|p2a: Snorlax|168\/523
|
|turn|19
|choice|switch 5|move 1
|
|switch|p1a: Golem|Golem, M|173\/363
|move|p2a: Snorlax|Body Slam|p1a: Golem
|-resisted|p1a: Golem
|-damage|p1a: Golem|129\/363
|-status|p1a: Golem|par
|
|turn|20
|choice|switch 2|move 2
|
|switch|p1a: Slowbro|Slowbro, M|23\/393 par
|move|p2a: Snorlax|Earthquake|p1a: Slowbro
|-damage|p1a: Slowbro|0 fnt
|faint|p1a: Slowbro
|choice|switch 4|
|
|switch|p1a: Tauros|Tauros|353\/353
|turn|21
|choice|move 4|switch 6
|
|switch|p2a: Exeggutor|Exeggutor, M|329\/393
|move|p1a: Tauros|Hyper Beam|p2a: Exeggutor
|-damage|p2a: Exeggutor|120\/393
|
|turn|22
|-mustrecharge|p1a: Tauros
|-mustrecharge|p1a: Tauros
|choice|move 1|move 4
|
|cant|p1a: Tauros|recharge
|move|p2a: Exeggutor|Sleep Powder|p1a: Tauros
|-status|p1a: Tauros|slp
|
|turn|23
|choice|switch 5|move 1
|
|switch|p1a: Jynx|Jynx|165\/333 par
|move|p2a: Exeggutor|Psychic|p1a: Jynx
|-resisted|p1a: Jynx
|-damage|p1a: Jynx|98\/333 par
|-unboost|p1a: Jynx|spd|1
|-unboost|p1a: Jynx|spa|1
|
|turn|24
|choice|switch 2|move 1
|
|switch|p1a: Golem|Golem, M|129\/363 par
|move|p2a: Exeggutor|Psychic|p1a: Golem
|-damage|p1a: Golem|0 fnt
|faint|p1a: Golem
|choice|switch 2|
|
|switch|p1a: Jynx|Jynx|98\/333 par
|turn|25
|choice|move 4|switch 2
|
|switch|p2a: Starmie|Starmie|323\/323
|move|p1a: Jynx|Blizzard|p2a: Starmie
|-crit|p2a: Starmie
|-resisted|p2a: Starmie
|-damage|p2a: Starmie|200\/323
|-status|p2a: Starmie|frz
|
|turn|26
|choice|move 4|move 1
|
|cant|p2a: Starmie|frz
|cant|p1a: Jynx|par
|
|turn|27
|choice|switch 5|move 1
|
|switch|p1a: Tauros|Tauros|353\/353 slp
|cant|p2a: Starmie|frz
|
|turn|28
|choice|move 1|switch 4
|
|switch|p2a: Tauros|Tauros|353\/353
|cant|p1a: Tauros|slp
|
|turn|29
|choice|switch 5|move 2
|
|switch|p1a: Jynx|Jynx|98\/333 par
|move|p2a: Tauros|Body Slam|p1a: Jynx
|-damage|p1a: Jynx|0 fnt
|faint|p1a: Jynx
|choice|switch 6|
|
|switch|p1a: Alakazam|Alakazam, M|313\/313
|turn|30
|choice|move 3|move 2
|
|move|p1a: Alakazam|Thunder Wave|p2a: Tauros
|-status|p2a: Tauros|par
|cant|p2a: Tauros|par
|
|turn|31
|choice|move 2|move 2
|
|move|p1a: Alakazam|Reflect|p1a: Alakazam
|-start|p1a: Alakazam|Reflect
|move|p2a: Tauros|Body Slam|p1a: Alakazam
|-damage|p1a: Alakazam|235\/313
|
|turn|32
|choice|move 1|move 2
|
|move|p1a: Alakazam|Psychic|p2a: Tauros
|-crit|p2a: Tauros
|-damage|p2a: Tauros|10\/353 par
|-unboost|p2a: Tauros|spd|1
|-unboost|p2a: Tauros|spa|1
|cant|p2a: Tauros|par
|
|turn|33
|choice|move 1|switch 4
|
|switch|p2a: Starmie|Starmie|200\/323 frz
|move|p1a: Alakazam|Psychic|p2a: Starmie
|-crit|p2a: Starmie
|-resisted|p2a: Starmie
|-damage|p2a: Starmie|68\/323 frz
|
|turn|34
|choice|move 1|move 4
|
|move|p1a: Alakazam|Psychic|p2a: Starmie
|-resisted|p2a: Starmie
|-damage|p2a: Starmie|0 fnt
|faint|p2a: Starmie
|choice||switch 2
|
|switch|p2a: Exeggutor|Exeggutor, M|120\/393
|turn|35
|J|lt2 blink
|L|lt2 blink
|choice|move 3|move 3
|
|move|p1a: Alakazam|Thunder Wave|p2a: Exeggutor
|-status|p2a: Exeggutor|par
|move|p2a: Exeggutor|Stun Spore|p1a: Alakazam|[miss]
|-miss|p2a: Exeggutor
|
|turn|36
|choice|move 1|move 3
|
|move|p1a: Alakazam|Psychic|p2a: Exeggutor
|-crit|p2a: Exeggutor
|-resisted|p2a: Exeggutor
|-damage|p2a: Exeggutor|16\/393 par
|cant|p2a: Exeggutor|par
|
|turn|37
|choice|move 1|switch 4
|
|switch|p2a: Tauros|Tauros|10\/353 par
|move|p1a: Alakazam|Psychic|p2a: Tauros
|-damage|p2a: Tauros|0 fnt
|faint|p2a: Tauros
|J|Bloody alfa
|choice||switch 5
|
|switch|p2a: Alakazam|Alakazam, M|313\/313 slp
|turn|38
|choice|move 1|move 2
|
|cant|p2a: Alakazam|slp
|move|p1a: Alakazam|Psychic|p2a: Alakazam
|-resisted|p2a: Alakazam
|-damage|p2a: Alakazam|262\/313 slp
|
|turn|39
|L|BLINGAS
|choice|move 1|move 2
|
|move|p1a: Alakazam|Psychic|p2a: Alakazam
|-resisted|p2a: Alakazam
|-damage|p2a: Alakazam|210\/313 slp
|cant|p2a: Alakazam|slp
|
|turn|40
|choice|move 1|move 2
|
|cant|p2a: Alakazam|slp
|move|p1a: Alakazam|Psychic|p2a: Alakazam
|-crit|p2a: Alakazam
|-resisted|p2a: Alakazam
|-damage|p2a: Alakazam|115\/313 slp
|-unboost|p2a: Alakazam|spd|1
|-unboost|p2a: Alakazam|spa|1
|
|turn|41
|choice|move 1|switch 4
|
|switch|p2a: Exeggutor|Exeggutor, M|16\/393 par
|move|p1a: Alakazam|Psychic|p2a: Exeggutor
|-crit|p2a: Exeggutor
|-resisted|p2a: Exeggutor
|-damage|p2a: Exeggutor|0 fnt
|faint|p2a: Exeggutor
|choice||switch 4
|
|switch|p2a: Alakazam|Alakazam, M|115\/313 slp
|turn|42
|choice|move 1|move 3
|
|cant|p2a: Alakazam|slp
|move|p1a: Alakazam|Psychic|p2a: Alakazam
|-crit|p2a: Alakazam
|-resisted|p2a: Alakazam
|-damage|p2a: Alakazam|14\/313 slp
|
|turn|43
|c|★M Dragon|y gg :)
|choice|move 1|move 2
|
|move|p1a: Alakazam|Psychic|p2a: Alakazam
|-resisted|p2a: Alakazam
|-damage|p2a: Alakazam|0 fnt
|faint|p2a: Alakazam
|choice||switch 6
|
|switch|p2a: Snorlax|Snorlax, M|168\/523
|turn|44
|choice|move 1|move 1
|
|move|p1a: Alakazam|Psychic|p2a: Snorlax
|-damage|p2a: Snorlax|0 fnt
|faint|p2a: Snorlax
|
|win|Dice