|inactive|Battle timer is ON: inactive players will automatically lose when time's up.
|J|smilzo
|J|IMPERATORE NELSON
|player|p1|smilzo|157
|player|p2|IMPERATORE NELSON|153
|gametype|singles
|gen|1
|tier|[Gen 1] OU
|rule|Sleep Clause Mod: Limit one foe put to sleep
|rule|Freeze Clause Mod: Limit one foe frozen
|rule|Species Clause: Limit one of each Pokémon
|rule|OHKO Clause: OHKO moves are banned
|rule|Evasion Moves Clause: Evasion moves are banned
|rule|HP Percentage Mod: HP is shown in percentages
|
|start
|switch|p1a: Jynx|Jynx|333\/333
|switch|p2a: Alakazam|Alakazam|313\/313
|turn|1
|c|★smilzo|hf friend
|J|MoxieInfinite
|c|★IMPERATORE NELSON|gl to u 2
|
|move|p2a: Alakazam|Thunder Wave|p1a: Jynx
|-status|p1a: Jynx|par
|move|p1a: Jynx|Lovely Kiss|p2a: Alakazam
|-status|p2a: Alakazam|slp
|
|turn|2
|
|cant|p2a: Alakazam|slp
|-curestatus|p2a: Alakazam|slp
|move|p1a: Jynx|Blizzard|p2a: Alakazam
|-damage|p2a: Alakazam|206\/313
|
|turn|3
|
|move|p2a: Alakazam|Seismic Toss|p1a: Jynx
|-damage|p1a: Jynx|233\/333 par
|cant|p1a: Jynx|par
|
|turn|4
|
|move|p2a: Alakazam|Seismic Toss|p1a: Jynx
|-damage|p1a: Jynx|133\/333 par
|move|p1a: Jynx|Lovely Kiss|p2a: Alakazam
|-status|p2a: Alakazam|slp
|
|turn|5
|
|switch|p1a: Snorlax|Snorlax|523\/523
|cant|p2a: Alakazam|slp
|
|turn|6
|J|Ana1ytic
|J|Tricking
|
|switch|p2a: Exeggutor|Exeggutor|393\/393
|move|p1a: Snorlax|Body Slam|p2a: Exeggutor
|-damage|p2a: Exeggutor|271\/393
|-status|p2a: Exeggutor|par
|
|turn|7
|J|Cosine180
|
|switch|p1a: Jynx|Jynx|133\/333 par
|cant|p2a: Exeggutor|par
|
|turn|8
|
|switch|p2a: Lapras|Lapras|463\/463
|move|p1a: Jynx|Rest|p1a: Jynx
|-status|p1a: Jynx|slp
|-heal|p1a: Jynx|333\/333 slp|[silent]
|-status|p1a: Jynx|slp|[from] move: Rest
|
|turn|9
|
|switch|p1a: Chansey|Chansey|703\/703
|move|p2a: Lapras|Body Slam|p1a: Chansey
|-damage|p1a: Chansey|542\/703
|
|turn|10
|
|move|p2a: Lapras|Sing|p1a: Chansey|[miss]
|-miss|p2a: Lapras
|move|p1a: Chansey|Thunder Wave|p2a: Lapras
|-status|p2a: Lapras|par
|
|turn|11
|c|★IMPERATORE NELSON|why is this tier so retarded
|c|★smilzo|lol
|J|Not Timeless
|
|switch|p1a: Jynx|Jynx|333\/333 slp
|move|p2a: Lapras|Body Slam|p1a: Jynx
|-crit|p1a: Jynx
|-damage|p1a: Jynx|143\/333 slp
|
|turn|12
|
|switch|p1a: Chansey|Chansey|542\/703
|move|p2a: Lapras|Thunderbolt|p1a: Chansey
|-damage|p1a: Chansey|474\/703
|
|turn|13
|
|switch|p2a: Chansey|Chansey|703\/703
|move|p1a: Chansey|Seismic Toss|p2a: Chansey
|-damage|p2a: Chansey|603\/703
|
|turn|14
|
|move|p2a: Chansey|Thunder Wave|p1a: Chansey
|-status|p1a: Chansey|par
|move|p1a: Chansey|Thunder Wave|p2a: Chansey
|-status|p2a: Chansey|par
|
|turn|15
|J|I Iike Squirtles
|
|switch|p2a: Lapras|Lapras|463\/463 par
|move|p1a: Chansey|Soft-Boiled|p1a: Chansey
|-heal|p1a: Chansey|703\/703 par
|
|turn|16
|
|switch|p2a: Chansey|Chansey|603\/703 par
|move|p1a: Chansey|Seismic Toss|p2a: Chansey
|-damage|p2a: Chansey|503\/703 par
|
|turn|17
|
|switch|p1a: Snorlax|Snorlax|523\/523
|cant|p2a: Chansey|par
|
|turn|18
|
|switch|p2a: Lapras|Lapras|463\/463 par
|move|p1a: Snorlax|Body Slam|p2a: Lapras
|-damage|p2a: Lapras|346\/463 par
|
|turn|19
|
|switch|p1a: Chansey|Chansey|703\/703 par
|move|p2a: Lapras|Body Slam|p1a: Chansey
|-damage|p1a: Chansey|527\/703 par
|
|turn|20
|
|move|p2a: Lapras|Body Slam|p1a: Chansey
|-damage|p1a: Chansey|356\/703 par
|move|p1a: Chansey|Seismic Toss|p2a: Lapras
|-damage|p2a: Lapras|246\/463 par
|
|turn|21
|
|switch|p2a: Alakazam|Alakazam|206\/313 slp
|move|p1a: Chansey|Soft-Boiled|p1a: Chansey
|-heal|p1a: Chansey|703\/703 par
|
|turn|22
|
|switch|p1a: Snorlax|Snorlax|523\/523
|cant|p2a: Alakazam|slp
|
|turn|23
|
|cant|p2a: Alakazam|slp
|move|p1a: Snorlax|Body Slam|p2a: Alakazam
|-damage|p2a: Alakazam|44\/313 slp
|
|turn|24
|
|cant|p2a: Alakazam|slp
|move|p1a: Snorlax|Body Slam|p2a: Alakazam
|-damage|p2a: Alakazam|0 fnt
|faint|p2a: Alakazam
|
|switch|p2a: Exeggutor|Exeggutor|271\/393 par
|turn|25
|
|move|p1a: Snorlax|Body Slam|p2a: Exeggutor
|-damage|p2a: Exeggutor|144\/393 par
|move|p2a: Exeggutor|Stun Spore|p1a: Snorlax
|-status|p1a: Snorlax|par
|
|turn|26
|
|move|p2a: Exeggutor|Explosion|p1a: Snorlax
|-damage|p1a: Snorlax|170\/523 par
|faint|p2a: Exeggutor
|
|switch|p2a: Tauros|Tauros|353\/353
|turn|27
|
|switch|p1a: Exeggutor|Exeggutor|393\/393
|move|p2a: Tauros|Body Slam|p1a: Exeggutor
|-damage|p1a: Exeggutor|274\/393
|
|turn|28
|
|switch|p2a: Chansey|Chansey|503\/703 par
|move|p1a: Exeggutor|Psychic|p2a: Chansey
|-damage|p2a: Chansey|381\/703 par
|-unboost|p2a: Chansey|spd|1
|-unboost|p2a: Chansey|spa|1
|
|turn|29
|
|switch|p1a: Snorlax|Snorlax|170\/523 par
|switch|p2a: Tauros|Tauros|353\/353
|
|turn|30
|
|switch|p1a: Jynx|Jynx|143\/333 slp
|move|p2a: Tauros|Hyper Beam|p1a: Jynx
|-damage|p1a: Jynx|0 fnt
|faint|p1a: Jynx
|
|switch|p1a: Chansey|Chansey|703\/703 par
|turn|31
|
|switch|p2a: Chansey|Chansey|381\/703 par
|cant|p1a: Chansey|par
|
|turn|32
|
|switch|p2a: Tauros|Tauros|353\/353
|switch|p1a: Snorlax|Snorlax|170\/523 par
|
|turn|33
|
|move|p2a: Tauros|Body Slam|p1a: Snorlax
|-crit|p1a: Snorlax
|-damage|p1a: Snorlax|0 fnt
|faint|p1a: Snorlax
|J|daftmau5
|
|switch|p1a: Tauros|Tauros|353\/353
|turn|34
|c|★IMPERATORE NELSON|lol
|
|move|p1a: Tauros|Body Slam|p2a: Tauros
|-damage|p2a: Tauros|257\/353
|move|p2a: Tauros|Body Slam|p1a: Tauros
|-damage|p1a: Tauros|241\/353
|
|turn|35
|
|move|p2a: Tauros|Body Slam|p1a: Tauros
|-crit|p1a: Tauros
|-damage|p1a: Tauros|27\/353
|move|p1a: Tauros|Body Slam|p2a: Tauros
|-damage|p2a: Tauros|149\/353
|
|turn|36
|J|Saladist
|L|Saladist
|J|Saladist
|
|move|p1a: Tauros|Hyper Beam|p2a: Tauros
|-damage|p2a: Tauros|0 fnt
|faint|p2a: Tauros
|c|★IMPERATORE NELSON|:\/
|
|switch|p2a: Lapras|Lapras|246\/463 par
|turn|37
|
|switch|p1a: Chansey|Chansey|703\/703 par
|move|p2a: Lapras|Body Slam|p1a: Chansey
|-crit|p1a: Chansey
|-damage|p1a: Chansey|374\/703 par
|
|turn|38
|
|switch|p2a: Snorlax|Snorlax|523\/523
|switch|p1a: Tauros|Tauros|27\/353
|
|turn|39
|
|move|p1a: Tauros|Hyper Beam|p2a: Snorlax
|-crit|p2a: Snorlax
|-damage|p2a: Snorlax|44\/523
|move|p2a: Snorlax|Body Slam|p1a: Tauros
|-damage|p1a: Tauros|0 fnt
|faint|p1a: Tauros
|c|★IMPERATORE NELSON|lol
|c|★smilzo|:c
|
|switch|p1a: Exeggutor|Exeggutor|274\/393
|turn|40
|
|switch|p2a: Chansey|Chansey|381\/703 par
|move|p1a: Exeggutor|Psychic|p2a: Chansey
|-damage|p2a: Chansey|255\/703 par
|
|turn|41
|
|move|p1a: Exeggutor|Psychic|p2a: Chansey
|-damage|p2a: Chansey|126\/703 par
|move|p2a: Chansey|Soft-Boiled|p2a: Chansey
|-heal|p2a: Chansey|477\/703 par
|
|turn|42
|
|move|p1a: Exeggutor|Psychic|p2a: Chansey
|-damage|p2a: Chansey|362\/703 par
|-unboost|p2a: Chansey|spd|1
|-unboost|p2a: Chansey|spa|1
|move|p2a: Chansey|Ice Beam|p1a: Exeggutor
|-supereffective|p1a: Exeggutor
|-damage|p1a: Exeggutor|188\/393
|
|turn|43
|
|move|p1a: Exeggutor|Psychic|p2a: Chansey
|-damage|p2a: Chansey|174\/703 par
|-unboost|p2a: Chansey|spd|1
|-unboost|p2a: Chansey|spa|1
|cant|p2a: Chansey|par
|
|turn|44
|c|★IMPERATORE NELSON|lol
|
|switch|p2a: Lapras|Lapras|246\/463 par
|move|p1a: Exeggutor|Psychic|p2a: Lapras
|-damage|p2a: Lapras|109\/463 par
|
|turn|45
|
|move|p1a: Exeggutor|Psychic|p2a: Lapras
|-damage|p2a: Lapras|0 fnt
|faint|p2a: Lapras
|
|switch|p2a: Chansey|Chansey|174\/703 par
|turn|46
|
|move|p1a: Exeggutor|Explosion|p2a: Chansey
|-damage|p2a: Chansey|0 fnt
|faint|p2a: Chansey
|faint|p1a: Exeggutor
|
|switch|p1a: Jolteon|Jolteon|333\/333
|switch|p2a: Snorlax|Snorlax|44\/523
|turn|47
|
|move|p1a: Jolteon|Thunderbolt|p2a: Snorlax
|-crit|p2a: Snorlax
|-damage|p2a: Snorlax|0 fnt
|faint|p2a: Snorlax
|
|win|smilzo
|c|★IMPERATORE NELSON|gg
|L|IMPERATORE NELSON
|player|p2
|c|★smilzo|gg
|L|smilzo
|player|p1