|inactive|Battle timer is ON: inactive players will automatically lose when time's up.
|J|marcoasd
|J|Malekith
|player|p1|marcoasd|265
|player|p2|Malekith|269
|gametype|singles
|gen|1
|tier|[Gen 1] OU
|rule|Sleep Clause Mod: Limit one foe put to sleep
|rule|Freeze Clause Mod: Limit one foe frozen
|rule|Species Clause: Limit one of each Pokémon
|rule|OHKO Clause: OHKO moves are banned
|rule|Evasion Moves Clause: Evasion moves are banned
|rule|HP Percentage Mod: HP is shown in percentages
|
|start
|switch|p1a: Gengar|Gengar|323\/323
|switch|p2a: Exeggutor|Exeggutor|393\/393
|turn|1
|J|Alexander
|c|★Malekith|gl
|
|move|p1a: Gengar|Hypnosis|p2a: Exeggutor|[miss]
|-miss|p1a: Gengar
|move|p2a: Exeggutor|Psychic|p1a: Gengar
|-crit|p1a: Gengar
|-supereffective|p1a: Gengar
|-damage|p1a: Gengar|0 fnt
|faint|p1a: Gengar
|
|switch|p1a: Exeggutor|Exeggutor|393\/393
|turn|2
|
|move|p1a: Exeggutor|Sleep Powder|p2a: Exeggutor
|-status|p2a: Exeggutor|slp
|cant|p2a: Exeggutor|slp
|
|turn|3
|J|Disaster Area
|
|switch|p1a: Starmie|Starmie|323\/323
|cant|p2a: Exeggutor|slp
|
|turn|4
|J|Frochtejoghurt
|J|BKC
|
|switch|p2a: Lapras|Lapras|463\/463
|move|p1a: Starmie|Blizzard|p2a: Lapras|[miss]
|-miss|p1a: Starmie
|
|turn|5
|
|move|p1a: Starmie|Thunder Wave|p2a: Lapras
|-status|p2a: Lapras|par
|move|p2a: Lapras|Thunderbolt|p1a: Starmie
|-supereffective|p1a: Starmie
|-damage|p1a: Starmie|182\/323
|-status|p1a: Starmie|par
|
|turn|6
|c|+Disaster Area|and marco this is why we don't use gengar leads ! :>
|c|+Disaster Area|nice luck btw
|c|★marcoasd|lol i'm about to forfeit
|
|switch|p1a: Alakazam|Alakazam|313\/313
|move|p2a: Lapras|Confuse Ray|p1a: Alakazam
|-start|p1a: Alakazam|confusion
|
|turn|7
|
|switch|p2a: Exeggutor|Exeggutor|393\/393 slp
|-activate|p1a: Alakazam|confusion
|-damage|p1a: Alakazam|276\/313|[from] confusion
|
|turn|8
|
|switch|p1a: Tauros|Tauros|353\/353
|cant|p2a: Exeggutor|slp
|
|turn|9
|
|switch|p2a: Snorlax|Snorlax|523\/523
|move|p1a: Tauros|Body Slam|p2a: Snorlax
|-damage|p2a: Snorlax|391\/523
|
|turn|10
|
|switch|p1a: Snorlax|Snorlax|523\/523
|move|p2a: Snorlax|Body Slam|p1a: Snorlax|[miss]
|-miss|p2a: Snorlax
|
|turn|11
|c|★Malekith|x)
|
|move|p2a: Snorlax|Body Slam|p1a: Snorlax
|-damage|p1a: Snorlax|376\/523
|move|p1a: Snorlax|Body Slam|p2a: Snorlax
|-damage|p2a: Snorlax|249\/523
|
|turn|12
|
|move|p2a: Snorlax|Self-Destruct|p1a: Snorlax
|-damage|p1a: Snorlax|0 fnt
|faint|p1a: Snorlax
|faint|p2a: Snorlax
|c|★marcoasd|rip reflect
|J|SoulWind
|c|+Disaster Area|marco where are the
|c|+Disaster Area|jolteon teams?
|
|switch|p1a: Alakazam|Alakazam|276\/313
|switch|p2a: Chansey|Chansey|703\/703
|turn|13
|c|★marcoasd|not here
|c|+Disaster Area|._. no wonder ur not annihilating
|c|+Disaster Area|y\/n
|
|move|p1a: Alakazam|Thunder Wave|p2a: Chansey
|-status|p2a: Chansey|par
|cant|p2a: Chansey|par
|
|turn|14
|
|move|p1a: Alakazam|Psychic|p2a: Chansey
|-damage|p2a: Chansey|573\/703 par
|move|p2a: Chansey|Thunder Wave|p1a: Alakazam
|-status|p1a: Alakazam|par
|
|turn|15
|
|cant|p1a: Alakazam|par
|move|p2a: Chansey|Ice Beam|p1a: Alakazam
|-crit|p1a: Alakazam
|-damage|p1a: Alakazam|162\/313 par
|
|turn|16
|
|switch|p2a: Golem|Golem|363\/363
|move|p1a: Alakazam|Recover|p1a: Alakazam
|-heal|p1a: Alakazam|313\/313 par
|
|turn|17
|
|switch|p1a: Exeggutor|Exeggutor|393\/393
|move|p2a: Golem|Rock Slide|p1a: Exeggutor
|-damage|p1a: Exeggutor|288\/393
|
|turn|18
|
|switch|p2a: Chansey|Chansey|573\/703 par
|move|p1a: Exeggutor|Psychic|p2a: Chansey
|-damage|p2a: Chansey|461\/703 par
|
|turn|19
|
|switch|p1a: Alakazam|Alakazam|313\/313 par
|move|p2a: Chansey|Soft-Boiled|p2a: Chansey
|-heal|p2a: Chansey|703\/703 par
|
|turn|20
|
|move|p1a: Alakazam|Reflect|p1a: Alakazam
|-start|p1a: Alakazam|Reflect
|move|p2a: Chansey|Ice Beam|p1a: Alakazam
|-crit|p1a: Alakazam
|-damage|p1a: Alakazam|187\/313 par
|
|turn|21
|
|switch|p2a: Lapras|Lapras|463\/463 par
|move|p1a: Alakazam|Recover|p1a: Alakazam
|-heal|p1a: Alakazam|313\/313 par
|
|turn|22
|
|move|p1a: Alakazam|Psychic|p2a: Lapras
|-damage|p2a: Lapras|330\/463 par
|move|p2a: Lapras|Confuse Ray|p1a: Alakazam
|-start|p1a: Alakazam|confusion
|
|turn|23
|
|cant|p1a: Alakazam|par
|move|p2a: Lapras|Blizzard|p1a: Alakazam
|-damage|p1a: Alakazam|203\/313 par
|
|turn|24
|
|cant|p1a: Alakazam|par
|move|p2a: Lapras|Blizzard|p1a: Alakazam
|-damage|p1a: Alakazam|89\/313 par
|
|turn|25
|
|-activate|p1a: Alakazam|confusion
|-damage|p1a: Alakazam|52\/313 par|[from] confusion
|move|p2a: Lapras|Blizzard|p1a: Alakazam
|-damage|p1a: Alakazam|0 fnt
|faint|p1a: Alakazam
|c|+Disaster Area|.____.
|c|★marcoasd|100% lol
|
|switch|p1a: Starmie|Starmie|182\/323 par
|turn|26
|
|switch|p2a: Chansey|Chansey|703\/703 par
|move|p1a: Starmie|Recover|p1a: Starmie
|-heal|p1a: Starmie|323\/323 par
|
|turn|27
|
|switch|p1a: Tauros|Tauros|353\/353
|move|p2a: Chansey|Thunderbolt|p1a: Tauros
|-damage|p1a: Tauros|263\/353
|
|turn|28
|
|move|p1a: Tauros|Earthquake|p2a: Chansey
|-damage|p2a: Chansey|492\/703 par
|move|p2a: Chansey|Thunder Wave|p1a: Tauros
|-status|p1a: Tauros|par
|
|turn|29
|
|switch|p2a: Exeggutor|Exeggutor|393\/393 slp
|move|p1a: Tauros|Earthquake|p2a: Exeggutor
|-resisted|p2a: Exeggutor
|-damage|p2a: Exeggutor|347\/393 slp
|
|turn|30
|
|cant|p2a: Exeggutor|slp
|-curestatus|p2a: Exeggutor|slp
|move|p1a: Tauros|Body Slam|p2a: Exeggutor
|-damage|p2a: Exeggutor|245\/393
|-status|p2a: Exeggutor|par
|
|turn|31
|
|move|p1a: Tauros|Blizzard|p2a: Exeggutor
|-supereffective|p2a: Exeggutor
|-damage|p2a: Exeggutor|109\/393 par
|cant|p2a: Exeggutor|par
|
|turn|32
|c|+Disaster Area|dio stronzo
|
|switch|p2a: Lapras|Lapras|330\/463 par
|move|p1a: Tauros|Blizzard|p2a: Lapras
|-resisted|p2a: Lapras
|-damage|p2a: Lapras|310\/463 par
|
|turn|33
|
|switch|p1a: Starmie|Starmie|323\/323 par
|move|p2a: Lapras|Blizzard|p1a: Starmie
|-crit|p1a: Starmie
|-resisted|p1a: Starmie
|-damage|p1a: Starmie|190\/323 par
|
|turn|34
|c|★marcoasd|lol
|c|★marcoasd|like a tbolt
|
|move|p1a: Starmie|Recover|p1a: Starmie
|-heal|p1a: Starmie|323\/323 par
|move|p2a: Lapras|Thunderbolt|p1a: Starmie
|-supereffective|p1a: Starmie
|-damage|p1a: Starmie|174\/323 par
|
|turn|35
|c|+Disaster Area|malekith = haxing demon y\/n
|
|move|p1a: Starmie|Recover|p1a: Starmie
|-heal|p1a: Starmie|323\/323 par
|move|p2a: Lapras|Confuse Ray|p1a: Starmie
|-start|p1a: Starmie|confusion
|
|turn|36
|c|★marcoasd|almost troller level
|
|-activate|p1a: Starmie|confusion
|move|p1a: Starmie|Thunderbolt|p2a: Lapras
|-crit|p2a: Lapras
|-supereffective|p2a: Lapras
|-damage|p2a: Lapras|16\/463 par
|move|p2a: Lapras|Blizzard|p1a: Starmie
|-resisted|p1a: Starmie
|-damage|p1a: Starmie|250\/323 par
|
|turn|37
|c|+Disaster Area|idt I've ever met troller
|c|★marcoasd|lol
|c|★marcoasd|don't meet him
|c|+Disaster Area|okay xd
|
|-end|p1a: Starmie|confusion
|move|p1a: Starmie|Blizzard|p2a: Lapras
|-resisted|p2a: Lapras
|-damage|p2a: Lapras|0 fnt
|faint|p2a: Lapras
|
|switch|p2a: Chansey|Chansey|492\/703 par
|turn|38
|
|switch|p1a: Tauros|Tauros|263\/353 par
|move|p2a: Chansey|Soft-Boiled|p2a: Chansey
|-heal|p2a: Chansey|703\/703 par
|
|turn|39
|
|move|p1a: Tauros|Earthquake|p2a: Chansey
|-damage|p2a: Chansey|499\/703 par
|move|p2a: Chansey|Ice Beam|p1a: Tauros
|-damage|p1a: Tauros|171\/353 par
|
|turn|40
|
|switch|p2a: Golem|Golem|363\/363
|move|p1a: Tauros|Earthquake|p2a: Golem
|-supereffective|p2a: Golem
|-damage|p2a: Golem|229\/363
|
|turn|41
|
|switch|p1a: Exeggutor|Exeggutor|288\/393
|move|p2a: Golem|Substitute|p2a: Golem
|-start|p2a: Golem|Substitute
|-damage|p2a: Golem|139\/363
|
|turn|42
|c|★marcoasd|kek
|
|move|p1a: Exeggutor|Sleep Powder|p2a: Golem|[miss]
|-miss|p1a: Exeggutor
|move|p2a: Golem|Explosion|p1a: Exeggutor
|-damage|p1a: Exeggutor|0 fnt
|faint|p1a: Exeggutor
|faint|p2a: Golem
|c|★marcoasd|lol
|c|★marcoasd|misplays hard
|c|★marcoasd|haxes
|c|+Alexander|:\
|c|★marcoasd|usually i'm not this dickish
|c|★marcoasd|but this is way too much
|c|+Disaster Area|this is like
|c|+Disaster Area|that time I battled
|c|+Disaster Area|aboutthepanties on ladder
|c|+Disaster Area|and then made that thread on 2k10
|
|switch|p2a: Tauros|Tauros|353\/353
|switch|p1a: Starmie|Starmie|250\/323 par
|turn|43
|c|+Disaster Area|.__.
|
|switch|p2a: Chansey|Chansey|499\/703 par
|switch|p1a: Tauros|Tauros|171\/353 par
|
|turn|44
|c|+Alexander|turn 1 was so bad also
|c|+Disaster Area|tbf
|c|+Disaster Area|it's gengar
|
|move|p1a: Tauros|Hyper Beam|p2a: Chansey
|-damage|p2a: Chansey|20\/703 par
|cant|p2a: Chansey|par
|
|turn|45
|-mustrecharge|p1a: Tauros
|c|+Alexander|yeh but still
|c|+Disaster Area|but i mean the rest of this match and last match on top of it ._.
|-mustrecharge|p1a: Tauros
|
|cant|p1a: Tauros|recharge
|move|p2a: Chansey|Soft-Boiled|p2a: Chansey
|-heal|p2a: Chansey|371\/703 par
|
|turn|46
|c|+Alexander|thats a 60%
|
|switch|p2a: Tauros|Tauros|353\/353
|move|p1a: Tauros|Body Slam|p2a: Tauros
|-crit|p2a: Tauros
|-damage|p2a: Tauros|159\/353
|
|turn|47
|c|★marcoasd|lol
|c|+Alexander|and kith got a crit as well
|c|+Alexander|uh
|c|+Disaster Area|i did the odds
|c|+Disaster Area|on that with jynx v gar
|c|+Disaster Area|it's basically the same for egg
|c|+Disaster Area|malekith had like
|c|+Alexander|now thats interesting
|c|+Disaster Area|2 in 9 chance
|c|+Disaster Area|of coming on top
|c|+Disaster Area|it's not that bad
|c|+Disaster Area|i'm defo willing to not call it hax
|c|★marcoasd|where outpredicting every single turn
|c|★marcoasd|is not good enough
|c|★marcoasd|let's play blindfolded then
|c|+Alexander|47-55
|c|+Alexander|è brutta
|c|+Disaster Area|oh actually egg has
|c|+Disaster Area|higher special
|c|+Disaster Area|so the odds are probably a lil better than 2 in 9
|c|+Disaster Area|since it can prolly OHKO on a crit more consistently
|L|Alexander
|
|switch|p1a: Starmie|Starmie|250\/323 par
|move|p2a: Tauros|Body Slam|p1a: Starmie
|-crit|p1a: Starmie
|-damage|p1a: Starmie|49\/323 par
|
|turn|48
|
|move|p2a: Tauros|Body Slam|p1a: Starmie
|-damage|p1a: Starmie|0 fnt
|faint|p1a: Starmie
|J|Alexander
|
|switch|p1a: Tauros|Tauros|171\/353 par
|turn|49
|c|★marcoasd|good roll or miss makes it
|
|move|p2a: Tauros|Hyper Beam|p1a: Tauros
|-damage|p1a: Tauros|0 fnt
|faint|p1a: Tauros
|
|win|Malekith