|J|Beds
|J|dude is op
|player|p1|Beds|252
|player|p2|dude is op|87
|gametype|singles
|gen|1
|tier|[Gen 1] Random Battle
|seed|30065,36505,15373,33489
|rule|Sleep Clause Mod: Limit one foe put to sleep
|rule|Freeze Clause Mod: Limit one foe frozen
|rule|HP Percentage Mod: HP is shown in percentages
|
|start
|switch|p1a: Dewgong|Dewgong, L85|327\/327
|switch|p2a: Voltorb|Voltorb, L96|272\/272
|turn|1
|c|★dude is op|oh nice
|choice|switch 2|switch 4
|
|switch|p2a: Tentacruel|Tentacruel, L85|310\/310
|switch|p1a: Onix|Onix, L90|246\/246
|
|turn|2
|choice|switch 5|move 3
|
|switch|p1a: Gengar|Gengar, L79|257\/257
|move|p2a: Tentacruel|Hyper Beam|p1a: Gengar
|-immune|p1a: Gengar|[msg]
|
|turn|3
|J|ggggd
|choice|move 4|move 4
|
|move|p2a: Tentacruel|Hydro Pump|p1a: Gengar
|-damage|p1a: Gengar|138\/257
|move|p1a: Gengar|Psychic|p2a: Tentacruel
|-supereffective|p2a: Tentacruel
|-damage|p2a: Tentacruel|200\/310
|
|turn|4
|choice|move 1|move 4
|
|move|p2a: Tentacruel|Hydro Pump|p1a: Gengar|[miss]
|-miss|p2a: Tentacruel
|move|p1a: Gengar|Hypnosis|p2a: Tentacruel|[miss]
|-miss|p1a: Gengar
|
|turn|5
|choice|move 1|move 2
|
|move|p2a: Tentacruel|Blizzard|p1a: Gengar
|-damage|p1a: Gengar|53\/257
|move|p1a: Gengar|Hypnosis|p2a: Tentacruel
|-status|p2a: Tentacruel|slp
|
|turn|6
|choice|move 4|switch 4
|
|switch|p2a: Voltorb|Voltorb, L96|272\/272
|move|p1a: Gengar|Psychic|p2a: Voltorb
|-crit|p2a: Voltorb
|-damage|p2a: Voltorb|106\/272
|
|turn|7
|choice|switch 5|move 3
|
|switch|p1a: Onix|Onix, L90|246\/246
|move|p2a: Voltorb|Thunderbolt|p1a: Onix
|-immune|p1a: Onix|[msg]
|
|turn|8
|choice|move 1|switch 6
|
|switch|p2a: Raticate|Raticate, L85|267\/267
|move|p1a: Onix|Earthquake|p2a: Raticate
|-damage|p2a: Raticate|166\/267
|
|turn|9
|choice|move 1|move 1
|
|move|p2a: Raticate|Super Fang|p1a: Onix
|-damage|p1a: Onix|123\/246
|move|p1a: Onix|Earthquake|p2a: Raticate
|-damage|p2a: Raticate|73\/267
|
|turn|10
|choice|move 1|move 2
|
|move|p2a: Raticate|Blizzard|p1a: Onix
|-supereffective|p1a: Onix
|-damage|p1a: Onix|0 fnt
|faint|p1a: Onix
|choice|switch 5|
|
|switch|p1a: Gengar|Gengar, L79|53\/257
|turn|11
|choice|move 3|move 2
|
|move|p1a: Gengar|Thunderbolt|p2a: Raticate
|-crit|p2a: Raticate
|-damage|p2a: Raticate|0 fnt
|faint|p2a: Raticate
|choice||switch 6
|
|switch|p2a: Voltorb|Voltorb, L96|106\/272
|turn|12
|choice|move 2|move 3
|
|move|p2a: Voltorb|Thunderbolt|p1a: Gengar
|-damage|p1a: Gengar|0 fnt
|faint|p1a: Gengar
|choice|switch 3|
|
|switch|p1a: Charmeleon|Charmeleon, L85|272\/272
|turn|13
|J|fapkingg
|c|★dude is op|poorable
|c|★dude is op|you succccccccccccccccccccccccck
|c|★dude is op|hi
|choice|move 2|move 1
|
|move|p2a: Voltorb|Explosion|p1a: Charmeleon
|-crit|p1a: Charmeleon
|-damage|p1a: Charmeleon|0 fnt
|faint|p1a: Charmeleon
|faint|p2a: Voltorb
|c|★Beds|dude you are epic
|c|★Beds|haha
|choice|switch 2|switch 5
|
|switch|p1a: Dewgong|Dewgong, L85|327\/327
|switch|p2a: Dragonair|Dragonair, L85|277\/277
|turn|14
|choice|move 1|move 4
|
|move|p2a: Dragonair|Thunderbolt|p1a: Dewgong
|-supereffective|p1a: Dewgong
|-damage|p1a: Dewgong|225\/327
|move|p1a: Dewgong|Blizzard|p2a: Dragonair
|-supereffective|p2a: Dragonair
|-damage|p2a: Dragonair|0 fnt
|faint|p2a: Dragonair
|choice||switch 3
|
|switch|p2a: Persian|Persian, L79|265\/265
|turn|15
|choice|move 3|move 4
|
|move|p2a: Persian|Thunderbolt|p1a: Dewgong
|-supereffective|p1a: Dewgong
|-damage|p1a: Dewgong|133\/327
|move|p1a: Dewgong|Surf|p2a: Persian
|-damage|p2a: Persian|127\/265
|
|turn|16
|L|fapkingg
|choice|move 3|move 3
|
|move|p2a: Persian|Hyper Beam|p1a: Dewgong
|-damage|p1a: Dewgong|23\/327
|move|p1a: Dewgong|Surf|p2a: Persian
|-damage|p2a: Persian|0 fnt
|faint|p2a: Persian
|choice||switch 2
|
|switch|p2a: Venonat|Venonat, L96|310\/310
|turn|17
|choice|move 3|move 2
|
|move|p1a: Dewgong|Surf|p2a: Venonat
|-damage|p2a: Venonat|172\/310
|move|p2a: Venonat|Mega Drain|p1a: Dewgong
|-supereffective|p1a: Dewgong
|-damage|p1a: Dewgong|0 fnt
|-heal|p2a: Venonat|183\/310|[from] drain|[of] p1a: Dewgong
|faint|p1a: Dewgong
|choice|switch 6|
|
|switch|p1a: Kadabra|Kadabra, L85|242\/242
|turn|18
|choice|move 1|move 4
|
|move|p1a: Kadabra|Psychic|p2a: Venonat
|-supereffective|p2a: Venonat
|-damage|p2a: Venonat|0 fnt
|faint|p2a: Venonat
|c|★dude is op|pf
|c|★dude is op|gg might
|choice||switch 4
|
|switch|p2a: Tentacruel|Tentacruel, L85|200\/310 slp
|turn|19
|c|★dude is op|lucker
|c|★dude is op|german lucker
|choice|move 1|move 3
|
|move|p1a: Kadabra|Psychic|p2a: Tentacruel
|-crit|p2a: Tentacruel
|-supereffective|p2a: Tentacruel
|-damage|p2a: Tentacruel|0 fnt
|faint|p2a: Tentacruel
|
|win|Beds