|J|Selise
|J|Tesung
|player|p1|Selise|128
|player|p2|Tesung|2
|gametype|singles
|gen|1
|tier|[Gen 1] OU
|seed|
|rule|Sleep Clause Mod: Limit one foe put to sleep
|rule|Freeze Clause Mod: Limit one foe frozen
|rule|Species Clause: Limit one of each Pokémon
|rule|OHKO Clause: OHKO moves are banned
|rule|Evasion Moves Clause: Evasion moves are banned
|rule|HP Percentage Mod: HP is shown in percentages
|
|start
|switch|p1a: Starmie|Starmie|100\/100
|switch|p2a: Alakazam|Alakazam|100\/100
|turn|1
|J|mccauley
|J|BKC
|choice||
|
|switch|p1a: Chansey|Chansey|100\/100
|move|p2a: Alakazam|Psychic|p1a: Chansey
|-damage|p1a: Chansey|82\/100
|
|turn|2
|choice||
|
|switch|p2a: Exeggutor|Exeggutor|100\/100
|move|p1a: Chansey|Ice Beam|p2a: Exeggutor
|-supereffective|p2a: Exeggutor
|-damage|p2a: Exeggutor|65\/100
|
|turn|3
|choice||
|
|switch|p1a: Starmie|Starmie|100\/100
|move|p2a: Exeggutor|Sleep Powder|p1a: Starmie|[miss]
|-miss|p2a: Exeggutor
|
|turn|4
|choice||
|
|switch|p2a: Alakazam|Alakazam|100\/100
|move|p1a: Starmie|Blizzard|p2a: Alakazam
|-damage|p2a: Alakazam|74\/100
|-status|p2a: Alakazam|frz
|
|turn|5
|c|★Tesung|rip
|J|ChillShadow
|choice||
|
|switch|p2a: Chansey|Chansey|100\/100
|move|p1a: Starmie|Thunder Wave|p2a: Chansey
|-status|p2a: Chansey|par
|
|turn|6
|choice||
|
|switch|p1a: Snorlax|Snorlax|100\/100
|switch|p2a: Exeggutor|Exeggutor|65\/100
|
|turn|7
|choice||
|
|switch|p1a: Starmie|Starmie|100\/100
|move|p2a: Exeggutor|Sleep Powder|p1a: Starmie
|-status|p1a: Starmie|slp
|
|turn|8
|choice||
|
|cant|p1a: Starmie|slp
|move|p2a: Exeggutor|Psychic|p1a: Starmie
|-crit|p1a: Starmie
|-resisted|p1a: Starmie
|-damage|p1a: Starmie|60\/100 slp
|-unboost|p1a: Starmie|spd|1
|-unboost|p1a: Starmie|spa|1
|
|turn|9
|choice||
|
|switch|p1a: Chansey|Chansey|82\/100
|move|p2a: Exeggutor|Psychic|p1a: Chansey
|-crit|p1a: Chansey
|-damage|p1a: Chansey|51\/100
|
|turn|10
|choice||
|
|switch|p2a: Chansey|Chansey|100\/100 par
|move|p1a: Chansey|Soft-Boiled|p1a: Chansey
|-heal|p1a: Chansey|100\/100
|
|turn|11
|choice||
|
|switch|p1a: Snorlax|Snorlax|100\/100
|cant|p2a: Chansey|par
|
|turn|12
|choice||
|
|move|p1a: Snorlax|Amnesia|p1a: Snorlax
|-boost|p1a: Snorlax|spd|2
|-boost|p1a: Snorlax|spa|2
|move|p2a: Chansey|Thunder Wave|p1a: Snorlax
|-status|p1a: Snorlax|par
|
|turn|13
|choice||
|
|switch|p2a: Snorlax|Snorlax|100\/100
|move|p1a: Snorlax|Reflect|p1a: Snorlax
|-start|p1a: Snorlax|Reflect
|
|turn|14
|choice||
|
|move|p2a: Snorlax|Body Slam|p1a: Snorlax
|-damage|p1a: Snorlax|87\/100 par
|move|p1a: Snorlax|Body Slam|p2a: Snorlax
|-damage|p2a: Snorlax|76\/100
|
|turn|15
|choice||
|
|move|p2a: Snorlax|Reflect|p2a: Snorlax
|-start|p2a: Snorlax|Reflect
|cant|p1a: Snorlax|par
|
|turn|16
|choice||
|
|switch|p1a: Exeggutor|Exeggutor|100\/100
|move|p2a: Snorlax|Body Slam|p1a: Exeggutor
|-damage|p1a: Exeggutor|70\/100
|-status|p1a: Exeggutor|par
|
|turn|17
|choice||
|
|switch|p2a: Chansey|Chansey|100\/100 par
|move|p1a: Exeggutor|Sleep Powder|p2a: Chansey
|-fail|p2a: Chansey
|
|turn|18
|choice||
|
|switch|p1a: Chansey|Chansey|100\/100
|move|p2a: Chansey|Ice Beam|p1a: Chansey
|-damage|p1a: Chansey|90\/100
|
|turn|19
|choice||
|
|move|p1a: Chansey|Ice Beam|p2a: Chansey
|-damage|p2a: Chansey|91\/100 par
|move|p2a: Chansey|Ice Beam|p1a: Chansey
|-damage|p1a: Chansey|80\/100
|
|turn|20
|c|★Tesung|frz plz
|choice||
|
|switch|p1a: Snorlax|Snorlax|87\/100 par
|cant|p2a: Chansey|par
|
|turn|21
|choice||
|
|switch|p2a: Snorlax|Snorlax|76\/100
|move|p1a: Snorlax|Body Slam|p2a: Snorlax
|-damage|p2a: Snorlax|49\/100
|
|turn|22
|choice||
|
|switch|p1a: Alakazam|Alakazam|100\/100
|move|p2a: Snorlax|Body Slam|p1a: Alakazam
|-damage|p1a: Alakazam|48\/100
|
|turn|23
|choice||
|
|move|p1a: Alakazam|Reflect|p1a: Alakazam
|-start|p1a: Alakazam|Reflect
|move|p2a: Snorlax|Body Slam|p1a: Alakazam
|-damage|p1a: Alakazam|22\/100
|
|turn|24
|choice||
|
|move|p1a: Alakazam|Recover|p1a: Alakazam
|-heal|p1a: Alakazam|72\/100
|move|p2a: Snorlax|Body Slam|p1a: Alakazam
|-damage|p1a: Alakazam|47\/100
|-status|p1a: Alakazam|par
|
|turn|25
|choice||
|
|move|p2a: Snorlax|Body Slam|p1a: Alakazam
|-damage|p1a: Alakazam|21\/100 par
|cant|p1a: Alakazam|par
|
|turn|26
|choice||
|
|switch|p1a: Exeggutor|Exeggutor|70\/100 par
|move|p2a: Snorlax|Body Slam|p1a: Exeggutor
|-damage|p1a: Exeggutor|39\/100 par
|
|turn|27
|choice||
|
|switch|p2a: Chansey|Chansey|91\/100 par
|move|p1a: Exeggutor|Sleep Powder|p2a: Chansey
|-fail|p2a: Chansey
|
|turn|28
|choice||
|
|switch|p2a: Alakazam|Alakazam|74\/100 frz
|cant|p1a: Exeggutor|par
|
|turn|29
|c|★Tesung|did u boom
|c|★Tesung|oo
|choice||
|
|cant|p2a: Alakazam|frz
|move|p1a: Exeggutor|Psychic|p2a: Alakazam
|-resisted|p2a: Alakazam
|-damage|p2a: Alakazam|58\/100 frz
|
|turn|30
|choice||
|
|switch|p2a: Exeggutor|Exeggutor|65\/100
|move|p1a: Exeggutor|Psychic|p2a: Exeggutor|[miss]
|-miss|p1a: Exeggutor
|
|turn|31
|choice||
|
|move|p2a: Exeggutor|Double-Edge|p1a: Exeggutor
|-damage|p1a: Exeggutor|17\/100 par
|-damage|p2a: Exeggutor|60\/100|[from] recoil|[of] p1a: Exeggutor
|move|p1a: Exeggutor|Sleep Powder|p2a: Exeggutor
|-status|p2a: Exeggutor|slp
|
|turn|32
|c|★Tesung|ah
|c|★Tesung|needed the break
|choice||
|
|cant|p2a: Exeggutor|slp
|move|p1a: Exeggutor|Psychic|p2a: Exeggutor
|-resisted|p2a: Exeggutor
|-damage|p2a: Exeggutor|46\/100 slp
|
|turn|33
|choice||
|
|cant|p2a: Exeggutor|slp
|cant|p1a: Exeggutor|par
|
|turn|34
|choice||
|
|cant|p2a: Exeggutor|slp
|move|p1a: Exeggutor|Explosion|p2a: Exeggutor
|-damage|p2a: Exeggutor|0 fnt
|faint|p2a: Exeggutor
|faint|p1a: Exeggutor
|choice||
|
|switch|p2a: Chansey|Chansey|91\/100 par
|switch|p1a: Snorlax|Snorlax|87\/100 par
|turn|35
|choice||
|
|switch|p2a: Snorlax|Snorlax|49\/100
|move|p1a: Snorlax|Amnesia|p1a: Snorlax
|-boost|p1a: Snorlax|spd|2
|-boost|p1a: Snorlax|spa|2
|
|turn|36
|choice||
|
|move|p2a: Snorlax|Reflect|p2a: Snorlax
|-start|p2a: Snorlax|Reflect
|move|p1a: Snorlax|Body Slam|p2a: Snorlax
|-damage|p2a: Snorlax|36\/100
|
|turn|37
|choice||
|
|move|p2a: Snorlax|Body Slam|p1a: Snorlax
|-damage|p1a: Snorlax|63\/100 par
|cant|p1a: Snorlax|par
|
|turn|38
|choice||
|
|move|p2a: Snorlax|Rest|p2a: Snorlax
|-status|p2a: Snorlax|slp
|-heal|p2a: Snorlax|100\/100 slp|[silent]
|-status|p2a: Snorlax|slp|[from] move: Rest
|move|p1a: Snorlax|Reflect|p1a: Snorlax
|-start|p1a: Snorlax|Reflect
|
|turn|39
|J|CZ
|choice||
|
|switch|p1a: Alakazam|Alakazam|21\/100 par
|cant|p2a: Snorlax|slp
|
|turn|40
|choice||
|
|-curestatus|p2a: Snorlax|slp
|move|p1a: Alakazam|Recover|p1a: Alakazam
|-heal|p1a: Alakazam|70\/100 par
|
|turn|41
|J|Toon Linked
|choice||
|
|move|p2a: Snorlax|Body Slam|p1a: Alakazam
|-crit|p1a: Alakazam
|-damage|p1a: Alakazam|0 fnt
|faint|p1a: Alakazam
|c|★Tesung|we hele
|choice||
|
|switch|p1a: Chansey|Chansey|80\/100
|turn|42
|choice||
|
|move|p1a: Chansey|Thunder Wave|p2a: Snorlax
|-status|p2a: Snorlax|par
|cant|p2a: Snorlax|par
|
|turn|43
|choice||
|
|move|p1a: Chansey|Reflect|p1a: Chansey
|-start|p1a: Chansey|Reflect
|move|p2a: Snorlax|Earthquake|p1a: Chansey
|-damage|p1a: Chansey|62\/100
|
|turn|44
|L|Toon Linked
|choice||
|
|move|p1a: Chansey|Soft-Boiled|p1a: Chansey
|-heal|p1a: Chansey|100\/100
|move|p2a: Snorlax|Reflect|p2a: Snorlax
|-fail|p2a: Snorlax
|
|turn|45
|choice||
|
|move|p1a: Chansey|Ice Beam|p2a: Snorlax
|-damage|p2a: Snorlax|81\/100 par
|cant|p2a: Snorlax|par
|
|turn|46
|choice||
|
|move|p1a: Chansey|Ice Beam|p2a: Snorlax
|-damage|p2a: Snorlax|62\/100 par
|move|p2a: Snorlax|Rest|p2a: Snorlax
|-status|p2a: Snorlax|slp
|-heal|p2a: Snorlax|100\/100 slp|[silent]
|-status|p2a: Snorlax|slp|[from] move: Rest
|
|turn|47
|L|CZ
|J|Yugiohzxa
|L|Yugiohzxa
|choice||
|
|switch|p1a: Tauros|Tauros|100\/100
|cant|p2a: Snorlax|slp
|
|turn|48
|choice||
|
|move|p1a: Tauros|Blizzard|p2a: Snorlax
|-damage|p2a: Snorlax|82\/100 slp
|-curestatus|p2a: Snorlax|slp
|
|turn|49
|J|AGuyWithPants
|choice||
|
|switch|p1a: Chansey|Chansey|100\/100
|move|p2a: Snorlax|Body Slam|p1a: Chansey
|-damage|p1a: Chansey|60\/100
|
|turn|50
|J|user zf
|L|AGuyWithPants
|J|Dice
|choice||
|
|switch|p2a: Chansey|Chansey|91\/100 par
|move|p1a: Chansey|Reflect|p1a: Chansey
|-start|p1a: Chansey|Reflect
|
|turn|51
|J|badaking
|choice||
|
|move|p1a: Chansey|Soft-Boiled|p1a: Chansey
|-heal|p1a: Chansey|100\/100
|move|p2a: Chansey|Ice Beam|p1a: Chansey
|-crit|p1a: Chansey
|-damage|p1a: Chansey|81\/100
|
|turn|52
|choice||
|
|switch|p1a: Snorlax|Snorlax|63\/100 par
|move|p2a: Chansey|Ice Beam|p1a: Snorlax
|-damage|p1a: Snorlax|44\/100 par
|
|turn|53
|J|Ren-chon
|choice||
|
|switch|p2a: Snorlax|Snorlax|82\/100
|move|p1a: Snorlax|Rest|p1a: Snorlax
|-status|p1a: Snorlax|slp
|-heal|p1a: Snorlax|100\/100 slp|[silent]
|-status|p1a: Snorlax|slp|[from] move: Rest
|
|turn|54
|L|Ren-chon
|J|kamisama_no49
|J|teal6
|L|kamisama_no49
|choice||
|
|move|p2a: Snorlax|Body Slam|p1a: Snorlax
|-damage|p1a: Snorlax|73\/100 slp
|cant|p1a: Snorlax|slp
|
|turn|55
|choice||
|
|move|p2a: Snorlax|Body Slam|p1a: Snorlax
|-damage|p1a: Snorlax|45\/100 slp
|-curestatus|p1a: Snorlax|slp
|
|turn|56
|choice||
|
|switch|p2a: Persian|Persian|100\/100
|move|p1a: Snorlax|Reflect|p1a: Snorlax
|-start|p1a: Snorlax|Reflect
|
|turn|57
|L|Dice
|choice||
|
|move|p2a: Persian|Slash|p1a: Snorlax
|-crit|p1a: Snorlax
|-damage|p1a: Snorlax|13\/100
|move|p1a: Snorlax|Rest|p1a: Snorlax
|-status|p1a: Snorlax|slp
|-heal|p1a: Snorlax|100\/100 slp|[silent]
|-status|p1a: Snorlax|slp|[from] move: Rest
|
|turn|58
|choice||
|
|switch|p1a: Chansey|Chansey|81\/100
|move|p2a: Persian|Slash|p1a: Chansey
|-crit|p1a: Chansey
|-damage|p1a: Chansey|32\/100
|
|turn|59
|J|Nails
|c|+Nails|?
|c|+Nails|whats this for
|choice||
|
|move|p2a: Persian|Slash|p1a: Chansey
|-crit|p1a: Chansey
|-damage|p1a: Chansey|0 fnt
|faint|p1a: Chansey
|c|+badaking|rby world champ
|J|IBIREVER
|choice||
|
|switch|p1a: Tauros|Tauros|100\/100
|turn|60
|c|+Nails|whys his persian counter 80% chansey
|choice||
|
|switch|p2a: Alakazam|Alakazam|58\/100 frz
|move|p1a: Tauros|Body Slam|p2a: Alakazam
|-damage|p2a: Alakazam|5\/100 frz
|
|turn|61
|J|Ernes
|choice||
|
|switch|p1a: Starmie|Starmie|60\/100 slp
|cant|p2a: Alakazam|frz
|
|turn|62
|choice||
|
|switch|p2a: Tauros|Tauros|100\/100
|cant|p1a: Starmie|slp
|
|turn|63
|L|Ernes
|choice||
|
|cant|p1a: Starmie|slp
|move|p2a: Tauros|Hyper Beam|p1a: Starmie
|-damage|p1a: Starmie|3\/100 slp
|
|turn|64
|-mustrecharge|p2a: Tauros
|-mustrecharge|p2a: Tauros
|c|★Tesung|o christ
|c|★Tesung|thought that always killed
|choice||
|
|cant|p1a: Starmie|slp
|cant|p2a: Tauros|recharge
|
|turn|65
|c|★Tesung|ty luck gods
|choice||
|
|-curestatus|p1a: Starmie|slp
|move|p2a: Tauros|Body Slam|p1a: Starmie
|-damage|p1a: Starmie|0 fnt
|faint|p1a: Starmie
|choice||
|
|switch|p1a: Snorlax|Snorlax|100\/100 slp
|turn|66
|choice||
|
|move|p2a: Tauros|Body Slam|p1a: Snorlax
|-damage|p1a: Snorlax|76\/100 slp
|cant|p1a: Snorlax|slp
|
|turn|67
|choice||
|
|move|p2a: Tauros|Body Slam|p1a: Snorlax
|-damage|p1a: Snorlax|51\/100 slp
|-curestatus|p1a: Snorlax|slp
|
|turn|68
|c|+Nails|high roll crit kills
|c|+Nails|-
|c|+Nails|i recommend a switch to tauros
|J|liberty32
|c|★Tesung|-
|choice||
|
|move|p2a: Tauros|Body Slam|p1a: Snorlax
|-crit|p1a: Snorlax
|-damage|p1a: Snorlax|6\/100
|move|p1a: Snorlax|Body Slam|p2a: Tauros
|-damage|p2a: Tauros|68\/100
|
|turn|69
|c|★Tesung|hmm
|c|★Tesung|can he tauros me
|choice||
|
|move|p2a: Tauros|Body Slam|p1a: Snorlax
|-damage|p1a: Snorlax|0 fnt
|faint|p1a: Snorlax
|c|★Tesung|it seems unlikely
|choice||
|
|switch|p1a: Tauros|Tauros|100\/100
|turn|70
|c|+Nails|he needs to beam crit here
|c|★Tesung|imma play it
|c|★Tesung|super safe
|c|★Tesung|i suppose its possible
|c|+Nails|yea you can definitely get bulled here
|c|★Tesung|i got bulled vs hantsuki
|choice||
|
|switch|p2a: Alakazam|Alakazam|5\/100 frz
|move|p1a: Tauros|Body Slam|p2a: Alakazam
|-damage|p2a: Alakazam|0 fnt
|faint|p2a: Alakazam
|c|★Tesung|her hyperbeam range bull
|c|★Tesung|killed my 100 pct bull
|choice||
|
|switch|p2a: Chansey|Chansey|91\/100 par
|turn|71
|c|+Nails|sub on the full para
|c|+Nails|then beam crit
|c|+Nails|-
|c|★Tesung|LOL
|c|★Tesung|sub tauros
|c|★Tesung|- outl
|L|liberty32
|choice||
|
|move|p1a: Tauros|Body Slam|p2a: Chansey
|-damage|p2a: Chansey|55\/100 par
|move|p2a: Chansey|Thunder Wave|p1a: Tauros
|-status|p1a: Tauros|par
|
|turn|72
|c|+Nails|thats not
|c|+Nails|a hyper beam.
|c|+Nails|or even a hyper bean.
|c|★Tesung|nor a crit
|choice||
|
|move|p1a: Tauros|Body Slam|p2a: Chansey
|-crit|p2a: Chansey
|-damage|p2a: Chansey|0 fnt
|faint|p2a: Chansey
|c|+Nails|gotem.
|choice||
|
|switch|p2a: Persian|Persian|100\/100
|turn|73
|c|★Tesung|go cat
|c|+Nails|:3
|choice||
|
|move|p2a: Persian|Slash|p1a: Tauros
|-crit|p1a: Tauros
|-damage|p1a: Tauros|64\/100 par
|move|p1a: Tauros|Hyper Beam|p2a: Persian
|-damage|p2a: Persian|26\/100
|
|turn|74
|-mustrecharge|p1a: Tauros
|c|★Selise|gg
|c|★Tesung|gg
|-mustrecharge|p1a: Tauros
|choice||
|
|move|p2a: Persian|Slash|p1a: Tauros
|-crit|p1a: Tauros
|-damage|p1a: Tauros|27\/100 par
|cant|p1a: Tauros|recharge
|
|turn|75
|choice||
|
|move|p2a: Persian|Slash|p1a: Tauros
|-crit|p1a: Tauros
|-damage|p1a: Tauros|0 fnt
|faint|p1a: Tauros
|
|win|Tesung