|inactive|Battle timer is ON: inactive players will automatically lose when time's up.
|J|fapkingg
|J|Beds
|player|p1|fapkingg|25
|player|p2|Beds|252
|gametype|singles
|gen|1
|tier|[Gen 1] OU
|rule|Sleep Clause Mod: Limit one foe put to sleep
|rule|Freeze Clause Mod: Limit one foe frozen
|rule|Species Clause: Limit one of each Pokémon
|rule|OHKO Clause: OHKO moves are banned
|rule|Evasion Moves Clause: Evasion moves are banned
|rule|HP Percentage Mod: HP is shown in percentages
|
|start
|switch|p1a: Alakazam|Alakazam|313\/313
|switch|p2a: Jynx|Jynx|333\/333
|turn|1
|J|FireMage
|
|move|p1a: Alakazam|Thunder Wave|p2a: Jynx
|-status|p2a: Jynx|par
|move|p2a: Jynx|Lovely Kiss|p1a: Alakazam
|-status|p1a: Alakazam|slp
|
|turn|2
|J|trash
|
|switch|p1a: Slowbro|Slowbro|393\/393
|cant|p2a: Jynx|par
|
|turn|3
|
|switch|p1a: Golem|Golem|363\/363
|switch|p2a: Exeggutor|Exeggutor|393\/393
|
|turn|4
|
|switch|p1a: Zapdos|Zapdos|383\/383
|move|p2a: Exeggutor|Psychic|p1a: Zapdos
|-damage|p1a: Zapdos|283\/383
|
|turn|5
|L|FireMage
|
|move|p1a: Zapdos|Drill Peck|p2a: Exeggutor
|-supereffective|p2a: Exeggutor
|-damage|p2a: Exeggutor|184\/393
|move|p2a: Exeggutor|Stun Spore|p1a: Zapdos
|-status|p1a: Zapdos|par
|
|turn|6
|
|switch|p2a: Chansey|Chansey|703\/703
|cant|p1a: Zapdos|par
|
|turn|7
|
|switch|p1a: Slowbro|Slowbro|393\/393
|move|p2a: Chansey|Ice Beam|p1a: Slowbro
|-crit|p1a: Slowbro
|-resisted|p1a: Slowbro
|-damage|p1a: Slowbro|314\/393
|
|turn|8
|
|move|p2a: Chansey|Thunderbolt|p1a: Slowbro
|-supereffective|p1a: Slowbro
|-damage|p1a: Slowbro|121\/393
|move|p1a: Slowbro|Thunder Wave|p2a: Chansey
|-status|p2a: Chansey|par
|
|turn|9
|
|move|p1a: Slowbro|Amnesia|p1a: Slowbro
|-boost|p1a: Slowbro|spd|2
|-boost|p1a: Slowbro|spa|2
|move|p2a: Chansey|Thunderbolt|p1a: Slowbro
|-supereffective|p1a: Slowbro
|-damage|p1a: Slowbro|27\/393
|
|turn|10
|J|akeno is love
|L|akeno is love
|
|switch|p2a: Exeggutor|Exeggutor|184\/393
|move|p1a: Slowbro|Rest|p1a: Slowbro
|-status|p1a: Slowbro|slp
|-heal|p1a: Slowbro|393\/393 slp|[silent]
|-status|p1a: Slowbro|slp|[from] move: Rest
|
|turn|11
|
|switch|p1a: Zapdos|Zapdos|283\/383 par
|move|p2a: Exeggutor|Psychic|p1a: Zapdos
|-crit|p1a: Zapdos
|-damage|p1a: Zapdos|81\/383 par
|-unboost|p1a: Zapdos|spd|1
|-unboost|p1a: Zapdos|spa|1
|
|turn|12
|
|move|p2a: Exeggutor|Psychic|p1a: Zapdos
|-damage|p1a: Zapdos|0 fnt
|faint|p1a: Zapdos
|
|switch|p1a: Koopacow|Tauros|353\/353
|turn|13
|
|switch|p2a: Snorlax|Snorlax|523\/523
|move|p1a: Koopacow|Blizzard|p2a: Snorlax|[miss]
|-miss|p1a: Koopacow
|
|turn|14
|
|switch|p1a: Golem|Golem|363\/363
|move|p2a: Snorlax|Body Slam|p1a: Golem
|-resisted|p1a: Golem
|-damage|p1a: Golem|316\/363
|
|turn|15
|J|Super DarkJak 2
|L|Super DarkJak 2
|
|move|p1a: Golem|Earthquake|p2a: Snorlax
|-damage|p2a: Snorlax|362\/523
|move|p2a: Snorlax|Earthquake|p1a: Golem
|-supereffective|p1a: Golem
|-damage|p1a: Golem|187\/363
|
|turn|16
|
|switch|p1a: Slowbro|Slowbro|393\/393 slp
|switch|p2a: Jynx|Jynx|333\/333 par
|
|turn|17
|
|switch|p2a: Exeggutor|Exeggutor|184\/393
|cant|p1a: Slowbro|slp
|
|turn|18
|J|kingofgen3ubers
|
|move|p2a: Exeggutor|Psychic|p1a: Slowbro
|-resisted|p1a: Slowbro
|-damage|p1a: Slowbro|325\/393 slp
|-curestatus|p1a: Slowbro|slp
|
|turn|19
|L|kingofgen3ubers
|
|move|p2a: Exeggutor|Stun Spore|p1a: Slowbro
|-status|p1a: Slowbro|par
|move|p1a: Slowbro|Amnesia|p1a: Slowbro
|-boost|p1a: Slowbro|spd|2
|-boost|p1a: Slowbro|spa|2
|
|turn|20
|
|move|p2a: Exeggutor|Explosion|p1a: Slowbro
|-damage|p1a: Slowbro|63\/393 par
|faint|p2a: Exeggutor
|
|switch|p2a: Tauros|Tauros|353\/353
|turn|21
|
|move|p2a: Tauros|Body Slam|p1a: Slowbro
|-crit|p1a: Slowbro
|-damage|p1a: Slowbro|0 fnt
|faint|p1a: Slowbro
|
|switch|p1a: Victreebel|Victreebel|363\/363
|turn|22
|
|switch|p2a: Jynx|Jynx|333\/333 par
|switch|p1a: Golem|Golem|187\/363
|
|turn|23
|
|move|p1a: Golem|Rock Slide|p2a: Jynx
|-supereffective|p2a: Jynx
|-damage|p2a: Jynx|0 fnt
|faint|p2a: Jynx
|
|switch|p2a: Tauros|Tauros|353\/353
|turn|24
|
|move|p2a: Tauros|Blizzard|p1a: Golem
|-supereffective|p1a: Golem
|-damage|p1a: Golem|0 fnt
|faint|p1a: Golem
|L|trash
|
|switch|p1a: Victreebel|Victreebel|363\/363
|turn|25
|
|move|p2a: Tauros|Body Slam|p1a: Victreebel
|-damage|p1a: Victreebel|238\/363
|move|p1a: Victreebel|Razor Leaf|p2a: Tauros
|-crit|p2a: Tauros
|-damage|p2a: Tauros|186\/353
|
|turn|26
|
|move|p2a: Tauros|Body Slam|p1a: Victreebel
|-damage|p1a: Victreebel|102\/363
|move|p1a: Victreebel|Stun Spore|p2a: Tauros|[miss]
|-miss|p1a: Victreebel
|
|turn|27
|
|switch|p1a: Alakazam|Alakazam|313\/313 slp
|move|p2a: Tauros|Body Slam|p1a: Alakazam
|-damage|p1a: Alakazam|161\/313 slp
|
|turn|28
|
|cant|p1a: Alakazam|slp
|move|p2a: Tauros|Body Slam|p1a: Alakazam
|-damage|p1a: Alakazam|16\/313 slp
|
|turn|29
|
|-curestatus|p1a: Alakazam|slp
|move|p2a: Tauros|Body Slam|p1a: Alakazam
|-damage|p1a: Alakazam|0 fnt
|faint|p1a: Alakazam
|
|switch|p1a: Koopacow|Tauros|353\/353
|turn|30
|
|move|p2a: Tauros|Hyper Beam|p1a: Koopacow|[miss]
|-miss|p2a: Tauros
|move|p1a: Koopacow|Body Slam|p2a: Tauros
|-damage|p2a: Tauros|76\/353
|
|turn|31
|
|move|p2a: Tauros|Hyper Beam|p1a: Koopacow
|-damage|p1a: Koopacow|181\/353
|move|p1a: Koopacow|Body Slam|p2a: Tauros
|-damage|p2a: Tauros|0 fnt
|faint|p2a: Tauros
|
|switch|p2a: Snorlax|Snorlax|362\/523
|turn|32
|J|Finchinator
|
|move|p1a: Koopacow|Hyper Beam|p2a: Snorlax
|-damage|p2a: Snorlax|142\/523
|move|p2a: Snorlax|Self-Destruct|p1a: Koopacow
|-damage|p1a: Koopacow|0 fnt
|faint|p1a: Koopacow
|faint|p2a: Snorlax
|
|switch|p2a: Persian|Persian|333\/333
|switch|p1a: Victreebel|Victreebel|102\/363
|turn|33
|
|move|p2a: Persian|Hyper Beam|p1a: Victreebel
|-damage|p1a: Victreebel|0 fnt
|faint|p1a: Victreebel
|
|win|Beds