|J|Dice
|J|Only Trill
|player|p1|Dice|168
|player|p2|Only Trill|169
|gametype|singles
|gen|1
|tier|[Gen 1] OU
|seed|4048,52236,63873,45968
|rule|Sleep Clause Mod: Limit one foe put to sleep
|rule|Freeze Clause Mod: Limit one foe frozen
|rule|Species Clause: Limit one of each Pokémon
|rule|OHKO Clause: OHKO moves are banned
|rule|Evasion Moves Clause: Evasion moves are banned
|rule|HP Percentage Mod: HP is shown in percentages
|
|start
|switch|p1a: Alakazam|Alakazam|313\/313
|switch|p2a: Alakazam|Alakazam|313\/313
|turn|1
|choice|move 2|move 2
|
|move|p1a: Alakazam|Thunder Wave|p2a: Alakazam
|-status|p2a: Alakazam|par
|move|p2a: Alakazam|Thunder Wave|p1a: Alakazam
|-status|p1a: Alakazam|par
|
|turn|2
|choice|move 1|move 4
|
|move|p1a: Alakazam|Psychic|p2a: Alakazam
|-resisted|p2a: Alakazam
|-damage|p2a: Alakazam|265\/313 par
|move|p2a: Alakazam|Seismic Toss|p1a: Alakazam
|-damage|p1a: Alakazam|213\/313 par
|
|turn|3
|c|★Only Trill|GoodTier
|choice|move 1|move 4
|
|move|p1a: Alakazam|Psychic|p2a: Alakazam
|-resisted|p2a: Alakazam
|-damage|p2a: Alakazam|213\/313 par
|-unboost|p2a: Alakazam|spd|1
|-unboost|p2a: Alakazam|spa|1
|move|p2a: Alakazam|Seismic Toss|p1a: Alakazam
|-damage|p1a: Alakazam|113\/313 par
|
|turn|4
|choice|move 4|move 3
|
|move|p1a: Alakazam|Recover|p1a: Alakazam
|-heal|p1a: Alakazam|269\/313 par
|move|p2a: Alakazam|Recover|p2a: Alakazam
|-heal|p2a: Alakazam|313\/313 par
|
|turn|5
|choice|move 1|switch 3
|
|switch|p2a: Snorlax|Snorlax|523\/523
|move|p1a: Alakazam|Psychic|p2a: Snorlax
|-damage|p2a: Snorlax|364\/523
|
|turn|6
|choice|switch 3|move 2
|
|switch|p1a: Slowbro|Slowbro|393\/393
|move|p2a: Snorlax|Ice Beam|p1a: Slowbro
|-resisted|p1a: Slowbro
|-damage|p1a: Slowbro|362\/393
|
|turn|7
|choice|move 1|switch 4
|
|switch|p2a: Exeggutor|Exeggutor|393\/393
|move|p1a: Slowbro|Thunder Wave|p2a: Exeggutor
|-status|p2a: Exeggutor|par
|
|turn|8
|choice|switch 3|move 3
|
|switch|p1a: Alakazam|Alakazam|269\/313 par
|move|p2a: Exeggutor|Stun Spore|p1a: Alakazam
|-fail|p1a: Alakazam|par
|
|turn|9
|J|Luigi
|choice|move 3|switch 3
|
|switch|p2a: Alakazam|Alakazam|313\/313 par
|move|p1a: Alakazam|Seismic Toss|p2a: Alakazam
|-damage|p2a: Alakazam|213\/313 par
|
|turn|10
|J|choollio
|choice|move 1|move 3
|
|move|p2a: Alakazam|Recover|p2a: Alakazam
|-heal|p2a: Alakazam|313\/313 par
|move|p1a: Alakazam|Psychic|p2a: Alakazam
|-resisted|p2a: Alakazam
|-damage|p2a: Alakazam|264\/313 par
|
|turn|11
|choice|move 3|move 4
|
|move|p2a: Alakazam|Seismic Toss|p1a: Alakazam
|-damage|p1a: Alakazam|169\/313 par
|cant|p1a: Alakazam|par
|
|turn|12
|choice|move 4|move 4
|
|cant|p2a: Alakazam|par
|move|p1a: Alakazam|Recover|p1a: Alakazam
|-heal|p1a: Alakazam|313\/313 par
|
|turn|13
|J|KratosMana
|c|★Dice|o booferz you're such an rby beast :P!
|choice|move 3|move 4
|
|cant|p2a: Alakazam|par
|move|p1a: Alakazam|Seismic Toss|p2a: Alakazam
|-damage|p2a: Alakazam|164\/313 par
|
|turn|14
|choice|switch 5|move 3
|
|switch|p1a: Snorlax|Snorlax|523\/523
|cant|p2a: Alakazam|par
|
|turn|15
|choice|move 1|move 3
|
|move|p1a: Snorlax|Body Slam|p2a: Alakazam
|-damage|p2a: Alakazam|0 fnt
|faint|p2a: Alakazam
|choice||switch 2
|
|switch|p2a: Cloyster|Cloyster|303\/303
|turn|16
|c|★Dice|ah
|c|★Dice|quality play
|c|★Only Trill|thanxFren
|choice|move 1|move 1
|
|move|p2a: Cloyster|Clamp|p1a: Snorlax
|-damage|p1a: Snorlax|477\/523
|-activate|p1a: Snorlax|move: Clamp|[of] p2a: Cloyster
|cant|p1a: Snorlax|partiallytrapped
|
|turn|17
|choice|switch 3|move 1
|
|switch|p1a: Slowbro|Slowbro|362\/393
|move|p2a: Cloyster|Clamp|p1a: Slowbro
|-resisted|p1a: Slowbro
|-damage|p1a: Slowbro|342\/393
|-activate|p1a: Slowbro|move: Clamp|[of] p2a: Cloyster
|
|turn|18
|choice|move 1|move 1
|
|move|p2a: Cloyster|Clamp|p1a: Slowbro
|-damage|p1a: Slowbro|322\/393
|cant|p1a: Slowbro|partiallytrapped
|
|-end|p1a: Slowbro|Clamp|[partiallytrapped]
|turn|19
|J|aqqq
|choice|move 1|move 1
|
|move|p2a: Cloyster|Clamp|p1a: Slowbro
|-resisted|p1a: Slowbro
|-damage|p1a: Slowbro|300\/393
|-activate|p1a: Slowbro|move: Clamp|[of] p2a: Cloyster
|cant|p1a: Slowbro|partiallytrapped
|
|turn|20
|choice|switch 4|move 1
|
|switch|p1a: Victreebel|Victreebel|363\/363
|move|p2a: Cloyster|Clamp|p1a: Victreebel
|-resisted|p1a: Victreebel
|-damage|p1a: Victreebel|345\/363
|-activate|p1a: Victreebel|move: Clamp|[of] p2a: Cloyster
|
|turn|21
|choice|move 3|move 1
|
|cant|p1a: Victreebel|partiallytrapped
|move|p2a: Cloyster|Clamp|p1a: Victreebel
|-damage|p1a: Victreebel|327\/363
|
|turn|22
|c|★Only Trill|why
|choice|move 3|move 1
|
|move|p2a: Cloyster|Clamp|p1a: Victreebel
|-damage|p1a: Victreebel|309\/363
|cant|p1a: Victreebel|partiallytrapped
|
|-end|p1a: Victreebel|Clamp|[partiallytrapped]
|turn|23
|choice|move 3|switch 4
|
|switch|p2a: Snorlax|Snorlax|364\/523
|move|p1a: Victreebel|Razor Leaf|p2a: Snorlax
|-crit|p2a: Snorlax
|-damage|p2a: Snorlax|211\/523
|
|turn|24
|choice|switch 4|move 3
|
|switch|p1a: Slowbro|Slowbro|300\/393
|move|p2a: Snorlax|Amnesia|p2a: Snorlax
|-boost|p2a: Snorlax|spd|2
|-boost|p2a: Snorlax|spa|2
|
|turn|25
|choice|move 1|move 4
|
|move|p2a: Snorlax|Rest|p2a: Snorlax
|-status|p2a: Snorlax|slp
|-heal|p2a: Snorlax|523\/523 slp|[silent]
|-status|p2a: Snorlax|slp|[from] move: Rest
|move|p1a: Slowbro|Thunder Wave|p2a: Snorlax
|-fail|p2a: Snorlax
|
|turn|26
|choice|move 2|move 2
|
|cant|p2a: Snorlax|slp
|move|p1a: Slowbro|Amnesia|p1a: Slowbro
|-boost|p1a: Slowbro|spd|2
|-boost|p1a: Slowbro|spa|2
|
|turn|27
|choice|move 2|switch 4
|
|switch|p2a: Cloyster|Cloyster|303\/303
|move|p1a: Slowbro|Amnesia|p1a: Slowbro
|-boost|p1a: Slowbro|spd|2
|-boost|p1a: Slowbro|spa|2
|
|turn|28
|choice|move 3|move 1
|
|move|p2a: Cloyster|Clamp|p1a: Slowbro
|-resisted|p1a: Slowbro
|-damage|p1a: Slowbro|292\/393
|-activate|p1a: Slowbro|move: Clamp|[of] p2a: Cloyster
|cant|p1a: Slowbro|partiallytrapped
|
|turn|29
|choice|move 3|move 1
|
|move|p2a: Cloyster|Clamp|p1a: Slowbro
|-damage|p1a: Slowbro|284\/393
|cant|p1a: Slowbro|partiallytrapped
|
|turn|30
|choice|move 1|move 1
|
|move|p2a: Cloyster|Clamp|p1a: Slowbro
|-damage|p1a: Slowbro|276\/393
|cant|p1a: Slowbro|partiallytrapped
|
|-end|p1a: Slowbro|Clamp|[partiallytrapped]
|turn|31
|choice|move 1|move 1
|
|move|p2a: Cloyster|Clamp|p1a: Slowbro
|-resisted|p1a: Slowbro
|-damage|p1a: Slowbro|269\/393
|-activate|p1a: Slowbro|move: Clamp|[of] p2a: Cloyster
|cant|p1a: Slowbro|partiallytrapped
|
|turn|32
|choice|move 1|move 1
|
|move|p2a: Cloyster|Clamp|p1a: Slowbro
|-damage|p1a: Slowbro|262\/393
|cant|p1a: Slowbro|partiallytrapped
|
|turn|33
|choice|move 1|move 1
|
|move|p2a: Cloyster|Clamp|p1a: Slowbro
|-damage|p1a: Slowbro|255\/393
|cant|p1a: Slowbro|partiallytrapped
|
|-end|p1a: Slowbro|Clamp|[partiallytrapped]
|turn|34
|c|★Dice|u got 50 more pp ? :P !
|choice|move 1|move 1
|
|move|p2a: Cloyster|Clamp|p1a: Slowbro
|-resisted|p1a: Slowbro
|-damage|p1a: Slowbro|247\/393
|-activate|p1a: Slowbro|move: Clamp|[of] p2a: Cloyster
|cant|p1a: Slowbro|partiallytrapped
|
|turn|35
|choice|move 1|move 1
|
|move|p2a: Cloyster|Clamp|p1a: Slowbro
|-damage|p1a: Slowbro|239\/393
|cant|p1a: Slowbro|partiallytrapped
|
|-end|p1a: Slowbro|Clamp|[partiallytrapped]
|turn|36
|choice|move 1|move 1
|
|move|p2a: Cloyster|Clamp|p1a: Slowbro
|-resisted|p1a: Slowbro
|-damage|p1a: Slowbro|231\/393
|-activate|p1a: Slowbro|move: Clamp|[of] p2a: Cloyster
|cant|p1a: Slowbro|partiallytrapped
|
|turn|37
|choice|move 1|move 1
|
|move|p2a: Cloyster|Clamp|p1a: Slowbro
|-damage|p1a: Slowbro|223\/393
|cant|p1a: Slowbro|partiallytrapped
|
|-end|p1a: Slowbro|Clamp|[partiallytrapped]
|turn|38
|choice|move 1|move 3
|
|move|p2a: Cloyster|Explosion|p1a: Slowbro
|-damage|p1a: Slowbro|0 fnt
|faint|p1a: Slowbro
|faint|p2a: Cloyster
|choice|switch 3|switch 5
|
|switch|p2a: Zapdos|Zapdos|383\/383
|switch|p1a: Snorlax|Snorlax|477\/523
|turn|39
|choice|switch 2|move 4
|
|switch|p1a: Rhydon|Rhydon|413\/413
|move|p2a: Zapdos|Thunder Wave|p1a: Rhydon
|-immune|p1a: Rhydon|[msg]
|
|turn|40
|choice|move 4|switch 3
|
|switch|p2a: Exeggutor|Exeggutor|393\/393 par
|move|p1a: Rhydon|Rock Slide|p2a: Exeggutor
|-damage|p2a: Exeggutor|283\/393 par
|
|turn|41
|choice|switch 5|move 1
|
|switch|p1a: Alakazam|Alakazam|313\/313 par
|move|p2a: Exeggutor|Psychic|p1a: Alakazam
|-resisted|p1a: Alakazam
|-damage|p1a: Alakazam|266\/313 par
|-unboost|p1a: Alakazam|spd|1
|-unboost|p1a: Alakazam|spa|1
|
|turn|42
|choice|move 3|move 1
|
|move|p2a: Exeggutor|Psychic|p1a: Alakazam
|-resisted|p1a: Alakazam
|-damage|p1a: Alakazam|184\/313 par
|move|p1a: Alakazam|Seismic Toss|p2a: Exeggutor
|-damage|p2a: Exeggutor|183\/393 par
|
|turn|43
|choice|move 4|switch 3
|
|switch|p2a: Zapdos|Zapdos|383\/383
|cant|p1a: Alakazam|par
|
|turn|44
|choice|switch 5|move 2
|
|switch|p1a: Rhydon|Rhydon|413\/413
|move|p2a: Zapdos|Drill Peck|p1a: Rhydon
|-resisted|p1a: Rhydon
|-damage|p1a: Rhydon|376\/413
|
|turn|45
|choice|move 1|switch 3
|
|switch|p2a: Exeggutor|Exeggutor|183\/393 par
|move|p1a: Rhydon|Body Slam|p2a: Exeggutor
|-damage|p2a: Exeggutor|100\/393 par
|
|turn|46
|choice|switch 5|move 2
|
|switch|p1a: Alakazam|Alakazam|184\/313 par
|move|p2a: Exeggutor|Explosion|p1a: Alakazam
|-damage|p1a: Alakazam|0 fnt
|faint|p1a: Alakazam
|faint|p2a: Exeggutor
|L|KratosMana
|choice|switch 2|switch 4
|
|switch|p1a: Snorlax|Snorlax|477\/523
|switch|p2a: Snorlax|Snorlax|523\/523 slp
|turn|47
|choice|move 1|move 1
|
|move|p1a: Snorlax|Body Slam|p2a: Snorlax
|-damage|p2a: Snorlax|386\/523 slp
|-curestatus|p2a: Snorlax|slp
|
|turn|48
|choice|move 1|move 1
|
|move|p2a: Snorlax|Reflect|p2a: Snorlax
|-start|p2a: Snorlax|Reflect
|move|p1a: Snorlax|Body Slam|p2a: Snorlax
|-damage|p2a: Snorlax|319\/523
|
|turn|49
|choice|move 1|move 3
|
|move|p2a: Snorlax|Amnesia|p2a: Snorlax
|-boost|p2a: Snorlax|spd|2
|-boost|p2a: Snorlax|spa|2
|move|p1a: Snorlax|Body Slam|p2a: Snorlax
|-damage|p2a: Snorlax|255\/523
|
|turn|50
|choice|move 1|move 3
|
|move|p2a: Snorlax|Amnesia|p2a: Snorlax
|-boost|p2a: Snorlax|spd|2
|-boost|p2a: Snorlax|spa|2
|move|p1a: Snorlax|Body Slam|p2a: Snorlax
|-crit|p2a: Snorlax
|-damage|p2a: Snorlax|0 fnt
|faint|p2a: Snorlax
|c|★Only Trill|gay
|choice||switch 6
|
|switch|p2a: Tauros|Tauros|353\/353
|turn|51
|choice|move 2|move 1
|
|move|p2a: Tauros|Body Slam|p1a: Snorlax
|-crit|p1a: Snorlax
|-damage|p1a: Snorlax|211\/523
|move|p1a: Snorlax|Counter|p2a: Tauros
|-damage|p2a: Tauros|0 fnt
|faint|p2a: Tauros
|c|★Only Trill|ggg
|choice||switch 3
|
|switch|p2a: Zapdos|Zapdos|383\/383
|turn|52
|c|★Dice|wow ur rly good doood 
|choice|move 3|move 2
|
|move|p2a: Zapdos|Drill Peck|p1a: Snorlax
|-damage|p1a: Snorlax|89\/523
|move|p1a: Snorlax|Self-Destruct|p2a: Zapdos
|-damage|p2a: Zapdos|37\/383
|faint|p1a: Snorlax
|choice|switch 6|
|
|switch|p1a: Chansey|Chansey|703\/703
|turn|53
|c|★Dice|finna give u a lullaby
|choice|move 4|move 3
|
|move|p2a: Zapdos|Rest|p2a: Zapdos
|-status|p2a: Zapdos|slp
|-heal|p2a: Zapdos|383\/383 slp|[silent]
|-status|p2a: Zapdos|slp|[from] move: Rest
|move|p1a: Chansey|Sing|p2a: Zapdos
|-fail|p2a: Zapdos|slp
|
|turn|54
|c|★Dice|wow
|c|★Dice|nigger
|choice|move 1|move 1
|
|cant|p2a: Zapdos|slp
|move|p1a: Chansey|Seismic Toss|p2a: Zapdos
|-damage|p2a: Zapdos|283\/383 slp
|
|turn|55
|c|★Only Trill|why wufmt
|c|★Only Trill|u go
|c|★Only Trill|don
|c|★Dice|coz
|c|★Dice|this is funner
|choice|move 1|move 2
|
|-curestatus|p2a: Zapdos|slp
|move|p1a: Chansey|Seismic Toss|p2a: Zapdos
|-damage|p2a: Zapdos|183\/383
|
|turn|56
|choice|move 3|move 2
|
|move|p2a: Zapdos|Drill Peck|p1a: Chansey
|-damage|p1a: Chansey|481\/703
|move|p1a: Chansey|Thunder Wave|p2a: Zapdos
|-status|p2a: Zapdos|par
|
|turn|57
|choice|move 1|move 3
|
|move|p1a: Chansey|Seismic Toss|p2a: Zapdos
|-damage|p2a: Zapdos|83\/383 par
|move|p2a: Zapdos|Rest|p2a: Zapdos
|-status|p2a: Zapdos|slp
|-heal|p2a: Zapdos|383\/383 slp|[silent]
|-status|p2a: Zapdos|slp|[from] move: Rest
|
|turn|58
|choice|move 1|move 2
|
|move|p1a: Chansey|Seismic Toss|p2a: Zapdos
|-damage|p2a: Zapdos|283\/383 slp
|cant|p2a: Zapdos|slp
|
|turn|59
|choice|move 1|move 2
|
|move|p1a: Chansey|Seismic Toss|p2a: Zapdos
|-damage|p2a: Zapdos|183\/383 slp
|-curestatus|p2a: Zapdos|slp
|
|turn|60
|c|★Only Trill|yea im bored
|c|★Only Trill|ggggg
|-message|Only Trill forfeited.
|
|win|Dice