|J|Lusch
|J|teal6
|player|p1|Lusch|153
|player|p2|teal6|138
|gametype|singles
|gen|1
|tier|[Gen 1] OU
|seed|21433,54047,18522,60609
|rule|Sleep Clause Mod: Limit one foe put to sleep
|rule|Freeze Clause Mod: Limit one foe frozen
|rule|Species Clause: Limit one of each Pokémon
|rule|OHKO Clause: OHKO moves are banned
|rule|Evasion Moves Clause: Evasion moves are banned
|rule|HP Percentage Mod: HP is shown in percentages
|
|start
|switch|p1a: Jynx|Jynx|333\/333
|switch|p2a: Starmie|Starmie|323\/323
|turn|1
|choice|move 1|move 4
|
|move|p2a: Starmie|Thunder Wave|p1a: Jynx
|-status|p1a: Jynx|par
|move|p1a: Jynx|Lovely Kiss|p2a: Starmie
|-status|p2a: Starmie|slp
|
|turn|2
|J|Alexander
|choice|move 2|switch 2
|
|switch|p2a: Chansey|Chansey|703\/703
|cant|p1a: Jynx|par
|
|turn|3
|choice|switch 6|move 2
|
|switch|p1a: Chansey|Chansey|703\/703
|move|p2a: Chansey|Seismic Toss|p1a: Chansey
|-damage|p1a: Chansey|603\/703
|
|turn|4
|choice|move 1|move 4
|
|move|p2a: Chansey|Thunder Wave|p1a: Chansey
|-status|p1a: Chansey|par
|cant|p1a: Chansey|par
|
|turn|5
|choice|move 4|move 2
|
|move|p2a: Chansey|Seismic Toss|p1a: Chansey
|-damage|p1a: Chansey|503\/703 par
|move|p1a: Chansey|Thunder Wave|p2a: Chansey
|-status|p2a: Chansey|par
|
|turn|6
|choice|switch 2|move 2
|
|switch|p1a: Snorlax|Snorlax|523\/523
|cant|p2a: Chansey|par
|
|turn|7
|choice|move 2|move 4
|
|move|p1a: Snorlax|Body Slam|p2a: Chansey
|-damage|p2a: Chansey|421\/703 par
|cant|p2a: Chansey|par
|
|turn|8
|choice|move 3|move 3
|
|move|p1a: Snorlax|Hyper Beam|p2a: Chansey
|-damage|p2a: Chansey|0 fnt
|faint|p2a: Chansey
|choice||switch 6
|
|switch|p2a: Exeggutor|Exeggutor|393\/393
|turn|9
|J|Flames OP
|choice|switch 6|switch 3
|
|switch|p2a: Snorlax|Snorlax|523\/523
|switch|p1a: Jynx|Jynx|333\/333 par
|
|turn|10
|L|Flames OP
|choice|move 4|move 1
|
|move|p2a: Snorlax|Amnesia|p2a: Snorlax
|-boost|p2a: Snorlax|spd|2
|-boost|p2a: Snorlax|spa|2
|move|p1a: Jynx|Counter|p2a: Snorlax
|-fail|p1a: Jynx
|
|turn|11
|c|★Lusch|damn ;)
|c|★teal6|heh
|choice|switch 3|move 1
|
|switch|p1a: Alakazam|Alakazam|313\/313
|move|p2a: Snorlax|Amnesia|p2a: Snorlax
|-boost|p2a: Snorlax|spd|2
|-boost|p2a: Snorlax|spa|2
|
|turn|12
|choice|move 1|move 3
|
|move|p1a: Alakazam|Reflect|p1a: Alakazam
|-start|p1a: Alakazam|Reflect
|move|p2a: Snorlax|Blizzard|p1a: Alakazam
|-damage|p1a: Alakazam|150\/313
|
|turn|13
|choice|move 3|move 3
|
|move|p1a: Alakazam|Recover|p1a: Alakazam
|-heal|p1a: Alakazam|306\/313
|move|p2a: Snorlax|Blizzard|p1a: Alakazam
|-damage|p1a: Alakazam|135\/313
|
|turn|14
|choice|move 3|move 1
|
|move|p1a: Alakazam|Recover|p1a: Alakazam
|-heal|p1a: Alakazam|291\/313
|move|p2a: Snorlax|Amnesia|p2a: Snorlax
|-boost|p2a: Snorlax|spd|2
|-boost|p2a: Snorlax|spa|2
|
|turn|15
|choice|move 4|move 3
|
|move|p1a: Alakazam|Thunder Wave|p2a: Snorlax
|-status|p2a: Snorlax|par
|cant|p2a: Snorlax|par
|
|turn|16
|choice|move 2|move 3
|
|move|p1a: Alakazam|Psychic|p2a: Snorlax
|-damage|p2a: Snorlax|482\/523 par
|-unboost|p2a: Snorlax|spd|1
|-unboost|p2a: Snorlax|spa|1
|move|p2a: Snorlax|Blizzard|p1a: Alakazam
|-damage|p1a: Alakazam|96\/313
|
|turn|17
|choice|move 3|move 3
|
|move|p1a: Alakazam|Recover|p1a: Alakazam
|-heal|p1a: Alakazam|252\/313
|move|p2a: Snorlax|Blizzard|p1a: Alakazam
|-damage|p1a: Alakazam|35\/313
|-status|p1a: Alakazam|frz
|
|turn|18
|choice|switch 2|move 4
|
|switch|p1a: Chansey|Chansey|503\/703 par
|move|p2a: Snorlax|Body Slam|p1a: Chansey
|-damage|p1a: Chansey|198\/703 par
|
|turn|19
|J|vvdfdvfvfv
|J|tosca
|choice|switch 2|move 4
|
|switch|p1a: Alakazam|Alakazam|35\/313 frz
|cant|p2a: Snorlax|par
|
|turn|20
|choice|move 2|move 4
|
|cant|p1a: Alakazam|frz
|move|p2a: Snorlax|Body Slam|p1a: Alakazam
|-damage|p1a: Alakazam|0 fnt
|faint|p1a: Alakazam
|choice|switch 5|
|
|switch|p1a: Exeggutor|Exeggutor|393\/393
|turn|21
|choice|move 4|move 3
|
|move|p1a: Exeggutor|Explosion|p2a: Snorlax
|-damage|p2a: Snorlax|137\/523 par
|faint|p1a: Exeggutor
|choice|switch 6|
|
|switch|p1a: Snorlax|Snorlax|523\/523
|turn|22
|choice|move 2|switch 3
|
|switch|p2a: Exeggutor|Exeggutor|393\/393
|move|p1a: Snorlax|Body Slam|p2a: Exeggutor
|-damage|p2a: Exeggutor|271\/393
|
|turn|23
|choice|switch 3|move 4
|
|switch|p1a: Jynx|Jynx|333\/333 par
|move|p2a: Exeggutor|Psychic|p1a: Jynx
|-resisted|p1a: Jynx
|-damage|p1a: Jynx|275\/333 par
|
|turn|24
|c|★teal6|you still there my friend 
|c|★Lusch|i actually was gone
|c|★Lusch|wifi dced
|c|★teal6|ah no problem
|c|★Lusch|but could reconnect
|c|★teal6|all good
|choice|move 2|switch 3
|
|switch|p2a: Snorlax|Snorlax|137\/523 par
|cant|p1a: Jynx|par
|
|turn|25
|choice|move 2|move 2
|
|move|p1a: Jynx|Blizzard|p2a: Snorlax
|-damage|p2a: Snorlax|0 fnt
|faint|p2a: Snorlax
|choice||switch 4
|
|switch|p2a: Tauros|Tauros|353\/353
|turn|26
|choice|switch 2|move 2
|
|switch|p1a: Chansey|Chansey|198\/703 par
|move|p2a: Tauros|Hyper Beam|p1a: Chansey
|-damage|p1a: Chansey|0 fnt
|faint|p1a: Chansey
|choice|switch 3|
|
|switch|p1a: Snorlax|Snorlax|523\/523
|turn|27
|choice|move 2|switch 2
|
|switch|p2a: Starmie|Starmie|323\/323 slp
|move|p1a: Snorlax|Body Slam|p2a: Starmie
|-damage|p2a: Starmie|199\/323 slp
|
|turn|28
|choice|move 2|move 1
|
|cant|p2a: Starmie|slp
|move|p1a: Snorlax|Body Slam|p2a: Starmie
|-damage|p2a: Starmie|75\/323 slp
|
|turn|29
|choice|move 2|move 3
|
|cant|p2a: Starmie|slp
|move|p1a: Snorlax|Body Slam|p2a: Starmie
|-damage|p2a: Starmie|0 fnt
|faint|p2a: Starmie
|choice||switch 3
|
|switch|p2a: Exeggutor|Exeggutor|271\/393
|turn|30
|choice|switch 2|switch 2
|
|switch|p2a: Tauros|Tauros|353\/353
|switch|p1a: Jynx|Jynx|275\/333 par
|
|turn|31
|choice|move 1|move 2
|
|move|p2a: Tauros|Hyper Beam|p1a: Jynx|[miss]
|-miss|p2a: Tauros
|move|p1a: Jynx|Lovely Kiss|p2a: Tauros
|-status|p2a: Tauros|slp
|
|turn|32
|c|★Lusch|sorry mate
|c|★teal6|np
|c|★Lusch|was not what i was playing for
|c|★teal6|its all good
|c|★teal6|not your fault
|choice|move 2|move 1
|
|cant|p2a: Tauros|slp
|move|p1a: Jynx|Blizzard|p2a: Tauros
|-damage|p2a: Tauros|170\/353 slp
|
|turn|33
|choice|move 2|move 2
|
|cant|p2a: Tauros|slp
|move|p1a: Jynx|Blizzard|p2a: Tauros|[miss]
|-miss|p1a: Jynx
|
|turn|34
|choice|move 2|move 2
|
|cant|p2a: Tauros|slp
|move|p1a: Jynx|Blizzard|p2a: Tauros
|-damage|p2a: Tauros|2\/353 slp
|
|turn|35
|choice|move 3|move 2
|
|-curestatus|p2a: Tauros|slp
|move|p1a: Jynx|Psychic|p2a: Tauros
|-crit|p2a: Tauros
|-damage|p2a: Tauros|0 fnt
|faint|p2a: Tauros
|choice||switch 5
|
|switch|p2a: Cloyster|Cloyster|303\/303
|turn|36
|choice|move 1|move 2
|
|move|p2a: Cloyster|Clamp|p1a: Jynx
|-crit|p1a: Jynx
|-damage|p1a: Jynx|205\/333 par
|-activate|p1a: Jynx|move: Clamp|[of] p2a: Cloyster
|cant|p1a: Jynx|partiallytrapped
|
|turn|37
|choice|switch 4|move 2
|
|switch|p1a: Tauros|Tauros|353\/353
|move|p2a: Cloyster|Clamp|p1a: Tauros
|-damage|p1a: Tauros|303\/353
|-activate|p1a: Tauros|move: Clamp|[of] p2a: Cloyster
|
|turn|38
|choice|move 2|move 2
|
|cant|p1a: Tauros|partiallytrapped
|move|p2a: Cloyster|Clamp|p1a: Tauros|[from]Clamp
|-damage|p1a: Tauros|253\/353
|
|-end|p1a: Tauros|Clamp|[partiallytrapped]
|turn|39
|choice|move 2|move 2
|
|move|p1a: Tauros|Body Slam|p2a: Cloyster
|-damage|p2a: Cloyster|233\/303
|move|p2a: Cloyster|Clamp|p1a: Tauros
|-damage|p1a: Tauros|206\/353
|-activate|p1a: Tauros|move: Clamp|[of] p2a: Cloyster
|
|turn|40
|choice|move 2|move 2
|
|cant|p1a: Tauros|partiallytrapped
|move|p2a: Cloyster|Clamp|p1a: Tauros|[from]Clamp
|-damage|p1a: Tauros|159\/353
|
|turn|41
|choice|move 2|move 2
|
|cant|p1a: Tauros|partiallytrapped
|move|p2a: Cloyster|Clamp|p1a: Tauros|[from]Clamp
|-damage|p1a: Tauros|112\/353
|
|turn|42
|choice|move 4|move 2
|
|cant|p1a: Tauros|partiallytrapped
|move|p2a: Cloyster|Clamp|p1a: Tauros|[from]Clamp
|-damage|p1a: Tauros|65\/353
|
|-end|p1a: Tauros|Clamp|[partiallytrapped]
|turn|43
|choice|move 4|move 3
|
|move|p1a: Tauros|Hyper Beam|p2a: Cloyster
|-damage|p2a: Cloyster|123\/303
|move|p2a: Cloyster|Hyper Beam|p1a: Tauros
|-damage|p1a: Tauros|0 fnt
|faint|p1a: Tauros
|choice|switch 2|
|
|switch|p1a: Snorlax|Snorlax|523\/523
|turn|44
|J|SOMALIA
|L|vvdfdvfvfv
|J|vvdfdvfvfv
|c|★teal6|dc -_-
|c|+Alexander|teal ddossd
|c|★teal6|;)
|L|vvdfdvfvfv
|L|SOMALIA
|c|★Lusch|hey
|c|★Lusch|wow
|c|★Lusch|fucking wifi
|c|★teal6|np man
|c|★Lusch|sorry mate
|c|★Lusch|very fair
|choice|move 2|move 2
|
|move|p2a: Cloyster|Clamp|p1a: Snorlax
|-damage|p1a: Snorlax|473\/523
|-activate|p1a: Snorlax|move: Clamp|[of] p2a: Cloyster
|cant|p1a: Snorlax|partiallytrapped
|
|turn|45
|choice|move 2|move 2
|
|move|p2a: Cloyster|Clamp|p1a: Snorlax|[from]Clamp
|-damage|p1a: Snorlax|423\/523
|cant|p1a: Snorlax|partiallytrapped
|
|-end|p1a: Snorlax|Clamp|[partiallytrapped]
|turn|46
|choice|move 3|move 2
|
|move|p2a: Cloyster|Clamp|p1a: Snorlax
|-damage|p1a: Snorlax|372\/523
|-activate|p1a: Snorlax|move: Clamp|[of] p2a: Cloyster
|cant|p1a: Snorlax|partiallytrapped
|
|turn|47
|choice|move 3|switch 2
|
|switch|p2a: Exeggutor|Exeggutor|271\/393
|cant|p1a: Snorlax|partiallytrapped
|
|-end|p1a: Snorlax|Clamp|[partiallytrapped]
|turn|48
|choice|switch 4|move 3
|
|switch|p1a: Jynx|Jynx|205\/333 par
|move|p2a: Exeggutor|Explosion|p1a: Jynx
|-damage|p1a: Jynx|0 fnt
|faint|p1a: Jynx
|faint|p2a: Exeggutor
|choice|switch 4|switch 2
|
|switch|p2a: Cloyster|Cloyster|123\/303
|switch|p1a: Snorlax|Snorlax|372\/523
|turn|49
|choice|move 2|move 2
|
|move|p2a: Cloyster|Clamp|p1a: Snorlax
|-damage|p1a: Snorlax|327\/523
|-activate|p1a: Snorlax|move: Clamp|[of] p2a: Cloyster
|cant|p1a: Snorlax|partiallytrapped
|
|turn|50
|choice|move 1|move 2
|
|move|p2a: Cloyster|Clamp|p1a: Snorlax|[from]Clamp
|-damage|p1a: Snorlax|282\/523
|cant|p1a: Snorlax|partiallytrapped
|
|turn|51
|choice|move 1|move 2
|
|move|p2a: Cloyster|Clamp|p1a: Snorlax|[from]Clamp
|-damage|p1a: Snorlax|237\/523
|cant|p1a: Snorlax|partiallytrapped
|
|turn|52
|choice|move 1|move 2
|
|move|p2a: Cloyster|Clamp|p1a: Snorlax|[from]Clamp
|-damage|p1a: Snorlax|192\/523
|cant|p1a: Snorlax|partiallytrapped
|
|turn|53
|choice|move 1|move 2
|
|move|p2a: Cloyster|Clamp|p1a: Snorlax|[from]Clamp
|-damage|p1a: Snorlax|147\/523
|cant|p1a: Snorlax|partiallytrapped
|
|-end|p1a: Snorlax|Clamp|[partiallytrapped]
|turn|54
|J|kamikaze
|choice|move 3|move 1
|
|move|p2a: Cloyster|Blizzard|p1a: Snorlax
|-damage|p1a: Snorlax|0 fnt
|faint|p1a: Snorlax
|
|win|teal6