|J|Selise
|J|hyogafodex
|player|p1|Selise|148
|player|p2|hyogafodex|199
|gametype|singles
|gen|1
|tier|[Gen 1] OU
|seed|46906,65404,47330,55960
|rule|Sleep Clause Mod: Limit one foe put to sleep
|rule|Freeze Clause Mod: Limit one foe frozen
|rule|Species Clause: Limit one of each Pokémon
|rule|OHKO Clause: OHKO moves are banned
|rule|Evasion Moves Clause: Evasion moves are banned
|rule|HP Percentage Mod: HP is shown in percentages
|
|start
|switch|p1a: Starmie|Starmie|323\/323
|switch|p2a: Alakazam|Alakazam|313\/313
|turn|1
|choice|switch 5|move 3
|
|switch|p1a: Chansey|Chansey|703\/703
|move|p2a: Alakazam|Thunder Wave|p1a: Chansey
|-status|p1a: Chansey|par
|
|turn|2
|J|Lusch
|choice|move 3|switch 6
|
|switch|p2a: Rhydon|Rhydon|413\/413
|cant|p1a: Chansey|par
|
|turn|3
|choice|move 4|move 3
|
|move|p2a: Rhydon|Substitute|p2a: Rhydon
|-start|p2a: Rhydon|Substitute
|-damage|p2a: Rhydon|310\/413
|move|p1a: Chansey|Reflect|p1a: Chansey
|-start|p1a: Chansey|Reflect
|
|turn|4
|choice|move 3|move 1
|
|move|p2a: Rhydon|Earthquake|p1a: Chansey
|-damage|p1a: Chansey|502\/703 par
|cant|p1a: Chansey|par
|
|turn|5
|choice|move 1|move 2
|
|move|p2a: Rhydon|Rock Slide|p1a: Chansey
|-damage|p1a: Chansey|364\/703 par
|move|p1a: Chansey|Soft-Boiled|p1a: Chansey
|-heal|p1a: Chansey|703\/703 par
|
|turn|6
|choice|move 3|move 1
|
|move|p2a: Rhydon|Earthquake|p1a: Chansey
|-damage|p1a: Chansey|505\/703 par
|cant|p1a: Chansey|par
|
|turn|7
|choice|move 1|move 1
|
|move|p2a: Rhydon|Earthquake|p1a: Chansey
|-damage|p1a: Chansey|298\/703 par
|move|p1a: Chansey|Soft-Boiled|p1a: Chansey
|-heal|p1a: Chansey|649\/703 par
|
|turn|8
|choice|move 3|move 2
|
|move|p2a: Rhydon|Rock Slide|p1a: Chansey
|-damage|p1a: Chansey|515\/703 par
|move|p1a: Chansey|Ice Beam|p2a: Rhydon
|-supereffective|p2a: Rhydon
|-end|p2a: Rhydon|Substitute
|
|turn|9
|choice|move 3|move 2
|
|move|p2a: Rhydon|Rock Slide|p1a: Chansey
|-crit|p1a: Chansey
|-damage|p1a: Chansey|0 fnt
|faint|p1a: Chansey
|c|★hyogafodex|sry
|c|★Selise|np
|choice|switch 2|
|
|switch|p1a: Alakazam|Alakazam|313\/313
|turn|10
|choice|move 3|move 4
|
|move|p1a: Alakazam|Psychic|p2a: Rhydon
|-damage|p2a: Rhydon|91\/413
|-unboost|p2a: Rhydon|spd|1
|-unboost|p2a: Rhydon|spa|1
|move|p2a: Rhydon|Body Slam|p1a: Alakazam
|-damage|p1a: Alakazam|196\/313
|
|turn|11
|choice|move 3|switch 3
|
|switch|p2a: Chansey|Chansey|703\/703
|move|p1a: Alakazam|Psychic|p2a: Chansey
|-damage|p2a: Chansey|571\/703
|-unboost|p2a: Chansey|spd|1
|-unboost|p2a: Chansey|spa|1
|
|turn|12
|c|+Lusch|rock slide canot flinch in gen1
|choice|move 2|move 3
|
|move|p1a: Alakazam|Thunder Wave|p2a: Chansey
|-status|p2a: Chansey|par
|move|p2a: Chansey|Thunder Wave|p1a: Alakazam
|-status|p1a: Alakazam|par
|
|turn|13
|choice|move 1|switch 4
|
|switch|p2a: Exeggutor|Exeggutor|393\/393
|move|p1a: Alakazam|Recover|p1a: Alakazam
|-heal|p1a: Alakazam|313\/313 par
|
|turn|14
|choice|move 4|move 4
|
|move|p2a: Exeggutor|Stun Spore|p1a: Alakazam
|-fail|p1a: Alakazam|par
|move|p1a: Alakazam|Reflect|p1a: Alakazam
|-start|p1a: Alakazam|Reflect
|
|turn|15
|choice|move 2|move 2
|
|move|p2a: Exeggutor|Psychic|p1a: Alakazam
|-resisted|p1a: Alakazam
|-damage|p1a: Alakazam|261\/313 par
|-unboost|p1a: Alakazam|spd|1
|-unboost|p1a: Alakazam|spa|1
|move|p1a: Alakazam|Thunder Wave|p2a: Exeggutor
|-status|p2a: Exeggutor|par
|
|turn|16
|choice|switch 5|move 2
|
|switch|p1a: Starmie|Starmie|323\/323
|cant|p2a: Exeggutor|par
|
|turn|17
|choice|move 3|move 1
|
|move|p1a: Starmie|Blizzard|p2a: Exeggutor
|-supereffective|p2a: Exeggutor
|-damage|p2a: Exeggutor|242\/393 par
|cant|p2a: Exeggutor|par
|
|turn|18
|choice|move 3|switch 6
|
|switch|p2a: Alakazam|Alakazam|313\/313
|move|p1a: Starmie|Blizzard|p2a: Alakazam
|-damage|p2a: Alakazam|242\/313
|-status|p2a: Alakazam|frz
|
|turn|19
|c|★Selise|oo
|choice|move 2|switch 4
|
|switch|p2a: Chansey|Chansey|571\/703 par
|move|p1a: Starmie|Thunder Wave|p2a: Chansey
|-fail|p2a: Chansey|par
|
|turn|20
|choice|switch 5|move 3
|
|switch|p1a: Alakazam|Alakazam|261\/313 par
|move|p2a: Chansey|Thunder Wave|p1a: Alakazam
|-fail|p1a: Alakazam|par
|
|turn|21
|choice|move 4|switch 6
|
|switch|p2a: Exeggutor|Exeggutor|242\/393 par
|move|p1a: Alakazam|Reflect|p1a: Alakazam
|-start|p1a: Alakazam|Reflect
|
|turn|22
|choice|move 3|move 3
|
|move|p1a: Alakazam|Psychic|p2a: Exeggutor
|-crit|p2a: Exeggutor
|-resisted|p2a: Exeggutor
|-damage|p2a: Exeggutor|136\/393 par
|cant|p2a: Exeggutor|par
|
|turn|23
|choice|move 3|move 3
|
|move|p1a: Alakazam|Psychic|p2a: Exeggutor
|-resisted|p2a: Exeggutor
|-damage|p2a: Exeggutor|83\/393 par
|move|p2a: Exeggutor|Explosion|p1a: Alakazam
|-damage|p1a: Alakazam|57\/313 par
|faint|p2a: Exeggutor
|choice||switch 5
|
|switch|p2a: Tauros|Tauros|353\/353
|turn|24
|choice|move 2|move 1
|
|move|p2a: Tauros|Body Slam|p1a: Alakazam
|-damage|p1a: Alakazam|0 fnt
|faint|p1a: Alakazam
|choice|switch 4|
|
|switch|p1a: Snorlax|Snorlax|523\/523
|turn|25
|choice|move 3|switch 2
|
|switch|p2a: Articuno|Articuno|383\/383
|move|p1a: Snorlax|Reflect|p1a: Snorlax
|-start|p1a: Snorlax|Reflect
|
|turn|26
|choice|switch 5|move 1
|
|switch|p1a: Starmie|Starmie|323\/323
|move|p2a: Articuno|Blizzard|p1a: Starmie
|-resisted|p1a: Starmie
|-damage|p1a: Starmie|235\/323
|
|turn|27
|choice|move 3|switch 6
|
|switch|p2a: Chansey|Chansey|571\/703 par
|move|p1a: Starmie|Blizzard|p2a: Chansey
|-crit|p2a: Chansey
|-damage|p2a: Chansey|386\/703 par
|
|turn|28
|choice|switch 5|move 2
|
|switch|p1a: Snorlax|Snorlax|523\/523
|cant|p2a: Chansey|par
|
|turn|29
|choice|move 1|switch 3
|
|switch|p2a: Rhydon|Rhydon|91\/413
|move|p1a: Snorlax|Body Slam|p2a: Rhydon
|-resisted|p2a: Rhydon
|-damage|p2a: Rhydon|42\/413
|
|turn|30
|choice|move 1|move 1
|
|move|p2a: Rhydon|Earthquake|p1a: Snorlax
|-crit|p1a: Snorlax
|-damage|p1a: Snorlax|146\/523
|move|p1a: Snorlax|Body Slam|p2a: Rhydon
|-resisted|p2a: Rhydon
|-damage|p2a: Rhydon|0 fnt
|faint|p2a: Rhydon
|choice||switch 2
|
|switch|p2a: Tauros|Tauros|353\/353
|turn|31
|choice|switch 3|move 2
|
|switch|p1a: Exeggutor|Exeggutor|393\/393
|move|p2a: Tauros|Hyper Beam|p1a: Exeggutor
|-damage|p1a: Exeggutor|202\/393
|
|turn|32
|-mustrecharge|p2a: Tauros
|-mustrecharge|p2a: Tauros
|choice|move 1|move 1
|
|cant|p2a: Tauros|recharge
|move|p1a: Exeggutor|Sleep Powder|p2a: Tauros
|-status|p2a: Tauros|slp
|
|turn|33
|choice|move 4|switch 6
|
|switch|p2a: Articuno|Articuno|383\/383
|move|p1a: Exeggutor|Psychic|p2a: Articuno
|-damage|p2a: Articuno|283\/383
|
|turn|34
|choice|switch 5|move 1
|
|switch|p1a: Starmie|Starmie|235\/323
|move|p2a: Articuno|Blizzard|p1a: Starmie
|-crit|p1a: Starmie
|-resisted|p1a: Starmie
|-damage|p1a: Starmie|72\/323
|
|turn|35
|choice|move 1|switch 3
|
|switch|p2a: Chansey|Chansey|386\/703 par
|move|p1a: Starmie|Recover|p1a: Starmie
|-heal|p1a: Starmie|233\/323
|
|turn|36
|choice|switch 5|move 2
|
|switch|p1a: Exeggutor|Exeggutor|202\/393
|cant|p2a: Chansey|par
|
|turn|37
|choice|move 4|switch 4
|
|switch|p2a: Alakazam|Alakazam|242\/313 frz
|move|p1a: Exeggutor|Psychic|p2a: Alakazam
|-resisted|p2a: Alakazam
|-damage|p2a: Alakazam|188\/313 frz
|
|turn|38
|choice|move 4|switch 3
|
|switch|p2a: Articuno|Articuno|283\/383
|move|p1a: Exeggutor|Psychic|p2a: Articuno
|-damage|p2a: Articuno|179\/383
|-unboost|p2a: Articuno|spd|1
|-unboost|p2a: Articuno|spa|1
|
|turn|39
|choice|switch 5|switch 3
|
|switch|p2a: Alakazam|Alakazam|188\/313 frz
|switch|p1a: Starmie|Starmie|233\/323
|
|turn|40
|choice|move 2|move 3
|
|cant|p2a: Alakazam|frz
|move|p1a: Starmie|Thunder Wave|p2a: Alakazam
|-fail|p2a: Alakazam
|
|turn|41
|choice|switch 3|move 3
|
|switch|p1a: Snorlax|Snorlax|146\/523
|cant|p2a: Alakazam|frz
|
|turn|42
|choice|move 2|move 3
|
|cant|p2a: Alakazam|frz
|move|p1a: Snorlax|Amnesia|p1a: Snorlax
|-boost|p1a: Snorlax|spd|2
|-boost|p1a: Snorlax|spa|2
|
|turn|43
|choice|move 1|switch 6
|
|switch|p2a: Tauros|Tauros|353\/353 slp
|move|p1a: Snorlax|Body Slam|p2a: Tauros
|-damage|p2a: Tauros|250\/353 slp
|
|turn|44
|choice|move 1|move 1
|
|cant|p2a: Tauros|slp
|move|p1a: Snorlax|Body Slam|p2a: Tauros
|-damage|p2a: Tauros|142\/353 slp
|
|turn|45
|choice|move 1|move 1
|
|-curestatus|p2a: Tauros|slp
|move|p1a: Snorlax|Body Slam|p2a: Tauros
|-damage|p2a: Tauros|31\/353
|
|turn|46
|choice|move 1|move 2
|
|move|p2a: Tauros|Hyper Beam|p1a: Snorlax|[miss]
|-miss|p2a: Tauros
|move|p1a: Snorlax|Body Slam|p2a: Tauros
|-crit|p2a: Tauros
|-damage|p2a: Tauros|0 fnt
|faint|p2a: Tauros
|choice||switch 3
|
|switch|p2a: Articuno|Articuno|179\/383
|turn|47
|choice|switch 3|move 1
|
|switch|p1a: Starmie|Starmie|233\/323
|move|p2a: Articuno|Blizzard|p1a: Starmie
|-resisted|p1a: Starmie
|-damage|p1a: Starmie|146\/323
|
|turn|48
|choice|move 2|switch 4
|
|switch|p2a: Chansey|Chansey|386\/703 par
|move|p1a: Starmie|Thunder Wave|p2a: Chansey
|-fail|p2a: Chansey|par
|
|turn|49
|choice|move 1|move 3
|
|move|p1a: Starmie|Recover|p1a: Starmie
|-heal|p1a: Starmie|307\/323
|move|p2a: Chansey|Thunder Wave|p1a: Starmie
|-status|p1a: Starmie|par
|
|turn|50
|J|Le Austin
|choice|switch 5|move 2
|
|switch|p1a: Exeggutor|Exeggutor|202\/393
|move|p2a: Chansey|Soft-Boiled|p2a: Chansey
|-heal|p2a: Chansey|703\/703 par
|
|turn|51
|choice|move 2|move 3
|
|move|p1a: Exeggutor|Double-Edge|p2a: Chansey
|-damage|p2a: Chansey|480\/703 par
|-damage|p1a: Exeggutor|147\/393|[from] recoil|[of] p2a: Chansey
|move|p2a: Chansey|Thunder Wave|p1a: Exeggutor
|-status|p1a: Exeggutor|par
|
|turn|52
|choice|move 3|move 2
|
|move|p1a: Exeggutor|Explosion|p2a: Chansey
|-damage|p2a: Chansey|0 fnt
|faint|p2a: Chansey
|faint|p1a: Exeggutor
|choice|switch 5|switch 4
|
|switch|p2a: Articuno|Articuno|179\/383
|switch|p1a: Starmie|Starmie|307\/323 par
|turn|53
|choice|move 2|move 1
|
|move|p2a: Articuno|Blizzard|p1a: Starmie
|-resisted|p1a: Starmie
|-damage|p1a: Starmie|227\/323 par
|move|p1a: Starmie|Thunder Wave|p2a: Articuno
|-status|p2a: Articuno|par
|
|turn|54
|choice|move 4|move 2
|
|move|p1a: Starmie|Thunderbolt|p2a: Articuno
|-supereffective|p2a: Articuno
|-damage|p2a: Articuno|50\/383 par
|move|p2a: Articuno|Agility|p2a: Articuno
|-boost|p2a: Articuno|spe|2
|
|turn|55
|choice|move 4|move 1
|
|cant|p2a: Articuno|par
|move|p1a: Starmie|Thunderbolt|p2a: Articuno
|-supereffective|p2a: Articuno
|-damage|p2a: Articuno|0 fnt
|faint|p2a: Articuno
|L|Le Austin
|c|★hyogafodex|gg
|c|★Selise|gg
|-message|hyogafodex forfeited.
|
|win|Selise