|inactive|Battle timer is ON: inactive players will automatically lose when time's up.
|J|soTsoT
|J|smilzo
|player|p1|soTsoT|267
|player|p2|smilzo|157
|gametype|singles
|gen|1
|tier|[Gen 1] OU
|rule|Sleep Clause Mod: Limit one foe put to sleep
|rule|Freeze Clause Mod: Limit one foe frozen
|rule|Species Clause: Limit one of each Pokémon
|rule|OHKO Clause: OHKO moves are banned
|rule|Evasion Moves Clause: Evasion moves are banned
|rule|HP Percentage Mod: HP is shown in percentages
|
|start
|switch|p1a: Alakazam|Alakazam|313\/313
|switch|p2a: Gengar|Gengar|323\/323
|turn|1
|c|★smilzo|hf
|c|★soTsoT|u2
|
|switch|p2a: Chansey|Chansey|703\/703
|move|p1a: Alakazam|Psychic|p2a: Chansey
|-damage|p2a: Chansey|577\/703
|-unboost|p2a: Chansey|spd|1
|-unboost|p2a: Chansey|spa|1
|
|turn|2
|
|move|p1a: Alakazam|Thunder Wave|p2a: Chansey
|-status|p2a: Chansey|par
|move|p2a: Chansey|Thunder Wave|p1a: Alakazam
|-status|p1a: Alakazam|par
|
|turn|3
|
|cant|p1a: Alakazam|par
|cant|p2a: Chansey|par
|
|turn|4
|
|move|p1a: Alakazam|Psychic|p2a: Chansey
|-damage|p2a: Chansey|382\/703 par
|-unboost|p2a: Chansey|spd|1
|-unboost|p2a: Chansey|spa|1
|move|p2a: Chansey|Soft-Boiled|p2a: Chansey
|-heal|p2a: Chansey|703\/703 par
|
|turn|5
|
|switch|p2a: Lapras|Lapras|463\/463
|move|p1a: Alakazam|Psychic|p2a: Lapras
|-damage|p2a: Lapras|328\/463
|
|turn|6
|
|move|p2a: Lapras|Confuse Ray|p1a: Alakazam
|-start|p1a: Alakazam|confusion
|-activate|p1a: Alakazam|confusion
|move|p1a: Alakazam|Thunder Wave|p2a: Lapras
|-status|p2a: Lapras|par
|
|turn|7
|
|move|p2a: Lapras|Body Slam|p1a: Alakazam
|-damage|p1a: Alakazam|214\/313 par
|-activate|p1a: Alakazam|confusion
|-damage|p1a: Alakazam|177\/313 par|[from] confusion
|
|turn|8
|
|switch|p1a: Zapdos|Zapdos|383\/383
|move|p2a: Lapras|Body Slam|p1a: Zapdos
|-damage|p1a: Zapdos|319\/383
|-status|p1a: Zapdos|par
|
|turn|9
|
|switch|p2a: Chansey|Chansey|703\/703 par
|move|p1a: Zapdos|Thunderbolt|p2a: Chansey
|-damage|p2a: Chansey|570\/703 par
|
|turn|10
|
|cant|p1a: Zapdos|par
|move|p2a: Chansey|Ice Beam|p1a: Zapdos
|-supereffective|p1a: Zapdos
|-damage|p1a: Zapdos|192\/383 par
|
|turn|11
|
|move|p1a: Zapdos|Drill Peck|p2a: Chansey
|-damage|p2a: Chansey|324\/703 par
|move|p2a: Chansey|Ice Beam|p1a: Zapdos
|-supereffective|p1a: Zapdos
|-damage|p1a: Zapdos|61\/383 par
|
|turn|12
|
|move|p1a: Zapdos|Drill Peck|p2a: Chansey
|-crit|p2a: Chansey
|-damage|p2a: Chansey|0 fnt
|faint|p2a: Chansey
|
|switch|p2a: Snorlax|Snorlax|523\/523
|turn|13
|
|move|p2a: Snorlax|Body Slam|p1a: Zapdos
|-damage|p1a: Zapdos|0 fnt
|faint|p1a: Zapdos
|
|switch|p1a: Exeggutor|Exeggutor|393\/393
|turn|14
|
|switch|p2a: Lapras|Lapras|328\/463 par
|move|p1a: Exeggutor|Sleep Powder|p2a: Lapras
|-fail|p2a: Lapras
|
|turn|15
|
|switch|p1a: Chansey|Chansey|703\/703
|move|p2a: Lapras|Blizzard|p1a: Chansey
|-damage|p1a: Chansey|559\/703
|
|turn|16
|
|move|p1a: Chansey|Thunderbolt|p2a: Lapras
|-supereffective|p2a: Lapras
|-damage|p2a: Lapras|170\/463 par
|move|p2a: Lapras|Blizzard|p1a: Chansey
|-damage|p1a: Chansey|423\/703
|
|turn|17
|
|switch|p2a: Exeggutor|Exeggutor|393\/393
|move|p1a: Chansey|Thunderbolt|p2a: Exeggutor
|-resisted|p2a: Exeggutor
|-damage|p2a: Exeggutor|362\/393
|
|turn|18
|
|move|p2a: Exeggutor|Sleep Powder|p1a: Chansey|[miss]
|-miss|p2a: Exeggutor
|move|p1a: Chansey|Ice Beam|p2a: Exeggutor
|-supereffective|p2a: Exeggutor
|-damage|p2a: Exeggutor|239\/393
|
|turn|19
|
|switch|p1a: Alakazam|Alakazam|177\/313 par
|move|p2a: Exeggutor|Sleep Powder|p1a: Alakazam
|-fail|p1a: Alakazam
|
|turn|20
|
|switch|p2a: Snorlax|Snorlax|523\/523
|move|p1a: Alakazam|Recover|p1a: Alakazam
|-heal|p1a: Alakazam|313\/313 par
|
|turn|21
|
|move|p2a: Snorlax|Body Slam|p1a: Alakazam
|-damage|p1a: Alakazam|138\/313 par
|cant|p1a: Alakazam|par
|
|turn|22
|
|move|p2a: Snorlax|Body Slam|p1a: Alakazam
|-damage|p1a: Alakazam|0 fnt
|faint|p1a: Alakazam
|
|switch|p1a: Jynx|Jynx|333\/333
|turn|23
|
|switch|p2a: Gengar|Gengar|323\/323
|move|p1a: Jynx|Lovely Kiss|p2a: Gengar
|-status|p2a: Gengar|slp
|
|turn|24
|
|switch|p2a: Lapras|Lapras|170\/463 par
|move|p1a: Jynx|Psychic|p2a: Lapras
|-damage|p2a: Lapras|56\/463 par
|
|turn|25
|
|move|p1a: Jynx|Psychic|p2a: Lapras
|-damage|p2a: Lapras|0 fnt
|faint|p2a: Lapras
|
|switch|p2a: Snorlax|Snorlax|523\/523
|turn|26
|
|move|p1a: Jynx|Blizzard|p2a: Snorlax
|-damage|p2a: Snorlax|334\/523
|move|p2a: Snorlax|Body Slam|p1a: Jynx
|-damage|p1a: Jynx|137\/333
|
|turn|27
|
|move|p1a: Jynx|Blizzard|p2a: Snorlax
|-crit|p2a: Snorlax
|-damage|p2a: Snorlax|0 fnt
|faint|p2a: Snorlax
|
|switch|p2a: Tauros|Tauros|353\/353
|turn|28
|
|move|p2a: Tauros|Body Slam|p1a: Jynx
|-damage|p1a: Jynx|0 fnt
|faint|p1a: Jynx
|
|switch|p1a: Tauros|Tauros|353\/353
|turn|29
|
|move|p2a: Tauros|Body Slam|p1a: Tauros
|-damage|p1a: Tauros|251\/353
|move|p1a: Tauros|Body Slam|p2a: Tauros
|-crit|p2a: Tauros
|-damage|p2a: Tauros|160\/353
|
|turn|30
|
|switch|p2a: Exeggutor|Exeggutor|239\/393
|move|p1a: Tauros|Hyper Beam|p2a: Exeggutor
|-damage|p2a: Exeggutor|53\/393
|
|turn|31
|-mustrecharge|p1a: Tauros
|-mustrecharge|p1a: Tauros
|
|cant|p1a: Tauros|recharge
|move|p2a: Exeggutor|Sleep Powder|p1a: Tauros
|-status|p1a: Tauros|slp
|
|turn|32
|
|switch|p1a: Exeggutor|Exeggutor|393\/393
|move|p2a: Exeggutor|Stun Spore|p1a: Exeggutor
|-status|p1a: Exeggutor|par
|
|turn|33
|
|move|p2a: Exeggutor|Explosion|p1a: Exeggutor
|-damage|p1a: Exeggutor|104\/393 par
|faint|p2a: Exeggutor
|
|switch|p2a: Tauros|Tauros|160\/353
|turn|34
|
|move|p2a: Tauros|Blizzard|p1a: Exeggutor
|-supereffective|p1a: Exeggutor
|-damage|p1a: Exeggutor|0 fnt
|faint|p1a: Exeggutor
|
|switch|p1a: Chansey|Chansey|423\/703
|turn|35
|
|move|p2a: Tauros|Hyper Beam|p1a: Chansey|[miss]
|-miss|p2a: Tauros
|move|p1a: Chansey|Soft-Boiled|p1a: Chansey
|-heal|p1a: Chansey|703\/703
|
|turn|36
|
|switch|p2a: Gengar|Gengar|323\/323 slp
|move|p1a: Chansey|Counter|p2a: Gengar
|-fail|p1a: Chansey
|
|turn|37
|
|cant|p2a: Gengar|slp
|move|p1a: Chansey|Thunderbolt|p2a: Gengar
|-damage|p2a: Gengar|255\/323 slp
|
|turn|38
|
|cant|p2a: Gengar|slp
|move|p1a: Chansey|Thunderbolt|p2a: Gengar
|-damage|p2a: Gengar|193\/323 slp
|
|turn|39
|
|cant|p2a: Gengar|slp
|-curestatus|p2a: Gengar|slp
|move|p1a: Chansey|Thunderbolt|p2a: Gengar
|-damage|p2a: Gengar|130\/323
|
|turn|40
|
|move|p2a: Gengar|Explosion|p1a: Chansey
|-damage|p1a: Chansey|102\/703
|faint|p2a: Gengar
|
|switch|p2a: Tauros|Tauros|160\/353
|turn|41
|
|move|p2a: Tauros|Body Slam|p1a: Chansey
|-damage|p1a: Chansey|0 fnt
|faint|p1a: Chansey
|
|switch|p1a: Tauros|Tauros|251\/353 slp
|turn|42
|
|cant|p1a: Tauros|slp
|move|p2a: Tauros|Body Slam|p1a: Tauros
|-damage|p1a: Tauros|147\/353 slp
|
|turn|43
|
|move|p2a: Tauros|Hyper Beam|p1a: Tauros
|-damage|p1a: Tauros|0 fnt
|faint|p1a: Tauros
|
|win|smilzo