|inactive|Battle timer is ON: inactive players will automatically lose when time's up.
|J|smilzo
|J|Terraquaza
|player|p1|smilzo|157
|player|p2|Terraquaza|138
|gametype|singles
|gen|1
|tier|[Gen 1] OU (tradeback)
|rule|Sleep Clause Mod: Limit one foe put to sleep
|rule|Freeze Clause Mod: Limit one foe frozen
|rule|Species Clause: Limit one of each Pokémon
|rule|OHKO Clause: OHKO moves are banned
|rule|Evasion Moves Clause: Evasion moves are banned
|rule|HP Percentage Mod: HP is shown in percentages
|
|start
|switch|p1a: Jynx|Jynx|333\/333
|switch|p2a: Jynx|Jynx|333\/333
|turn|1
|c|★smilzo|hf
|J|The Quasar
|c|★Terraquaza|hfhf
|
|move|p1a: Jynx|Lovely Kiss|p2a: Jynx
|-status|p2a: Jynx|slp
|cant|p2a: Jynx|slp
|
|turn|2
|
|cant|p2a: Jynx|slp
|-curestatus|p2a: Jynx|slp
|move|p1a: Jynx|Blizzard|p2a: Jynx
|-resisted|p2a: Jynx
|-damage|p2a: Jynx|264\/333
|
|turn|3
|
|move|p2a: Jynx|Psychic|p1a: Jynx
|-resisted|p1a: Jynx
|-damage|p1a: Jynx|283\/333
|move|p1a: Jynx|Lovely Kiss|p2a: Jynx
|-status|p2a: Jynx|slp
|
|turn|4
|
|switch|p1a: Snorlax|Snorlax|523\/523
|cant|p2a: Jynx|slp
|
|turn|5
|J|Get this Money
|L|Get this Money
|
|switch|p2a: Rhydon|Rhydon|413\/413
|move|p1a: Snorlax|Body Slam|p2a: Rhydon
|-resisted|p2a: Rhydon
|-damage|p2a: Rhydon|365\/413
|-status|p2a: Rhydon|par
|
|turn|6
|
|move|p1a: Snorlax|Earthquake|p2a: Rhydon
|-supereffective|p2a: Rhydon
|-damage|p2a: Rhydon|203\/413 par
|move|p2a: Rhydon|Earthquake|p1a: Snorlax
|-damage|p1a: Snorlax|346\/523
|
|turn|7
|
|switch|p1a: Exeggutor|Exeggutor|393\/393
|switch|p2a: Exeggutor|Exeggutor|393\/393
|
|turn|8
|c|★Terraquaza|nice mirror
|c|★smilzo|haha
|
|switch|p2a: Chansey|Chansey|703\/703
|move|p1a: Exeggutor|Stun Spore|p2a: Chansey
|-status|p2a: Chansey|par
|
|turn|9
|J|Hi I'm Pietroh
|J|Lavenderkarp
|J|VOLEVO RILASSARMI
|J|Gremarill
|J|I came back
|J|sWCulone
|J|consecutio
|L|VOLEVO RILASSARMI
|J|EdGummet
|J|QuelDandi
|L|I came back
|L|Gremarill
|
|switch|p1a: Snorlax|Snorlax|346\/523
|switch|p2a: Snorlax|Snorlax|523\/523
|
|turn|10
|
|move|p1a: Snorlax|Reflect|p1a: Snorlax
|-start|p1a: Snorlax|Reflect
|move|p2a: Snorlax|Body Slam|p1a: Snorlax
|-damage|p1a: Snorlax|281\/523
|
|turn|11
|J|Sneakers 2.0
|
|move|p2a: Snorlax|Body Slam|p1a: Snorlax
|-damage|p1a: Snorlax|213\/523
|move|p1a: Snorlax|Body Slam|p2a: Snorlax
|-damage|p2a: Snorlax|381\/523
|
|turn|12
|
|move|p1a: Snorlax|Rest|p1a: Snorlax
|-status|p1a: Snorlax|slp
|-heal|p1a: Snorlax|523\/523 slp|[silent]
|-status|p1a: Snorlax|slp|[from] move: Rest
|move|p2a: Snorlax|Body Slam|p1a: Snorlax
|-damage|p1a: Snorlax|448\/523 slp
|
|turn|13
|L|Sneakers 2.0
|
|cant|p1a: Snorlax|slp
|move|p2a: Snorlax|Body Slam|p1a: Snorlax
|-damage|p1a: Snorlax|381\/523 slp
|
|turn|14
|
|cant|p1a: Snorlax|slp
|-curestatus|p1a: Snorlax|slp
|move|p2a: Snorlax|Body Slam|p1a: Snorlax
|-damage|p1a: Snorlax|311\/523
|
|turn|15
|
|move|p1a: Snorlax|Body Slam|p2a: Snorlax
|-crit|p2a: Snorlax
|-damage|p2a: Snorlax|107\/523
|move|p2a: Snorlax|Body Slam|p1a: Snorlax
|-damage|p1a: Snorlax|245\/523
|
|turn|16
|c|★smilzo|sry
|
|move|p2a: Snorlax|Hyper Beam|p1a: Snorlax
|-damage|p1a: Snorlax|119\/523
|move|p1a: Snorlax|Body Slam|p2a: Snorlax
|-damage|p2a: Snorlax|0 fnt
|faint|p2a: Snorlax
|
|switch|p2a: Tauros|Tauros|353\/353
|turn|17
|
|move|p2a: Tauros|Body Slam|p1a: Snorlax
|-damage|p1a: Snorlax|52\/523
|move|p1a: Snorlax|Rest|p1a: Snorlax
|-status|p1a: Snorlax|slp
|-heal|p1a: Snorlax|523\/523 slp|[silent]
|-status|p1a: Snorlax|slp|[from] move: Rest
|
|turn|18
|
|move|p2a: Tauros|Body Slam|p1a: Snorlax
|-damage|p1a: Snorlax|460\/523 slp
|cant|p1a: Snorlax|slp
|
|turn|19
|J|Parnassius
|
|switch|p2a: Exeggutor|Exeggutor|393\/393
|switch|p1a: Exeggutor|Exeggutor|393\/393
|
|turn|20
|
|switch|p1a: Jynx|Jynx|283\/333
|move|p2a: Exeggutor|Sleep Powder|p1a: Jynx
|-status|p1a: Jynx|slp
|
|turn|21
|
|switch|p1a: Lapras|Lapras|463\/463
|switch|p2a: Tauros|Tauros|353\/353
|
|turn|22
|
|switch|p2a: Chansey|Chansey|703\/703 par
|switch|p1a: Exeggutor|Exeggutor|393\/393
|
|turn|23
|
|switch|p1a: Snorlax|Snorlax|460\/523 slp
|switch|p2a: Rhydon|Rhydon|203\/413 par
|
|turn|24
|
|switch|p1a: Exeggutor|Exeggutor|393\/393
|move|p2a: Rhydon|Earthquake|p1a: Exeggutor
|-resisted|p1a: Exeggutor
|-damage|p1a: Exeggutor|318\/393
|
|turn|25
|
|switch|p2a: Exeggutor|Exeggutor|393\/393
|move|p1a: Exeggutor|Psychic|p2a: Exeggutor
|-resisted|p2a: Exeggutor
|-damage|p2a: Exeggutor|345\/393
|
|turn|26
|
|switch|p1a: Lapras|Lapras|463\/463
|move|p2a: Exeggutor|Stun Spore|p1a: Lapras
|-status|p1a: Lapras|par
|
|turn|27
|
|switch|p2a: Chansey|Chansey|703\/703 par
|cant|p1a: Lapras|par
|
|turn|28
|
|move|p1a: Lapras|Confuse Ray|p2a: Chansey
|-start|p2a: Chansey|confusion
|cant|p2a: Chansey|par
|
|turn|29
|
|cant|p1a: Lapras|par
|-activate|p2a: Chansey|confusion
|move|p2a: Chansey|Ice Beam|p1a: Lapras
|-resisted|p1a: Lapras
|-damage|p1a: Lapras|445\/463 par
|
|turn|30
|
|move|p1a: Lapras|Body Slam|p2a: Chansey
|-damage|p2a: Chansey|527\/703 par
|-activate|p2a: Chansey|confusion
|-damage|p2a: Chansey|492\/703 par|[from] confusion
|
|turn|31
|
|move|p1a: Lapras|Body Slam|p2a: Chansey
|-crit|p2a: Chansey
|-damage|p2a: Chansey|152\/703 par
|-end|p2a: Chansey|confusion
|move|p2a: Chansey|Soft-Boiled|p2a: Chansey
|-heal|p2a: Chansey|503\/703 par
|
|turn|32
|
|move|p1a: Lapras|Confuse Ray|p2a: Chansey
|-start|p2a: Chansey|confusion
|-activate|p2a: Chansey|confusion
|-damage|p2a: Chansey|468\/703 par|[from] confusion
|
|turn|33
|
|move|p1a: Lapras|Body Slam|p2a: Chansey
|-damage|p2a: Chansey|312\/703 par
|-activate|p2a: Chansey|confusion
|-damage|p2a: Chansey|277\/703 par|[from] confusion
|
|turn|34
|
|cant|p1a: Lapras|par
|cant|p2a: Chansey|par
|
|turn|35
|
|move|p1a: Lapras|Body Slam|p2a: Chansey
|-damage|p2a: Chansey|108\/703 par
|-end|p2a: Chansey|confusion
|move|p2a: Chansey|Soft-Boiled|p2a: Chansey
|-heal|p2a: Chansey|459\/703 par
|
|turn|36
|
|move|p1a: Lapras|Confuse Ray|p2a: Chansey
|-start|p2a: Chansey|confusion
|-activate|p2a: Chansey|confusion
|-damage|p2a: Chansey|424\/703 par|[from] confusion
|
|turn|37
|
|move|p1a: Lapras|Body Slam|p2a: Chansey
|-damage|p2a: Chansey|262\/703 par
|-activate|p2a: Chansey|confusion
|-damage|p2a: Chansey|227\/703 par|[from] confusion
|
|turn|38
|
|move|p1a: Lapras|Body Slam|p2a: Chansey
|-damage|p2a: Chansey|54\/703 par
|-end|p2a: Chansey|confusion
|move|p2a: Chansey|Soft-Boiled|p2a: Chansey
|-heal|p2a: Chansey|405\/703 par
|
|turn|39
|
|move|p1a: Lapras|Confuse Ray|p2a: Chansey
|-start|p2a: Chansey|confusion
|cant|p2a: Chansey|par
|
|turn|40
|
|cant|p1a: Lapras|par
|-activate|p2a: Chansey|confusion
|-damage|p2a: Chansey|370\/703 par|[from] confusion
|
|turn|41
|
|move|p1a: Lapras|Body Slam|p2a: Chansey
|-damage|p2a: Chansey|210\/703 par
|-end|p2a: Chansey|confusion
|move|p2a: Chansey|Soft-Boiled|p2a: Chansey
|-heal|p2a: Chansey|561\/703 par
|
|turn|42
|
|cant|p1a: Lapras|par
|move|p2a: Chansey|Thunderbolt|p1a: Lapras
|-supereffective|p1a: Lapras
|-damage|p1a: Lapras|290\/463 par
|
|turn|43
|
|switch|p1a: Snorlax|Snorlax|460\/523 slp
|cant|p2a: Chansey|par
|
|turn|44
|
|switch|p2a: Tauros|Tauros|353\/353
|cant|p1a: Snorlax|slp
|-curestatus|p1a: Snorlax|slp
|
|turn|45
|
|move|p2a: Tauros|Body Slam|p1a: Snorlax
|-crit|p1a: Snorlax
|-damage|p1a: Snorlax|208\/523
|move|p1a: Snorlax|Reflect|p1a: Snorlax
|-start|p1a: Snorlax|Reflect
|
|turn|46
|
|switch|p2a: Exeggutor|Exeggutor|345\/393
|move|p1a: Snorlax|Body Slam|p2a: Exeggutor
|-damage|p2a: Exeggutor|216\/393
|-status|p2a: Exeggutor|par
|
|turn|47
|
|move|p1a: Snorlax|Rest|p1a: Snorlax
|-status|p1a: Snorlax|slp
|-heal|p1a: Snorlax|523\/523 slp|[silent]
|-status|p1a: Snorlax|slp|[from] move: Rest
|move|p2a: Exeggutor|Psychic|p1a: Snorlax
|-damage|p1a: Snorlax|351\/523 slp
|
|turn|48
|
|switch|p1a: Lapras|Lapras|290\/463 par
|move|p2a: Exeggutor|Psychic|p1a: Lapras
|-damage|p1a: Lapras|159\/463 par
|-unboost|p1a: Lapras|spd|1
|-unboost|p1a: Lapras|spa|1
|
|turn|49
|
|move|p1a: Lapras|Blizzard|p2a: Exeggutor
|-supereffective|p2a: Exeggutor
|-damage|p2a: Exeggutor|48\/393 par
|move|p2a: Exeggutor|Psychic|p1a: Lapras
|-damage|p1a: Lapras|0 fnt
|faint|p1a: Lapras
|
|switch|p1a: Exeggutor|Exeggutor|318\/393
|turn|50
|
|switch|p2a: Chansey|Chansey|561\/703 par
|move|p1a: Exeggutor|Psychic|p2a: Chansey
|-damage|p2a: Chansey|450\/703 par
|
|turn|51
|
|move|p1a: Exeggutor|Psychic|p2a: Chansey
|-damage|p2a: Chansey|336\/703 par
|-unboost|p2a: Chansey|spd|1
|-unboost|p2a: Chansey|spa|1
|move|p2a: Chansey|Ice Beam|p1a: Exeggutor
|-crit|p1a: Exeggutor
|-supereffective|p1a: Exeggutor
|-damage|p1a: Exeggutor|75\/393
|
|turn|52
|J|Mach 5 Railgun
|L|sWCulone
|
|switch|p2a: Exeggutor|Exeggutor|48\/393 par
|move|p1a: Exeggutor|Explosion|p2a: Exeggutor
|-damage|p2a: Exeggutor|0 fnt
|faint|p2a: Exeggutor
|faint|p1a: Exeggutor
|
|switch|p1a: Tauros|Tauros|353\/353
|switch|p2a: Rhydon|Rhydon|203\/413 par
|turn|53
|
|move|p1a: Tauros|Blizzard|p2a: Rhydon
|-supereffective|p2a: Rhydon
|-damage|p2a: Rhydon|0 fnt
|faint|p2a: Rhydon
|
|switch|p2a: Tauros|Tauros|353\/353
|turn|54
|
|switch|p1a: Jynx|Jynx|283\/333 slp
|move|p2a: Tauros|Body Slam|p1a: Jynx
|-damage|p1a: Jynx|98\/333 slp
|
|turn|55
|
|move|p2a: Tauros|Earthquake|p1a: Jynx
|-damage|p1a: Jynx|0 fnt
|faint|p1a: Jynx
|
|switch|p1a: Chansey|Chansey|703\/703
|turn|56
|
|switch|p2a: Chansey|Chansey|336\/703 par
|switch|p1a: Tauros|Tauros|353\/353
|
|turn|57
|
|move|p1a: Tauros|Body Slam|p2a: Chansey
|-damage|p2a: Chansey|83\/703 par
|cant|p2a: Chansey|par
|
|turn|58
|
|move|p1a: Tauros|Body Slam|p2a: Chansey
|-crit|p2a: Chansey
|-damage|p2a: Chansey|0 fnt
|faint|p2a: Chansey
|
|switch|p2a: Tauros|Tauros|353\/353
|turn|59
|
|switch|p1a: Snorlax|Snorlax|351\/523 slp
|move|p2a: Tauros|Body Slam|p1a: Snorlax
|-crit|p1a: Snorlax
|-damage|p1a: Snorlax|108\/523 slp
|
|turn|60
|
|move|p2a: Tauros|Body Slam|p1a: Snorlax
|-damage|p1a: Snorlax|0 fnt
|faint|p1a: Snorlax
|
|switch|p1a: Chansey|Chansey|703\/703
|turn|61
|
|switch|p2a: Jynx|Jynx|264\/333 slp
|move|p1a: Chansey|Counter|p2a: Jynx
|-damage|p2a: Jynx|48\/333 slp
|
|turn|62
|
|cant|p2a: Jynx|slp
|move|p1a: Chansey|Seismic Toss|p2a: Jynx
|-damage|p2a: Jynx|0 fnt
|faint|p2a: Jynx
|
|switch|p2a: Tauros|Tauros|353\/353
|turn|63
|
|move|p2a: Tauros|Blizzard|p1a: Chansey
|-damage|p1a: Chansey|630\/703
|move|p1a: Chansey|Thunder Wave|p2a: Tauros
|-status|p2a: Tauros|par
|
|turn|64
|
|move|p1a: Chansey|Seismic Toss|p2a: Tauros
|-damage|p2a: Tauros|253\/353 par
|cant|p2a: Tauros|par
|
|turn|65
|
|move|p1a: Chansey|Seismic Toss|p2a: Tauros
|-damage|p2a: Tauros|153\/353 par
|move|p2a: Tauros|Body Slam|p1a: Chansey
|-damage|p1a: Chansey|349\/703
|
|turn|66
|
|move|p1a: Chansey|Seismic Toss|p2a: Tauros
|-damage|p2a: Tauros|53\/353 par
|cant|p2a: Tauros|par
|
|turn|67
|
|move|p1a: Chansey|Seismic Toss|p2a: Tauros
|-damage|p2a: Tauros|0 fnt
|faint|p2a: Tauros
|
|win|smilzo