|J|CrapAtRBY
|J|Dear Ophelia
|player|p1|CrapAtRBY|102
|player|p2|Dear Ophelia|70
|gametype|singles
|gen|1
|tier|[Gen 1] OU
|rule|Sleep Clause Mod: Limit one foe put to sleep
|rule|Freeze Clause Mod: Limit one foe frozen
|rule|Species Clause: Limit one of each Pokémon
|rule|OHKO Clause: OHKO moves are banned
|rule|Evasion Moves Clause: Evasion moves are banned
|rule|HP Percentage Mod: HP is shown in percentages
|
|start
|switch|p1a: Jynx|Jynx|333\/333
|switch|p2a: Lucky Star|Starmie|323\/323
|turn|1
|
|move|p2a: Lucky Star|Thunderbolt|p1a: Jynx
|-damage|p1a: Jynx|251\/333
|move|p1a: Jynx|Lovely Kiss|p2a: Lucky Star
|-status|p2a: Lucky Star|slp
|
|turn|2
|
|cant|p2a: Lucky Star|slp
|move|p1a: Jynx|Blizzard|p2a: Lucky Star
|-crit|p2a: Lucky Star
|-resisted|p2a: Lucky Star
|-damage|p2a: Lucky Star|193\/323 slp
|
|turn|3
|
|switch|p2a: CHONSEY|Chansey|703\/703
|move|p1a: Jynx|Psychic|p2a: CHONSEY
|-damage|p2a: CHONSEY|609\/703
|-unboost|p2a: CHONSEY|spd|1
|-unboost|p2a: CHONSEY|spa|1
|
|turn|4
|
|move|p1a: Jynx|Blizzard|p2a: CHONSEY
|-damage|p2a: CHONSEY|419\/703
|move|p2a: CHONSEY|Soft-Boiled|p2a: CHONSEY
|-heal|p2a: CHONSEY|703\/703
|
|turn|5
|
|switch|p2a: Lucky Star|Starmie|193\/323 slp
|move|p1a: Jynx|Blizzard|p2a: Lucky Star
|-resisted|p2a: Lucky Star
|-damage|p2a: Lucky Star|123\/323 slp
|
|turn|6
|
|switch|p2a: CHONSEY|Chansey|703\/703
|move|p1a: Jynx|Psychic|p2a: CHONSEY
|-damage|p2a: CHONSEY|609\/703
|
|turn|7
|
|move|p1a: Jynx|Blizzard|p2a: CHONSEY
|-crit|p2a: CHONSEY
|-damage|p2a: CHONSEY|333\/703
|-status|p2a: CHONSEY|frz
|cant|p2a: CHONSEY|frz
|
|turn|8
|
|move|p1a: Jynx|Psychic|p2a: CHONSEY
|-damage|p2a: CHONSEY|237\/703 frz
|-unboost|p2a: CHONSEY|spd|1
|-unboost|p2a: CHONSEY|spa|1
|cant|p2a: CHONSEY|frz
|
|turn|9
|
|move|p1a: Jynx|Psychic|p2a: CHONSEY
|-damage|p2a: CHONSEY|85\/703 frz
|cant|p2a: CHONSEY|frz
|
|turn|10
|
|move|p1a: Jynx|Psychic|p2a: CHONSEY
|-crit|p2a: CHONSEY
|-damage|p2a: CHONSEY|0 fnt
|faint|p2a: CHONSEY
|
|switch|p2a: MASTERMUNE|Tauros|353\/353
|turn|11
|
|move|p2a: MASTERMUNE|Earthquake|p1a: Jynx
|-damage|p1a: Jynx|114\/333
|move|p1a: Jynx|Counter|p2a: MASTERMUNE
|-fail|p1a: Jynx
|
|turn|12
|
|move|p2a: MASTERMUNE|Body Slam|p1a: Jynx
|-damage|p1a: Jynx|0 fnt
|faint|p1a: Jynx
|
|switch|p1a: Tauros|Tauros|353\/353
|turn|13
|
|move|p2a: MASTERMUNE|Body Slam|p1a: Tauros
|-damage|p1a: Tauros|249\/353
|move|p1a: Tauros|Body Slam|p2a: MASTERMUNE
|-damage|p2a: MASTERMUNE|245\/353
|
|turn|14
|
|move|p1a: Tauros|Body Slam|p2a: MASTERMUNE
|-crit|p2a: MASTERMUNE
|-damage|p2a: MASTERMUNE|52\/353
|move|p2a: MASTERMUNE|Body Slam|p1a: Tauros
|-crit|p1a: Tauros
|-damage|p1a: Tauros|61\/353
|
|turn|15
|
|move|p1a: Tauros|Body Slam|p2a: MASTERMUNE
|-damage|p2a: MASTERMUNE|0 fnt
|faint|p2a: MASTERMUNE
|
|switch|p2a: BORIS|Snorlax|523\/523
|turn|16
|
|move|p1a: Tauros|Hyper Beam|p2a: BORIS
|-damage|p2a: BORIS|296\/523
|move|p2a: BORIS|Body Slam|p1a: Tauros
|-damage|p1a: Tauros|0 fnt
|faint|p1a: Tauros
|
|switch|p1a: Exeggutor|Exeggutor|393\/393
|turn|17
|
|move|p1a: Exeggutor|Stun Spore|p2a: BORIS
|-status|p2a: BORIS|par
|move|p2a: BORIS|Self-Destruct|p1a: Exeggutor
|-damage|p1a: Exeggutor|35\/393
|faint|p2a: BORIS
|
|switch|p2a: Megidolaon|Exeggutor|393\/393
|turn|18
|
|move|p1a: Exeggutor|Explosion|p2a: Megidolaon
|-damage|p2a: Megidolaon|92\/393
|faint|p1a: Exeggutor
|
|switch|p1a: Zapdos|Zapdos|383\/383
|turn|19
|
|switch|p2a: AMIGO PEDRA|Golem|363\/363
|move|p1a: Zapdos|Drill Peck|p2a: AMIGO PEDRA
|-resisted|p2a: AMIGO PEDRA
|-damage|p2a: AMIGO PEDRA|329\/363
|
|turn|20
|
|switch|p1a: Snorlax|Snorlax|523\/523
|switch|p2a: Megidolaon|Exeggutor|92\/393
|
|turn|21
|
|switch|p1a: Zapdos|Zapdos|383\/383
|move|p2a: Megidolaon|Sleep Powder|p1a: Zapdos|[miss]
|-miss|p2a: Megidolaon
|
|turn|22
|
|switch|p1a: Chansey|Chansey|703\/703
|switch|p2a: AMIGO PEDRA|Golem|329\/363
|
|turn|23
|
|switch|p2a: Lucky Star|Starmie|123\/323 slp
|move|p1a: Chansey|Ice Beam|p2a: Lucky Star
|-resisted|p2a: Lucky Star
|-damage|p2a: Lucky Star|86\/323 slp
|
|turn|24
|
|switch|p1a: Snorlax|Snorlax|523\/523
|cant|p2a: Lucky Star|slp
|
|turn|25
|
|cant|p2a: Lucky Star|slp
|-curestatus|p2a: Lucky Star|slp
|move|p1a: Snorlax|Reflect|p1a: Snorlax
|-start|p1a: Snorlax|Reflect
|
|turn|26
|
|move|p2a: Lucky Star|Recover|p2a: Lucky Star
|-heal|p2a: Lucky Star|247\/323
|move|p1a: Snorlax|Amnesia|p1a: Snorlax
|-boost|p1a: Snorlax|spd|2
|-boost|p1a: Snorlax|spa|2
|
|turn|27
|
|move|p2a: Lucky Star|Blizzard|p1a: Snorlax
|-crit|p1a: Snorlax
|-damage|p1a: Snorlax|297\/523
|move|p1a: Snorlax|Amnesia|p1a: Snorlax
|-boost|p1a: Snorlax|spd|2
|-boost|p1a: Snorlax|spa|2
|
|turn|28
|
|move|p2a: Lucky Star|Blizzard|p1a: Snorlax
|-crit|p1a: Snorlax
|-damage|p1a: Snorlax|49\/523
|move|p1a: Snorlax|Amnesia|p1a: Snorlax
|-boost|p1a: Snorlax|spd|2
|-boost|p1a: Snorlax|spa|2
|
|turn|29
|
|move|p2a: Lucky Star|Blizzard|p1a: Snorlax
|-crit|p1a: Snorlax
|-damage|p1a: Snorlax|0 fnt
|faint|p1a: Snorlax
|
|switch|p1a: Chansey|Chansey|703\/703
|turn|30
|
|switch|p2a: Megidolaon|Exeggutor|92\/393
|move|p1a: Chansey|Ice Beam|p2a: Megidolaon
|-supereffective|p2a: Megidolaon
|-damage|p2a: Megidolaon|0 fnt
|faint|p2a: Megidolaon
|
|switch|p2a: Lucky Star|Starmie|247\/323
|turn|31
|
|move|p2a: Lucky Star|Thunder Wave|p1a: Chansey|[miss]
|-miss|p2a: Lucky Star
|move|p1a: Chansey|Thunder Wave|p2a: Lucky Star
|-status|p2a: Lucky Star|par
|
|turn|32
|
|switch|p1a: Zapdos|Zapdos|383\/383
|move|p2a: Lucky Star|Thunder Wave|p1a: Zapdos
|-status|p1a: Zapdos|par
|
|turn|33
|
|switch|p2a: AMIGO PEDRA|Golem|329\/363
|switch|p1a: Chansey|Chansey|703\/703
|
|turn|34
|
|switch|p2a: Lucky Star|Starmie|247\/323 par
|move|p1a: Chansey|Ice Beam|p2a: Lucky Star
|-resisted|p2a: Lucky Star
|-damage|p2a: Lucky Star|206\/323 par
|
|turn|35
|
|move|p1a: Chansey|Thunderbolt|p2a: Lucky Star
|-crit|p2a: Lucky Star
|-supereffective|p2a: Lucky Star
|-damage|p2a: Lucky Star|0 fnt
|faint|p2a: Lucky Star
|c|★Dear Ophelia|rip
|
|switch|p2a: AMIGO PEDRA|Golem|329\/363
|turn|36
|c|★Dear Ophelia|after the miss I guess I was supposed to not win at all
|c|★Dear Ophelia|haha
|
|move|p1a: Chansey|Ice Beam|p2a: AMIGO PEDRA
|-supereffective|p2a: AMIGO PEDRA
|-damage|p2a: AMIGO PEDRA|110\/363
|-status|p2a: AMIGO PEDRA|frz
|cant|p2a: AMIGO PEDRA|frz
|
|turn|37
|c|★Dear Ophelia|yeah
|c|★Dear Ophelia|oo
|c|★CrapAtRBY|Yeah RNG hates you
|
|move|p1a: Chansey|Ice Beam|p2a: AMIGO PEDRA
|-supereffective|p2a: AMIGO PEDRA
|-damage|p2a: AMIGO PEDRA|0 fnt
|faint|p2a: AMIGO PEDRA
|
|win|CrapAtRBY