|J|Selise
|J|Vinc2612
|player|p1|Selise|148
|player|p2|Vinc2612|33
|gametype|singles
|gen|1
|tier|[Gen 1] OU
|seed|35597,27008,19676,61125
|rule|Sleep Clause Mod: Limit one foe put to sleep
|rule|Freeze Clause Mod: Limit one foe frozen
|rule|Species Clause: Limit one of each Pokémon
|rule|OHKO Clause: OHKO moves are banned
|rule|Evasion Moves Clause: Evasion moves are banned
|rule|HP Percentage Mod: HP is shown in percentages
|
|start
|switch|p1a: Starmie|Starmie|323\/323
|switch|p2a: Alakazam|Alakazam, M|313\/313
|turn|1
|c|★Selise|gl hf
|c|★Vinc2612|hf
|choice|switch 5|move 1
|
|switch|p1a: Chansey|Chansey|703\/703
|move|p2a: Alakazam|Thunder Wave|p1a: Chansey
|-status|p1a: Chansey|par
|
|turn|2
|J|hyogafodex
|choice|move 4|move 2
|
|move|p2a: Alakazam|Psychic|p1a: Chansey
|-damage|p1a: Chansey|575\/703 par
|-unboost|p1a: Chansey|spd|1
|-unboost|p1a: Chansey|spa|1
|move|p1a: Chansey|Reflect|p1a: Chansey
|-start|p1a: Chansey|Reflect
|
|turn|3
|choice|move 1|move 2
|
|move|p2a: Alakazam|Psychic|p1a: Chansey
|-damage|p1a: Chansey|387\/703 par
|move|p1a: Chansey|Soft-Boiled|p1a: Chansey
|-heal|p1a: Chansey|703\/703 par
|
|turn|4
|choice|switch 5|move 2
|
|switch|p1a: Starmie|Starmie|323\/323
|move|p2a: Alakazam|Psychic|p1a: Starmie
|-resisted|p1a: Starmie
|-damage|p1a: Starmie|258\/323
|
|turn|5
|choice|switch 5|move 2
|
|switch|p1a: Chansey|Chansey|703\/703 par
|move|p2a: Alakazam|Psychic|p1a: Chansey
|-crit|p1a: Chansey
|-damage|p1a: Chansey|436\/703 par
|
|turn|6
|choice|move 1|move 2
|
|move|p2a: Alakazam|Psychic|p1a: Chansey
|-damage|p1a: Chansey|316\/703 par
|move|p1a: Chansey|Soft-Boiled|p1a: Chansey
|-heal|p1a: Chansey|667\/703 par
|
|turn|7
|choice|move 2|move 2
|
|move|p2a: Alakazam|Psychic|p1a: Chansey
|-damage|p1a: Chansey|536\/703 par
|-unboost|p1a: Chansey|spd|1
|-unboost|p1a: Chansey|spa|1
|cant|p1a: Chansey|par
|
|turn|8
|choice|move 1|move 2
|
|move|p2a: Alakazam|Psychic|p1a: Chansey
|-damage|p1a: Chansey|354\/703 par
|-unboost|p1a: Chansey|spd|1
|-unboost|p1a: Chansey|spa|1
|move|p1a: Chansey|Soft-Boiled|p1a: Chansey
|-heal|p1a: Chansey|703\/703 par
|
|turn|9
|choice|switch 5|move 1
|
|switch|p1a: Starmie|Starmie|258\/323
|move|p2a: Alakazam|Thunder Wave|p1a: Starmie
|-status|p1a: Starmie|par
|
|turn|10
|J|mccauley
|choice|move 3|move 3
|
|move|p2a: Alakazam|Seismic Toss|p1a: Starmie
|-damage|p1a: Starmie|158\/323 par
|move|p1a: Starmie|Blizzard|p2a: Alakazam
|-crit|p2a: Alakazam
|-damage|p2a: Alakazam|160\/313
|
|turn|11
|choice|move 1|switch 6
|
|switch|p2a: Snorlax|Snorlax, M|523\/523
|move|p1a: Starmie|Recover|p1a: Starmie
|-heal|p1a: Starmie|319\/323 par
|
|turn|12
|choice|switch 3|move 1
|
|switch|p1a: Exeggutor|Exeggutor|393\/393
|move|p2a: Snorlax|Body Slam|p1a: Exeggutor
|-damage|p1a: Exeggutor|279\/393
|
|turn|13
|choice|move 1|switch 6
|
|switch|p2a: Alakazam|Alakazam, M|160\/313
|move|p1a: Exeggutor|Sleep Powder|p2a: Alakazam
|-status|p2a: Alakazam|slp
|
|turn|14
|choice|move 2|switch 3
|
|switch|p2a: Chansey|Chansey|703\/703
|move|p1a: Exeggutor|Leech Seed|p2a: Chansey
|-start|p2a: Chansey|move: Leech Seed
|
|turn|15
|choice|switch 5|switch 6
|
|switch|p1a: Chansey|Chansey|703\/703 par
|switch|p2a: Snorlax|Snorlax, M|523\/523
|
|turn|16
|choice|move 4|move 1
|
|move|p2a: Snorlax|Body Slam|p1a: Chansey
|-damage|p1a: Chansey|391\/703 par
|move|p1a: Chansey|Reflect|p1a: Chansey
|-start|p1a: Chansey|Reflect
|
|turn|17
|choice|move 1|move 1
|
|move|p2a: Snorlax|Body Slam|p1a: Chansey
|-damage|p1a: Chansey|245\/703 par
|move|p1a: Chansey|Soft-Boiled|p1a: Chansey
|-heal|p1a: Chansey|596\/703 par
|
|turn|18
|choice|move 2|move 1
|
|move|p2a: Snorlax|Body Slam|p1a: Chansey
|-crit|p1a: Chansey
|-damage|p1a: Chansey|56\/703 par
|move|p1a: Chansey|Thunder Wave|p2a: Snorlax
|-status|p2a: Snorlax|par
|
|turn|19
|choice|move 1|move 1
|
|move|p1a: Chansey|Soft-Boiled|p1a: Chansey
|-heal|p1a: Chansey|407\/703 par
|move|p2a: Snorlax|Body Slam|p1a: Chansey
|-damage|p1a: Chansey|252\/703 par
|
|turn|20
|choice|move 1|move 1
|
|move|p1a: Chansey|Soft-Boiled|p1a: Chansey
|-heal|p1a: Chansey|603\/703 par
|move|p2a: Snorlax|Body Slam|p1a: Chansey
|-damage|p1a: Chansey|461\/703 par
|
|turn|21
|choice|move 1|move 1
|
|move|p1a: Chansey|Soft-Boiled|p1a: Chansey
|-heal|p1a: Chansey|703\/703 par
|move|p2a: Snorlax|Body Slam|p1a: Chansey
|-damage|p1a: Chansey|563\/703 par
|
|turn|22
|choice|move 3|move 1
|
|move|p1a: Chansey|Ice Beam|p2a: Snorlax
|-crit|p2a: Snorlax
|-damage|p2a: Snorlax|334\/523 par
|move|p2a: Snorlax|Body Slam|p1a: Chansey
|-damage|p1a: Chansey|424\/703 par
|
|turn|23
|choice|move 1|move 1
|
|cant|p1a: Chansey|par
|move|p2a: Snorlax|Body Slam|p1a: Chansey
|-damage|p1a: Chansey|267\/703 par
|
|turn|24
|choice|move 1|move 1
|
|move|p1a: Chansey|Soft-Boiled|p1a: Chansey
|-heal|p1a: Chansey|618\/703 par
|cant|p2a: Snorlax|par
|
|turn|25
|choice|move 3|move 1
|
|cant|p1a: Chansey|par
|move|p2a: Snorlax|Body Slam|p1a: Chansey
|-damage|p1a: Chansey|468\/703 par
|
|turn|26
|choice|move 1|move 3
|
|cant|p1a: Chansey|par
|move|p2a: Snorlax|Self-Destruct|p1a: Chansey
|-damage|p1a: Chansey|54\/703 par
|faint|p2a: Snorlax
|choice||switch 4
|
|switch|p2a: Zapdos|Zapdos|383\/383
|turn|27
|choice|switch 2|move 1
|
|switch|p1a: Alakazam|Alakazam|313\/313
|move|p2a: Zapdos|Thunderbolt|p1a: Alakazam
|-damage|p1a: Alakazam|211\/313
|
|turn|28
|choice|move 2|switch 3
|
|switch|p2a: Alakazam|Alakazam, M|160\/313 slp
|move|p1a: Alakazam|Thunder Wave|p2a: Alakazam
|-fail|p2a: Alakazam
|
|turn|29
|choice|switch 4|switch 3
|
|switch|p2a: Zapdos|Zapdos|383\/383
|switch|p1a: Snorlax|Snorlax|523\/523
|
|turn|30
|choice|move 2|move 1
|
|move|p2a: Zapdos|Thunderbolt|p1a: Snorlax
|-damage|p1a: Snorlax|362\/523
|move|p1a: Snorlax|Amnesia|p1a: Snorlax
|-boost|p1a: Snorlax|spd|2
|-boost|p1a: Snorlax|spa|2
|
|turn|31
|choice|move 3|switch 2
|
|switch|p2a: Exeggutor|Exeggutor, M|393\/393
|move|p1a: Snorlax|Reflect|p1a: Snorlax
|-start|p1a: Snorlax|Reflect
|
|turn|32
|choice|switch 3|move 1
|
|switch|p1a: Starmie|Starmie|319\/323 par
|move|p2a: Exeggutor|Sleep Powder|p1a: Starmie|[miss]
|-miss|p2a: Exeggutor
|
|turn|33
|choice|move 3|switch 6
|
|switch|p2a: Chansey|Chansey|703\/703
|move|p1a: Starmie|Blizzard|p2a: Chansey
|-damage|p2a: Chansey|605\/703
|-status|p2a: Chansey|frz
|
|turn|34
|choice|move 2|switch 2
|
|switch|p2a: Zapdos|Zapdos|383\/383
|move|p1a: Starmie|Thunder Wave|p2a: Zapdos
|-status|p2a: Zapdos|par
|
|turn|35
|choice|switch 4|move 1
|
|switch|p1a: Alakazam|Alakazam|211\/313
|move|p2a: Zapdos|Thunderbolt|p1a: Alakazam
|-damage|p1a: Alakazam|100\/313
|
|turn|36
|choice|move 1|move 3
|
|move|p1a: Alakazam|Recover|p1a: Alakazam
|-heal|p1a: Alakazam|256\/313
|move|p2a: Zapdos|Thunder Wave|p1a: Alakazam
|-status|p1a: Alakazam|par
|
|turn|37
|choice|move 4|move 2
|
|move|p1a: Alakazam|Reflect|p1a: Alakazam
|-start|p1a: Alakazam|Reflect
|cant|p2a: Zapdos|par
|
|turn|38
|choice|move 3|switch 3
|
|switch|p2a: Alakazam|Alakazam, M|160\/313 slp
|cant|p1a: Alakazam|par
|
|turn|39
|choice|move 3|move 3
|
|-curestatus|p2a: Alakazam|slp
|move|p1a: Alakazam|Psychic|p2a: Alakazam
|-resisted|p2a: Alakazam
|-damage|p2a: Alakazam|112\/313
|-unboost|p2a: Alakazam|spd|1
|-unboost|p2a: Alakazam|spa|1
|
|turn|40
|choice|move 3|move 3
|
|move|p2a: Alakazam|Seismic Toss|p1a: Alakazam
|-damage|p1a: Alakazam|156\/313 par
|move|p1a: Alakazam|Psychic|p2a: Alakazam
|-resisted|p2a: Alakazam
|-damage|p2a: Alakazam|28\/313
|
|turn|41
|J|amalkovich78
|choice|move 2|move 3
|
|move|p2a: Alakazam|Seismic Toss|p1a: Alakazam
|-damage|p1a: Alakazam|56\/313 par
|move|p1a: Alakazam|Thunder Wave|p2a: Alakazam
|-status|p2a: Alakazam|par
|
|turn|42
|choice|switch 3|move 3
|
|switch|p1a: Snorlax|Snorlax|362\/523
|move|p2a: Alakazam|Seismic Toss|p1a: Snorlax
|-damage|p1a: Snorlax|262\/523
|
|turn|43
|choice|move 1|move 1
|
|move|p1a: Snorlax|Body Slam|p2a: Alakazam
|-damage|p2a: Alakazam|0 fnt
|faint|p2a: Alakazam
|choice||switch 6
|
|switch|p2a: Exeggutor|Exeggutor, M|393\/393
|turn|44
|choice|switch 4|move 3
|
|switch|p1a: Starmie|Starmie|319\/323 par
|move|p2a: Exeggutor|Psychic|p1a: Starmie
|-resisted|p1a: Starmie
|-damage|p1a: Starmie|256\/323 par
|-unboost|p1a: Starmie|spd|1
|-unboost|p1a: Starmie|spa|1
|
|turn|45
|L|mccauley
|choice|move 2|switch 3
|
|switch|p2a: Zapdos|Zapdos|383\/383 par
|move|p1a: Starmie|Thunder Wave|p2a: Zapdos
|-fail|p2a: Zapdos|par
|
|turn|46
|choice|switch 5|move 2
|
|switch|p1a: Exeggutor|Exeggutor|279\/393
|move|p2a: Zapdos|Drill Peck|p1a: Exeggutor
|-supereffective|p1a: Exeggutor
|-damage|p1a: Exeggutor|98\/393
|
|turn|47
|choice|switch 4|switch 2
|
|switch|p1a: Snorlax|Snorlax|262\/523
|switch|p2a: Chansey|Chansey|605\/703 frz
|
|turn|48
|choice|move 1|switch 3
|
|switch|p2a: Exeggutor|Exeggutor, M|393\/393
|move|p1a: Snorlax|Body Slam|p2a: Exeggutor
|-damage|p2a: Exeggutor|279\/393
|
|turn|49
|choice|switch 5|switch 2
|
|switch|p2a: Zapdos|Zapdos|383\/383 par
|switch|p1a: Starmie|Starmie|256\/323 par
|
|turn|50
|choice|move 3|move 4
|
|move|p1a: Starmie|Blizzard|p2a: Zapdos|[miss]
|-miss|p1a: Starmie
|move|p2a: Zapdos|Agility|p2a: Zapdos
|-boost|p2a: Zapdos|spe|2
|
|turn|51
|choice|move 3|move 1
|
|move|p2a: Zapdos|Thunderbolt|p1a: Starmie
|-crit|p1a: Starmie
|-supereffective|p1a: Starmie
|-damage|p1a: Starmie|0 fnt
|faint|p1a: Starmie
|choice|switch 5|
|
|switch|p1a: Snorlax|Snorlax|262\/523
|turn|52
|choice|move 4|move 1
|
|move|p2a: Zapdos|Thunderbolt|p1a: Snorlax
|-crit|p1a: Snorlax
|-damage|p1a: Snorlax|0 fnt
|faint|p1a: Snorlax
|choice|switch 2|
|
|switch|p1a: Chansey|Chansey|54\/703 par
|turn|53
|choice|move 1|move 2
|
|move|p2a: Zapdos|Drill Peck|p1a: Chansey
|-damage|p1a: Chansey|0 fnt
|faint|p1a: Chansey
|choice|switch 3|
|
|switch|p1a: Alakazam|Alakazam|56\/313 par
|turn|54
|choice|move 3|move 2
|
|move|p2a: Zapdos|Drill Peck|p1a: Alakazam
|-crit|p1a: Alakazam
|-damage|p1a: Alakazam|0 fnt
|faint|p1a: Alakazam
|choice|switch 4|
|
|switch|p1a: Exeggutor|Exeggutor|98\/393
|turn|55
|choice|move 4|move 2
|
|move|p2a: Zapdos|Drill Peck|p1a: Exeggutor
|-supereffective|p1a: Exeggutor
|-damage|p1a: Exeggutor|0 fnt
|faint|p1a: Exeggutor
|choice|switch 6|
|
|switch|p1a: Tauros|Tauros|353\/353
|turn|56
|choice|move 1|move 3
|
|move|p2a: Zapdos|Thunder Wave|p1a: Tauros
|-status|p1a: Tauros|par
|move|p1a: Tauros|Body Slam|p2a: Zapdos
|-damage|p2a: Zapdos|269\/383 par
|
|turn|57
|choice|move 1|move 1
|
|move|p2a: Zapdos|Thunderbolt|p1a: Tauros
|-damage|p1a: Tauros|176\/353 par
|move|p1a: Tauros|Body Slam|p2a: Zapdos
|-damage|p2a: Zapdos|155\/383 par
|
|turn|58
|choice|move 2|move 1
|
|move|p2a: Zapdos|Thunderbolt|p1a: Tauros
|-damage|p1a: Tauros|9\/353 par
|move|p1a: Tauros|Hyper Beam|p2a: Zapdos
|-crit|p2a: Zapdos
|-damage|p2a: Zapdos|0 fnt
|faint|p2a: Zapdos
|c|★Selise|gg
|choice||switch 5
|
|switch|p2a: Tauros|Tauros|353\/353
|turn|59
|c|★Vinc2612|gg
|choice|move 2|move 1
|
|move|p2a: Tauros|Body Slam|p1a: Tauros|[miss]
|-miss|p2a: Tauros
|cant|p1a: Tauros|par
|
|turn|60
|choice|move 2|move 1
|
|move|p2a: Tauros|Body Slam|p1a: Tauros
|-damage|p1a: Tauros|0 fnt
|faint|p1a: Tauros
|
|win|Vinc2612