|inactive|Battle timer is ON: inactive players will automatically lose when time's up.
|J|Vileman
|J|Nails
|player|p1|Vileman|165
|player|p2|Nails|101
|gametype|singles
|gen|1
|tier|[Gen 1] OU
|seed|14564,52807,7208,16880
|rule|Sleep Clause Mod: Limit one foe put to sleep
|rule|Freeze Clause Mod: Limit one foe frozen
|rule|Species Clause: Limit one of each Pokémon
|rule|OHKO Clause: OHKO moves are banned
|rule|Evasion Moves Clause: Evasion moves are banned
|rule|HP Percentage Mod: HP is shown in percentages
|
|start
|switch|p1a: Gengar|Gengar|323\/323
|switch|p2a: Jynx|Jynx|333\/333
|turn|1
|J|Nunno
|c|★Vileman|fite fite fite
|J|Addison Russell
|c|★Vileman|im not missing
|L|Nunno
|J|Alexander
|choice|move 1|move 1
|
|move|p1a: Gengar|Hypnosis|p2a: Jynx
|-status|p2a: Jynx|slp
|cant|p2a: Jynx|slp
|
|turn|2
|L|Alexander
|c|★Vileman|i told u!!
|c|★Nails|call me rey
|choice|move 4|switch 4
|
|switch|p2a: Alakazam|Alakazam|313\/313
|move|p1a: Gengar|Explosion|p2a: Alakazam
|-damage|p2a: Alakazam|0 fnt
|faint|p2a: Alakazam
|faint|p1a: Gengar
|c|★Nails|rude
|c|★Vileman|:3
|choice|switch 2|switch 2
|
|switch|p1a: Chansey|Chansey|703\/703
|switch|p2a: Snorlax|Snorlax|523\/523
|turn|3
|J|Benji010010
|c|★Vileman|fatboi
|c|★Nails|D:
|L|Benji010010
|choice|move 4|move 4
|
|move|p1a: Chansey|Thunder Wave|p2a: Snorlax
|-status|p2a: Snorlax|par
|cant|p2a: Snorlax|par
|
|turn|4
|c|★Vileman|not u, silly
|choice|switch 5|move 1
|
|switch|p1a: Snorlax|Snorlax|523\/523
|move|p2a: Snorlax|Body Slam|p1a: Snorlax
|-damage|p1a: Snorlax|377\/523
|
|turn|5
|choice|move 3|move 1
|
|move|p1a: Snorlax|Reflect|p1a: Snorlax
|-start|p1a: Snorlax|Reflect
|cant|p2a: Snorlax|par
|
|turn|6
|choice|move 1|switch 6
|
|switch|p2a: Cloyster|Cloyster|303\/303
|move|p1a: Snorlax|Body Slam|p2a: Cloyster
|-damage|p2a: Cloyster|233\/303
|
|turn|7
|c|★Vileman|that aint a paralisis
|choice|move 1|move 1
|
|move|p2a: Cloyster|Clamp|p1a: Snorlax
|-damage|p1a: Snorlax|325\/523
|-activate|p1a: Snorlax|move: Clamp|[of] p2a: Cloyster
|cant|p1a: Snorlax|partiallytrapped
|
|turn|8
|choice|switch 5|move 1
|
|switch|p1a: Chansey|Chansey|703\/703
|move|p2a: Cloyster|Clamp|p1a: Chansey
|-crit|p1a: Chansey
|-damage|p1a: Chansey|634\/703
|-activate|p1a: Chansey|move: Clamp|[of] p2a: Cloyster
|
|turn|9
|choice|switch 5|move 1
|
|switch|p1a: Snorlax|Snorlax|325\/523
|move|p2a: Cloyster|Clamp|p1a: Snorlax|[miss]
|-miss|p2a: Cloyster
|
|turn|10
|choice|move 1|move 1
|
|move|p2a: Cloyster|Clamp|p1a: Snorlax|[miss]
|-miss|p2a: Cloyster
|move|p1a: Snorlax|Body Slam|p2a: Cloyster
|-damage|p2a: Cloyster|167\/303
|-status|p2a: Cloyster|par
|
|turn|11
|c|★Nails|guh.
|c|★Vileman|that is a paralysis 
|choice|move 1|move 1
|
|move|p1a: Snorlax|Body Slam|p2a: Cloyster
|-damage|p2a: Cloyster|101\/303 par
|move|p2a: Cloyster|Clamp|p1a: Snorlax
|-damage|p1a: Snorlax|273\/523
|-activate|p1a: Snorlax|move: Clamp|[of] p2a: Cloyster
|
|turn|12
|choice|switch 5|move 1
|
|switch|p1a: Chansey|Chansey|634\/703
|move|p2a: Cloyster|Clamp|p1a: Chansey
|-damage|p1a: Chansey|599\/703
|-activate|p1a: Chansey|move: Clamp|[of] p2a: Cloyster
|
|turn|13
|J|dadoux
|choice|switch 5|move 1
|
|switch|p1a: Snorlax|Snorlax|273\/523
|move|p2a: Cloyster|Clamp|p1a: Snorlax|[miss]
|-miss|p2a: Cloyster
|
|turn|14
|choice|move 2|move 4
|
|move|p1a: Snorlax|Hyper Beam|p2a: Cloyster
|-damage|p2a: Cloyster|0 fnt
|faint|p2a: Cloyster
|choice||switch 5
|
|switch|p2a: Rhydon|Rhydon|413\/413
|turn|15
|choice|switch 4|move 1
|
|switch|p1a: Slowbro|Slowbro|393\/393
|move|p2a: Rhydon|Earthquake|p1a: Slowbro
|-damage|p1a: Slowbro|269\/393
|
|turn|16
|choice|move 3|switch 6
|
|switch|p2a: Snorlax|Snorlax|523\/523 par
|move|p1a: Slowbro|Thunder Wave|p2a: Snorlax
|-fail|p2a: Snorlax|par
|
|turn|17
|choice|switch 5|move 1
|
|switch|p1a: Chansey|Chansey|599\/703
|move|p2a: Snorlax|Body Slam|p1a: Chansey
|-damage|p1a: Chansey|286\/703
|
|turn|18
|choice|move 3|move 1
|
|move|p2a: Snorlax|Body Slam|p1a: Chansey
|-damage|p1a: Chansey|10\/703
|move|p1a: Chansey|Counter|p2a: Snorlax
|-damage|p2a: Snorlax|0 fnt
|faint|p2a: Snorlax
|choice||switch 3
|
|switch|p2a: Tauros|Tauros|353\/353
|turn|19
|choice|move 4|move 1
|
|move|p2a: Tauros|Body Slam|p1a: Chansey
|-crit|p1a: Chansey
|-damage|p1a: Chansey|0 fnt
|faint|p1a: Chansey
|c|★Nails|gone.
|choice|switch 5|
|
|switch|p1a: Slowbro|Slowbro|269\/393
|turn|20
|choice|move 3|switch 4
|
|switch|p2a: Jynx|Jynx|333\/333 slp
|move|p1a: Slowbro|Thunder Wave|p2a: Jynx
|-fail|p2a: Jynx
|
|turn|21
|choice|move 1|switch 6
|
|switch|p2a: Rhydon|Rhydon|413\/413
|move|p1a: Slowbro|Amnesia|p1a: Slowbro
|-boost|p1a: Slowbro|spd|2
|-boost|p1a: Slowbro|spa|2
|
|turn|22
|choice|move 2|move 1
|
|move|p2a: Rhydon|Earthquake|p1a: Slowbro
|-damage|p1a: Slowbro|146\/393
|move|p1a: Slowbro|Surf|p2a: Rhydon
|-supereffective|p2a: Rhydon
|-damage|p2a: Rhydon|0 fnt
|faint|p2a: Rhydon
|choice||switch 4
|
|switch|p2a: Tauros|Tauros|353\/353
|turn|23
|choice|move 2|move 3
|
|move|p2a: Tauros|Hyper Beam|p1a: Slowbro
|-damage|p1a: Slowbro|0 fnt
|faint|p1a: Slowbro
|c|★Nails|rude af
|c|★Vileman|i call
|c|★Vileman|``bullshit``
|c|★Vileman|haha
|J|Benji010010
|choice|switch 6|
|
|switch|p1a: Zapdos|Zapdos|383\/383
|turn|24
|c|★Vileman|zapper.
|choice|move 4|move 4
|
|move|p2a: Tauros|Blizzard|p1a: Zapdos
|-crit|p1a: Zapdos
|-supereffective|p1a: Zapdos
|-damage|p1a: Zapdos|127\/383
|move|p1a: Zapdos|Thunder Wave|p2a: Tauros
|-status|p2a: Tauros|par
|
|turn|25
|-message|Nails forfeited.
|
|win|Vileman