|inactive|Battle timer is ON: inactive players will automatically lose when time's up.
|J|charrol
|J|Mister Tim
|player|p1|charrol|60
|player|p2|Mister Tim|102
|gametype|singles
|gen|1
|tier|[Gen 1] OU
|seed|645,45768,33441,22621
|rule|Sleep Clause Mod: Limit one foe put to sleep
|rule|Freeze Clause Mod: Limit one foe frozen
|rule|Species Clause: Limit one of each Pokémon
|rule|OHKO Clause: OHKO moves are banned
|rule|Evasion Moves Clause: Evasion moves are banned
|rule|HP Percentage Mod: HP is shown in percentages
|
|start
|switch|p1a: Alakazam|Alakazam|313\/313
|switch|p2a: Trotskiy|Alakazam|313\/313
|turn|1
|choice|switch 4|switch 3
|
|switch|p2a: Hruschev|Exeggutor|393\/393
|switch|p1a: Exeggutor|Exeggutor|393\/393
|
|turn|2
|choice|move 4|switch 3
|
|switch|p2a: Trotskiy|Alakazam|313\/313
|move|p1a: Exeggutor|Sleep Powder|p2a: Trotskiy
|-status|p2a: Trotskiy|slp
|
|turn|3
|J|teal6
|L|teal6
|choice|move 3|switch 3
|
|switch|p2a: Hruschev|Exeggutor|393\/393
|move|p1a: Exeggutor|Psychic|p2a: Hruschev
|-resisted|p2a: Hruschev
|-damage|p2a: Hruschev|341\/393
|-unboost|p2a: Hruschev|spd|1
|-unboost|p2a: Hruschev|spa|1
|
|turn|4
|choice|switch 4|move 1
|
|switch|p1a: Alakazam|Alakazam|313\/313
|move|p2a: Hruschev|Sleep Powder|p1a: Alakazam
|-status|p1a: Alakazam|slp
|
|turn|5
|choice|switch 4|switch 4
|
|switch|p1a: Exeggutor|Exeggutor|393\/393
|switch|p2a: Brezhnev|Snorlax|523\/523
|
|turn|6
|choice|move 3|switch 4
|
|switch|p2a: Hruschev|Exeggutor|341\/393
|move|p1a: Exeggutor|Psychic|p2a: Hruschev
|-resisted|p2a: Hruschev
|-damage|p2a: Hruschev|285\/393
|
|turn|7
|choice|move 3|move 3
|
|move|p2a: Hruschev|Psychic|p1a: Exeggutor
|-resisted|p1a: Exeggutor
|-damage|p1a: Exeggutor|341\/393
|-unboost|p1a: Exeggutor|spd|1
|-unboost|p1a: Exeggutor|spa|1
|move|p1a: Exeggutor|Psychic|p2a: Hruschev
|-crit|p2a: Hruschev
|-resisted|p2a: Hruschev
|-damage|p2a: Hruschev|181\/393
|
|turn|8
|J|JegoBlaster
|J|Slimmer
|choice|move 3|move 3
|
|move|p2a: Hruschev|Psychic|p1a: Exeggutor
|-resisted|p1a: Exeggutor
|-damage|p1a: Exeggutor|257\/393
|move|p1a: Exeggutor|Psychic|p2a: Hruschev
|-resisted|p2a: Hruschev
|-damage|p2a: Hruschev|149\/393
|
|turn|9
|J|Pzebes
|choice|switch 4|move 3
|
|switch|p1a: Alakazam|Alakazam|313\/313 slp
|move|p2a: Hruschev|Psychic|p1a: Alakazam
|-crit|p1a: Alakazam
|-resisted|p1a: Alakazam
|-damage|p1a: Alakazam|209\/313 slp
|
|turn|10
|choice|switch 4|move 3
|
|switch|p1a: Exeggutor|Exeggutor|257\/393
|move|p2a: Hruschev|Psychic|p1a: Exeggutor
|-resisted|p1a: Exeggutor
|-damage|p1a: Exeggutor|206\/393
|
|turn|11
|choice|move 3|move 2
|
|move|p2a: Hruschev|Explosion|p1a: Exeggutor|[miss]
|-miss|p2a: Hruschev
|faint|p2a: Hruschev
|c|★Mister Tim|ofc
|c|★charrol|lol
|choice||switch 4
|
|switch|p2a: Brezhnev|Snorlax|523\/523
|turn|12
|c|★charrol|sry
|choice|move 3|move 3
|
|move|p1a: Exeggutor|Psychic|p2a: Brezhnev
|-damage|p2a: Brezhnev|353\/523
|move|p2a: Brezhnev|Body Slam|p1a: Exeggutor
|-damage|p1a: Exeggutor|93\/393
|
|turn|13
|choice|switch 3|switch 2
|
|switch|p1a: Snorlax|Snorlax|523\/523
|switch|p2a: BOSSgar|Gengar|323\/323
|
|turn|14
|choice|switch 2|switch 2
|
|switch|p2a: Brezhnev|Snorlax|353\/523
|switch|p1a: Chansey|Chansey|703\/703
|
|turn|15
|choice|move 1|move 2
|
|move|p1a: Chansey|Reflect|p1a: Chansey
|-start|p1a: Chansey|Reflect
|move|p2a: Brezhnev|Earthquake|p1a: Chansey
|-damage|p1a: Chansey|580\/703
|
|turn|16
|choice|move 4|switch 3
|
|switch|p2a: Trotskiy|Alakazam|313\/313 slp
|move|p1a: Chansey|Thunder Wave|p2a: Trotskiy
|-fail|p2a: Trotskiy
|
|turn|17
|choice|switch 2|move 2
|
|switch|p1a: Snorlax|Snorlax|523\/523
|cant|p2a: Trotskiy|slp
|
|turn|18
|choice|move 1|switch 3
|
|switch|p2a: Brezhnev|Snorlax|353\/523
|move|p1a: Snorlax|Body Slam|p2a: Brezhnev
|-damage|p2a: Brezhnev|209\/523
|
|turn|19
|choice|move 2|move 3
|
|move|p2a: Brezhnev|Body Slam|p1a: Snorlax
|-damage|p1a: Snorlax|378\/523
|move|p1a: Snorlax|Reflect|p1a: Snorlax
|-start|p1a: Snorlax|Reflect
|
|turn|20
|choice|move 1|switch 2
|
|switch|p2a: BOSSgar|Gengar|323\/323
|move|p1a: Snorlax|Body Slam|p2a: BOSSgar
|-immune|p2a: BOSSgar|[msg]
|
|turn|21
|choice|move 1|switch 2
|
|switch|p2a: Brezhnev|Snorlax|209\/523
|move|p1a: Snorlax|Body Slam|p2a: Brezhnev
|-damage|p2a: Brezhnev|80\/523
|
|turn|22
|choice|move 1|switch 2
|
|switch|p2a: BOSSgar|Gengar|323\/323
|move|p1a: Snorlax|Body Slam|p2a: BOSSgar
|-immune|p2a: BOSSgar|[msg]
|
|turn|23
|choice|switch 2|move 1
|
|switch|p1a: Chansey|Chansey|580\/703
|move|p2a: BOSSgar|Thunderbolt|p1a: Chansey
|-damage|p1a: Chansey|492\/703
|-status|p1a: Chansey|par
|
|turn|24
|choice|move 2|move 1
|
|move|p2a: BOSSgar|Thunderbolt|p1a: Chansey
|-damage|p1a: Chansey|406\/703 par
|move|p1a: Chansey|Seismic Toss|p2a: BOSSgar
|-damage|p2a: BOSSgar|223\/323
|
|turn|25
|choice|move 3|switch 3
|
|switch|p2a: Trotskiy|Alakazam|313\/313 slp
|move|p1a: Chansey|Soft-Boiled|p1a: Chansey
|-heal|p1a: Chansey|703\/703 par
|
|turn|26
|choice|switch 3|move 2
|
|switch|p1a: Exeggutor|Exeggutor|93\/393
|cant|p2a: Trotskiy|slp
|
|turn|27
|L|Pzebes
|choice|move 3|move 4
|
|cant|p2a: Trotskiy|slp
|move|p1a: Exeggutor|Psychic|p2a: Trotskiy
|-resisted|p2a: Trotskiy
|-damage|p2a: Trotskiy|260\/313 slp
|
|turn|28
|choice|move 4|move 4
|
|-curestatus|p2a: Trotskiy|slp
|move|p1a: Exeggutor|Sleep Powder|p2a: Trotskiy
|-status|p2a: Trotskiy|slp
|
|turn|29
|choice|move 3|move 4
|
|cant|p2a: Trotskiy|slp
|move|p1a: Exeggutor|Psychic|p2a: Trotskiy
|-resisted|p2a: Trotskiy
|-damage|p2a: Trotskiy|209\/313 slp
|-unboost|p2a: Trotskiy|spd|1
|-unboost|p2a: Trotskiy|spa|1
|
|turn|30
|choice|move 3|switch 6
|
|switch|p2a: CoupeDeBoule|Chansey|703\/703
|move|p1a: Exeggutor|Psychic|p2a: CoupeDeBoule
|-damage|p2a: CoupeDeBoule|576\/703
|
|turn|31
|choice|switch 3|move 1
|
|switch|p1a: Chansey|Chansey|703\/703 par
|move|p2a: CoupeDeBoule|Ice Beam|p1a: Chansey
|-damage|p1a: Chansey|623\/703 par
|
|turn|32
|choice|move 2|move 1
|
|move|p2a: CoupeDeBoule|Ice Beam|p1a: Chansey
|-damage|p1a: Chansey|551\/703 par
|move|p1a: Chansey|Seismic Toss|p2a: CoupeDeBoule
|-damage|p2a: CoupeDeBoule|476\/703
|
|turn|33
|choice|move 2|move 2
|
|move|p2a: CoupeDeBoule|Soft-Boiled|p2a: CoupeDeBoule
|-heal|p2a: CoupeDeBoule|703\/703
|move|p1a: Chansey|Seismic Toss|p2a: CoupeDeBoule
|-damage|p2a: CoupeDeBoule|603\/703
|
|turn|34
|choice|move 4|move 1
|
|move|p2a: CoupeDeBoule|Ice Beam|p1a: Chansey
|-damage|p1a: Chansey|479\/703 par
|cant|p1a: Chansey|par
|
|turn|35
|choice|move 4|switch 5
|
|switch|p2a: Beria|Tauros|353\/353
|move|p1a: Chansey|Thunder Wave|p2a: Beria
|-status|p2a: Beria|par
|
|turn|36
|choice|switch 2|move 1
|
|switch|p1a: Snorlax|Snorlax|378\/523
|move|p2a: Beria|Body Slam|p1a: Snorlax
|-damage|p1a: Snorlax|238\/523
|
|turn|37
|choice|move 1|switch 3
|
|switch|p2a: BOSSgar|Gengar|223\/323
|move|p1a: Snorlax|Body Slam|p2a: BOSSgar
|-immune|p2a: BOSSgar|[msg]
|
|turn|38
|choice|move 1|move 1
|
|move|p2a: BOSSgar|Thunderbolt|p1a: Snorlax
|-damage|p1a: Snorlax|114\/523
|move|p1a: Snorlax|Body Slam|p2a: BOSSgar
|-immune|p2a: BOSSgar|[msg]
|
|turn|39
|choice|switch 2|move 1
|
|switch|p1a: Chansey|Chansey|479\/703 par
|move|p2a: BOSSgar|Thunderbolt|p1a: Chansey
|-damage|p1a: Chansey|399\/703 par
|
|turn|40
|choice|move 3|switch 2
|
|switch|p2a: Brezhnev|Snorlax|80\/523
|move|p1a: Chansey|Soft-Boiled|p1a: Chansey
|-heal|p1a: Chansey|703\/703 par
|
|turn|41
|choice|switch 2|move 4
|
|switch|p1a: Snorlax|Snorlax|114\/523
|move|p2a: Brezhnev|Self-Destruct|p1a: Snorlax
|-damage|p1a: Snorlax|0 fnt
|faint|p1a: Snorlax
|faint|p2a: Brezhnev
|choice|switch 6|switch 2
|
|switch|p1a: Tauros|Tauros|353\/353
|switch|p2a: BOSSgar|Gengar|223\/323
|turn|42
|choice|move 3|switch 3
|
|switch|p2a: Beria|Tauros|353\/353 par
|move|p1a: Tauros|Earthquake|p2a: Beria
|-damage|p2a: Beria|268\/353 par
|
|turn|43
|choice|move 2|move 3
|
|move|p1a: Tauros|Body Slam|p2a: Beria
|-damage|p2a: Beria|170\/353 par
|move|p2a: Beria|Hyper Beam|p1a: Tauros
|-damage|p1a: Tauros|176\/353
|
|turn|44
|-mustrecharge|p2a: Beria
|-mustrecharge|p2a: Beria
|choice|move 2|move 1
|
|move|p1a: Tauros|Body Slam|p2a: Beria
|-damage|p2a: Beria|66\/353 par
|cant|p2a: Beria|recharge
|
|turn|45
|choice|move 3|switch 3
|
|switch|p2a: BOSSgar|Gengar|223\/323
|move|p1a: Tauros|Earthquake|p2a: BOSSgar
|-supereffective|p2a: BOSSgar
|-damage|p2a: BOSSgar|14\/323
|
|turn|46
|choice|switch 2|move 1
|
|switch|p1a: Chansey|Chansey|703\/703 par
|move|p2a: BOSSgar|Thunderbolt|p1a: Chansey
|-damage|p1a: Chansey|623\/703 par
|
|turn|47
|choice|move 2|move 1
|
|move|p2a: BOSSgar|Thunderbolt|p1a: Chansey
|-crit|p1a: Chansey
|-damage|p1a: Chansey|454\/703 par
|move|p1a: Chansey|Seismic Toss|p2a: BOSSgar
|-damage|p2a: BOSSgar|0 fnt
|faint|p2a: BOSSgar
|choice||switch 3
|
|switch|p2a: Beria|Tauros|66\/353 par
|turn|48
|choice|move 2|move 3
|
|move|p2a: Beria|Hyper Beam|p1a: Chansey
|-crit|p1a: Chansey
|-damage|p1a: Chansey|0 fnt
|faint|p1a: Chansey
|choice|switch 2|
|
|switch|p1a: Tauros|Tauros|176\/353
|turn|49
|choice|move 2|move 3
|
|move|p1a: Tauros|Body Slam|p2a: Beria
|-damage|p2a: Beria|0 fnt
|faint|p2a: Beria
|choice||switch 5
|
|switch|p2a: CoupeDeBoule|Chansey|603\/703
|turn|50
|choice|switch 4|move 4
|
|switch|p1a: Alakazam|Alakazam|209\/313 slp
|move|p2a: CoupeDeBoule|Thunder Wave|p1a: Alakazam
|-fail|p1a: Alakazam
|
|turn|51
|choice|move 1|move 1
|
|cant|p1a: Alakazam|slp
|move|p2a: CoupeDeBoule|Ice Beam|p1a: Alakazam
|-damage|p1a: Alakazam|152\/313 slp
|
|turn|52
|choice|move 1|move 1
|
|-curestatus|p1a: Alakazam|slp
|move|p2a: CoupeDeBoule|Ice Beam|p1a: Alakazam
|-damage|p1a: Alakazam|92\/313
|
|turn|53
|choice|move 4|switch 6
|
|switch|p2a: Trotskiy|Alakazam|209\/313 slp
|move|p1a: Alakazam|Thunder Wave|p2a: Trotskiy
|-fail|p2a: Trotskiy
|
|turn|54
|choice|switch 3|move 4
|
|switch|p1a: Exeggutor|Exeggutor|93\/393
|cant|p2a: Trotskiy|slp
|
|turn|55
|choice|move 1|move 4
|
|-curestatus|p2a: Trotskiy|slp
|move|p1a: Exeggutor|Explosion|p2a: Trotskiy
|-crit|p2a: Trotskiy
|-damage|p2a: Trotskiy|0 fnt
|faint|p2a: Trotskiy
|faint|p1a: Exeggutor
|choice|switch 3|switch 6
|
|switch|p1a: Alakazam|Alakazam|92\/313
|switch|p2a: CoupeDeBoule|Chansey|603\/703
|turn|56
|choice|move 4|move 4
|
|move|p1a: Alakazam|Thunder Wave|p2a: CoupeDeBoule
|-status|p2a: CoupeDeBoule|par
|cant|p2a: CoupeDeBoule|par
|
|turn|57
|choice|move 3|move 4
|
|move|p1a: Alakazam|Recover|p1a: Alakazam
|-heal|p1a: Alakazam|248\/313
|move|p2a: CoupeDeBoule|Thunder Wave|p1a: Alakazam
|-status|p1a: Alakazam|par
|
|turn|58
|choice|move 1|move 1
|
|cant|p1a: Alakazam|par
|cant|p2a: CoupeDeBoule|par
|
|turn|59
|choice|move 1|move 1
|
|cant|p1a: Alakazam|par
|move|p2a: CoupeDeBoule|Ice Beam|p1a: Alakazam
|-damage|p1a: Alakazam|187\/313 par
|
|turn|60
|choice|move 1|move 1
|
|move|p1a: Alakazam|Psychic|p2a: CoupeDeBoule
|-damage|p2a: CoupeDeBoule|478\/703 par
|move|p2a: CoupeDeBoule|Ice Beam|p1a: Alakazam
|-damage|p1a: Alakazam|124\/313 par
|
|turn|61
|choice|move 3|move 1
|
|move|p1a: Alakazam|Recover|p1a: Alakazam
|-heal|p1a: Alakazam|280\/313 par
|move|p2a: CoupeDeBoule|Ice Beam|p1a: Alakazam
|-damage|p1a: Alakazam|216\/313 par
|
|turn|62
|choice|move 1|move 1
|
|move|p1a: Alakazam|Psychic|p2a: CoupeDeBoule
|-damage|p2a: CoupeDeBoule|347\/703 par
|move|p2a: CoupeDeBoule|Ice Beam|p1a: Alakazam
|-damage|p1a: Alakazam|153\/313 par
|
|turn|63
|choice|move 3|move 2
|
|cant|p1a: Alakazam|par
|move|p2a: CoupeDeBoule|Soft-Boiled|p2a: CoupeDeBoule
|-heal|p2a: CoupeDeBoule|698\/703 par
|
|turn|64
|choice|move 3|move 1
|
|move|p1a: Alakazam|Recover|p1a: Alakazam
|-heal|p1a: Alakazam|309\/313 par
|move|p2a: CoupeDeBoule|Ice Beam|p1a: Alakazam
|-damage|p1a: Alakazam|248\/313 par
|
|turn|65
|choice|move 1|move 1
|
|cant|p1a: Alakazam|par
|move|p2a: CoupeDeBoule|Ice Beam|p1a: Alakazam
|-damage|p1a: Alakazam|186\/313 par
|
|turn|66
|c|★Mister Tim|gg
|-message|Mister Tim forfeited.
|
|win|charrol
|player|p1
|player|p2
|L|Mister Tim
|c|★charrol|gg
|L|JegoBlaster