|J|mfhoundoom
|J|Alexander
|player|p1|mfhoundoom|169
|player|p2|Alexander|101
|gametype|singles
|gen|1
|tier|[Gen 1] OU
|seed|33790,19924,36200,18457
|rule|Sleep Clause Mod: Limit one foe put to sleep
|rule|Freeze Clause Mod: Limit one foe frozen
|rule|Species Clause: Limit one of each Pokémon
|rule|OHKO Clause: OHKO moves are banned
|rule|Evasion Moves Clause: Evasion moves are banned
|rule|HP Percentage Mod: HP is shown in percentages
|
|start
|switch|p1a: Alakazam|Alakazam|313\/313
|switch|p2a: Gengar|Gengar|323\/323
|turn|1
|choice|move 3|switch 2
|
|switch|p2a: Chansey|Chansey|703\/703
|move|p1a: Alakazam|Psychic|p2a: Chansey
|-crit|p2a: Chansey
|-damage|p2a: Chansey|442\/703
|-unboost|p2a: Chansey|spd|1
|-unboost|p2a: Chansey|spa|1
|
|turn|2
|J|Bomber
|choice|switch 6|move 1
|
|switch|p1a: Snorlax|Snorlax|523\/523
|move|p2a: Chansey|Sing|p1a: Snorlax
|-status|p1a: Snorlax|slp
|
|turn|3
|choice|switch 4|move 2
|
|switch|p1a: Exeggutor|Exeggutor|393\/393
|move|p2a: Chansey|Soft-Boiled|p2a: Chansey
|-heal|p2a: Chansey|703\/703
|
|turn|4
|choice|move 1|switch 2
|
|switch|p2a: Gengar|Gengar|323\/323
|move|p1a: Exeggutor|Sleep Powder|p2a: Gengar
|-status|p2a: Gengar|slp
|
|turn|5
|choice|move 3|switch 2
|
|switch|p2a: Chansey|Chansey|703\/703
|move|p1a: Exeggutor|Stun Spore|p2a: Chansey
|-status|p2a: Chansey|par
|
|turn|6
|J|Triangles RSE
|choice|switch 6|move 3
|
|switch|p1a: Alakazam|Alakazam|313\/313
|move|p2a: Chansey|Ice Beam|p1a: Alakazam
|-damage|p1a: Alakazam|251\/313
|
|turn|7
|choice|move 3|move 3
|
|move|p1a: Alakazam|Psychic|p2a: Chansey
|-damage|p2a: Chansey|571\/703 par
|-unboost|p2a: Chansey|spd|1
|-unboost|p2a: Chansey|spa|1
|move|p2a: Chansey|Ice Beam|p1a: Alakazam
|-damage|p1a: Alakazam|209\/313
|
|turn|8
|choice|move 3|move 4
|
|move|p1a: Alakazam|Psychic|p2a: Chansey
|-damage|p2a: Chansey|375\/703 par
|move|p2a: Chansey|Thunder Wave|p1a: Alakazam
|-status|p1a: Alakazam|par
|
|turn|9
|choice|move 3|move 2
|
|move|p1a: Alakazam|Psychic|p2a: Chansey
|-damage|p2a: Chansey|185\/703 par
|cant|p2a: Chansey|par
|
|turn|10
|choice|move 3|switch 5
|
|switch|p2a: Snorlax|Snorlax|523\/523
|move|p1a: Alakazam|Psychic|p2a: Snorlax
|-damage|p2a: Snorlax|343\/523
|
|turn|11
|J|choollio
|choice|switch 6|move 1
|
|switch|p1a: Exeggutor|Exeggutor|393\/393
|move|p2a: Snorlax|Body Slam|p1a: Exeggutor
|-damage|p1a: Exeggutor|275\/393
|-status|p1a: Exeggutor|par
|
|turn|12
|choice|move 2|move 1
|
|move|p2a: Snorlax|Body Slam|p1a: Exeggutor
|-damage|p1a: Exeggutor|150\/393 par
|move|p1a: Exeggutor|Psychic|p2a: Snorlax
|-damage|p2a: Snorlax|193\/523
|
|turn|13
|J|ggggd
|choice|switch 2|move 3
|
|switch|p1a: Golem|Golem|363\/363
|move|p2a: Snorlax|Hyper Beam|p1a: Golem
|-resisted|p1a: Golem
|-damage|p1a: Golem|281\/363
|
|turn|14
|-mustrecharge|p2a: Snorlax
|-mustrecharge|p2a: Snorlax
|choice|move 2|move 1
|
|move|p1a: Golem|Earthquake|p2a: Snorlax
|-damage|p2a: Snorlax|18\/523
|cant|p2a: Snorlax|recharge
|
|turn|15
|choice|move 1|switch 3
|
|switch|p2a: Cloyster|Cloyster|303\/303
|move|p1a: Golem|Rock Slide|p2a: Cloyster
|-supereffective|p2a: Cloyster
|-damage|p2a: Cloyster|189\/303
|
|turn|16
|choice|switch 6|move 1
|
|switch|p1a: Alakazam|Alakazam|209\/313 par
|move|p2a: Cloyster|Blizzard|p1a: Alakazam
|-damage|p1a: Alakazam|112\/313 par
|
|turn|17
|choice|move 1|move 2
|
|move|p2a: Cloyster|Clamp|p1a: Alakazam
|-damage|p1a: Alakazam|83\/313 par
|-activate|p1a: Alakazam|move: Clamp|[of] p2a: Cloyster
|cant|p1a: Alakazam|par
|
|turn|18
|choice|move 1|move 2
|
|move|p2a: Cloyster|Clamp|p1a: Alakazam
|-damage|p1a: Alakazam|54\/313 par
|cant|p1a: Alakazam|partiallytrapped
|
|turn|19
|choice|move 1|move 2
|
|move|p2a: Cloyster|Clamp|p1a: Alakazam
|-damage|p1a: Alakazam|25\/313 par
|cant|p1a: Alakazam|partiallytrapped
|
|-end|p1a: Alakazam|Clamp|[partiallytrapped]
|turn|20
|choice|move 1|move 2
|
|move|p2a: Cloyster|Clamp|p1a: Alakazam|[miss]
|-miss|p2a: Cloyster
|cant|p1a: Alakazam|par
|
|turn|21
|choice|move 1|move 1
|
|move|p2a: Cloyster|Blizzard|p1a: Alakazam
|-damage|p1a: Alakazam|0 fnt
|faint|p1a: Alakazam
|choice|switch 4|
|
|switch|p1a: Snorlax|Snorlax|523\/523 slp
|turn|22
|choice|move 1|move 1
|
|move|p2a: Cloyster|Blizzard|p1a: Snorlax
|-damage|p1a: Snorlax|344\/523 slp
|cant|p1a: Snorlax|slp
|
|turn|23
|choice|move 3|move 1
|
|move|p2a: Cloyster|Blizzard|p1a: Snorlax
|-damage|p1a: Snorlax|164\/523 slp
|cant|p1a: Snorlax|slp
|
|turn|24
|choice|switch 3|move 1
|
|switch|p1a: Chansey|Chansey|703\/703
|move|p2a: Cloyster|Blizzard|p1a: Chansey
|-damage|p1a: Chansey|576\/703
|
|turn|25
|c|★Alexander|we gotta play l8er\/tmrw second game tho
|c|★Alexander|g2g after dis
|c|★mfhoundoom|word
|choice|switch 3|switch 2
|
|switch|p2a: Gengar|Gengar|323\/323 slp
|switch|p1a: Snorlax|Snorlax|164\/523 slp
|
|turn|26
|choice|move 4|switch 2
|
|switch|p2a: Cloyster|Cloyster|189\/303
|cant|p1a: Snorlax|slp
|
|turn|27
|choice|switch 3|move 1
|
|switch|p1a: Chansey|Chansey|576\/703
|move|p2a: Cloyster|Blizzard|p1a: Chansey
|-damage|p1a: Chansey|462\/703
|
|turn|28
|choice|move 2|switch 2
|
|switch|p2a: Gengar|Gengar|323\/323 slp
|move|p1a: Chansey|Thunder Wave|p2a: Gengar
|-fail|p2a: Gengar
|
|turn|29
|choice|move 4|switch 5
|
|switch|p2a: Chansey|Chansey|185\/703 par
|move|p1a: Chansey|Soft-Boiled|p1a: Chansey
|-heal|p1a: Chansey|703\/703
|
|turn|30
|choice|switch 3|move 2
|
|switch|p1a: Snorlax|Snorlax|164\/523 slp
|cant|p2a: Chansey|par
|
|turn|31
|choice|move 4|move 2
|
|-curestatus|p1a: Snorlax|slp
|cant|p2a: Chansey|par
|
|turn|32
|J|Jsaok3
|choice|move 3|switch 5
|
|switch|p2a: Gengar|Gengar|323\/323 slp
|move|p1a: Snorlax|Amnesia|p1a: Snorlax
|-boost|p1a: Snorlax|spd|2
|-boost|p1a: Snorlax|spa|2
|
|turn|33
|choice|move 2|move 3
|
|cant|p2a: Gengar|slp
|move|p1a: Snorlax|Blizzard|p2a: Gengar
|-damage|p2a: Gengar|209\/323 slp
|
|turn|34
|choice|move 2|move 3
|
|cant|p2a: Gengar|slp
|move|p1a: Snorlax|Blizzard|p2a: Gengar
|-damage|p2a: Gengar|94\/323 slp
|
|turn|35
|choice|move 2|move 4
|
|cant|p2a: Gengar|slp
|move|p1a: Snorlax|Blizzard|p2a: Gengar
|-damage|p2a: Gengar|0 fnt
|faint|p2a: Gengar
|choice||switch 2
|
|switch|p2a: Cloyster|Cloyster|189\/303
|turn|36
|choice|switch 3|move 2
|
|switch|p1a: Chansey|Chansey|703\/703
|move|p2a: Cloyster|Clamp|p1a: Chansey
|-crit|p1a: Chansey
|-damage|p1a: Chansey|627\/703
|-activate|p1a: Chansey|move: Clamp|[of] p2a: Cloyster
|
|turn|37
|choice|move 2|switch 5
|
|switch|p2a: Chansey|Chansey|185\/703 par
|cant|p1a: Chansey|partiallytrapped
|
|-end|p1a: Chansey|Clamp|[partiallytrapped]
|turn|38
|choice|switch 3|move 2
|
|switch|p1a: Snorlax|Snorlax|164\/523
|move|p2a: Chansey|Soft-Boiled|p2a: Chansey
|-heal|p2a: Chansey|536\/703 par
|
|turn|39
|choice|move 1|move 3
|
|move|p1a: Snorlax|Body Slam|p2a: Chansey
|-damage|p2a: Chansey|234\/703 par
|move|p2a: Chansey|Ice Beam|p1a: Snorlax
|-damage|p1a: Snorlax|69\/523
|-status|p1a: Snorlax|frz
|
|turn|40
|choice|switch 2|move 2
|
|switch|p1a: Exeggutor|Exeggutor|150\/393 par
|move|p2a: Chansey|Soft-Boiled|p2a: Chansey
|-heal|p2a: Chansey|585\/703 par
|
|turn|41
|choice|move 1|move 3
|
|move|p1a: Exeggutor|Sleep Powder|p2a: Chansey
|-fail|p2a: Chansey
|move|p2a: Chansey|Ice Beam|p1a: Exeggutor
|-supereffective|p1a: Exeggutor
|-damage|p1a: Exeggutor|23\/393 par
|
|turn|42
|choice|move 2|switch 3
|
|switch|p2a: Snorlax|Snorlax|18\/523
|move|p1a: Exeggutor|Psychic|p2a: Snorlax
|-crit|p2a: Snorlax
|-damage|p2a: Snorlax|0 fnt
|faint|p2a: Snorlax
|choice||switch 6
|
|switch|p2a: Tauros|Tauros|353\/353
|turn|43
|L|Bomber
|choice|switch 2|move 1
|
|switch|p1a: Snorlax|Snorlax|69\/523 frz
|move|p2a: Tauros|Body Slam|p1a: Snorlax
|-crit|p1a: Snorlax
|-damage|p1a: Snorlax|0 fnt
|faint|p1a: Snorlax
|choice|switch 5|
|
|switch|p1a: Tauros|Tauros|353\/353
|turn|44
|choice|move 1|move 1
|
|move|p1a: Tauros|Body Slam|p2a: Tauros
|-damage|p2a: Tauros|257\/353
|move|p2a: Tauros|Body Slam|p1a: Tauros
|-damage|p1a: Tauros|250\/353
|
|turn|45
|choice|move 1|move 1
|
|move|p1a: Tauros|Body Slam|p2a: Tauros
|-crit|p2a: Tauros
|-damage|p2a: Tauros|42\/353
|move|p2a: Tauros|Body Slam|p1a: Tauros|[miss]
|-miss|p2a: Tauros
|
|turn|46
|choice|move 1|move 4
|
|move|p1a: Tauros|Body Slam|p2a: Tauros
|-damage|p2a: Tauros|0 fnt
|faint|p2a: Tauros
|choice||switch 5
|
|switch|p2a: Cloyster|Cloyster|189\/303
|turn|47
|choice|switch 3|move 1
|
|switch|p1a: Chansey|Chansey|627\/703
|move|p2a: Cloyster|Blizzard|p1a: Chansey
|-damage|p1a: Chansey|495\/703
|
|turn|48
|choice|move 2|move 2
|
|move|p2a: Cloyster|Clamp|p1a: Chansey
|-crit|p1a: Chansey
|-damage|p1a: Chansey|431\/703
|-activate|p1a: Chansey|move: Clamp|[of] p2a: Cloyster
|cant|p1a: Chansey|partiallytrapped
|
|turn|49
|choice|move 3|move 2
|
|move|p2a: Cloyster|Clamp|p1a: Chansey
|-damage|p1a: Chansey|367\/703
|cant|p1a: Chansey|partiallytrapped
|
|turn|50
|choice|move 2|move 2
|
|move|p2a: Cloyster|Clamp|p1a: Chansey
|-damage|p1a: Chansey|303\/703
|cant|p1a: Chansey|partiallytrapped
|
|-end|p1a: Chansey|Clamp|[partiallytrapped]
|turn|51
|choice|move 2|move 2
|
|move|p2a: Cloyster|Clamp|p1a: Chansey
|-damage|p1a: Chansey|265\/703
|-activate|p1a: Chansey|move: Clamp|[of] p2a: Cloyster
|cant|p1a: Chansey|partiallytrapped
|
|turn|52
|choice|move 2|move 2
|
|move|p2a: Cloyster|Clamp|p1a: Chansey
|-damage|p1a: Chansey|227\/703
|cant|p1a: Chansey|partiallytrapped
|
|-end|p1a: Chansey|Clamp|[partiallytrapped]
|turn|53
|choice|switch 6|move 3
|
|switch|p1a: Golem|Golem|281\/363
|move|p2a: Cloyster|Hyper Beam|p1a: Golem
|-crit|p1a: Golem
|-resisted|p1a: Golem
|-damage|p1a: Golem|192\/363
|
|turn|54
|-mustrecharge|p2a: Cloyster
|-mustrecharge|p2a: Cloyster
|choice|move 1|move 1
|
|cant|p2a: Cloyster|recharge
|move|p1a: Golem|Rock Slide|p2a: Cloyster
|-supereffective|p2a: Cloyster
|-damage|p2a: Cloyster|60\/303
|
|turn|55
|choice|switch 6|move 1
|
|switch|p1a: Chansey|Chansey|227\/703
|move|p2a: Cloyster|Blizzard|p1a: Chansey
|-damage|p1a: Chansey|97\/703
|
|turn|56
|choice|move 2|move 3
|
|move|p2a: Cloyster|Hyper Beam|p1a: Chansey
|-damage|p1a: Chansey|0 fnt
|faint|p1a: Chansey
|choice|switch 3|
|
|switch|p1a: Tauros|Tauros|250\/353
|turn|57
|choice|move 1|switch 3
|
|switch|p2a: Chansey|Chansey|585\/703 par
|move|p1a: Tauros|Body Slam|p2a: Chansey
|-damage|p2a: Chansey|302\/703 par
|
|turn|58
|choice|move 4|move 3
|
|move|p1a: Tauros|Hyper Beam|p2a: Chansey
|-crit|p2a: Chansey
|-damage|p2a: Chansey|0 fnt
|faint|p2a: Chansey
|J|galbia
|choice||switch 4
|
|switch|p2a: Alakazam|Alakazam|313\/313
|turn|59
|J|sugarhigh
|choice|switch 2|move 1
|
|switch|p1a: Exeggutor|Exeggutor|23\/393 par
|move|p2a: Alakazam|Psychic|p1a: Exeggutor
|-resisted|p1a: Exeggutor
|-damage|p1a: Exeggutor|0 fnt
|faint|p1a: Exeggutor
|choice|switch 6|
|
|switch|p1a: Golem|Golem|192\/363
|turn|60
|choice|move 4|move 3
|
|move|p2a: Alakazam|Reflect|p2a: Alakazam
|-start|p2a: Alakazam|Reflect
|move|p1a: Golem|Explosion|p2a: Alakazam
|-damage|p2a: Alakazam|106\/313
|faint|p1a: Golem
|choice|switch 2|
|
|switch|p1a: Tauros|Tauros|250\/353
|turn|61
|J|KratosMana
|choice|move 1|move 2
|
|move|p2a: Alakazam|Recover|p2a: Alakazam
|-heal|p2a: Alakazam|262\/313
|move|p1a: Tauros|Body Slam|p2a: Alakazam
|-damage|p2a: Alakazam|179\/313
|
|turn|62
|choice|move 1|move 4
|
|move|p2a: Alakazam|Thunder Wave|p1a: Tauros
|-status|p1a: Tauros|par
|cant|p1a: Tauros|par
|
|turn|63
|choice|move 1|move 1
|
|move|p2a: Alakazam|Psychic|p1a: Tauros
|-damage|p1a: Tauros|76\/353 par
|cant|p1a: Tauros|par
|
|turn|64
|L|KratosMana
|-message|mfhoundoom forfeited.
|
|win|Alexander