|inactive|Battle timer is ON: inactive players will automatically lose when time's up.
|J|Aurious
|J|CrapAtRBY
|player|p1|Aurious|56
|player|p2|CrapAtRBY|169
|gametype|singles
|gen|1
|tier|[Gen 1] OU
|seed|33393,62162,58910,22449
|rule|Sleep Clause Mod: Limit one foe put to sleep
|rule|Freeze Clause Mod: Limit one foe frozen
|rule|Species Clause: Limit one of each Pokémon
|rule|OHKO Clause: OHKO moves are banned
|rule|Evasion Moves Clause: Evasion moves are banned
|rule|HP Percentage Mod: HP is shown in percentages
|
|start
|switch|p1a: Alakazam|Alakazam|313\/313
|switch|p2a: Jynx|Jynx|333\/333
|turn|1
|c|★Aurious|hf
|c|★CrapAtRBY|you too
|choice|move 4|move 1
|
|move|p1a: Alakazam|Thunder Wave|p2a: Jynx
|-status|p2a: Jynx|par
|move|p2a: Jynx|Blizzard|p1a: Alakazam|[miss]
|-miss|p2a: Jynx
|
|turn|2
|J|Droggelbescher
|choice|move 2|move 3
|
|move|p1a: Alakazam|Seismic Toss|p2a: Jynx
|-damage|p2a: Jynx|233\/333 par
|move|p2a: Jynx|Lovely Kiss|p1a: Alakazam
|-status|p1a: Alakazam|slp
|
|turn|3
|J|celebitrainer36
|c|+celebitrainer36|why is your self confidence so low D:
|choice|switch 4|move 1
|
|switch|p1a: Chansey|Chansey|703\/703
|move|p2a: Jynx|Blizzard|p1a: Chansey
|-damage|p1a: Chansey|575\/703
|
|turn|4
|choice|move 3|move 1
|
|move|p1a: Chansey|Thunderbolt|p2a: Jynx
|-crit|p2a: Jynx
|-damage|p2a: Jynx|68\/333 par
|move|p2a: Jynx|Blizzard|p1a: Chansey
|-damage|p1a: Chansey|437\/703
|
|turn|5
|choice|move 3|move 1
|
|move|p1a: Chansey|Thunderbolt|p2a: Jynx
|-damage|p2a: Jynx|0 fnt
|faint|p2a: Jynx
|J|Mount Average
|choice||switch 6
|
|switch|p2a: Zapdos|Zapdos|383\/383
|turn|6
|J|hkmn
|L|Mount Average
|choice|move 2|move 3
|
|move|p2a: Zapdos|Thunder Wave|p1a: Chansey
|-status|p1a: Chansey|par
|move|p1a: Chansey|Thunder Wave|p2a: Zapdos
|-status|p2a: Zapdos|par
|
|turn|7
|choice|switch 2|move 4
|
|switch|p1a: Zapdos|Zapdos|383\/383
|move|p2a: Zapdos|Agility|p2a: Zapdos
|-boost|p2a: Zapdos|spe|2
|
|turn|8
|choice|move 1|move 3
|
|move|p2a: Zapdos|Thunder Wave|p1a: Zapdos
|-status|p1a: Zapdos|par
|move|p1a: Zapdos|Thunderbolt|p2a: Zapdos
|-damage|p2a: Zapdos|270\/383 par
|
|turn|9
|choice|move 1|move 1
|
|move|p2a: Zapdos|Thunderbolt|p1a: Zapdos
|-damage|p1a: Zapdos|279\/383 par
|move|p1a: Zapdos|Thunderbolt|p2a: Zapdos
|-damage|p2a: Zapdos|156\/383 par
|
|turn|10
|choice|move 1|move 1
|
|cant|p2a: Zapdos|par
|cant|p1a: Zapdos|par
|
|turn|11
|choice|move 1|move 1
|
|cant|p2a: Zapdos|par
|move|p1a: Zapdos|Thunderbolt|p2a: Zapdos
|-crit|p2a: Zapdos
|-damage|p2a: Zapdos|0 fnt
|faint|p2a: Zapdos
|c|★Aurious|im sorry
|choice||switch 4
|
|switch|p2a: Snorlax|Snorlax|523\/523
|turn|12
|choice|move 2|move 1
|
|move|p2a: Snorlax|Body Slam|p1a: Zapdos
|-damage|p1a: Zapdos|200\/383 par
|move|p1a: Zapdos|Thunder Wave|p2a: Snorlax
|-status|p2a: Snorlax|par
|
|turn|13
|choice|move 1|move 1
|
|cant|p1a: Zapdos|par
|move|p2a: Snorlax|Body Slam|p1a: Zapdos
|-damage|p1a: Zapdos|119\/383 par
|
|turn|14
|choice|move 4|move 2
|
|move|p1a: Zapdos|Thunder|p2a: Snorlax
|-damage|p2a: Snorlax|316\/523 par
|cant|p2a: Snorlax|par
|
|turn|15
|choice|move 1|move 2
|
|move|p1a: Zapdos|Thunderbolt|p2a: Snorlax
|-damage|p2a: Snorlax|138\/523 par
|cant|p2a: Snorlax|par
|
|turn|16
|choice|move 1|move 2
|
|cant|p1a: Zapdos|par
|move|p2a: Snorlax|Hyper Beam|p1a: Zapdos
|-damage|p1a: Zapdos|0 fnt
|faint|p1a: Zapdos
|choice|switch 5|
|
|switch|p1a: Exeggutor|Exeggutor|393\/393
|turn|17
|choice|move 3|move 4
|
|move|p1a: Exeggutor|Psychic|p2a: Snorlax
|-damage|p2a: Snorlax|0 fnt
|faint|p2a: Snorlax
|choice||switch 2
|
|switch|p2a: Exeggutor|Exeggutor|393\/393
|turn|18
|choice|switch 2|move 2
|
|switch|p1a: Chansey|Chansey|437\/703 par
|move|p2a: Exeggutor|Stun Spore|p1a: Chansey|[miss]
|-miss|p2a: Exeggutor
|
|turn|19
|choice|move 1|move 3
|
|move|p2a: Exeggutor|Psychic|p1a: Chansey
|-damage|p1a: Chansey|320\/703 par
|move|p1a: Chansey|Soft-Boiled|p1a: Chansey
|-heal|p1a: Chansey|671\/703 par
|
|turn|20
|choice|switch 4|move 3
|
|switch|p1a: Alakazam|Alakazam|313\/313 slp
|move|p2a: Exeggutor|Psychic|p1a: Alakazam
|-resisted|p1a: Alakazam
|-damage|p1a: Alakazam|264\/313 slp
|
|turn|21
|choice|switch 4|switch 5
|
|switch|p1a: Chansey|Chansey|671\/703 par
|switch|p2a: Tauros|Tauros|353\/353
|
|turn|22
|choice|move 2|move 1
|
|move|p2a: Tauros|Body Slam|p1a: Chansey
|-damage|p1a: Chansey|404\/703 par
|move|p1a: Chansey|Thunder Wave|p2a: Tauros
|-status|p2a: Tauros|par
|
|turn|23
|J|Gualino
|L|Gualino
|choice|switch 2|move 1
|
|switch|p1a: Exeggutor|Exeggutor|393\/393
|move|p2a: Tauros|Body Slam|p1a: Exeggutor
|-damage|p1a: Exeggutor|288\/393
|-status|p1a: Exeggutor|par
|
|turn|24
|choice|move 4|move 4
|
|cant|p2a: Tauros|par
|move|p1a: Exeggutor|Explosion|p2a: Tauros
|-damage|p2a: Tauros|100\/353 par
|faint|p1a: Exeggutor
|choice|switch 6|
|
|switch|p1a: Snorlax|Snorlax|523\/523
|turn|25
|choice|move 1|move 2
|
|move|p1a: Snorlax|Body Slam|p2a: Tauros
|-damage|p2a: Tauros|0 fnt
|faint|p2a: Tauros
|choice||switch 5
|
|switch|p2a: Exeggutor|Exeggutor|393\/393
|turn|26
|choice|switch 2|move 3
|
|switch|p1a: Chansey|Chansey|404\/703 par
|move|p2a: Exeggutor|Psychic|p1a: Chansey
|-damage|p1a: Chansey|284\/703 par
|-unboost|p1a: Chansey|spd|1
|-unboost|p1a: Chansey|spa|1
|
|turn|27
|choice|switch 4|move 3
|
|switch|p1a: Alakazam|Alakazam|264\/313 slp
|move|p2a: Exeggutor|Psychic|p1a: Alakazam
|-resisted|p1a: Alakazam
|-damage|p1a: Alakazam|211\/313 slp
|-unboost|p1a: Alakazam|spd|1
|-unboost|p1a: Alakazam|spa|1
|
|turn|28
|choice|move 4|move 3
|
|cant|p1a: Alakazam|slp
|move|p2a: Exeggutor|Psychic|p1a: Alakazam
|-resisted|p1a: Alakazam
|-damage|p1a: Alakazam|139\/313 slp
|
|turn|29
|choice|move 4|move 3
|
|cant|p1a: Alakazam|slp
|move|p2a: Exeggutor|Psychic|p1a: Alakazam
|-resisted|p1a: Alakazam
|-damage|p1a: Alakazam|67\/313 slp
|
|turn|30
|choice|move 4|move 3
|
|cant|p1a: Alakazam|slp
|move|p2a: Exeggutor|Psychic|p1a: Alakazam
|-resisted|p1a: Alakazam
|-damage|p1a: Alakazam|0 fnt
|faint|p1a: Alakazam
|choice|switch 4|
|
|switch|p1a: Chansey|Chansey|284\/703 par
|turn|31
|choice|move 2|move 3
|
|move|p2a: Exeggutor|Psychic|p1a: Chansey
|-damage|p1a: Chansey|166\/703 par
|move|p1a: Chansey|Thunder Wave|p2a: Exeggutor
|-status|p2a: Exeggutor|par
|
|turn|32
|choice|move 1|move 3
|
|cant|p2a: Exeggutor|par
|move|p1a: Chansey|Soft-Boiled|p1a: Chansey
|-heal|p1a: Chansey|517\/703 par
|
|turn|33
|choice|move 4|move 3
|
|move|p2a: Exeggutor|Psychic|p1a: Chansey
|-damage|p1a: Chansey|396\/703 par
|-unboost|p1a: Chansey|spd|1
|-unboost|p1a: Chansey|spa|1
|cant|p1a: Chansey|par
|
|turn|34
|choice|move 4|move 3
|
|move|p2a: Exeggutor|Psychic|p1a: Chansey
|-damage|p1a: Chansey|215\/703 par
|-unboost|p1a: Chansey|spd|1
|-unboost|p1a: Chansey|spa|1
|cant|p1a: Chansey|par
|
|turn|35
|L|celebitrainer36
|choice|switch 2|move 3
|
|switch|p1a: Snorlax|Snorlax|523\/523
|move|p2a: Exeggutor|Psychic|p1a: Snorlax
|-damage|p1a: Snorlax|352\/523
|-unboost|p1a: Snorlax|spd|1
|-unboost|p1a: Snorlax|spa|1
|
|turn|36
|choice|move 3|move 2
|
|move|p1a: Snorlax|Self-Destruct|p2a: Exeggutor
|-damage|p2a: Exeggutor|21\/393 par
|faint|p1a: Snorlax
|choice|switch 3|
|
|switch|p1a: Tauros|Tauros|353\/353
|turn|37
|choice|move 1|move 4
|
|move|p1a: Tauros|Body Slam|p2a: Exeggutor
|-damage|p2a: Exeggutor|0 fnt
|faint|p2a: Exeggutor
|choice||switch 3
|
|switch|p2a: Chansey|Chansey|703\/703
|turn|38
|choice|switch 2|move 3
|
|switch|p1a: Chansey|Chansey|215\/703 par
|move|p2a: Chansey|Thunder Wave|p1a: Chansey
|-fail|p1a: Chansey|par
|
|turn|39
|choice|move 1|move 2
|
|move|p2a: Chansey|Reflect|p2a: Chansey
|-start|p2a: Chansey|Reflect
|cant|p1a: Chansey|par
|
|turn|40
|choice|move 1|move 1
|
|move|p2a: Chansey|Seismic Toss|p1a: Chansey
|-damage|p1a: Chansey|115\/703 par
|move|p1a: Chansey|Soft-Boiled|p1a: Chansey
|-heal|p1a: Chansey|466\/703 par
|
|turn|41
|choice|move 1|move 1
|
|move|p2a: Chansey|Seismic Toss|p1a: Chansey
|-damage|p1a: Chansey|366\/703 par
|move|p1a: Chansey|Soft-Boiled|p1a: Chansey
|-heal|p1a: Chansey|703\/703 par
|
|turn|42
|choice|move 4|move 1
|
|move|p2a: Chansey|Seismic Toss|p1a: Chansey
|-damage|p1a: Chansey|603\/703 par
|move|p1a: Chansey|Ice Beam|p2a: Chansey
|-damage|p2a: Chansey|622\/703
|
|turn|43
|choice|move 4|move 1
|
|move|p2a: Chansey|Seismic Toss|p1a: Chansey
|-damage|p1a: Chansey|503\/703 par
|move|p1a: Chansey|Ice Beam|p2a: Chansey
|-crit|p2a: Chansey
|-damage|p2a: Chansey|477\/703
|
|turn|44
|choice|move 1|move 1
|
|move|p2a: Chansey|Seismic Toss|p1a: Chansey
|-damage|p1a: Chansey|403\/703 par
|move|p1a: Chansey|Soft-Boiled|p1a: Chansey
|-heal|p1a: Chansey|703\/703 par
|
|turn|45
|choice|move 4|move 1
|
|move|p2a: Chansey|Seismic Toss|p1a: Chansey
|-damage|p1a: Chansey|603\/703 par
|move|p1a: Chansey|Ice Beam|p2a: Chansey
|-damage|p2a: Chansey|406\/703
|
|turn|46
|choice|move 4|move 4
|
|move|p2a: Chansey|Soft-Boiled|p2a: Chansey
|-heal|p2a: Chansey|703\/703
|move|p1a: Chansey|Ice Beam|p2a: Chansey
|-damage|p2a: Chansey|627\/703
|-status|p2a: Chansey|frz
|
|turn|47
|c|★CrapAtRBY|gg
|c|★Aurious|ah
|c|★Aurious|gg man
|-message|CrapAtRBY forfeited.
|
|win|Aurious