|J|Nails
|J|KratosMana
|player|p1|Nails|266
|player|p2|KratosMana|166
|gametype|singles
|gen|1
|tier|[Gen 1] Ubers
|seed|60955,60379,31643,49021
|rule|Sleep Clause Mod: Limit one foe put to sleep
|rule|Freeze Clause Mod: Limit one foe frozen
|rule|Species Clause: Limit one of each Pokémon
|rule|OHKO Clause: OHKO moves are banned
|rule|Evasion Moves Clause: Evasion moves are banned
|rule|HP Percentage Mod: HP is shown in percentages
|
|start
|switch|p1a: Jynx|Jynx|333\/333
|switch|p2a: Jynx|Jynx|333\/333
|turn|1
|choice|move 1|move 3
|
|move|p1a: Jynx|Lovely Kiss|p2a: Jynx
|-status|p2a: Jynx|slp
|cant|p2a: Jynx|slp
|
|turn|2
|J|DOGS & MEMES
|choice|switch 5|move 3
|
|switch|p1a: Tauros|Tauros|353\/353
|-curestatus|p2a: Jynx|slp
|
|turn|3
|c|★KratosMana|?
|choice|switch 5|move 3
|
|switch|p1a: Jynx|Jynx|333\/333
|move|p2a: Jynx|Lovely Kiss|p1a: Jynx
|-status|p1a: Jynx|slp
|
|turn|4
|J|Deltastatics
|choice|switch 4|switch 6
|
|switch|p1a: Slowbro|Slowbro|393\/393
|switch|p2a: Tauros|Tauros|353\/353
|
|turn|5
|choice|move 1|switch 4
|
|switch|p2a: Chansey|Chansey|703\/703
|move|p1a: Slowbro|Amnesia|p1a: Slowbro
|-boost|p1a: Slowbro|spd|2
|-boost|p1a: Slowbro|spa|2
|
|turn|6
|choice|move 1|move 1
|
|move|p2a: Chansey|Light Screen|p2a: Chansey
|-start|p2a: Chansey|Light Screen
|move|p1a: Slowbro|Amnesia|p1a: Slowbro
|-boost|p1a: Slowbro|spd|2
|-boost|p1a: Slowbro|spa|2
|
|turn|7
|choice|move 1|move 4
|
|move|p2a: Chansey|Thunder Wave|p1a: Slowbro
|-status|p1a: Slowbro|par
|move|p1a: Slowbro|Amnesia|p1a: Slowbro
|-boost|p1a: Slowbro|spd|2
|-boost|p1a: Slowbro|spa|2
|
|turn|8
|choice|move 3|move 3
|
|move|p2a: Chansey|Seismic Toss|p1a: Slowbro
|-damage|p1a: Slowbro|293\/393 par
|move|p1a: Slowbro|Psychic|p2a: Chansey
|-damage|p2a: Chansey|539\/703
|-unboost|p2a: Chansey|spd|1
|-unboost|p2a: Chansey|spa|1
|
|turn|9
|J|ggggd
|choice|move 3|move 3
|
|move|p2a: Chansey|Seismic Toss|p1a: Slowbro
|-damage|p1a: Slowbro|193\/393 par
|move|p1a: Slowbro|Psychic|p2a: Chansey
|-damage|p2a: Chansey|300\/703
|
|turn|10
|choice|move 2|move 2
|
|move|p2a: Chansey|Soft-Boiled|p2a: Chansey
|-heal|p2a: Chansey|651\/703
|cant|p1a: Slowbro|par
|
|turn|11
|choice|move 4|move 3
|
|move|p2a: Chansey|Seismic Toss|p1a: Slowbro
|-damage|p1a: Slowbro|93\/393 par
|move|p1a: Slowbro|Rest|p1a: Slowbro
|-status|p1a: Slowbro|slp
|-heal|p1a: Slowbro|393\/393 slp|[silent]
|-status|p1a: Slowbro|slp|[from] move: Rest
|
|turn|12
|choice|move 3|move 3
|
|move|p2a: Chansey|Seismic Toss|p1a: Slowbro
|-damage|p1a: Slowbro|293\/393 slp
|cant|p1a: Slowbro|slp
|
|turn|13
|choice|move 3|move 3
|
|move|p2a: Chansey|Seismic Toss|p1a: Slowbro
|-damage|p1a: Slowbro|193\/393 slp
|-curestatus|p1a: Slowbro|slp
|
|turn|14
|choice|move 2|move 4
|
|move|p2a: Chansey|Thunder Wave|p1a: Slowbro
|-status|p1a: Slowbro|par
|move|p1a: Slowbro|Thunder Wave|p2a: Chansey
|-status|p2a: Chansey|par
|
|turn|15
|choice|move 3|move 3
|
|move|p2a: Chansey|Seismic Toss|p1a: Slowbro
|-damage|p1a: Slowbro|93\/393 par
|move|p1a: Slowbro|Psychic|p2a: Chansey
|-damage|p2a: Chansey|374\/703 par
|-unboost|p2a: Chansey|spd|1
|-unboost|p2a: Chansey|spa|1
|
|turn|16
|c|★Nails|dam
|J|Villa
|c|★Nails|fp pls
|choice|move 4|move 3
|
|move|p2a: Chansey|Seismic Toss|p1a: Slowbro
|-damage|p1a: Slowbro|0 fnt
|faint|p1a: Slowbro
|choice|switch 6|
|
|switch|p1a: Snorlax|Snorlax|523\/523
|turn|17
|J|nbf per la gente
|choice|move 1|switch 2
|
|switch|p2a: Mewtwo|Mewtwo|415\/415
|move|p1a: Snorlax|Body Slam|p2a: Mewtwo
|-damage|p2a: Mewtwo|291\/415
|
|turn|18
|choice|move 1|move 2
|
|move|p2a: Mewtwo|Psychic|p1a: Snorlax
|-damage|p1a: Snorlax|341\/523
|move|p1a: Snorlax|Body Slam|p2a: Mewtwo
|-damage|p2a: Mewtwo|172\/415
|
|turn|19
|choice|move 1|switch 6
|
|switch|p2a: Jynx|Jynx|333\/333
|move|p1a: Snorlax|Body Slam|p2a: Jynx
|-damage|p2a: Jynx|150\/333
|
|turn|20
|c|★KratosMana|thats not boom
|J|Becks
|choice|move 1|move 1
|
|move|p2a: Jynx|Blizzard|p1a: Snorlax
|-crit|p1a: Snorlax
|-damage|p1a: Snorlax|0 fnt
|faint|p1a: Snorlax
|J|lLLUSIONIST
|c|★KratosMana|oh.
|c|★Nails|wheres my lax
|choice|switch 5|
|
|switch|p1a: Tauros|Tauros|353\/353
|turn|21
|J|giara
|choice|move 1|move 1
|
|move|p1a: Tauros|Body Slam|p2a: Jynx
|-damage|p2a: Jynx|0 fnt
|faint|p2a: Jynx
|choice||switch 6
|
|switch|p2a: Mewtwo|Mewtwo|172\/415
|turn|22
|choice|move 1|move 4
|
|move|p2a: Mewtwo|Recover|p2a: Mewtwo
|-heal|p2a: Mewtwo|379\/415
|move|p1a: Tauros|Body Slam|p2a: Mewtwo
|-damage|p2a: Mewtwo|268\/415
|
|turn|23
|c|★KratosMana|0
|choice|switch 3|move 2
|
|switch|p1a: Mewtwo|Mewtwo|415\/415
|move|p2a: Mewtwo|Psychic|p1a: Mewtwo
|-resisted|p1a: Mewtwo
|-damage|p1a: Mewtwo|362\/415
|-unboost|p1a: Mewtwo|spd|1
|-unboost|p1a: Mewtwo|spa|1
|
|turn|24
|c|★Nails|cheat
|choice|move 4|switch 5
|
|switch|p2a: Zapdos|Zapdos|383\/383
|move|p1a: Mewtwo|Amnesia|p1a: Mewtwo
|-boost|p1a: Mewtwo|spd|2
|-boost|p1a: Mewtwo|spa|2
|
|turn|25
|choice|move 3|move 4
|
|move|p1a: Mewtwo|Ice Beam|p2a: Zapdos
|-crit|p2a: Zapdos
|-supereffective|p2a: Zapdos
|-damage|p2a: Zapdos|41\/383
|move|p2a: Zapdos|Thunder Wave|p1a: Mewtwo
|-status|p1a: Mewtwo|par
|
|turn|26
|c|★KratosMana|0
|choice|move 2|move 2
|
|move|p2a: Zapdos|Drill Peck|p1a: Mewtwo
|-damage|p1a: Mewtwo|261\/415 par
|cant|p1a: Mewtwo|par
|
|turn|27
|choice|move 1|move 2
|
|move|p2a: Zapdos|Drill Peck|p1a: Mewtwo
|-damage|p1a: Mewtwo|172\/415 par
|move|p1a: Mewtwo|Recover|p1a: Mewtwo
|-heal|p1a: Mewtwo|379\/415 par
|
|turn|28
|c|★Nails|cheat.
|c|★KratosMana|fuck.
|choice|move 4|move 2
|
|move|p2a: Zapdos|Drill Peck|p1a: Mewtwo
|-crit|p1a: Mewtwo
|-damage|p1a: Mewtwo|182\/415 par
|move|p1a: Mewtwo|Amnesia|p1a: Mewtwo
|-boost|p1a: Mewtwo|spd|2
|-boost|p1a: Mewtwo|spa|2
|
|turn|29
|choice|move 1|switch 3
|
|switch|p2a: Mew|Mew|403\/403
|cant|p1a: Mewtwo|par
|
|turn|30
|choice|move 1|move 1
|
|move|p2a: Mew|Swords Dance|p2a: Mew
|-boost|p2a: Mew|atk|2
|cant|p1a: Mewtwo|par
|
|turn|31
|c|★KratosMana|phew.
|choice|switch 2|move 3
|
|switch|p1a: Mew|Mew|403\/403
|move|p2a: Mew|Hyper Beam|p1a: Mew
|-damage|p1a: Mew|163\/403
|
|turn|32
|-mustrecharge|p2a: Mew
|-mustrecharge|p2a: Mew
|choice|move 4|move 1
|
|move|p1a: Mew|Reflect|p1a: Mew
|-start|p1a: Mew|Reflect
|cant|p2a: Mew|recharge
|
|turn|33
|choice|move 3|move 1
|
|move|p1a: Mew|Soft-Boiled|p1a: Mew
|-heal|p1a: Mew|364\/403
|move|p2a: Mew|Swords Dance|p2a: Mew
|-boost|p2a: Mew|atk|2
|
|turn|34
|choice|move 1|move 1
|
|move|p2a: Mew|Swords Dance|p2a: Mew
|-boost|p2a: Mew|atk|2
|move|p1a: Mew|Swords Dance|p1a: Mew
|-boost|p1a: Mew|atk|2
|
|turn|35
|choice|move 1|move 2
|
|move|p2a: Mew|Earthquake|p1a: Mew
|-damage|p1a: Mew|226\/403
|move|p1a: Mew|Swords Dance|p1a: Mew
|-boost|p1a: Mew|atk|2
|
|turn|36
|c|★KratosMana|rip
|choice|move 3|move 2
|
|move|p2a: Mew|Earthquake|p1a: Mew
|-damage|p1a: Mew|101\/403
|move|p1a: Mew|Soft-Boiled|p1a: Mew
|-heal|p1a: Mew|302\/403
|
|turn|37
|choice|move 1|move 2
|
|move|p1a: Mew|Swords Dance|p1a: Mew
|-boost|p1a: Mew|atk|2
|move|p2a: Mew|Earthquake|p1a: Mew
|-damage|p1a: Mew|173\/403
|
|turn|38
|choice|move 3|move 3
|
|move|p1a: Mew|Soft-Boiled|p1a: Mew
|-heal|p1a: Mew|374\/403
|move|p2a: Mew|Hyper Beam|p1a: Mew
|-damage|p1a: Mew|187\/403
|
|turn|39
|-mustrecharge|p2a: Mew
|-mustrecharge|p2a: Mew
|choice|move 3|move 1
|
|move|p1a: Mew|Soft-Boiled|p1a: Mew
|-heal|p1a: Mew|388\/403
|cant|p2a: Mew|recharge
|
|turn|40
|choice|move 2|move 2
|
|move|p2a: Mew|Earthquake|p1a: Mew
|-damage|p1a: Mew|253\/403
|move|p1a: Mew|Earthquake|p2a: Mew
|-damage|p2a: Mew|136\/403
|
|turn|41
|c|★Nails|why dont i have body slam
|choice|move 2|move 2
|
|move|p1a: Mew|Earthquake|p2a: Mew
|-damage|p2a: Mew|0 fnt
|faint|p2a: Mew
|choice||switch 5
|
|switch|p2a: Mewtwo|Mewtwo|268\/415
|turn|42
|choice|move 2|move 3
|
|move|p2a: Mewtwo|Thunderbolt|p1a: Mew
|-damage|p1a: Mew|159\/403
|move|p1a: Mew|Earthquake|p2a: Mewtwo
|-damage|p2a: Mewtwo|0 fnt
|faint|p2a: Mewtwo
|choice||switch 4
|
|switch|p2a: Tauros|Tauros|353\/353
|turn|43
|choice|move 2|move 1
|
|move|p2a: Tauros|Body Slam|p1a: Mew
|-damage|p1a: Mew|106\/403
|move|p1a: Mew|Earthquake|p2a: Tauros
|-damage|p2a: Tauros|92\/353
|
|turn|44
|c|★KratosMana|brb
|c|★Nails|why havent you gone
|c|★Nails|to zapper
|c|★Nails|either
|L|ggggd
|c|★KratosMana|oh shit
|c|★KratosMana|oops
|choice|move 2|move 1
|
|move|p2a: Tauros|Body Slam|p1a: Mew
|-damage|p1a: Mew|58\/403
|move|p1a: Mew|Earthquake|p2a: Tauros
|-crit|p2a: Tauros
|-damage|p2a: Tauros|0 fnt
|faint|p2a: Tauros
|choice||switch 3
|
|switch|p2a: Zapdos|Zapdos|41\/383
|turn|45
|choice|move 3|move 1
|
|move|p1a: Mew|Soft-Boiled|p1a: Mew
|-heal|p1a: Mew|259\/403
|move|p2a: Zapdos|Thunderbolt|p1a: Mew
|-damage|p1a: Mew|121\/403
|
|turn|46
|choice|move 3|move 1
|
|move|p2a: Zapdos|Thunderbolt|p1a: Mew
|-damage|p1a: Mew|0 fnt
|faint|p1a: Mew
|choice|switch 3|
|
|switch|p1a: Tauros|Tauros|353\/353
|turn|47
|choice|move 1|move 1
|
|move|p1a: Tauros|Body Slam|p2a: Zapdos
|-damage|p2a: Zapdos|0 fnt
|faint|p2a: Zapdos
|c|★Nails|:P
|choice||switch 2
|
|switch|p2a: Chansey|Chansey|374\/703 par
|turn|48
|c|★KratosMana|GG
|choice|move 2|move 3
|
|move|p1a: Tauros|Hyper Beam|p2a: Chansey
|-damage|p2a: Chansey|0 fnt
|faint|p2a: Chansey
|
|win|Nails