|inactive|Battle timer is ON: inactive players will automatically lose when time's up.
|J|Finchinator
|J|Disenchanted
|player|p1|Finchinator|1
|player|p2|Disenchanted|170
|gametype|singles
|gen|1
|tier|[Gen 1] OU
|seed|42050,48168,63072,20739
|rule|Sleep Clause Mod: Limit one foe put to sleep
|rule|Freeze Clause Mod: Limit one foe frozen
|rule|Species Clause: Limit one of each Pokémon
|rule|OHKO Clause: OHKO moves are banned
|rule|Evasion Moves Clause: Evasion moves are banned
|rule|HP Percentage Mod: HP is shown in percentages
|
|start
|switch|p1a: Starmie|Starmie|323\/323
|switch|p2a: Alakazam|Alakazam|313\/313
|turn|1
|c|★Disenchanted|k
|c|★Disenchanted|now i'm gonna play
|c|★Disenchanted|using my full potential
|c|★Disenchanted|.
|J|Tatsuma
|choice|switch 4|move 1
|
|switch|p1a: Chansey|Chansey|703\/703
|move|p2a: Alakazam|Psychic|p1a: Chansey
|-crit|p1a: Chansey
|-damage|p1a: Chansey|476\/703
|-unboost|p1a: Chansey|spd|1
|-unboost|p1a: Chansey|spa|1
|
|turn|2
|c|+Tatsuma|o_o
|c|★Disenchanted|see
|choice|move 4|move 1
|
|move|p2a: Alakazam|Psychic|p1a: Chansey
|-damage|p1a: Chansey|280\/703
|move|p1a: Chansey|Soft-Boiled|p1a: Chansey
|-heal|p1a: Chansey|631\/703
|
|turn|3
|J|Clueless
|choice|switch 2|move 1
|
|switch|p1a: Exeggutor|Exeggutor|393\/393
|move|p2a: Alakazam|Psychic|p1a: Exeggutor
|-resisted|p1a: Exeggutor
|-damage|p1a: Exeggutor|337\/393
|
|turn|4
|c|★Disenchanted|now dodge
|c|★Disenchanted|kazam
|choice|move 2|move 4
|
|move|p2a: Alakazam|Seismic Toss|p1a: Exeggutor
|-damage|p1a: Exeggutor|237\/393
|move|p1a: Exeggutor|Sleep Powder|p2a: Alakazam|[miss]
|-miss|p1a: Exeggutor
|
|turn|5
|c|★Disenchanted|good boy
|choice|move 2|move 4
|
|move|p2a: Alakazam|Seismic Toss|p1a: Exeggutor
|-damage|p1a: Exeggutor|137\/393
|move|p1a: Exeggutor|Sleep Powder|p2a: Alakazam
|-status|p2a: Alakazam|slp
|
|turn|6
|choice|switch 6|move 4
|
|switch|p1a: Tauros|Tauros|353\/353
|cant|p2a: Alakazam|slp
|
|turn|7
|c|+Tatsuma|wake up
|c|+Tatsuma|:(
|choice|move 1|switch 3
|
|switch|p2a: Starmie|Starmie|323\/323
|move|p1a: Tauros|Body Slam|p2a: Starmie
|-damage|p2a: Starmie|208\/323
|
|turn|8
|choice|switch 2|move 3
|
|switch|p1a: Chansey|Chansey|631\/703
|move|p2a: Starmie|Blizzard|p1a: Chansey
|-damage|p1a: Chansey|538\/703
|-status|p1a: Chansey|frz
|
|turn|9
|c|★Finchinator|dude
|c|★Finchinator|you're 2\/2
|J|Omastar42
|c|★Finchinator|on first turn fr
|c|★Finchinator|frz
|c|★Finchinator|wtf
|c|★Finchinator|lmao
|c|★Disenchanted|thats cool
|c|+Tatsuma|lmao
|c|★Disenchanted|isnt it
|choice|switch 3|move 4
|
|switch|p1a: Snorlax|Snorlax|523\/523
|move|p2a: Starmie|Recover|p2a: Starmie
|-heal|p2a: Starmie|323\/323
|
|turn|10
|J|Demerging
|c|★Disenchanted|tiba taught me
|c|★Disenchanted|that
|J|Draciel RC
|c|+Tatsuma|stay cold man o_o
|J|Mr.378
|choice|move 1|switch 6
|
|switch|p2a: Snorlax|Snorlax|523\/523
|move|p1a: Snorlax|Body Slam|p2a: Snorlax
|-damage|p2a: Snorlax|379\/523
|
|turn|11
|choice|move 4|move 2
|
|move|p1a: Snorlax|Earthquake|p2a: Snorlax
|-damage|p2a: Snorlax|268\/523
|move|p2a: Snorlax|Counter|p1a: Snorlax
|-fail|p2a: Snorlax
|
|turn|12
|choice|move 1|move 1
|
|move|p1a: Snorlax|Body Slam|p2a: Snorlax
|-damage|p2a: Snorlax|140\/523
|move|p2a: Snorlax|Body Slam|p1a: Snorlax
|-damage|p1a: Snorlax|392\/523
|
|turn|13
|choice|switch 3|move 4
|
|switch|p1a: Chansey|Chansey|538\/703 frz
|move|p2a: Snorlax|Self-Destruct|p1a: Chansey
|-damage|p1a: Chansey|0 fnt
|faint|p1a: Chansey
|faint|p2a: Snorlax
|c|★Finchinator|im god
|c|★Finchinator|ok
|choice|switch 4|switch 5
|
|switch|p1a: Starmie|Starmie|323\/323
|switch|p2a: Exeggutor|Exeggutor|393\/393
|turn|14
|c|+Mr.378|Put this man in rby asap.
|choice|move 2|move 1
|
|move|p1a: Starmie|Blizzard|p2a: Exeggutor
|-supereffective|p2a: Exeggutor
|-damage|p2a: Exeggutor|231\/393
|move|p2a: Exeggutor|Sleep Powder|p1a: Starmie
|-status|p1a: Starmie|slp
|
|turn|15
|c|+Tatsuma|.predict
|choice|move 2|move 2
|
|cant|p1a: Starmie|slp
|move|p2a: Exeggutor|Mega Drain|p1a: Starmie
|-supereffective|p1a: Starmie
|-damage|p1a: Starmie|213\/323 slp
|-heal|p2a: Exeggutor|286\/393|[from] drain|[of] p1a: Starmie
|
|turn|16
|choice|switch 6|move 2
|
|switch|p1a: Exeggutor|Exeggutor|137\/393
|move|p2a: Exeggutor|Mega Drain|p1a: Exeggutor
|-resisted|p1a: Exeggutor
|-damage|p1a: Exeggutor|113\/393
|-heal|p2a: Exeggutor|298\/393|[from] drain|[of] p1a: Exeggutor
|
|turn|17
|choice|move 3|switch 3
|
|switch|p2a: Alakazam|Alakazam|313\/313 slp
|move|p1a: Exeggutor|Explosion|p2a: Alakazam
|-damage|p2a: Alakazam|0 fnt
|faint|p2a: Alakazam
|faint|p1a: Exeggutor
|J|BKC
|L|BKC
|choice|switch 3|switch 2
|
|switch|p2a: Tauros|Tauros|353\/353
|switch|p1a: Snorlax|Snorlax|392\/523
|turn|18
|choice|move 1|switch 3
|
|switch|p2a: Exeggutor|Exeggutor|298\/393
|move|p1a: Snorlax|Body Slam|p2a: Exeggutor
|-damage|p2a: Exeggutor|181\/393
|
|turn|19
|choice|move 1|move 3
|
|move|p2a: Exeggutor|Psychic|p1a: Snorlax
|-damage|p1a: Snorlax|225\/523
|move|p1a: Snorlax|Body Slam|p2a: Exeggutor
|-crit|p2a: Exeggutor
|-damage|p2a: Exeggutor|0 fnt
|faint|p2a: Exeggutor
|c|★Finchinator|relaxo.
|c|+Tatsuma|=\/
|choice||switch 6
|
|switch|p2a: Starmie|Starmie|323\/323
|turn|20
|c|+Tatsuma|o_o
|choice|move 1|move 3
|
|move|p2a: Starmie|Blizzard|p1a: Snorlax
|-damage|p1a: Snorlax|111\/523
|move|p1a: Snorlax|Body Slam|p2a: Starmie
|-damage|p2a: Starmie|212\/323
|
|turn|21
|choice|move 3|move 3
|
|move|p2a: Starmie|Blizzard|p1a: Snorlax
|-damage|p1a: Snorlax|0 fnt
|faint|p1a: Snorlax
|c|★Finchinator|fuck
|choice|switch 2|
|
|switch|p1a: Tauros|Tauros|353\/353
|turn|22
|c|★Disenchanted|why didnt you
|c|★Disenchanted|boom
|c|★Disenchanted|lol
|c|★Finchinator|b\/c
|c|★Finchinator|i didnt have boom
|c|★Finchinator|on that set
|c|★Disenchanted|o_o
|c|★Finchinator|but i needed to get off para
|c|★Finchinator|w\/ bslam
|choice|move 1|move 1
|
|move|p2a: Starmie|Thunder Wave|p1a: Tauros
|-status|p1a: Tauros|par
|cant|p1a: Tauros|par
|
|turn|23
|choice|move 1|move 3
|
|move|p2a: Starmie|Blizzard|p1a: Tauros
|-damage|p1a: Tauros|233\/353 par
|move|p1a: Tauros|Body Slam|p2a: Starmie
|-damage|p2a: Starmie|92\/323
|-status|p2a: Starmie|par
|
|turn|24
|choice|move 1|move 3
|
|move|p2a: Starmie|Blizzard|p1a: Tauros
|-damage|p1a: Tauros|119\/353 par
|move|p1a: Tauros|Body Slam|p2a: Starmie
|-damage|p2a: Starmie|0 fnt
|faint|p2a: Starmie
|choice||switch 3
|
|switch|p2a: Tauros|Tauros|353\/353
|turn|25
|choice|switch 5|move 1
|
|switch|p1a: Golem|Golem|363\/363
|move|p2a: Tauros|Hyper Beam|p1a: Golem
|-resisted|p1a: Golem
|-damage|p1a: Golem|296\/363
|
|turn|26
|-mustrecharge|p2a: Tauros
|-mustrecharge|p2a: Tauros
|c|★Disenchanted|rip me
|c|+Tatsuma|LOL
|c|+Mr.378|Why?
|c|★Disenchanted|hes booming
|c|★Disenchanted|o_o
|choice|move 1|move 1
|
|cant|p2a: Tauros|recharge
|move|p1a: Golem|Earthquake|p2a: Tauros
|-crit|p2a: Tauros
|-damage|p2a: Tauros|95\/353
|
|turn|27
|c|+Tatsuma|o_o
|c|★Finchinator|last is
|c|★Disenchanted|cmon tauros
|c|★Disenchanted|you can this
|c|★Finchinator|not chansey
|c|★Finchinator|is it
|c|+Tatsuma|lets frozen oo
|c|★Disenchanted|freeze time.
|c|★Disenchanted|or
|c|★Disenchanted|crit
|c|★Finchinator|neither
|c|+Mr.378|Miss
|choice|move 1|move 4
|
|move|p2a: Tauros|Blizzard|p1a: Golem
|-supereffective|p1a: Golem
|-damage|p1a: Golem|89\/363
|-status|p1a: Golem|frz
|cant|p1a: Golem|frz
|
|turn|28
|c|+Tatsuma|golem will miss
|c|★Finchinator|.
|c|+Mr.378|Oh
|c|★Disenchanted|i'm a god
|c|★Disenchanted|cmon
|c|+Tatsuma|OH YEAH
|c|+Tatsuma|oo
|c|+Tatsuma|o_o*
|choice|move 1|move 3
|
|move|p2a: Tauros|Earthquake|p1a: Golem
|-crit|p1a: Golem
|-supereffective|p1a: Golem
|-damage|p1a: Golem|0 fnt
|faint|p1a: Golem
|c|★Disenchanted|o_o
|choice|switch 6|
|
|switch|p1a: Starmie|Starmie|213\/323 slp
|turn|29
|choice|move 3|switch 4
|
|switch|p2a: Chansey|Chansey|703\/703
|cant|p1a: Starmie|slp
|
|turn|30
|choice|move 3|move 2
|
|cant|p1a: Starmie|slp
|move|p2a: Chansey|Thunderbolt|p1a: Starmie
|-crit|p1a: Starmie
|-supereffective|p1a: Starmie
|-damage|p1a: Starmie|0 fnt
|faint|p1a: Starmie
|c|★Finchinator|ok
|choice|switch 5|
|
|switch|p1a: Tauros|Tauros|119\/353 par
|turn|31
|c|+Tatsuma|we have a winner here o_o
|choice|move 3|move 2
|
|move|p2a: Chansey|Thunderbolt|p1a: Tauros
|-damage|p1a: Tauros|20\/353 par
|cant|p1a: Tauros|par
|
|turn|32
|c|★Finchinator|rip
|c|★Finchinator|gg.
|c|★Disenchanted|gg
|choice|move 3|move 2
|
|move|p2a: Chansey|Thunderbolt|p1a: Tauros
|-damage|p1a: Tauros|0 fnt
|faint|p1a: Tauros
|
|win|Disenchanted