|J|tamahome
|J|dice
|player|p1|tamahome|170
|player|p2|dice|168
|gametype|singles
|gen|1
|tier|[Gen 1] OU
|seed|17994,38896,64630,59520
|rule|Sleep Clause Mod: Limit one foe put to sleep
|rule|Freeze Clause Mod: Limit one foe frozen
|rule|Species Clause: Limit one of each Pokémon
|rule|OHKO Clause: OHKO moves are banned
|rule|Evasion Moves Clause: Evasion moves are banned
|rule|HP Percentage Mod: HP is shown in percentages
|
|start
|switch|p1a: Jynx|Jynx|333\/333
|switch|p2a: Jynx|Jynx|333\/333
|turn|1
|choice|move 3|move 4
|
|move|p1a: Jynx|Lovely Kiss|p2a: Jynx
|-status|p2a: Jynx|slp
|cant|p2a: Jynx|slp
|
|turn|2
|c|★tamahome|my omfuga is better than urs
|choice|switch 5|move 4
|
|switch|p1a: Tauros|Tauros|353\/353
|cant|p2a: Jynx|slp
|
|turn|3
|choice|move 1|switch 2
|
|switch|p2a: Cloyster|Cloyster|303\/303
|move|p1a: Tauros|Body Slam|p2a: Cloyster
|-damage|p2a: Cloyster|237\/303
|-status|p2a: Cloyster|par
|
|turn|4
|J|BKC
|choice|switch 5|move 4
|
|switch|p1a: Jynx|Jynx|333\/333
|move|p2a: Cloyster|Clamp|p1a: Jynx
|-damage|p1a: Jynx|291\/333
|-activate|p1a: Jynx|move: Clamp|[of] p2a: Cloyster
|
|turn|5
|choice|switch 4|switch 6
|
|switch|p1a: Starmie|Starmie|323\/323
|switch|p2a: Chansey|Chansey|703\/703
|
|turn|6
|choice|switch 6|move 2
|
|switch|p1a: Chansey|Chansey|703\/703
|move|p2a: Chansey|Ice Beam|p1a: Chansey
|-damage|p1a: Chansey|625\/703
|
|turn|7
|choice|switch 4|move 2
|
|switch|p1a: Jynx|Jynx|291\/333
|move|p2a: Chansey|Ice Beam|p1a: Jynx
|-resisted|p1a: Jynx
|-damage|p1a: Jynx|249\/333
|
|turn|8
|choice|switch 4|move 1
|
|switch|p1a: Chansey|Chansey|625\/703
|move|p2a: Chansey|Thunderbolt|p1a: Chansey
|-damage|p1a: Chansey|546\/703
|
|turn|9
|choice|switch 4|move 2
|
|switch|p1a: Jynx|Jynx|249\/333
|move|p2a: Chansey|Ice Beam|p1a: Jynx
|-resisted|p1a: Jynx
|-damage|p1a: Jynx|210\/333
|
|turn|10
|choice|move 2|move 1
|
|move|p1a: Jynx|Psychic|p2a: Chansey
|-crit|p2a: Chansey
|-damage|p2a: Chansey|502\/703
|move|p2a: Chansey|Thunderbolt|p1a: Jynx
|-damage|p1a: Jynx|128\/333
|-status|p1a: Jynx|par
|
|turn|11
|choice|move 4|move 1
|
|move|p2a: Chansey|Thunderbolt|p1a: Jynx
|-damage|p1a: Jynx|44\/333 par
|move|p1a: Jynx|Rest|p1a: Jynx
|-status|p1a: Jynx|slp
|-heal|p1a: Jynx|333\/333 slp|[silent]
|-status|p1a: Jynx|slp|[from] move: Rest
|
|turn|12
|choice|move 2|switch 4
|
|switch|p2a: Tauros|Tauros|353\/353
|cant|p1a: Jynx|slp
|
|turn|13
|J|Jsaok3
|choice|switch 3|switch 5
|
|switch|p2a: Exeggutor|Exeggutor|393\/393
|switch|p1a: Snorlax|Snorlax|523\/523
|
|turn|14
|choice|switch 3|move 1
|
|switch|p1a: Jynx|Jynx|333\/333 slp
|move|p2a: Exeggutor|Psychic|p1a: Jynx
|-resisted|p1a: Jynx
|-damage|p1a: Jynx|269\/333 slp
|
|turn|15
|choice|move 1|move 4
|
|-curestatus|p1a: Jynx|slp
|move|p2a: Exeggutor|Sleep Powder|p1a: Jynx
|-status|p1a: Jynx|slp
|
|turn|16
|choice|switch 2|move 3
|
|switch|p1a: Exeggutor|Exeggutor|393\/393
|move|p2a: Exeggutor|Stun Spore|p1a: Exeggutor
|-status|p1a: Exeggutor|par
|
|turn|17
|choice|move 2|move 1
|
|move|p2a: Exeggutor|Psychic|p1a: Exeggutor
|-resisted|p1a: Exeggutor
|-damage|p1a: Exeggutor|338\/393 par
|move|p1a: Exeggutor|Psychic|p2a: Exeggutor
|-crit|p2a: Exeggutor
|-resisted|p2a: Exeggutor
|-damage|p2a: Exeggutor|289\/393
|-unboost|p2a: Exeggutor|spd|1
|-unboost|p2a: Exeggutor|spa|1
|
|turn|18
|choice|move 4|move 1
|
|move|p2a: Exeggutor|Psychic|p1a: Exeggutor
|-resisted|p1a: Exeggutor
|-damage|p1a: Exeggutor|304\/393 par
|cant|p1a: Exeggutor|par
|
|turn|19
|choice|move 2|move 1
|
|move|p2a: Exeggutor|Psychic|p1a: Exeggutor
|-resisted|p1a: Exeggutor
|-damage|p1a: Exeggutor|270\/393 par
|move|p1a: Exeggutor|Psychic|p2a: Exeggutor
|-resisted|p2a: Exeggutor
|-damage|p2a: Exeggutor|214\/393
|
|turn|20
|choice|move 2|move 1
|
|move|p2a: Exeggutor|Psychic|p1a: Exeggutor
|-resisted|p1a: Exeggutor
|-damage|p1a: Exeggutor|237\/393 par
|-unboost|p1a: Exeggutor|spd|1
|-unboost|p1a: Exeggutor|spa|1
|move|p1a: Exeggutor|Psychic|p2a: Exeggutor
|-resisted|p2a: Exeggutor
|-damage|p2a: Exeggutor|164\/393
|
|turn|21
|choice|switch 2|move 2
|
|switch|p1a: Jynx|Jynx|269\/333 slp
|move|p2a: Exeggutor|Explosion|p1a: Jynx
|-damage|p1a: Jynx|0 fnt
|faint|p1a: Jynx
|faint|p2a: Exeggutor
|choice|switch 5|switch 3
|
|switch|p1a: Tauros|Tauros|353\/353
|switch|p2a: Snorlax|Snorlax|523\/523
|turn|22
|J|LT1 boy
|choice|switch 3|move 1
|
|switch|p1a: Snorlax|Snorlax|523\/523
|move|p2a: Snorlax|Body Slam|p1a: Snorlax
|-damage|p1a: Snorlax|379\/523
|
|turn|23
|choice|move 2|move 1
|
|move|p2a: Snorlax|Body Slam|p1a: Snorlax
|-damage|p1a: Snorlax|244\/523
|move|p1a: Snorlax|Counter|p2a: Snorlax
|-damage|p2a: Snorlax|253\/523
|
|turn|24
|choice|move 4|move 4
|
|move|p2a: Snorlax|Hyper Beam|p1a: Snorlax
|-damage|p1a: Snorlax|2\/523
|move|p1a: Snorlax|Self-Destruct|p2a: Snorlax
|-damage|p2a: Snorlax|0 fnt
|faint|p2a: Snorlax
|faint|p1a: Snorlax
|choice|switch 3|switch 5
|
|switch|p1a: Tauros|Tauros|353\/353
|switch|p2a: Tauros|Tauros|353\/353
|turn|25
|choice|move 1|move 2
|
|move|p2a: Tauros|Fire Blast|p1a: Tauros
|-crit|p1a: Tauros
|-damage|p1a: Tauros|164\/353
|move|p1a: Tauros|Body Slam|p2a: Tauros
|-damage|p2a: Tauros|242\/353
|
|turn|26
|choice|move 1|move 1
|
|move|p2a: Tauros|Body Slam|p1a: Tauros
|-damage|p1a: Tauros|65\/353
|move|p1a: Tauros|Body Slam|p2a: Tauros
|-damage|p2a: Tauros|141\/353
|
|turn|27
|choice|move 4|move 1
|
|move|p1a: Tauros|Hyper Beam|p2a: Tauros|[miss]
|-miss|p1a: Tauros
|move|p2a: Tauros|Body Slam|p1a: Tauros
|-damage|p1a: Tauros|0 fnt
|faint|p1a: Tauros
|choice|switch 6|
|
|switch|p1a: Starmie|Starmie|323\/323
|turn|28
|choice|move 1|switch 4
|
|switch|p2a: Chansey|Chansey|502\/703
|move|p1a: Starmie|Blizzard|p2a: Chansey
|-damage|p2a: Chansey|413\/703
|
|turn|29
|J|EG Posho
|choice|switch 4|move 4
|
|switch|p1a: Chansey|Chansey|546\/703
|move|p2a: Chansey|Soft-Boiled|p2a: Chansey
|-heal|p2a: Chansey|703\/703
|
|turn|30
|L|BKC
|choice|move 1|move 2
|
|move|p1a: Chansey|Ice Beam|p2a: Chansey
|-damage|p2a: Chansey|629\/703
|move|p2a: Chansey|Ice Beam|p1a: Chansey
|-damage|p1a: Chansey|468\/703
|
|turn|31
|c|+EG Posho|tama is bad
|choice|move 1|switch 2
|
|switch|p2a: Jynx|Jynx|333\/333 slp
|move|p1a: Chansey|Ice Beam|p2a: Jynx
|-resisted|p2a: Jynx
|-damage|p2a: Jynx|296\/333 slp
|
|turn|32
|c|★tamahome|dont be jelly bro
|choice|move 2|move 4
|
|cant|p2a: Jynx|slp
|move|p1a: Chansey|Thunderbolt|p2a: Jynx
|-damage|p2a: Jynx|211\/333 slp
|
|turn|33
|choice|move 2|move 4
|
|cant|p2a: Jynx|slp
|move|p1a: Chansey|Thunderbolt|p2a: Jynx
|-damage|p2a: Jynx|128\/333 slp
|
|turn|34
|choice|move 2|move 4
|
|-curestatus|p2a: Jynx|slp
|move|p1a: Chansey|Thunderbolt|p2a: Jynx
|-damage|p2a: Jynx|47\/333
|
|turn|35
|c|+EG Posho|._.
|choice|switch 2|move 4
|
|switch|p1a: Exeggutor|Exeggutor|237\/393 par
|move|p2a: Jynx|Lovely Kiss|p1a: Exeggutor
|-fail|p1a: Exeggutor
|
|turn|36
|choice|switch 4|move 1
|
|switch|p1a: Starmie|Starmie|323\/323
|move|p2a: Jynx|Blizzard|p1a: Starmie
|-resisted|p1a: Starmie
|-damage|p1a: Starmie|258\/323
|
|turn|37
|choice|move 2|switch 2
|
|switch|p2a: Chansey|Chansey|629\/703
|move|p1a: Starmie|Thunderbolt|p2a: Chansey
|-damage|p2a: Chansey|558\/703
|
|turn|38
|choice|move 1|switch 2
|
|switch|p2a: Jynx|Jynx|47\/333
|move|p1a: Starmie|Blizzard|p2a: Jynx
|-resisted|p2a: Jynx
|-damage|p2a: Jynx|0 fnt
|faint|p2a: Jynx
|J|LT1 SGH
|c|★dice|.
|choice||switch 2
|
|switch|p2a: Chansey|Chansey|558\/703
|turn|39
|choice|switch 2|move 1
|
|switch|p1a: Chansey|Chansey|468\/703
|move|p2a: Chansey|Thunderbolt|p1a: Chansey
|-damage|p1a: Chansey|394\/703
|
|turn|40
|choice|move 4|move 2
|
|move|p2a: Chansey|Ice Beam|p1a: Chansey
|-damage|p1a: Chansey|314\/703
|move|p1a: Chansey|Soft-Boiled|p1a: Chansey
|-heal|p1a: Chansey|665\/703
|
|turn|41
|choice|move 1|move 2
|
|move|p1a: Chansey|Ice Beam|p2a: Chansey
|-damage|p2a: Chansey|488\/703
|move|p2a: Chansey|Ice Beam|p1a: Chansey
|-damage|p1a: Chansey|594\/703
|
|turn|42
|choice|move 1|move 2
|
|move|p2a: Chansey|Ice Beam|p1a: Chansey
|-crit|p1a: Chansey
|-damage|p1a: Chansey|454\/703
|move|p1a: Chansey|Ice Beam|p2a: Chansey
|-damage|p2a: Chansey|410\/703
|
|turn|43
|c|★dice|lol
|c|★dice|we are
|c|★dice|reyscarface
|c|★dice|every game
|c|★dice|yn
|c|★tamahome|y
|c|★dice|but
|J|Sugar K Leonard
|c|★dice|he does this
|c|★dice|turn 1
|c|★dice|we do this
|c|★dice|desperate
|c|★dice|yn
|c|★tamahome|y
|choice|move 1|move 2
|
|move|p1a: Chansey|Ice Beam|p2a: Chansey
|-damage|p2a: Chansey|330\/703
|move|p2a: Chansey|Ice Beam|p1a: Chansey
|-damage|p1a: Chansey|380\/703
|
|turn|44
|choice|move 1|move 1
|
|move|p2a: Chansey|Thunderbolt|p1a: Chansey
|-damage|p1a: Chansey|308\/703
|move|p1a: Chansey|Ice Beam|p2a: Chansey
|-damage|p2a: Chansey|259\/703
|
|turn|45
|choice|move 4|move 4
|
|move|p2a: Chansey|Soft-Boiled|p2a: Chansey
|-heal|p2a: Chansey|610\/703
|move|p1a: Chansey|Soft-Boiled|p1a: Chansey
|-heal|p1a: Chansey|659\/703
|
|turn|46
|choice|move 1|move 2
|
|move|p2a: Chansey|Ice Beam|p1a: Chansey
|-damage|p1a: Chansey|586\/703
|-status|p1a: Chansey|frz
|cant|p1a: Chansey|frz
|
|turn|47
|c|★dice|nice
|c|★tamahome|oh come on
|choice|move 1|switch 4
|
|switch|p2a: Tauros|Tauros|141\/353
|cant|p1a: Chansey|frz
|
|turn|48
|c|★dice|LOL
|c|★dice|u sound like rey
|choice|move 2|move 1
|
|move|p2a: Tauros|Body Slam|p1a: Chansey
|-damage|p1a: Chansey|317\/703 frz
|cant|p1a: Chansey|frz
|
|turn|49
|choice|move 2|move 1
|
|move|p2a: Tauros|Body Slam|p1a: Chansey
|-damage|p1a: Chansey|46\/703 frz
|cant|p1a: Chansey|frz
|
|turn|50
|choice|move 2|move 1
|
|move|p2a: Tauros|Body Slam|p1a: Chansey
|-damage|p1a: Chansey|0 fnt
|faint|p1a: Chansey
|choice|switch 2|
|
|switch|p1a: Starmie|Starmie|258\/323
|turn|51
|choice|move 1|switch 4
|
|switch|p2a: Chansey|Chansey|610\/703
|move|p1a: Starmie|Blizzard|p2a: Chansey
|-damage|p2a: Chansey|523\/703
|
|turn|52
|choice|move 1|move 2
|
|move|p1a: Starmie|Blizzard|p2a: Chansey
|-crit|p2a: Chansey
|-damage|p2a: Chansey|348\/703
|move|p2a: Chansey|Ice Beam|p1a: Starmie
|-crit|p1a: Starmie
|-resisted|p1a: Starmie
|-damage|p1a: Starmie|185\/323
|
|turn|53
|c|★tamahome|catch this f
|c|★dice|o no..
|choice|move 1|move 4
|
|move|p1a: Starmie|Blizzard|p2a: Chansey
|-damage|p2a: Chansey|257\/703
|move|p2a: Chansey|Soft-Boiled|p2a: Chansey
|-heal|p2a: Chansey|608\/703
|
|turn|54
|choice|move 1|move 3
|
|move|p1a: Starmie|Blizzard|p2a: Chansey
|-crit|p2a: Chansey
|-damage|p2a: Chansey|424\/703
|move|p2a: Chansey|Thunder Wave|p1a: Starmie
|-status|p1a: Starmie|par
|
|turn|55
|choice|move 1|move 4
|
|move|p2a: Chansey|Soft-Boiled|p2a: Chansey
|-heal|p2a: Chansey|703\/703
|cant|p1a: Starmie|par
|
|turn|56
|choice|move 1|move 1
|
|move|p2a: Chansey|Thunderbolt|p1a: Starmie
|-supereffective|p1a: Starmie
|-damage|p1a: Starmie|27\/323 par
|move|p1a: Starmie|Blizzard|p2a: Chansey|[miss]
|-miss|p1a: Starmie
|
|turn|57
|c|★tamahome|insane hax
|choice|move 1|move 2
|
|move|p2a: Chansey|Ice Beam|p1a: Starmie
|-resisted|p1a: Starmie
|-damage|p1a: Starmie|0 fnt
|faint|p1a: Starmie
|c|★dice|so insane.
|choice|switch 4|
|
|switch|p1a: Exeggutor|Exeggutor|237\/393 par
|turn|58
|c|★dice|u dodged boom
|c|★dice|and fpd on counter
|c|★dice|last game
|c|★dice|so smd
|choice|move 1|move 2
|
|move|p2a: Chansey|Ice Beam|p1a: Exeggutor
|-supereffective|p1a: Exeggutor
|-damage|p1a: Exeggutor|99\/393 par
|move|p1a: Exeggutor|Sleep Powder|p2a: Chansey
|-status|p2a: Chansey|slp
|
|turn|59
|J|smurfer
|L|smurfer
|c|★tamahome|why would i
|L|Sugar K Leonard
|c|★tamahome|u enjoy that
|choice|move 2|switch 6
|
|switch|p2a: Cloyster|Cloyster|237\/303 par
|move|p1a: Exeggutor|Psychic|p2a: Cloyster
|-damage|p2a: Cloyster|90\/303 par
|
|turn|60
|c|★dice|y
|choice|move 2|move 2
|
|cant|p2a: Cloyster|par
|move|p1a: Exeggutor|Psychic|p2a: Cloyster
|-damage|p2a: Cloyster|0 fnt
|faint|p2a: Cloyster
|choice||switch 4
|
|switch|p2a: Tauros|Tauros|141\/353
|turn|61
|c|★tamahome|man
|c|★dice|now
|c|★dice|i miss
|c|★dice|bslam
|c|★dice|yn
|c|★tamahome|imagine if u miss
|choice|move 2|move 1
|
|move|p2a: Tauros|Body Slam|p1a: Exeggutor
|-damage|p1a: Exeggutor|0 fnt
|faint|p1a: Exeggutor
|
|win|dice