|inactive|Battle timer is ON: inactive players will automatically lose when time's up.
|J|Jellicent
|J|marcoasd
|player|p1|Jellicent|1
|player|p2|marcoasd|101
|gametype|singles
|gen|1
|tier|[Gen 1] OU
|rule|Sleep Clause Mod: Limit one foe put to sleep
|rule|Freeze Clause Mod: Limit one foe frozen
|rule|Species Clause: Limit one of each Pokémon
|rule|OHKO Clause: OHKO moves are banned
|rule|Evasion Moves Clause: Evasion moves are banned
|rule|HP Percentage Mod: HP is shown in percentages
|
|start
|switch|p1a: Alakazam|Alakazam|313\/313
|switch|p2a: Exeggutor|Exeggutor|393\/393
|turn|1
|J|Prankster
|J|Navy V3
|J|innovamania
|J|mpahobia
|J|1996ito
|J|Mary Macbeth
|J|Yogiras
|J|Isa RC
|J|BKC
|c|★Jellicent|gl hf
|J|SweetPosho
|c|★marcoasd|neutral luck
|
|move|p1a: Alakazam|Thunder Wave|p2a: Exeggutor
|-status|p2a: Exeggutor|par
|cant|p2a: Exeggutor|par
|
|turn|2
|J|zeno
|J|Cronenberg
|J|Vileman
|J|Nelson
|
|move|p1a: Alakazam|Psychic|p2a: Exeggutor
|-crit|p2a: Exeggutor
|-resisted|p2a: Exeggutor
|-damage|p2a: Exeggutor|282\/393 par
|move|p2a: Exeggutor|Sleep Powder|p1a: Alakazam
|-status|p1a: Alakazam|slp
|
|turn|3
|J|Omfuga
|J|AIN'T LAURENT
|J|IAmGingy
|
|switch|p1a: Exeggutor|Exeggutor|393\/393
|switch|p2a: Tauros|Tauros|353\/353
|
|turn|4
|J|Raiza
|J|robert
|
|switch|p2a: Exeggutor|Exeggutor|282\/393 par
|move|p1a: Exeggutor|Stun Spore|p2a: Exeggutor|[miss]
|-miss|p1a: Exeggutor
|
|turn|5
|J|Prague Kick
|
|move|p1a: Exeggutor|Double-Edge|p2a: Exeggutor
|-damage|p2a: Exeggutor|197\/393 par
|-damage|p1a: Exeggutor|372\/393|[from] recoil|[of] p2a: Exeggutor
|move|p2a: Exeggutor|Stun Spore|p1a: Exeggutor
|-status|p1a: Exeggutor|par
|
|turn|6
|J|zShiro
|
|switch|p2a: Starmie|Starmie|323\/323
|move|p1a: Exeggutor|Double-Edge|p2a: Starmie
|-damage|p2a: Starmie|232\/323
|-damage|p1a: Exeggutor|350\/393 par|[from] recoil|[of] p2a: Starmie
|
|turn|7
|J|chimpact
|
|move|p2a: Starmie|Blizzard|p1a: Exeggutor
|-crit|p1a: Exeggutor
|-supereffective|p1a: Exeggutor
|-damage|p1a: Exeggutor|38\/393 par
|move|p1a: Exeggutor|Stun Spore|p2a: Starmie
|-status|p2a: Starmie|par
|
|turn|8
|J|Asuya
|J|Conflict
|J|Not Troller
|
|move|p2a: Starmie|Blizzard|p1a: Exeggutor
|-supereffective|p1a: Exeggutor
|-damage|p1a: Exeggutor|0 fnt
|faint|p1a: Exeggutor
|
|switch|p1a: Starmie|Starmie|323\/323
|turn|9
|J|Deidara95
|
|switch|p2a: Chansey|Chansey|703\/703
|move|p1a: Starmie|Thunderbolt|p2a: Chansey
|-damage|p2a: Chansey|636\/703
|
|turn|10
|J|galbia
|
|move|p1a: Starmie|Thunder Wave|p2a: Chansey
|-status|p2a: Chansey|par
|move|p2a: Chansey|Ice Beam|p1a: Starmie
|-resisted|p1a: Starmie
|-damage|p1a: Starmie|288\/323
|
|turn|11
|J|LightBallz
|
|move|p1a: Starmie|Psychic|p2a: Chansey
|-crit|p2a: Chansey
|-damage|p2a: Chansey|439\/703 par
|-unboost|p2a: Chansey|spd|1
|-unboost|p2a: Chansey|spa|1
|move|p2a: Chansey|Reflect|p2a: Chansey
|-start|p2a: Chansey|Reflect
|
|turn|12
|
|move|p1a: Starmie|Psychic|p2a: Chansey
|-damage|p2a: Chansey|290\/703 par
|move|p2a: Chansey|Soft-Boiled|p2a: Chansey
|-heal|p2a: Chansey|641\/703 par
|
|turn|13
|
|move|p1a: Starmie|Psychic|p2a: Chansey
|-crit|p2a: Chansey
|-damage|p2a: Chansey|445\/703 par
|move|p2a: Chansey|Thunder Wave|p1a: Starmie
|-status|p1a: Starmie|par
|
|turn|14
|
|move|p1a: Starmie|Psychic|p2a: Chansey
|-damage|p2a: Chansey|296\/703 par
|-unboost|p2a: Chansey|spd|1
|-unboost|p2a: Chansey|spa|1
|move|p2a: Chansey|Soft-Boiled|p2a: Chansey
|-heal|p2a: Chansey|647\/703 par
|
|turn|15
|L|AIN'T LAURENT
|
|switch|p2a: Starmie|Starmie|232\/323 par
|move|p1a: Starmie|Psychic|p2a: Starmie
|-crit|p2a: Starmie
|-resisted|p2a: Starmie
|-damage|p2a: Starmie|135\/323 par
|
|turn|16
|
|move|p1a: Starmie|Thunderbolt|p2a: Starmie
|-supereffective|p2a: Starmie
|-damage|p2a: Starmie|0 fnt
|faint|p2a: Starmie
|J|Quaggsterrr
|L|Quaggsterrr
|J|Stallion
|L|robert
|L|Omfuga
|L|Not Troller
|L|innovamania
|J|giara
|J|Not Troller
|J|Melancholy Hills
|
|switch|p2a: Zapdos|Zapdos|383\/383
|turn|17
|L|Melancholy Hills
|L|Not Troller
|J|Not Troller
|
|move|p2a: Zapdos|Thunderbolt|p1a: Starmie
|-supereffective|p1a: Starmie
|-damage|p1a: Starmie|30\/323 par
|move|p1a: Starmie|Thunder Wave|p2a: Zapdos
|-status|p2a: Zapdos|par
|
|turn|18
|L|giara
|
|switch|p1a: Snorlax|Snorlax|523\/523
|move|p2a: Zapdos|Thunderbolt|p1a: Snorlax
|-crit|p1a: Snorlax
|-damage|p1a: Snorlax|173\/523
|
|turn|19
|L|LightBallz
|L|BKC
|J|BahaWin
|J|HNA
|
|switch|p2a: Snorlax|Snorlax|523\/523
|move|p1a: Snorlax|Body Slam|p2a: Snorlax
|-damage|p2a: Snorlax|376\/523
|
|turn|20
|J|e7e
|
|move|p2a: Snorlax|Reflect|p2a: Snorlax
|-start|p2a: Snorlax|Reflect
|move|p1a: Snorlax|Self-Destruct|p2a: Snorlax
|-damage|p2a: Snorlax|161\/523
|faint|p1a: Snorlax
|J|RainPB
|
|switch|p1a: Tauros|Tauros|353\/353
|turn|21
|
|move|p1a: Tauros|Body Slam|p2a: Snorlax
|-damage|p2a: Snorlax|94\/523
|move|p2a: Snorlax|Self-Destruct|p1a: Tauros
|-damage|p1a: Tauros|0 fnt
|faint|p1a: Tauros
|faint|p2a: Snorlax
|c|★marcoasd|dat roll
|
|switch|p2a: Tauros|Tauros|353\/353
|switch|p1a: Kangaskhan|Kangaskhan|413\/413
|turn|22
|J|Croven
|J|KratosMana
|c|+Isa RC|the kanga
|
|move|p2a: Tauros|Earthquake|p1a: Kangaskhan
|-damage|p1a: Kangaskhan|324\/413
|move|p1a: Kangaskhan|Counter|p2a: Tauros
|-fail|p1a: Kangaskhan
|
|turn|23
|J|Freeroamer
|J|robert
|c|+KratosMana|damn
|c|★marcoasd|i'm a kanga funboy
|c|★marcoasd|i know it has counter
|c|★Jellicent|a man can dream ;-;
|c|+galbia|marco knows everything
|c|+Isa RC|marco was one of the first to use it lol
|c|+galbia|B)
|
|move|p2a: Tauros|Earthquake|p1a: Kangaskhan
|-damage|p1a: Kangaskhan|238\/413
|move|p1a: Kangaskhan|Body Slam|p2a: Tauros
|-damage|p2a: Tauros|244\/353
|
|turn|24
|c|+Isa RC|well "first" is a relative concept, but you get the idea
|
|move|p2a: Tauros|Earthquake|p1a: Kangaskhan
|-damage|p1a: Kangaskhan|144\/413
|move|p1a: Kangaskhan|Body Slam|p2a: Tauros
|-damage|p2a: Tauros|137\/353
|
|turn|25
|
|move|p2a: Tauros|Hyper Beam|p1a: Kangaskhan|[miss]
|-miss|p2a: Tauros
|move|p1a: Kangaskhan|Hyper Beam|p2a: Tauros
|-damage|p2a: Tauros|0 fnt
|faint|p2a: Tauros
|c|★marcoasd|mmm
|J|Anty
|J|sca1d
|J|purrl
|
|switch|p2a: Exeggutor|Exeggutor|197\/393 par
|turn|26
|J|Zephir
|J|innovamania
|L|e7e
|J|giara
|J|hollywood
|J|mattybrollic
|J|Omfuga
|L|mattybrollic
|
|move|p1a: Kangaskhan|Body Slam|p2a: Exeggutor
|-damage|p2a: Exeggutor|83\/393 par
|move|p2a: Exeggutor|Psychic|p1a: Kangaskhan
|-damage|p1a: Kangaskhan|0 fnt
|faint|p1a: Kangaskhan
|J|Agammemnon
|J|H-C
|
|switch|p1a: Starmie|Starmie|30\/323 par
|turn|27
|
|move|p1a: Starmie|Recover|p1a: Starmie
|-heal|p1a: Starmie|191\/323 par
|move|p2a: Exeggutor|Explosion|p1a: Starmie
|-damage|p1a: Starmie|0 fnt
|faint|p1a: Starmie
|faint|p2a: Exeggutor
|
|switch|p1a: Alakazam|Alakazam|313\/313 slp
|switch|p2a: Zapdos|Zapdos|383\/383 par
|turn|28
|
|cant|p1a: Alakazam|slp
|move|p2a: Zapdos|Drill Peck|p1a: Alakazam
|-damage|p1a: Alakazam|166\/313 slp
|
|turn|29
|
|cant|p1a: Alakazam|slp
|move|p2a: Zapdos|Thunderbolt|p1a: Alakazam
|-damage|p1a: Alakazam|57\/313 slp
|
|turn|30
|
|cant|p1a: Alakazam|slp
|-curestatus|p1a: Alakazam|slp
|cant|p2a: Zapdos|par
|
|turn|31
|c|+Deidara95|xd
|c|+Stallion|ugh
|J|choollio
|
|move|p1a: Alakazam|Recover|p1a: Alakazam
|-heal|p1a: Alakazam|213\/313
|move|p2a: Zapdos|Drill Peck|p1a: Alakazam
|-damage|p1a: Alakazam|86\/313
|
|turn|32
|
|move|p1a: Alakazam|Recover|p1a: Alakazam
|-heal|p1a: Alakazam|242\/313
|move|p2a: Zapdos|Drill Peck|p1a: Alakazam
|-damage|p1a: Alakazam|102\/313
|
|turn|33
|c|+Isa RC|zap fps yn
|c|+galbia|please no
|
|move|p1a: Alakazam|Recover|p1a: Alakazam
|-heal|p1a: Alakazam|258\/313
|cant|p2a: Zapdos|par
|
|turn|34
|J|Get this Money
|
|switch|p2a: Chansey|Chansey|647\/703 par
|move|p1a: Alakazam|Reflect|p1a: Alakazam
|-start|p1a: Alakazam|Reflect
|
|turn|35
|
|move|p1a: Alakazam|Psychic|p2a: Chansey
|-damage|p2a: Chansey|530\/703 par
|move|p2a: Chansey|Ice Beam|p1a: Alakazam
|-damage|p1a: Alakazam|197\/313
|
|turn|36
|
|move|p1a: Alakazam|Psychic|p2a: Chansey
|-damage|p2a: Chansey|408\/703 par
|-unboost|p2a: Chansey|spd|1
|-unboost|p2a: Chansey|spa|1
|move|p2a: Chansey|Soft-Boiled|p2a: Chansey
|-heal|p2a: Chansey|703\/703 par
|
|turn|37
|
|move|p1a: Alakazam|Psychic|p2a: Chansey
|-crit|p2a: Chansey
|-damage|p2a: Chansey|453\/703 par
|move|p2a: Chansey|Ice Beam|p1a: Alakazam
|-damage|p1a: Alakazam|159\/313
|
|turn|38
|
|move|p1a: Alakazam|Psychic|p2a: Chansey
|-damage|p2a: Chansey|255\/703 par
|move|p2a: Chansey|Soft-Boiled|p2a: Chansey
|-heal|p2a: Chansey|606\/703 par
|
|turn|39
|
|move|p1a: Alakazam|Psychic|p2a: Chansey
|-damage|p2a: Chansey|401\/703 par
|cant|p2a: Chansey|par
|
|turn|40
|
|move|p1a: Alakazam|Psychic|p2a: Chansey
|-damage|p2a: Chansey|203\/703 par
|move|p2a: Chansey|Soft-Boiled|p2a: Chansey
|-heal|p2a: Chansey|554\/703 par
|
|turn|41
|
|move|p1a: Alakazam|Psychic|p2a: Chansey
|-damage|p2a: Chansey|370\/703 par
|-unboost|p2a: Chansey|spd|1
|-unboost|p2a: Chansey|spa|1
|cant|p2a: Chansey|par
|
|turn|42
|
|move|p1a: Alakazam|Recover|p1a: Alakazam
|-heal|p1a: Alakazam|313\/313
|move|p2a: Chansey|Soft-Boiled|p2a: Chansey
|-heal|p2a: Chansey|703\/703 par
|
|turn|43
|
|switch|p2a: Zapdos|Zapdos|383\/383 par
|move|p1a: Alakazam|Psychic|p2a: Zapdos
|-crit|p2a: Zapdos
|-damage|p2a: Zapdos|155\/383 par
|
|turn|44
|J|tamahome
|
|switch|p2a: Chansey|Chansey|703\/703 par
|move|p1a: Alakazam|Psychic|p2a: Chansey
|-damage|p2a: Chansey|586\/703 par
|
|turn|45
|c|+Isa RC|huh
|
|move|p1a: Alakazam|Psychic|p2a: Chansey
|-damage|p2a: Chansey|451\/703 par
|-unboost|p2a: Chansey|spd|1
|-unboost|p2a: Chansey|spa|1
|move|p2a: Chansey|Ice Beam|p1a: Alakazam
|-damage|p1a: Alakazam|269\/313
|
|turn|46
|
|move|p1a: Alakazam|Psychic|p2a: Chansey
|-damage|p2a: Chansey|267\/703 par
|move|p2a: Chansey|Soft-Boiled|p2a: Chansey
|-heal|p2a: Chansey|618\/703 par
|
|turn|47
|c|+Nelson|lol$
|J|Cristal
|J|Lusso
|J|Ciele
|L|hollywood
|c|+Isa RC|what i dont understand is turn 42
|J|Porengan
|c|+Deidara95|y quite a choke
|J|Shogarth
|
|move|p1a: Alakazam|Psychic|p2a: Chansey
|-damage|p2a: Chansey|436\/703 par
|cant|p2a: Chansey|par
|
|turn|48
|J|petyer
|L|petyer
|L|SweetPosho
|J|DennisEG
|
|move|p1a: Alakazam|Psychic|p2a: Chansey
|-damage|p2a: Chansey|225\/703 par
|cant|p2a: Chansey|par
|
|turn|49
|J|lord ledian
|c|+Isa RC|crit to win
|c|★marcoasd|y
|c|★marcoasd|no crit no win i guess
|
|move|p1a: Alakazam|Psychic|p2a: Chansey
|-damage|p2a: Chansey|18\/703 par
|cant|p2a: Chansey|par
|
|turn|50
|c|+Cronenberg|.
|c|+Freeroamer|no hax no party
|c|★marcoasd|oh come on
|L|KratosMana
|c|+Stallion|lol
|L|Cristal
|J|TELE
|c|+Conflict|psychic pp out soon?
|c|+Stallion|rby
|c|★marcoasd|1 more
|c|+HNA|rby seems fun
|c|★marcoasd|i made it
|c|+Conflict|i dont get why you didnt para him
|c|+Deidara95|xd
|c|+Conflict|back
|c|+Conflict|:(
|c|★marcoasd|mmm
|c|+Isa RC|well it doesnt matter in the end
|c|★marcoasd|wanted to freeze it
|c|★marcoasd|it has stoss
|L|Croven
|c|+Isa RC|oh
|L|Omfuga
|J|Croven
|c|+Isa RC|stoss and reflect
|c|+Conflict|reflect stoss recover psychic
|c|+Isa RC|innovation
|L|Croven
|c|+Conflict|wat
|J|DerSweeper
|c|★marcoasd|ah no it does not
|c|★marcoasd|mmm
|c|★marcoasd|rip
|c|+Isa RC|lol
|c|+Deidara95|mad
|
|move|p1a: Alakazam|Psychic|p2a: Chansey
|-damage|p2a: Chansey|0 fnt
|faint|p2a: Chansey
|
|switch|p2a: Zapdos|Zapdos|155\/383 par
|turn|51
|c|+Asuya|g3z np
|c|+Isa RC|lead reflect zam ;_;
|J|atomicllamas
|c|+Conflict|i use that isa
|J|edgar
|J|McMeghan
|c|+Conflict|its not bad
|J|reyscarface
|c|+Isa RC|its worse than stoss
|c|+Conflict|idk
|c|+galbia|is this really
|c|+Conflict|not by much
|c|+galbia|not twave
|c|+galbia|:o
|c|+Conflict|youre usually just taking sleep
|c|@reyscarface|is this g3
|c|+Nelson|g2
|c|+galbia|no
|c|+Prague Kick|n g2
|c|+Stallion|g2
|c|+Conflict|and then hoping youre gettin back in late
|J|Mizuhime
|
|move|p1a: Alakazam|Reflect|p1a: Alakazam
|-fail|p1a: Alakazam
|move|p2a: Zapdos|Drill Peck|p1a: Alakazam
|-damage|p1a: Alakazam|194\/313
|
|turn|52
|c|+zShiro|marco
|raw|<div class="broadcast-red"><b>Moderated chat was set to %!<\/b><br \/>Only users of rank % and higher can talk.<\/div>
|c|@Mizuhime|you guys talk a lot 
|c|★marcoasd|non ha pp
|c|★marcoasd|lol
|J|LJDarkrai
|
|move|p1a: Alakazam|Recover|p1a: Alakazam
|-heal|p1a: Alakazam|313\/313
|cant|p2a: Zapdos|par
|
|turn|53
|c|★marcoasd|ah 1 pp
|c|★marcoasd|lol
|
|move|p1a: Alakazam|Reflect|p1a: Alakazam
|-fail|p1a: Alakazam
|move|p2a: Zapdos|Agility|p2a: Zapdos
|-boost|p2a: Zapdos|spe|2
|
|turn|54
|J|Century Express
|
|cant|p2a: Zapdos|par
|move|p1a: Alakazam|Reflect|p1a: Alakazam
|-fail|p1a: Alakazam
|
|turn|55
|
|move|p2a: Zapdos|Thunder Wave|p1a: Alakazam
|-status|p1a: Alakazam|par
|cant|p1a: Alakazam|par
|
|turn|56
|
|move|p2a: Zapdos|Drill Peck|p1a: Alakazam
|-damage|p1a: Alakazam|241\/313 par
|move|p1a: Alakazam|Thunder Wave|p2a: Zapdos
|-fail|p2a: Zapdos|par
|
|turn|57
|
|move|p2a: Zapdos|Drill Peck|p1a: Alakazam
|-damage|p1a: Alakazam|171\/313 par
|move|p1a: Alakazam|Recover|p1a: Alakazam
|-heal|p1a: Alakazam|313\/313 par
|
|turn|58
|c|★marcoasd|ok it's all good then
|
|move|p2a: Zapdos|Drill Peck|p1a: Alakazam
|-damage|p1a: Alakazam|245\/313 par
|cant|p1a: Alakazam|par
|
|turn|59
|
|move|p2a: Zapdos|Drill Peck|p1a: Alakazam
|-damage|p1a: Alakazam|175\/313 par
|move|p1a: Alakazam|Recover|p1a: Alakazam
|-heal|p1a: Alakazam|313\/313 par
|
|turn|60
|J|Bughouse
|J|Alexander
|
|move|p2a: Zapdos|Thunderbolt|p1a: Alakazam
|-damage|p1a: Alakazam|214\/313 par
|move|p1a: Alakazam|Reflect|p1a: Alakazam
|-fail|p1a: Alakazam
|
|turn|61
|
|move|p2a: Zapdos|Drill Peck|p1a: Alakazam
|-damage|p1a: Alakazam|140\/313 par
|move|p1a: Alakazam|Recover|p1a: Alakazam
|-heal|p1a: Alakazam|296\/313 par
|
|turn|62
|J|Betapf
|L|lord ledian
|
|move|p2a: Zapdos|Thunderbolt|p1a: Alakazam
|-damage|p1a: Alakazam|186\/313 par
|cant|p1a: Alakazam|par
|
|turn|63
|
|move|p2a: Zapdos|Drill Peck|p1a: Alakazam
|-crit|p1a: Alakazam
|-damage|p1a: Alakazam|0 fnt
|faint|p1a: Alakazam
|
|win|marcoasd