|J|Alexander
|J|Fortune
|player|p1|Alexander|101
|player|p2|Fortune|275
|gametype|singles
|gen|1
|tier|[Gen 1] OU
|seed|21875,19221,6280,53016
|rule|Sleep Clause Mod: Limit one foe put to sleep
|rule|Freeze Clause Mod: Limit one foe frozen
|rule|Species Clause: Limit one of each Pokémon
|rule|OHKO Clause: OHKO moves are banned
|rule|Evasion Moves Clause: Evasion moves are banned
|rule|HP Percentage Mod: HP is shown in percentages
|
|start
|switch|p1a: Alakazam|Alakazam|313\/313
|switch|p2a: Jynx|Jynx|333\/333
|turn|1
|choice|move 1|move 1
|
|move|p1a: Alakazam|Thunder Wave|p2a: Jynx
|-status|p2a: Jynx|par
|move|p2a: Jynx|Lovely Kiss|p1a: Alakazam
|-status|p1a: Alakazam|slp
|
|turn|2
|J|Bro Kappa
|choice|switch 2|move 4
|
|switch|p1a: Chansey|Chansey|703\/703
|move|p2a: Jynx|Blizzard|p1a: Chansey
|-damage|p1a: Chansey|579\/703
|
|turn|3
|choice|move 2|move 4
|
|move|p1a: Chansey|Seismic Toss|p2a: Jynx
|-damage|p2a: Jynx|233\/333 par
|move|p2a: Jynx|Blizzard|p1a: Chansey
|-damage|p1a: Chansey|441\/703
|
|turn|4
|choice|move 2|move 4
|
|move|p1a: Chansey|Seismic Toss|p2a: Jynx
|-damage|p2a: Jynx|133\/333 par
|move|p2a: Jynx|Blizzard|p1a: Chansey
|-damage|p1a: Chansey|316\/703
|
|turn|5
|choice|move 3|move 3
|
|move|p1a: Chansey|Soft-Boiled|p1a: Chansey
|-heal|p1a: Chansey|667\/703
|move|p2a: Jynx|Rest|p2a: Jynx
|-status|p2a: Jynx|slp
|-heal|p2a: Jynx|333\/333 slp|[silent]
|-status|p2a: Jynx|slp|[from] move: Rest
|
|turn|6
|J|scald
|choice|move 2|switch 6
|
|switch|p2a: Exeggutor|Exeggutor|393\/393
|move|p1a: Chansey|Seismic Toss|p2a: Exeggutor
|-damage|p2a: Exeggutor|293\/393
|
|turn|7
|J|Time Stall
|choice|move 4|move 1
|
|move|p2a: Exeggutor|Psychic|p1a: Chansey
|-damage|p1a: Chansey|554\/703
|-unboost|p1a: Chansey|spd|1
|-unboost|p1a: Chansey|spa|1
|move|p1a: Chansey|Thunder Wave|p2a: Exeggutor
|-status|p2a: Exeggutor|par
|
|turn|8
|choice|switch 2|move 1
|
|switch|p1a: Alakazam|Alakazam|313\/313 slp
|cant|p2a: Exeggutor|par
|
|turn|9
|choice|move 3|switch 3
|
|switch|p2a: Snorlax|Snorlax|523\/523
|cant|p1a: Alakazam|slp
|
|turn|10
|choice|switch 2|move 2
|
|switch|p1a: Chansey|Chansey|554\/703
|move|p2a: Snorlax|Body Slam|p1a: Chansey
|-damage|p1a: Chansey|239\/703
|
|turn|11
|choice|move 3|move 1
|
|move|p1a: Chansey|Soft-Boiled|p1a: Chansey
|-heal|p1a: Chansey|590\/703
|move|p2a: Snorlax|Amnesia|p2a: Snorlax
|-boost|p2a: Snorlax|spd|2
|-boost|p2a: Snorlax|spa|2
|
|turn|12
|J|Vileman
|J|choollio
|J|Puralux
|c|+Vileman|hey fortune u made it into a mockdraft
|c|+Vileman|best day ever yn
|c|★Fortune|waaat
|c|★Fortune|where?
|c|+Vileman|#spl
|c|★Fortune|amazing!!
|c|★Fortune|how much? and by who?
|c|+Vileman|idk and idk
|c|+Vileman|but its just a mockdraft 
|c|+Vileman|chill
|c|+Vileman|8)
|c|★Fortune|lol
|c|★Fortune|it's still cool
|J|Karagor
|L|scald
|choice|move 1|move 1
|
|move|p1a: Chansey|Reflect|p1a: Chansey
|-start|p1a: Chansey|Reflect
|move|p2a: Snorlax|Amnesia|p2a: Snorlax
|-boost|p2a: Snorlax|spd|2
|-boost|p2a: Snorlax|spa|2
|
|turn|13
|choice|move 2|move 1
|
|move|p1a: Chansey|Seismic Toss|p2a: Snorlax
|-damage|p2a: Snorlax|423\/523
|move|p2a: Snorlax|Amnesia|p2a: Snorlax
|-boost|p2a: Snorlax|spd|2
|-boost|p2a: Snorlax|spa|2
|
|turn|14
|choice|move 4|move 4
|
|move|p1a: Chansey|Thunder Wave|p2a: Snorlax
|-status|p2a: Snorlax|par
|move|p2a: Snorlax|Ice Beam|p1a: Chansey
|-damage|p1a: Chansey|363\/703
|
|turn|15
|choice|move 2|move 4
|
|move|p1a: Chansey|Seismic Toss|p2a: Snorlax
|-damage|p2a: Snorlax|323\/523 par
|cant|p2a: Snorlax|par
|
|turn|16
|choice|move 2|move 4
|
|move|p1a: Chansey|Seismic Toss|p2a: Snorlax
|-damage|p2a: Snorlax|223\/523 par
|move|p2a: Snorlax|Ice Beam|p1a: Chansey
|-damage|p1a: Chansey|149\/703
|
|turn|17
|choice|move 3|move 4
|
|move|p1a: Chansey|Soft-Boiled|p1a: Chansey
|-heal|p1a: Chansey|500\/703
|move|p2a: Snorlax|Ice Beam|p1a: Chansey
|-damage|p1a: Chansey|281\/703
|
|turn|18
|choice|move 3|move 3
|
|move|p1a: Chansey|Soft-Boiled|p1a: Chansey
|-heal|p1a: Chansey|632\/703
|move|p2a: Snorlax|Rest|p2a: Snorlax
|-status|p2a: Snorlax|slp
|-heal|p2a: Snorlax|523\/523 slp|[silent]
|-status|p2a: Snorlax|slp|[from] move: Rest
|
|turn|19
|choice|move 2|move 4
|
|move|p1a: Chansey|Seismic Toss|p2a: Snorlax
|-damage|p2a: Snorlax|423\/523 slp
|cant|p2a: Snorlax|slp
|
|turn|20
|L|Karagor
|choice|move 2|move 4
|
|move|p1a: Chansey|Seismic Toss|p2a: Snorlax
|-damage|p2a: Snorlax|323\/523 slp
|-curestatus|p2a: Snorlax|slp
|
|turn|21
|choice|move 4|move 4
|
|move|p1a: Chansey|Thunder Wave|p2a: Snorlax
|-status|p2a: Snorlax|par
|cant|p2a: Snorlax|par
|
|turn|22
|choice|move 2|move 4
|
|move|p1a: Chansey|Seismic Toss|p2a: Snorlax
|-damage|p2a: Snorlax|223\/523 par
|move|p2a: Snorlax|Ice Beam|p1a: Chansey
|-damage|p1a: Chansey|429\/703
|
|turn|23
|choice|move 2|move 3
|
|move|p1a: Chansey|Seismic Toss|p2a: Snorlax
|-damage|p2a: Snorlax|123\/523 par
|move|p2a: Snorlax|Rest|p2a: Snorlax
|-status|p2a: Snorlax|slp
|-heal|p2a: Snorlax|523\/523 slp|[silent]
|-status|p2a: Snorlax|slp|[from] move: Rest
|
|turn|24
|choice|move 3|move 4
|
|move|p1a: Chansey|Soft-Boiled|p1a: Chansey
|-heal|p1a: Chansey|703\/703
|cant|p2a: Snorlax|slp
|
|turn|25
|choice|switch 3|move 4
|
|switch|p1a: Exeggutor|Exeggutor|393\/393
|-curestatus|p2a: Snorlax|slp
|
|turn|26
|choice|move 1|switch 3
|
|switch|p2a: Exeggutor|Exeggutor|293\/393 par
|move|p1a: Exeggutor|Sleep Powder|p2a: Exeggutor
|-fail|p2a: Exeggutor
|
|turn|27
|choice|move 4|move 2
|
|move|p1a: Exeggutor|Psychic|p2a: Exeggutor
|-crit|p2a: Exeggutor
|-resisted|p2a: Exeggutor
|-damage|p2a: Exeggutor|199\/393 par
|move|p2a: Exeggutor|Explosion|p1a: Exeggutor
|-damage|p1a: Exeggutor|94\/393
|faint|p2a: Exeggutor
|choice||switch 2
|
|switch|p2a: Tauros|Tauros|353\/353
|turn|28
|choice|switch 4|move 1
|
|switch|p1a: Snorlax|Snorlax|523\/523
|move|p2a: Tauros|Body Slam|p1a: Snorlax
|-damage|p1a: Snorlax|392\/523
|
|turn|29
|choice|move 3|switch 4
|
|switch|p2a: Chansey|Chansey|703\/703
|move|p1a: Snorlax|Counter|p2a: Chansey
|-damage|p2a: Chansey|441\/703
|
|turn|30
|choice|switch 3|move 1
|
|switch|p1a: Chansey|Chansey|703\/703
|move|p2a: Chansey|Reflect|p2a: Chansey
|-start|p2a: Chansey|Reflect
|
|turn|31
|choice|move 4|move 4
|
|move|p2a: Chansey|Thunder Wave|p1a: Chansey
|-status|p1a: Chansey|par
|cant|p1a: Chansey|par
|
|turn|32
|choice|move 4|move 3
|
|move|p2a: Chansey|Soft-Boiled|p2a: Chansey
|-heal|p2a: Chansey|703\/703
|move|p1a: Chansey|Thunder Wave|p2a: Chansey
|-status|p2a: Chansey|par
|
|turn|33
|L|Puralux
|choice|move 1|switch 3
|
|switch|p2a: Snorlax|Snorlax|523\/523
|move|p1a: Chansey|Reflect|p1a: Chansey
|-start|p1a: Chansey|Reflect
|
|turn|34
|choice|move 4|move 2
|
|move|p2a: Snorlax|Body Slam|p1a: Chansey
|-damage|p1a: Chansey|568\/703 par
|cant|p1a: Chansey|par
|
|turn|35
|choice|move 4|move 1
|
|move|p2a: Snorlax|Amnesia|p2a: Snorlax
|-boost|p2a: Snorlax|spd|2
|-boost|p2a: Snorlax|spa|2
|move|p1a: Chansey|Thunder Wave|p2a: Snorlax
|-status|p2a: Snorlax|par
|
|turn|36
|choice|move 2|move 4
|
|cant|p2a: Snorlax|par
|move|p1a: Chansey|Seismic Toss|p2a: Snorlax
|-damage|p2a: Snorlax|423\/523 par
|
|turn|37
|choice|move 2|move 1
|
|move|p2a: Snorlax|Amnesia|p2a: Snorlax
|-boost|p2a: Snorlax|spd|2
|-boost|p2a: Snorlax|spa|2
|cant|p1a: Chansey|par
|
|turn|38
|choice|move 2|move 4
|
|move|p2a: Snorlax|Ice Beam|p1a: Chansey
|-damage|p1a: Chansey|399\/703 par
|move|p1a: Chansey|Seismic Toss|p2a: Snorlax
|-damage|p2a: Snorlax|323\/523 par
|
|turn|39
|choice|move 3|move 4
|
|move|p2a: Snorlax|Ice Beam|p1a: Chansey
|-damage|p1a: Chansey|241\/703 par
|move|p1a: Chansey|Soft-Boiled|p1a: Chansey
|-heal|p1a: Chansey|592\/703 par
|
|turn|40
|choice|move 2|move 1
|
|cant|p2a: Snorlax|par
|move|p1a: Chansey|Seismic Toss|p2a: Snorlax
|-damage|p2a: Snorlax|223\/523 par
|
|turn|41
|choice|move 2|move 3
|
|move|p2a: Snorlax|Rest|p2a: Snorlax
|-status|p2a: Snorlax|slp
|-heal|p2a: Snorlax|523\/523 slp|[silent]
|-status|p2a: Snorlax|slp|[from] move: Rest
|move|p1a: Chansey|Seismic Toss|p2a: Snorlax
|-damage|p2a: Snorlax|423\/523 slp
|
|turn|42
|c|★Fortune|how beat chansey
|choice|switch 4|move 4
|
|switch|p1a: Exeggutor|Exeggutor|94\/393
|cant|p2a: Snorlax|slp
|
|turn|43
|choice|move 4|move 4
|
|move|p1a: Exeggutor|Psychic|p2a: Snorlax
|-damage|p2a: Snorlax|369\/523 slp
|-curestatus|p2a: Snorlax|slp
|
|turn|44
|choice|move 3|switch 6
|
|switch|p2a: Jynx|Jynx|333\/333 slp
|move|p1a: Exeggutor|Explosion|p2a: Jynx
|-damage|p2a: Jynx|0 fnt
|faint|p2a: Jynx
|faint|p1a: Exeggutor
|choice|switch 3|switch 3
|
|switch|p1a: Snorlax|Snorlax|392\/523
|switch|p2a: Chansey|Chansey|703\/703 par
|turn|45
|choice|move 2|move 1
|
|move|p1a: Snorlax|Body Slam|p2a: Chansey
|-damage|p2a: Chansey|422\/703 par
|cant|p2a: Chansey|par
|
|turn|46
|choice|move 4|move 3
|
|move|p1a: Snorlax|Hyper Beam|p2a: Chansey
|-damage|p2a: Chansey|0 fnt
|faint|p2a: Chansey
|c|★Fortune|gg
|-message|Fortune forfeited.
|
|win|Alexander