|inactive|Battle timer is ON: inactive players will automatically lose when time's up.
|J|Beds
|J|KratosMana
|player|p1|Beds|252
|player|p2|KratosMana|166
|gametype|singles
|gen|1
|tier|[Gen 1] OU
|seed|12113,45235,60398,42208
|rule|Sleep Clause Mod: Limit one foe put to sleep
|rule|Freeze Clause Mod: Limit one foe frozen
|rule|Species Clause: Limit one of each Pokémon
|rule|OHKO Clause: OHKO moves are banned
|rule|Evasion Moves Clause: Evasion moves are banned
|rule|HP Percentage Mod: HP is shown in percentages
|
|start
|switch|p1a: Gengar|Gengar|323\/323
|switch|p2a: Gengar|Gengar|323\/323
|turn|1
|J|Alexander
|J|BKC
|J|Century Express
|J|McMeghan
|L|McMeghan
|choice|move 1|move 1
|
|move|p2a: Gengar|Hypnosis|p1a: Gengar|[miss]
|-miss|p2a: Gengar
|move|p1a: Gengar|Hypnosis|p2a: Gengar
|-status|p2a: Gengar|slp
|
|turn|2
|choice|move 3|switch 3
|
|switch|p2a: Exeggutor|Exeggutor|393\/393
|move|p1a: Gengar|Night Shade|p2a: Exeggutor
|-damage|p2a: Exeggutor|293\/393
|
|turn|3
|choice|move 3|move 2
|
|move|p1a: Gengar|Night Shade|p2a: Exeggutor
|-damage|p2a: Exeggutor|193\/393
|move|p2a: Exeggutor|Psychic|p1a: Gengar
|-supereffective|p1a: Gengar
|-damage|p1a: Gengar|125\/323
|
|turn|4
|choice|move 4|move 2
|
|move|p1a: Gengar|Explosion|p2a: Exeggutor
|-damage|p2a: Exeggutor|0 fnt
|faint|p2a: Exeggutor
|faint|p1a: Gengar
|choice|switch 2|switch 4
|
|switch|p1a: Exeggutor|Exeggutor|393\/393
|switch|p2a: Snorlax|Snorlax|523\/523
|turn|5
|J|Sapientia
|choice|move 4|switch 6
|
|switch|p2a: Chansey|Chansey|703\/703
|move|p1a: Exeggutor|Stun Spore|p2a: Chansey
|-status|p2a: Chansey|par
|
|turn|6
|L|Sapientia
|choice|move 3|move 1
|
|move|p1a: Exeggutor|Explosion|p2a: Chansey
|-crit|p2a: Chansey
|-damage|p2a: Chansey|0 fnt
|faint|p2a: Chansey
|faint|p1a: Exeggutor
|choice|switch 3|switch 6
|
|switch|p1a: Chansey|Chansey|703\/703
|switch|p2a: Snorlax|Snorlax|523\/523
|turn|7
|J|Kantian Ethics
|c|%BKC|what is this, gsc?!
|choice|move 2|switch 3
|
|switch|p2a: Gengar|Gengar|323\/323 slp
|move|p1a: Chansey|Thunder Wave|p2a: Gengar
|-fail|p2a: Gengar
|
|turn|8
|choice|switch 4|move 1
|
|switch|p1a: Snorlax|Snorlax|523\/523
|cant|p2a: Gengar|slp
|
|turn|9
|choice|move 2|switch 3
|
|switch|p2a: Snorlax|Snorlax|523\/523
|move|p1a: Snorlax|Earthquake|p2a: Snorlax
|-damage|p2a: Snorlax|411\/523
|
|turn|10
|choice|move 1|move 4
|
|move|p1a: Snorlax|Body Slam|p2a: Snorlax|[miss]
|-miss|p1a: Snorlax
|move|p2a: Snorlax|Counter|p1a: Snorlax
|-fail|p2a: Snorlax
|
|turn|11
|c|★Beds|this is ok
|c|%BKC|rofl
|choice|move 1|move 1
|
|move|p1a: Snorlax|Body Slam|p2a: Snorlax
|-damage|p2a: Snorlax|276\/523
|move|p2a: Snorlax|Body Slam|p1a: Snorlax
|-damage|p1a: Snorlax|416\/523
|
|turn|12
|choice|move 2|move 1
|
|move|p1a: Snorlax|Earthquake|p2a: Snorlax
|-damage|p2a: Snorlax|166\/523
|move|p2a: Snorlax|Body Slam|p1a: Snorlax
|-damage|p1a: Snorlax|293\/523
|
|turn|13
|choice|move 3|move 3
|
|move|p2a: Snorlax|Self-Destruct|p1a: Snorlax
|-damage|p1a: Snorlax|0 fnt
|faint|p1a: Snorlax
|faint|p2a: Snorlax
|J|McMeghan
|choice|switch 6|switch 2
|
|switch|p1a: Starmie|Starmie|323\/323
|switch|p2a: Golem|Golem|363\/363
|turn|14
|choice|move 2|move 4
|
|move|p1a: Starmie|Blizzard|p2a: Golem
|-crit|p2a: Golem
|-supereffective|p2a: Golem
|-damage|p2a: Golem|0 fnt
|faint|p2a: Golem
|choice||switch 5
|
|switch|p2a: Tauros|Tauros|353\/353
|turn|15
|choice|move 1|move 1
|
|move|p1a: Starmie|Thunder Wave|p2a: Tauros
|-status|p2a: Tauros|par
|move|p2a: Tauros|Body Slam|p1a: Starmie
|-damage|p1a: Starmie|211\/323
|-status|p1a: Starmie|par
|
|turn|16
|choice|move 2|move 1
|
|move|p1a: Starmie|Blizzard|p2a: Tauros
|-damage|p2a: Tauros|238\/353 par
|move|p2a: Tauros|Body Slam|p1a: Starmie
|-damage|p1a: Starmie|98\/323 par
|
|turn|17
|choice|move 2|move 1
|
|cant|p1a: Starmie|par
|move|p2a: Tauros|Body Slam|p1a: Starmie
|-damage|p1a: Starmie|0 fnt
|faint|p1a: Starmie
|choice|switch 4|
|
|switch|p1a: Chansey|Chansey|703\/703
|turn|18
|choice|move 1|switch 3
|
|switch|p2a: Gengar|Gengar|323\/323 slp
|move|p1a: Chansey|Ice Beam|p2a: Gengar
|-damage|p2a: Gengar|262\/323 slp
|
|turn|19
|choice|move 2|move 1
|
|cant|p2a: Gengar|slp
|move|p1a: Chansey|Thunder Wave|p2a: Gengar
|-fail|p2a: Gengar
|
|turn|20
|choice|move 1|move 1
|
|-curestatus|p2a: Gengar|slp
|move|p1a: Chansey|Ice Beam|p2a: Gengar
|-damage|p2a: Gengar|195\/323
|
|turn|21
|choice|move 2|move 1
|
|move|p2a: Gengar|Hypnosis|p1a: Chansey
|-status|p1a: Chansey|slp
|cant|p1a: Chansey|slp
|
|turn|22
|choice|move 2|switch 3
|
|switch|p2a: Tauros|Tauros|238\/353 par
|cant|p1a: Chansey|slp
|
|turn|23
|choice|move 1|move 1
|
|cant|p1a: Chansey|slp
|cant|p2a: Tauros|par
|
|turn|24
|choice|move 1|move 1
|
|cant|p1a: Chansey|slp
|move|p2a: Tauros|Body Slam|p1a: Chansey
|-damage|p1a: Chansey|439\/703 slp
|
|turn|25
|choice|move 1|move 1
|
|cant|p1a: Chansey|slp
|move|p2a: Tauros|Body Slam|p1a: Chansey
|-damage|p1a: Chansey|176\/703 slp
|
|turn|26
|choice|move 1|move 1
|
|-curestatus|p1a: Chansey|slp
|move|p2a: Tauros|Body Slam|p1a: Chansey
|-crit|p1a: Chansey
|-damage|p1a: Chansey|0 fnt
|faint|p1a: Chansey
|choice|switch 5|
|
|switch|p1a: Tauros|Tauros|353\/353
|turn|27
|c|★KratosMana|hmmmmm
|choice|move 1|move 1
|
|move|p1a: Tauros|Body Slam|p2a: Tauros
|-crit|p2a: Tauros
|-damage|p2a: Tauros|33\/353 par
|move|p2a: Tauros|Body Slam|p1a: Tauros
|-damage|p1a: Tauros|254\/353
|
|turn|28
|choice|move 3|move 1
|
|move|p1a: Tauros|Earthquake|p2a: Tauros
|-damage|p2a: Tauros|0 fnt
|faint|p2a: Tauros
|choice||switch 3
|
|switch|p2a: Gengar|Gengar|195\/323
|turn|29
|J|BLINGAS
|choice|move 3|move 1
|
|move|p1a: Tauros|Earthquake|p2a: Gengar
|-supereffective|p2a: Gengar
|-damage|p2a: Gengar|0 fnt
|faint|p2a: Gengar
|
|win|Beds