|J|Dice
|J|stathakis
|player|p1|Dice|2
|player|p2|stathakis|284
|gametype|singles
|gen|1
|tier|[Gen 1] OU
|seed|4802,30693,8696,53850
|rule|Sleep Clause Mod: Limit one foe put to sleep
|rule|Freeze Clause Mod: Limit one foe frozen
|rule|Species Clause: Limit one of each Pokémon
|rule|OHKO Clause: OHKO moves are banned
|rule|Evasion Moves Clause: Evasion moves are banned
|rule|HP Percentage Mod: HP is shown in percentages
|
|start
|switch|p1a: Jynx|Jynx|333\/333
|switch|p2a: Alakazam|Alakazam, M|313\/313
|turn|1
|J|Triangles RSE
|c|★stathakis|have fun
|choice|move 2|move 1
|
|move|p2a: Alakazam|Thunder Wave|p1a: Jynx
|-status|p1a: Jynx|par
|move|p1a: Jynx|Lovely Kiss|p2a: Alakazam
|-status|p2a: Alakazam|slp
|
|turn|2
|J|e7e
|choice|move 4|move 2
|
|cant|p2a: Alakazam|slp
|move|p1a: Jynx|Blizzard|p2a: Alakazam
|-crit|p2a: Alakazam
|-damage|p2a: Alakazam|90\/313 slp
|
|turn|3
|choice|move 4|switch 3
|
|switch|p2a: Chansey|Chansey|703\/703
|move|p1a: Jynx|Blizzard|p2a: Chansey
|-damage|p2a: Chansey|579\/703
|
|turn|4
|choice|move 4|move 3
|
|move|p2a: Chansey|Seismic Toss|p1a: Jynx
|-damage|p1a: Jynx|233\/333 par
|move|p1a: Jynx|Blizzard|p2a: Chansey
|-damage|p2a: Chansey|441\/703
|
|turn|5
|choice|move 4|move 4
|
|move|p2a: Chansey|Soft-Boiled|p2a: Chansey
|-heal|p2a: Chansey|703\/703
|move|p1a: Jynx|Blizzard|p2a: Chansey
|-damage|p2a: Chansey|580\/703
|
|turn|6
|choice|switch 6|move 3
|
|switch|p1a: Alakazam|Alakazam, M|313\/313
|move|p2a: Chansey|Seismic Toss|p1a: Alakazam
|-damage|p1a: Alakazam|213\/313
|
|turn|7
|choice|move 3|move 1
|
|move|p1a: Alakazam|Thunder Wave|p2a: Chansey
|-status|p2a: Chansey|par
|move|p2a: Chansey|Thunder Wave|p1a: Alakazam
|-status|p1a: Alakazam|par
|
|turn|8
|J|prajpran
|c|+prajpran|spl?
|c|+prajpran|oo
|c|★stathakis|x.x
|choice|move 4|move 4
|
|move|p1a: Alakazam|Recover|p1a: Alakazam
|-heal|p1a: Alakazam|313\/313 par
|cant|p2a: Chansey|par
|
|turn|9
|c|+prajpran|y\/n u_u
|c|★stathakis|y
|choice|move 1|move 3
|
|move|p1a: Alakazam|Psychic|p2a: Chansey
|-damage|p2a: Chansey|451\/703 par
|move|p2a: Chansey|Seismic Toss|p1a: Alakazam
|-damage|p1a: Alakazam|213\/313 par
|
|turn|10
|choice|move 1|move 4
|
|move|p1a: Alakazam|Psychic|p2a: Chansey
|-damage|p2a: Chansey|334\/703 par
|-unboost|p2a: Chansey|spd|1
|-unboost|p2a: Chansey|spa|1
|move|p2a: Chansey|Soft-Boiled|p2a: Chansey
|-heal|p2a: Chansey|685\/703 par
|
|turn|11
|choice|move 1|switch 4
|
|switch|p2a: Slowbro|Slowbro, M|393\/393
|move|p1a: Alakazam|Psychic|p2a: Slowbro
|-resisted|p2a: Slowbro
|-damage|p2a: Slowbro|319\/393
|
|turn|12
|choice|move 3|move 2
|
|move|p2a: Slowbro|Amnesia|p2a: Slowbro
|-boost|p2a: Slowbro|spd|2
|-boost|p2a: Slowbro|spa|2
|move|p1a: Alakazam|Thunder Wave|p2a: Slowbro
|-status|p2a: Slowbro|par
|
|turn|13
|choice|switch 3|move 3
|
|switch|p1a: Slowbro|Slowbro, M|393\/393
|move|p2a: Slowbro|Psychic|p1a: Slowbro
|-resisted|p1a: Slowbro
|-damage|p1a: Slowbro|278\/393
|
|turn|14
|choice|move 1|switch 2
|
|switch|p2a: Exeggutor|Exeggutor, M|393\/393
|move|p1a: Slowbro|Amnesia|p1a: Slowbro
|-boost|p1a: Slowbro|spd|2
|-boost|p1a: Slowbro|spa|2
|
|turn|15
|choice|move 3|move 2
|
|move|p2a: Exeggutor|Double-Edge|p1a: Slowbro
|-damage|p1a: Slowbro|207\/393
|-damage|p2a: Exeggutor|376\/393|[from] recoil|[of] p1a: Slowbro
|move|p1a: Slowbro|Thunder Wave|p2a: Exeggutor
|-status|p2a: Exeggutor|par
|
|turn|16
|choice|move 2|move 1
|
|move|p1a: Slowbro|Rest|p1a: Slowbro
|-status|p1a: Slowbro|slp
|-heal|p1a: Slowbro|393\/393 slp|[silent]
|-status|p1a: Slowbro|slp|[from] move: Rest
|move|p2a: Exeggutor|Sleep Powder|p1a: Slowbro
|-fail|p1a: Slowbro|slp
|
|turn|17
|choice|move 4|switch 2
|
|switch|p2a: Slowbro|Slowbro, M|319\/393 par
|cant|p1a: Slowbro|slp
|
|turn|18
|choice|move 1|move 2
|
|-curestatus|p1a: Slowbro|slp
|cant|p2a: Slowbro|par
|
|turn|19
|J|badaking
|choice|move 1|move 1
|
|move|p1a: Slowbro|Amnesia|p1a: Slowbro
|-boost|p1a: Slowbro|spd|2
|-boost|p1a: Slowbro|spa|2
|move|p2a: Slowbro|Thunder Wave|p1a: Slowbro
|-status|p1a: Slowbro|par
|
|turn|20
|choice|move 1|move 2
|
|move|p1a: Slowbro|Amnesia|p1a: Slowbro
|-boost|p1a: Slowbro|spd|2
|-boost|p1a: Slowbro|spa|2
|move|p2a: Slowbro|Amnesia|p2a: Slowbro
|-boost|p2a: Slowbro|spd|2
|-boost|p2a: Slowbro|spa|2
|
|turn|21
|c|+badaking|bat
|choice|move 4|move 2
|
|move|p1a: Slowbro|Psychic|p2a: Slowbro
|-resisted|p2a: Slowbro
|-damage|p2a: Slowbro|213\/393 par
|move|p2a: Slowbro|Amnesia|p2a: Slowbro
|-boost|p2a: Slowbro|spd|2
|-boost|p2a: Slowbro|spa|2
|
|turn|22
|J|Purrl
|choice|move 4|move 2
|
|cant|p2a: Slowbro|par
|move|p1a: Slowbro|Psychic|p2a: Slowbro
|-resisted|p2a: Slowbro
|-damage|p2a: Slowbro|150\/393 par
|-unboost|p2a: Slowbro|spd|1
|-unboost|p2a: Slowbro|spa|1
|
|turn|23
|choice|move 4|move 2
|
|move|p1a: Slowbro|Psychic|p2a: Slowbro
|-resisted|p2a: Slowbro
|-damage|p2a: Slowbro|64\/393 par
|-unboost|p2a: Slowbro|spd|1
|-unboost|p2a: Slowbro|spa|1
|move|p2a: Slowbro|Amnesia|p2a: Slowbro
|-boost|p2a: Slowbro|spd|2
|-boost|p2a: Slowbro|spa|2
|
|turn|24
|choice|move 4|move 4
|
|move|p1a: Slowbro|Psychic|p2a: Slowbro
|-resisted|p2a: Slowbro
|-damage|p2a: Slowbro|0 fnt
|faint|p2a: Slowbro
|choice||switch 2
|
|switch|p2a: Exeggutor|Exeggutor, M|376\/393 par
|turn|25
|choice|switch 2|move 2
|
|switch|p1a: Golem|Golem, M|363\/363
|move|p2a: Exeggutor|Double-Edge|p1a: Golem
|-crit|p1a: Golem
|-resisted|p1a: Golem
|-damage|p1a: Golem|306\/363
|-damage|p2a: Exeggutor|362\/393 par|[from] recoil|[of] p1a: Golem
|
|turn|26
|choice|switch 3|move 1
|
|switch|p1a: Alakazam|Alakazam, M|213\/313 par
|move|p2a: Exeggutor|Sleep Powder|p1a: Alakazam
|-fail|p1a: Alakazam
|
|turn|27
|choice|move 4|move 2
|
|cant|p1a: Alakazam|par
|move|p2a: Exeggutor|Double-Edge|p1a: Alakazam
|-damage|p1a: Alakazam|92\/313 par
|-damage|p2a: Exeggutor|332\/393 par|[from] recoil|[of] p1a: Alakazam
|
|turn|28
|choice|move 4|move 2
|
|cant|p1a: Alakazam|par
|cant|p2a: Exeggutor|par
|
|turn|29
|choice|move 4|move 2
|
|move|p1a: Alakazam|Recover|p1a: Alakazam
|-heal|p1a: Alakazam|248\/313 par
|move|p2a: Exeggutor|Double-Edge|p1a: Alakazam
|-damage|p1a: Alakazam|126\/313 par
|-damage|p2a: Exeggutor|302\/393 par|[from] recoil|[of] p1a: Alakazam
|
|turn|30
|choice|move 4|move 2
|
|move|p1a: Alakazam|Recover|p1a: Alakazam
|-heal|p1a: Alakazam|282\/313 par
|move|p2a: Exeggutor|Double-Edge|p1a: Alakazam
|-damage|p1a: Alakazam|162\/313 par
|-damage|p2a: Exeggutor|272\/393 par|[from] recoil|[of] p1a: Alakazam
|
|turn|31
|choice|move 4|switch 6
|
|switch|p2a: Snorlax|Snorlax, M|523\/523
|move|p1a: Alakazam|Recover|p1a: Alakazam
|-heal|p1a: Alakazam|313\/313 par
|
|turn|32
|choice|switch 3|move 1
|
|switch|p1a: Golem|Golem, M|306\/363
|move|p2a: Snorlax|Body Slam|p1a: Golem
|-resisted|p1a: Golem
|-damage|p1a: Golem|263\/363
|-status|p1a: Golem|par
|
|turn|33
|choice|move 3|move 3
|
|move|p2a: Snorlax|Earthquake|p1a: Golem
|-supereffective|p1a: Golem
|-damage|p1a: Golem|122\/363 par
|move|p1a: Golem|Explosion|p2a: Snorlax
|-damage|p2a: Snorlax|162\/523
|faint|p1a: Golem
|choice|switch 4|
|
|switch|p1a: Koopacow|Tauros|353\/353
|turn|34
|choice|move 1|move 4
|
|move|p1a: Koopacow|Body Slam|p2a: Snorlax
|-damage|p2a: Snorlax|33\/523
|move|p2a: Snorlax|Self-Destruct|p1a: Koopacow
|-damage|p1a: Koopacow|24\/353
|faint|p2a: Snorlax
|choice||switch 5
|
|switch|p2a: Tauros|Tauros|353\/353
|turn|35
|choice|switch 2|move 1
|
|switch|p1a: Slowbro|Slowbro, M|393\/393 par
|move|p2a: Tauros|Body Slam|p1a: Slowbro
|-crit|p1a: Slowbro
|-damage|p1a: Slowbro|210\/393 par
|
|turn|36
|choice|move 3|move 1
|
|move|p2a: Tauros|Body Slam|p1a: Slowbro
|-damage|p1a: Slowbro|117\/393 par
|move|p1a: Slowbro|Thunder Wave|p2a: Tauros
|-status|p2a: Tauros|par
|
|turn|37
|choice|move 2|move 3
|
|move|p2a: Tauros|Hyper Beam|p1a: Slowbro
|-crit|p1a: Slowbro
|-damage|p1a: Slowbro|0 fnt
|faint|p1a: Slowbro
|choice|switch 5|
|
|switch|p1a: Snorlax|Snorlax, M|523\/523
|turn|38
|choice|move 1|switch 6
|
|switch|p2a: Exeggutor|Exeggutor, M|272\/393 par
|move|p1a: Snorlax|Body Slam|p2a: Exeggutor
|-damage|p2a: Exeggutor|151\/393 par
|
|turn|39
|choice|switch 6|move 1
|
|switch|p1a: Jynx|Jynx|233\/333 par
|move|p2a: Exeggutor|Sleep Powder|p1a: Jynx
|-fail|p1a: Jynx
|
|turn|40
|choice|switch 2|switch 4
|
|switch|p1a: Koopacow|Tauros|24\/353
|switch|p2a: Chansey|Chansey|685\/703 par
|
|turn|41
|choice|move 4|move 2
|
|move|p1a: Koopacow|Hyper Beam|p2a: Chansey
|-damage|p2a: Chansey|192\/703 par
|move|p2a: Chansey|Reflect|p2a: Chansey
|-start|p2a: Chansey|Reflect
|
|turn|42
|-mustrecharge|p1a: Koopacow
|-mustrecharge|p1a: Koopacow
|choice|move 1|move 4
|
|cant|p1a: Koopacow|recharge
|move|p2a: Chansey|Soft-Boiled|p2a: Chansey
|-fail|p2a: Chansey
|
|turn|43
|c|+badaking|wut
|c|+prajpran|howo_o
|c|★Dice|nice roll
|c|★stathakis|gg
|c|+prajpran|hack oo
|-message|stathakis forfeited.
|
|win|Dice