|J|Alexander
|J|BKC
|player|p1|Alexander|101
|player|p2|BKC|269
|gametype|singles
|gen|1
|tier|[Gen 1] OU
|seed|47876,47400,45731,34554
|rule|Sleep Clause Mod: Limit one foe put to sleep
|rule|Freeze Clause Mod: Limit one foe frozen
|rule|Species Clause: Limit one of each Pokémon
|rule|OHKO Clause: OHKO moves are banned
|rule|Evasion Moves Clause: Evasion moves are banned
|rule|HP Percentage Mod: HP is shown in percentages
|
|start
|switch|p1a: Jynx|Jynx|333\/333
|switch|p2a: Jynx|Jynx|333\/333
|turn|1
|c|★BKC|gl
|c|★Alexander|u2
|choice|move 3|move 3
|
|move|p1a: Jynx|Lovely Kiss|p2a: Jynx
|-status|p2a: Jynx|slp
|-curestatus|p2a: Jynx|slp
|
|turn|2
|choice|move 3|move 3
|
|move|p2a: Jynx|Lovely Kiss|p1a: Jynx
|-status|p1a: Jynx|slp
|cant|p1a: Jynx|slp
|
|turn|3
|J|choollio
|choice|switch 4|switch 5
|
|switch|p1a: Chansey|Chansey|703\/703
|switch|p2a: Snorlax|Snorlax|523\/523
|
|turn|4
|J|ReshiRampage
|choice|move 4|switch 2
|
|switch|p2a: Exeggutor|Exeggutor|393\/393
|move|p1a: Chansey|Thunder Wave|p2a: Exeggutor
|-status|p2a: Exeggutor|par
|
|turn|5
|L|ReshiRampage
|choice|move 1|move 3
|
|move|p1a: Chansey|Reflect|p1a: Chansey
|-start|p1a: Chansey|Reflect
|move|p2a: Exeggutor|Stun Spore|p1a: Chansey|[miss]
|-miss|p2a: Exeggutor
|
|turn|6
|choice|move 2|move 3
|
|move|p1a: Chansey|Seismic Toss|p2a: Exeggutor
|-damage|p2a: Exeggutor|293\/393 par
|move|p2a: Exeggutor|Stun Spore|p1a: Chansey
|-status|p1a: Chansey|par
|
|turn|7
|choice|move 2|move 1
|
|move|p2a: Exeggutor|Psychic|p1a: Chansey
|-damage|p1a: Chansey|588\/703 par
|-unboost|p1a: Chansey|spd|1
|-unboost|p1a: Chansey|spa|1
|move|p1a: Chansey|Seismic Toss|p2a: Exeggutor
|-damage|p2a: Exeggutor|193\/393 par
|
|turn|8
|choice|move 3|move 1
|
|move|p2a: Exeggutor|Psychic|p1a: Chansey
|-damage|p1a: Chansey|404\/703 par
|move|p1a: Chansey|Soft-Boiled|p1a: Chansey
|-heal|p1a: Chansey|703\/703 par
|
|turn|9
|choice|move 2|move 1
|
|move|p2a: Exeggutor|Psychic|p1a: Chansey
|-damage|p1a: Chansey|526\/703 par
|move|p1a: Chansey|Seismic Toss|p2a: Exeggutor
|-damage|p2a: Exeggutor|93\/393 par
|
|turn|10
|choice|switch 4|move 4
|
|switch|p1a: Jynx|Jynx|333\/333 slp
|move|p2a: Exeggutor|Explosion|p1a: Jynx
|-damage|p1a: Jynx|0 fnt
|faint|p1a: Jynx
|faint|p2a: Exeggutor
|choice|switch 2|switch 4
|
|switch|p2a: Cloyster|Cloyster|303\/303
|switch|p1a: Lapras|Lapras|463\/463
|turn|11
|choice|move 1|move 2
|
|move|p2a: Cloyster|Clamp|p1a: Lapras
|-resisted|p1a: Lapras
|-damage|p1a: Lapras|446\/463
|-activate|p1a: Lapras|move: Clamp|[of] p2a: Cloyster
|cant|p1a: Lapras|partiallytrapped
|
|turn|12
|choice|move 1|switch 2
|
|switch|p2a: Snorlax|Snorlax|523\/523
|cant|p1a: Lapras|partiallytrapped
|
|-end|p1a: Lapras|Clamp|[partiallytrapped]
|turn|13
|choice|move 2|move 1
|
|move|p1a: Lapras|Blizzard|p2a: Snorlax
|-crit|p2a: Snorlax
|-damage|p2a: Snorlax|203\/523
|move|p2a: Snorlax|Body Slam|p1a: Lapras
|-damage|p1a: Lapras|319\/463
|
|turn|14
|choice|move 3|move 4
|
|move|p1a: Lapras|Confuse Ray|p2a: Snorlax
|-start|p2a: Snorlax|confusion
|-activate|p2a: Snorlax|confusion
|move|p2a: Snorlax|Self-Destruct|p1a: Lapras
|-damage|p1a: Lapras|0 fnt
|faint|p1a: Lapras
|faint|p2a: Snorlax
|choice|switch 6|switch 2
|
|switch|p1a: Tauros|Tauros|353\/353
|switch|p2a: Cloyster|Cloyster|303\/303
|turn|15
|choice|move 1|move 1
|
|move|p1a: Tauros|Body Slam|p2a: Cloyster
|-damage|p2a: Cloyster|240\/303
|move|p2a: Cloyster|Blizzard|p1a: Tauros
|-damage|p1a: Tauros|192\/353
|
|turn|16
|choice|move 1|move 1
|
|move|p1a: Tauros|Body Slam|p2a: Cloyster
|-damage|p2a: Cloyster|174\/303
|move|p2a: Cloyster|Blizzard|p1a: Tauros
|-damage|p1a: Tauros|23\/353
|
|turn|17
|choice|move 1|move 1
|
|move|p1a: Tauros|Body Slam|p2a: Cloyster
|-damage|p2a: Cloyster|113\/303
|move|p2a: Cloyster|Blizzard|p1a: Tauros
|-damage|p1a: Tauros|0 fnt
|faint|p1a: Tauros
|choice|switch 4|
|
|switch|p1a: Chansey|Chansey|526\/703 par
|turn|18
|choice|move 4|move 2
|
|move|p2a: Cloyster|Clamp|p1a: Chansey
|-crit|p1a: Chansey
|-damage|p1a: Chansey|453\/703 par
|-activate|p1a: Chansey|move: Clamp|[of] p2a: Cloyster
|cant|p1a: Chansey|par
|
|turn|19
|choice|move 4|switch 5
|
|switch|p2a: Jynx|Jynx|333\/333
|cant|p1a: Chansey|partiallytrapped
|
|-end|p1a: Chansey|Clamp|[partiallytrapped]
|turn|20
|choice|move 3|move 2
|
|move|p2a: Jynx|Psychic|p1a: Chansey
|-crit|p1a: Chansey
|-damage|p1a: Chansey|264\/703 par
|move|p1a: Chansey|Soft-Boiled|p1a: Chansey
|-heal|p1a: Chansey|615\/703 par
|
|turn|21
|choice|move 4|move 2
|
|move|p2a: Jynx|Psychic|p1a: Chansey
|-damage|p1a: Chansey|524\/703 par
|move|p1a: Chansey|Thunder Wave|p2a: Jynx
|-status|p2a: Jynx|par
|
|turn|22
|choice|move 2|move 2
|
|cant|p2a: Jynx|par
|move|p1a: Chansey|Seismic Toss|p2a: Jynx
|-damage|p2a: Jynx|233\/333 par
|
|turn|23
|choice|move 2|move 2
|
|move|p2a: Jynx|Psychic|p1a: Chansey
|-damage|p1a: Chansey|430\/703 par
|cant|p1a: Chansey|par
|
|turn|24
|choice|move 3|move 2
|
|move|p2a: Jynx|Psychic|p1a: Chansey
|-damage|p1a: Chansey|336\/703 par
|move|p1a: Chansey|Soft-Boiled|p1a: Chansey
|-heal|p1a: Chansey|687\/703 par
|
|turn|25
|choice|move 2|move 2
|
|cant|p2a: Jynx|par
|move|p1a: Chansey|Seismic Toss|p2a: Jynx
|-damage|p2a: Jynx|133\/333 par
|
|turn|26
|choice|move 2|move 2
|
|move|p2a: Jynx|Psychic|p1a: Chansey
|-damage|p1a: Chansey|581\/703 par
|-unboost|p1a: Chansey|spd|1
|-unboost|p1a: Chansey|spa|1
|move|p1a: Chansey|Seismic Toss|p2a: Jynx
|-damage|p2a: Jynx|33\/333 par
|
|turn|27
|choice|move 2|move 1
|
|cant|p2a: Jynx|par
|move|p1a: Chansey|Seismic Toss|p2a: Jynx
|-damage|p2a: Jynx|0 fnt
|faint|p2a: Jynx
|choice||switch 5
|
|switch|p2a: Cloyster|Cloyster|113\/303
|turn|28
|choice|move 4|move 2
|
|move|p2a: Cloyster|Clamp|p1a: Chansey
|-damage|p1a: Chansey|521\/703 par
|-activate|p1a: Chansey|move: Clamp|[of] p2a: Cloyster
|cant|p1a: Chansey|partiallytrapped
|
|turn|29
|choice|move 3|move 2
|
|move|p2a: Cloyster|Clamp|p1a: Chansey
|-damage|p1a: Chansey|461\/703 par
|cant|p1a: Chansey|par
|
|-end|p1a: Chansey|Clamp|[partiallytrapped]
|turn|30
|choice|move 4|move 2
|
|move|p2a: Cloyster|Clamp|p1a: Chansey
|-damage|p1a: Chansey|404\/703 par
|-activate|p1a: Chansey|move: Clamp|[of] p2a: Cloyster
|cant|p1a: Chansey|partiallytrapped
|
|turn|31
|choice|move 3|move 2
|
|move|p2a: Cloyster|Clamp|p1a: Chansey
|-damage|p1a: Chansey|347\/703 par
|cant|p1a: Chansey|partiallytrapped
|
|turn|32
|choice|move 3|move 2
|
|move|p2a: Cloyster|Clamp|p1a: Chansey
|-damage|p1a: Chansey|290\/703 par
|cant|p1a: Chansey|partiallytrapped
|
|-end|p1a: Chansey|Clamp|[partiallytrapped]
|turn|33
|choice|move 3|move 3
|
|move|p2a: Cloyster|Hyper Beam|p1a: Chansey
|-damage|p1a: Chansey|0 fnt
|faint|p1a: Chansey
|choice|switch 3|
|
|switch|p1a: Exeggutor|Exeggutor|393\/393
|turn|34
|choice|move 1|move 1
|
|move|p2a: Cloyster|Blizzard|p1a: Exeggutor
|-supereffective|p1a: Exeggutor
|-damage|p1a: Exeggutor|167\/393
|move|p1a: Exeggutor|Psychic|p2a: Cloyster
|-damage|p2a: Cloyster|0 fnt
|faint|p2a: Cloyster
|choice||switch 6
|
|switch|p2a: Tauros|Tauros|353\/353
|turn|35
|choice|switch 5|move 2
|
|switch|p1a: Snorlax|Snorlax|523\/523
|move|p2a: Tauros|Hyper Beam|p1a: Snorlax|[miss]
|-miss|p2a: Tauros
|
|turn|36
|choice|move 1|move 3
|
|move|p2a: Tauros|Blizzard|p1a: Snorlax
|-damage|p1a: Snorlax|422\/523
|move|p1a: Snorlax|Body Slam|p2a: Tauros
|-damage|p2a: Tauros|237\/353
|
|turn|37
|choice|move 1|switch 3
|
|switch|p2a: Chansey|Chansey|703\/703
|move|p1a: Snorlax|Body Slam|p2a: Chansey
|-damage|p2a: Chansey|397\/703
|
|turn|38
|choice|move 1|move 4
|
|move|p2a: Chansey|Soft-Boiled|p2a: Chansey
|-heal|p2a: Chansey|703\/703
|move|p1a: Snorlax|Body Slam|p2a: Chansey
|-damage|p2a: Chansey|413\/703
|
|turn|39
|choice|move 1|move 3
|
|move|p2a: Chansey|Thunder Wave|p1a: Snorlax
|-status|p1a: Snorlax|par
|move|p1a: Snorlax|Body Slam|p2a: Chansey
|-damage|p2a: Chansey|131\/703
|
|turn|40
|choice|move 3|move 4
|
|move|p2a: Chansey|Soft-Boiled|p2a: Chansey
|-heal|p2a: Chansey|482\/703
|move|p1a: Snorlax|Hyper Beam|p2a: Chansey
|-damage|p2a: Chansey|10\/703
|
|turn|41
|-mustrecharge|p1a: Snorlax
|-mustrecharge|p1a: Snorlax
|choice|move 1|move 1
|
|move|p2a: Chansey|Ice Beam|p1a: Snorlax
|-damage|p1a: Snorlax|317\/523 par
|cant|p1a: Snorlax|recharge
|
|turn|42
|choice|move 3|move 1
|
|move|p2a: Chansey|Ice Beam|p1a: Snorlax
|-crit|p1a: Snorlax
|-damage|p1a: Snorlax|108\/523 par
|move|p1a: Snorlax|Hyper Beam|p2a: Chansey
|-damage|p2a: Chansey|0 fnt
|faint|p2a: Chansey
|choice||switch 3
|
|switch|p2a: Tauros|Tauros|237\/353
|turn|43
|c|★Alexander|dang
|choice|move 4|move 1
|
|move|p2a: Tauros|Body Slam|p1a: Snorlax
|-damage|p1a: Snorlax|0 fnt
|faint|p1a: Snorlax
|choice|switch 5|
|
|switch|p1a: Exeggutor|Exeggutor|167\/393
|turn|44
|J|Sam I Yam
|c|★Alexander|miss 4 justice
|choice|move 3|move 2
|
|move|p2a: Tauros|Hyper Beam|p1a: Exeggutor
|-damage|p1a: Exeggutor|0 fnt
|faint|p1a: Exeggutor
|
|win|BKC