|J|Dice
|J|smilzo
|player|p1|Dice|134
|player|p2|smilzo|157
|gametype|singles
|gen|1
|tier|[Gen 1] OU
|seed|
|rule|Sleep Clause Mod: Limit one foe put to sleep
|rule|Freeze Clause Mod: Limit one foe frozen
|rule|Species Clause: Limit one of each Pokémon
|rule|OHKO Clause: OHKO moves are banned
|rule|Evasion Moves Clause: Evasion moves are banned
|rule|HP Percentage Mod: HP is shown in percentages
|
|start
|switch|p1a: Gengar|Gengar|100\/100
|switch|p2a: Alakazam|Alakazam|100\/100
|turn|1
|c|★smilzo|hf
|J|KratosMana
|choice||
|
|switch|p1a: Exeggutor|Exeggutor|100\/100
|move|p2a: Alakazam|Thunder Wave|p1a: Exeggutor
|-status|p1a: Exeggutor|par
|
|turn|2
|c|★Dice|likewise
|choice||
|
|move|p2a: Alakazam|Seismic Toss|p1a: Exeggutor
|-damage|p1a: Exeggutor|75\/100 par
|move|p1a: Exeggutor|Sleep Powder|p2a: Alakazam|[miss]
|-miss|p1a: Exeggutor
|
|turn|3
|choice||
|
|move|p2a: Alakazam|Seismic Toss|p1a: Exeggutor
|-damage|p1a: Exeggutor|50\/100 par
|move|p1a: Exeggutor|Sleep Powder|p2a: Alakazam
|-status|p2a: Alakazam|slp
|
|turn|4
|L|KratosMana
|J|KratosMana
|J|Altina
|choice||
|
|cant|p2a: Alakazam|slp
|move|p1a: Exeggutor|Stun Spore|p2a: Alakazam
|-fail|p2a: Alakazam
|
|turn|5
|J|Agammemnon
|L|Altina
|choice||
|
|switch|p2a: Chansey|Chansey|100\/100
|switch|p1a: Snorlax|Snorlax|100\/100
|
|turn|6
|choice||
|
|switch|p1a: Chansey|Chansey|100\/100
|move|p2a: Chansey|Seismic Toss|p1a: Chansey
|-damage|p1a: Chansey|86\/100
|
|turn|7
|choice||
|
|move|p2a: Chansey|Sing|p1a: Chansey
|-status|p1a: Chansey|slp
|cant|p1a: Chansey|slp
|
|turn|8
|choice||
|
|switch|p2a: Snorlax|Snorlax|100\/100
|cant|p1a: Chansey|slp
|
|turn|9
|choice||
|
|-curestatus|p1a: Chansey|slp
|move|p2a: Snorlax|Body Slam|p1a: Chansey
|-damage|p1a: Chansey|42\/100
|
|turn|10
|choice||
|
|move|p1a: Chansey|Soft-Boiled|p1a: Chansey
|-heal|p1a: Chansey|92\/100
|move|p2a: Snorlax|Earthquake|p1a: Chansey
|-damage|p1a: Chansey|57\/100
|
|turn|11
|choice||
|
|switch|p1a: Snorlax|Snorlax|100\/100
|switch|p2a: Exeggutor|Exeggutor|100\/100
|
|turn|12
|J|GOD MARTH
|choice||
|
|move|p2a: Exeggutor|Psychic|p1a: Snorlax
|-damage|p1a: Snorlax|71\/100
|move|p1a: Snorlax|Body Slam|p2a: Exeggutor
|-damage|p2a: Exeggutor|70\/100
|
|turn|13
|choice||
|
|switch|p1a: Exeggutor|Exeggutor|50\/100 par
|move|p2a: Exeggutor|Sleep Powder|p1a: Exeggutor
|-fail|p1a: Exeggutor
|
|turn|14
|choice||
|
|switch|p2a: Alakazam|Alakazam|100\/100 slp
|switch|p1a: Snorlax|Snorlax|71\/100
|
|turn|15
|J|boudouche
|L|boudouche
|choice||
|
|switch|p2a: Chansey|Chansey|100\/100
|move|p1a: Snorlax|Body Slam|p2a: Chansey
|-damage|p2a: Chansey|59\/100
|
|turn|16
|L|GOD MARTH
|choice||
|
|move|p2a: Chansey|Soft-Boiled|p2a: Chansey
|-heal|p2a: Chansey|100\/100
|move|p1a: Snorlax|Body Slam|p2a: Chansey
|-damage|p2a: Chansey|59\/100
|
|turn|17
|choice||
|
|move|p2a: Chansey|Thunder Wave|p1a: Snorlax
|-status|p1a: Snorlax|par
|move|p1a: Snorlax|Hyper Beam|p2a: Chansey
|-damage|p2a: Chansey|0 fnt
|faint|p2a: Chansey
|choice||
|
|switch|p2a: Exeggutor|Exeggutor|70\/100
|turn|18
|choice||
|
|switch|p1a: Exeggutor|Exeggutor|50\/100 par
|move|p2a: Exeggutor|Psychic|p1a: Exeggutor
|-resisted|p1a: Exeggutor
|-damage|p1a: Exeggutor|37\/100 par
|-unboost|p1a: Exeggutor|spd|1
|-unboost|p1a: Exeggutor|spa|1
|
|turn|19
|choice||
|
|switch|p2a: Alakazam|Alakazam|100\/100 slp
|move|p1a: Exeggutor|Explosion|p2a: Alakazam
|-damage|p2a: Alakazam|0 fnt
|faint|p2a: Alakazam
|faint|p1a: Exeggutor
|J|TFC
|choice||
|
|switch|p2a: Starmie|Starmie|100\/100
|switch|p1a: Gengar|Gengar|100\/100
|turn|20
|choice||
|
|move|p2a: Starmie|Thunder Wave|p1a: Gengar
|-status|p1a: Gengar|par
|move|p1a: Gengar|Hypnosis|p2a: Starmie|[miss]
|-miss|p1a: Gengar
|
|turn|21
|choice||
|
|switch|p1a: Chansey|Chansey|57\/100
|move|p2a: Starmie|Blizzard|p1a: Chansey
|-damage|p1a: Chansey|43\/100
|
|turn|22
|choice||
|
|move|p2a: Starmie|Thunder Wave|p1a: Chansey
|-status|p1a: Chansey|par
|cant|p1a: Chansey|par
|
|turn|23
|choice||
|
|switch|p2a: Snorlax|Snorlax|100\/100
|move|p1a: Chansey|Soft-Boiled|p1a: Chansey
|-heal|p1a: Chansey|93\/100 par
|
|turn|24
|choice||
|
|move|p2a: Snorlax|Earthquake|p1a: Chansey
|-damage|p1a: Chansey|62\/100 par
|move|p1a: Chansey|Thunder Wave|p2a: Snorlax
|-status|p2a: Snorlax|par
|
|turn|25
|choice||
|
|move|p1a: Chansey|Soft-Boiled|p1a: Chansey
|-heal|p1a: Chansey|100\/100 par
|cant|p2a: Snorlax|par
|
|turn|26
|choice||
|
|switch|p1a: Snorlax|Snorlax|71\/100 par
|cant|p2a: Snorlax|par
|
|turn|27
|J|aimless oo
|choice||
|
|move|p2a: Snorlax|Body Slam|p1a: Snorlax
|-damage|p1a: Snorlax|44\/100 par
|move|p1a: Snorlax|Earthquake|p2a: Snorlax
|-damage|p2a: Snorlax|80\/100 par
|
|turn|28
|choice||
|
|switch|p2a: Starmie|Starmie|100\/100
|move|p1a: Snorlax|Self-Destruct|p2a: Starmie
|-damage|p2a: Starmie|0 fnt
|faint|p2a: Starmie
|faint|p1a: Snorlax
|choice||
|
|switch|p1a: Gengar|Gengar|100\/100 par
|switch|p2a: Snorlax|Snorlax|80\/100 par
|turn|29
|choice||
|
|move|p1a: Gengar|Explosion|p2a: Snorlax
|-crit|p2a: Snorlax
|-damage|p2a: Snorlax|0 fnt
|faint|p2a: Snorlax
|faint|p1a: Gengar
|choice||
|
|switch|p2a: Exeggutor|Exeggutor|70\/100
|switch|p1a: Chansey|Chansey|100\/100 par
|turn|30
|J|bouff
|choice||
|
|move|p2a: Exeggutor|Psychic|p1a: Chansey
|-crit|p1a: Chansey
|-damage|p1a: Chansey|65\/100 par
|-unboost|p1a: Chansey|spd|1
|-unboost|p1a: Chansey|spa|1
|move|p1a: Chansey|Thunder Wave|p2a: Exeggutor
|-status|p2a: Exeggutor|par
|
|turn|31
|choice||
|
|cant|p2a: Exeggutor|par
|cant|p1a: Chansey|par
|
|turn|32
|choice||
|
|move|p2a: Exeggutor|Psychic|p1a: Chansey
|-damage|p1a: Chansey|37\/100 par
|move|p1a: Chansey|Soft-Boiled|p1a: Chansey
|-heal|p1a: Chansey|87\/100 par
|
|turn|33
|choice||
|
|move|p2a: Exeggutor|Psychic|p1a: Chansey
|-damage|p1a: Chansey|61\/100 par
|-unboost|p1a: Chansey|spd|1
|-unboost|p1a: Chansey|spa|1
|move|p1a: Chansey|Ice Beam|p2a: Exeggutor
|-supereffective|p2a: Exeggutor
|-damage|p2a: Exeggutor|53\/100 par
|
|turn|34
|choice||
|
|move|p2a: Exeggutor|Psychic|p1a: Chansey
|-damage|p1a: Chansey|28\/100 par
|move|p1a: Chansey|Soft-Boiled|p1a: Chansey
|-heal|p1a: Chansey|78\/100 par
|
|turn|35
|choice||
|
|move|p2a: Exeggutor|Psychic|p1a: Chansey
|-damage|p1a: Chansey|42\/100 par
|-unboost|p1a: Chansey|spd|1
|-unboost|p1a: Chansey|spa|1
|cant|p1a: Chansey|par
|
|turn|36
|choice||
|
|move|p2a: Exeggutor|Psychic|p1a: Chansey
|-damage|p1a: Chansey|0 fnt
|faint|p1a: Chansey
|choice||
|
|switch|p1a: Lapras|Lapras|100\/100
|turn|37
|choice||
|
|move|p1a: Lapras|Blizzard|p2a: Exeggutor
|-supereffective|p2a: Exeggutor
|-damage|p2a: Exeggutor|0 fnt
|faint|p2a: Exeggutor
|choice||
|
|switch|p2a: Tauros|Tauros|100\/100
|turn|38
|choice||
|
|move|p2a: Tauros|Body Slam|p1a: Lapras
|-damage|p1a: Lapras|74\/100
|-status|p1a: Lapras|par
|move|p1a: Lapras|Blizzard|p2a: Tauros
|-damage|p2a: Tauros|54\/100
|
|turn|39
|J|Madoka
|choice||
|
|move|p2a: Tauros|Body Slam|p1a: Lapras
|-damage|p1a: Lapras|48\/100 par
|move|p1a: Lapras|Body Slam|p2a: Tauros
|-damage|p2a: Tauros|36\/100
|
|turn|40
|choice||
|
|move|p2a: Tauros|Hyper Beam|p1a: Lapras
|-damage|p1a: Lapras|6\/100 par
|move|p1a: Lapras|Blizzard|p2a: Tauros
|-crit|p2a: Tauros
|-damage|p2a: Tauros|0 fnt
|faint|p2a: Tauros
|
|win|Dice