|inactive|Battle timer is ON: inactive players will automatically lose when time's up.
|J|disaster area
|J|LEREMYJU
|player|p1|disaster area|32
|player|p2|LEREMYJU|37
|gametype|singles
|gen|1
|tier|[Gen 1] OU
|rule|Sleep Clause Mod: Limit one foe put to sleep
|rule|Freeze Clause Mod: Limit one foe frozen
|rule|Species Clause: Limit one of each Pokémon
|rule|OHKO Clause: OHKO moves are banned
|rule|Evasion Moves Clause: Evasion moves are banned
|rule|HP Percentage Mod: HP is shown in percentages
|
|start
|switch|p1a: Jynx|Jynx|333\/333
|switch|p2a: Alakazam|Alakazam|313\/313
|turn|1
|c|★disaster area|alakazam is basically 
|c|★disaster area|like your typical mon that u let take sleep
|c|★disaster area|it can also act as a para spreader
|c|★disaster area|it can force switch with psychic special falls
|c|★disaster area|(meaning chansey doesn't stop it as cold as you might think)
|c|★disaster area|it acts as a wall to itself and a check to like
|c|★disaster area|jolteon starmie etc
|c|★disaster area|and it's a decent anti-victreebel weapon
|c|★disaster area|and anti-wrap in general
|
|move|p2a: Alakazam|Thunder Wave|p1a: Jynx
|-status|p1a: Jynx|par
|cant|p1a: Jynx|par
|
|turn|2
|J|Kingler12345
|
|move|p2a: Alakazam|Seismic Toss|p1a: Jynx
|-damage|p1a: Jynx|233\/333 par
|move|p1a: Jynx|Lovely Kiss|p2a: Alakazam
|-status|p2a: Alakazam|slp
|
|turn|3
|
|switch|p2a: Lapras|Lapras|463\/463
|cant|p1a: Jynx|par
|
|turn|4
|
|switch|p2a: Rhydon|Rhydon|413\/413
|cant|p1a: Jynx|par
|
|turn|5
|L|Kingler12345
|
|switch|p1a: Exeggutor|Exeggutor|393\/393
|move|p2a: Rhydon|Substitute|p2a: Rhydon
|-start|p2a: Rhydon|Substitute
|-damage|p2a: Rhydon|310\/413
|
|turn|6
|
|move|p1a: Exeggutor|Stun Spore|p2a: Rhydon
|-status|p2a: Rhydon|par
|move|p2a: Rhydon|Body Slam|p1a: Exeggutor
|-damage|p1a: Exeggutor|301\/393
|-status|p1a: Exeggutor|par
|
|turn|7
|c|★LEREMYJU|Stun spore
|c|★LEREMYJU|goes thru sub?
|
|cant|p1a: Exeggutor|par
|move|p2a: Rhydon|Rock Slide|p1a: Exeggutor
|-damage|p1a: Exeggutor|178\/393 par
|
|turn|8
|c|★disaster area|every status other than
|c|★disaster area|confuse ray\/toxic
|c|★disaster area|goes thru sub
|c|★LEREMYJU|Ok
|J|JohnxYiu
|
|move|p1a: Exeggutor|Psychic|p2a: Rhydon
|-end|p2a: Rhydon|Substitute
|move|p2a: Rhydon|Rock Slide|p1a: Exeggutor
|-damage|p1a: Exeggutor|55\/393 par
|
|turn|9
|
|switch|p2a: Exeggutor|Exeggutor|393\/393
|cant|p1a: Exeggutor|par
|
|turn|10
|
|switch|p1a: Jynx|Jynx|233\/333 par
|move|p2a: Exeggutor|Leech Seed|p1a: Jynx
|-start|p1a: Jynx|move: Leech Seed
|
|turn|11
|c|★disaster area|o
|c|★disaster area|I think that's the team
|c|★disaster area|I just used vs you
|c|★disaster area|lol
|c|★LEREMYJU|no
|c|★LEREMYJU|i have
|c|★disaster area|or I was just using it earlier
|c|★disaster area|lol
|c|★LEREMYJU|lol
|c|★disaster area|o yea i was
|c|★disaster area|but not vs u
|
|switch|p2a: Lapras|Lapras|463\/463
|cant|p1a: Jynx|par
|-damage|p1a: Jynx|213\/333 par|[from] Leech Seed|[of] p2a: Lapras
|
|turn|12
|L|LEREMYJU
|player|p2
|J|LEREMYJU
|player|p2|LEREMYJU|37
|
|move|p2a: Lapras|Body Slam|p1a: Jynx
|-damage|p1a: Jynx|103\/333 par
|cant|p1a: Jynx|par
|-damage|p1a: Jynx|83\/333 par|[from] Leech Seed|[of] p2a: Lapras
|
|turn|13
|c|★disaster area|counter
|c|★disaster area|rip
|
|switch|p1a: Chansey|Chansey|703\/703
|move|p2a: Lapras|Body Slam|p1a: Chansey
|-damage|p1a: Chansey|526\/703
|
|turn|14
|
|switch|p2a: Rhydon|Rhydon|310\/413 par
|move|p1a: Chansey|Counter|p2a: Rhydon
|-damage|p2a: Rhydon|0 fnt
|faint|p2a: Rhydon
|c|★LEREMYJU|rip
|c|★disaster area|:>
|
|switch|p2a: Chansey|Chansey|703\/703
|turn|15
|c|★disaster area|i <3 counter
|c|★disaster area|such a legit move
|J|Sunding
|c|★disaster area|lol
|c|★LEREMYJU|how does it work
|c|★LEREMYJU|jusr deals whatever it took
|c|★LEREMYJU|right
|
|move|p2a: Chansey|Sing|p1a: Chansey
|-status|p1a: Chansey|slp
|cant|p1a: Chansey|slp
|
|turn|16
|
|switch|p1a: Jynx|Jynx|83\/333 par
|move|p2a: Chansey|Seismic Toss|p1a: Jynx
|-damage|p1a: Jynx|0 fnt
|faint|p1a: Jynx
|
|switch|p1a: Zapdos|Zapdos|383\/383
|turn|17
|
|switch|p2a: Alakazam|Alakazam|313\/313 slp
|move|p1a: Zapdos|Thunder Wave|p2a: Alakazam
|-fail|p2a: Alakazam
|
|turn|18
|
|switch|p1a: Exeggutor|Exeggutor|55\/393 par
|cant|p2a: Alakazam|slp
|
|turn|19
|
|cant|p2a: Alakazam|slp
|move|p1a: Exeggutor|Explosion|p2a: Alakazam
|-damage|p2a: Alakazam|0 fnt
|faint|p2a: Alakazam
|faint|p1a: Exeggutor
|c|★LEREMYJU|rip
|
|switch|p1a: Zapdos|Zapdos|383\/383
|switch|p2a: Exeggutor|Exeggutor|393\/393
|turn|20
|
|move|p1a: Zapdos|Thunder Wave|p2a: Exeggutor
|-status|p2a: Exeggutor|par
|cant|p2a: Exeggutor|par
|
|turn|21
|
|move|p1a: Zapdos|Drill Peck|p2a: Exeggutor
|-supereffective|p2a: Exeggutor
|-damage|p2a: Exeggutor|205\/393 par
|move|p2a: Exeggutor|Stun Spore|p1a: Zapdos|[miss]
|-miss|p2a: Exeggutor
|
|turn|22
|
|move|p1a: Zapdos|Drill Peck|p2a: Exeggutor
|-supereffective|p2a: Exeggutor
|-damage|p2a: Exeggutor|0 fnt
|faint|p2a: Exeggutor
|c|★LEREMYJU|What beats this
|c|★LEREMYJU|i sacked
|c|★LEREMYJU|rhydon
|c|★LEREMYJU|;-;
|
|switch|p2a: Chansey|Chansey|703\/703
|turn|23
|
|move|p1a: Zapdos|Thunder Wave|p2a: Chansey
|-status|p2a: Chansey|par
|move|p2a: Chansey|Thunder Wave|p1a: Zapdos
|-status|p1a: Zapdos|par
|
|turn|24
|
|move|p1a: Zapdos|Agility|p1a: Zapdos
|-boost|p1a: Zapdos|spe|2
|move|p2a: Chansey|Seismic Toss|p1a: Zapdos
|-damage|p1a: Zapdos|283\/383 par
|
|turn|25
|
|move|p1a: Zapdos|Drill Peck|p2a: Chansey
|-crit|p2a: Chansey
|-damage|p2a: Chansey|204\/703 par
|move|p2a: Chansey|Seismic Toss|p1a: Zapdos
|-damage|p1a: Zapdos|183\/383 par
|
|turn|26
|
|switch|p2a: Lapras|Lapras|463\/463
|move|p1a: Zapdos|Drill Peck|p2a: Lapras
|-damage|p2a: Lapras|361\/463
|
|turn|27
|
|move|p1a: Zapdos|Thunderbolt|p2a: Lapras
|-crit|p2a: Lapras
|-supereffective|p2a: Lapras
|-damage|p2a: Lapras|0 fnt
|faint|p2a: Lapras
|
|switch|p2a: Tauros|Tauros|353\/353
|turn|28
|
|move|p1a: Zapdos|Thunder Wave|p2a: Tauros
|-status|p2a: Tauros|par
|cant|p2a: Tauros|par
|
|turn|29
|
|move|p1a: Zapdos|Thunderbolt|p2a: Tauros
|-damage|p2a: Tauros|179\/353 par
|cant|p2a: Tauros|par
|
|turn|30
|c|★disaster area|ggrip
|c|★LEREMYJU|How does paralysis even work
|c|★LEREMYJU|no speed
|c|★disaster area|lol
|c|★LEREMYJU|drop?
|c|★disaster area|if u agility
|
|move|p1a: Zapdos|Thunderbolt|p2a: Tauros
|-damage|p2a: Tauros|9\/353 par
|move|p2a: Tauros|Body Slam|p1a: Zapdos
|-damage|p1a: Zapdos|64\/383 par
|
|turn|31
|c|★disaster area|then u
|c|★disaster area|ignore the drop
|c|★disaster area|completely
|c|★LEREMYJU|wtf
|c|★LEREMYJU|o.O
|c|★disaster area|if u do the agility after the
|c|★disaster area|paralysis
|c|★disaster area|lol
|c|★disaster area|not before tho
|c|★disaster area|:>
|c|★disaster area|actually it's weirder than that when u boost non-speed stats whilst para'd
|c|★disaster area|but ye
|
|move|p1a: Zapdos|Thunderbolt|p2a: Tauros
|-damage|p2a: Tauros|0 fnt
|faint|p2a: Tauros
|L|Sunding
|c|★disaster area|as I said
|c|★disaster area|u need to
|
|switch|p2a: Chansey|Chansey|204\/703 par
|turn|32
|c|★disaster area|have some idea
|c|★disaster area|of the mechanics
|c|★disaster area|lol
|
|move|p1a: Zapdos|Drill Peck|p2a: Chansey
|-damage|p2a: Chansey|0 fnt
|faint|p2a: Chansey
|
|win|disaster area