|J|Lusch
|J|teal6
|player|p1|Lusch|153
|player|p2|teal6|138
|gametype|singles
|gen|1
|tier|[Gen 1] OU
|seed|40956,57051,53277,38853
|rule|Sleep Clause Mod: Limit one foe put to sleep
|rule|Freeze Clause Mod: Limit one foe frozen
|rule|Species Clause: Limit one of each Pokémon
|rule|OHKO Clause: OHKO moves are banned
|rule|Evasion Moves Clause: Evasion moves are banned
|rule|HP Percentage Mod: HP is shown in percentages
|
|start
|switch|p1a: Alakazam|Alakazam|313\/313
|switch|p2a: Gengar|Gengar|323\/323
|turn|1
|J|Alexander
|choice|switch 5|switch 6
|
|switch|p1a: Exeggutor|Exeggutor|393\/393
|switch|p2a: Starmie|Starmie|323\/323
|
|turn|2
|J|SOMALIA
|choice|move 3|move 1
|
|move|p2a: Starmie|Thunder Wave|p1a: Exeggutor
|-status|p1a: Exeggutor|par
|move|p1a: Exeggutor|Sleep Powder|p2a: Starmie
|-status|p2a: Starmie|slp
|
|turn|3
|choice|switch 5|switch 4
|
|switch|p2a: Chansey|Chansey|703\/703
|switch|p1a: Alakazam|Alakazam|313\/313
|
|turn|4
|choice|move 4|move 1
|
|move|p1a: Alakazam|Thunder Wave|p2a: Chansey
|-status|p2a: Chansey|par
|move|p2a: Chansey|Sing|p1a: Alakazam|[miss]
|-miss|p2a: Chansey
|
|turn|5
|choice|switch 5|move 2
|
|switch|p1a: Exeggutor|Exeggutor|393\/393 par
|move|p2a: Chansey|Ice Beam|p1a: Exeggutor
|-supereffective|p1a: Exeggutor
|-damage|p1a: Exeggutor|268\/393 par
|
|turn|6
|choice|move 2|move 2
|
|cant|p1a: Exeggutor|par
|move|p2a: Chansey|Ice Beam|p1a: Exeggutor
|-supereffective|p1a: Exeggutor
|-damage|p1a: Exeggutor|136\/393 par
|
|turn|7
|choice|move 2|switch 6
|
|switch|p2a: Gengar|Gengar|323\/323
|cant|p1a: Exeggutor|par
|
|turn|8
|choice|move 2|move 2
|
|move|p2a: Gengar|Night Shade|p1a: Exeggutor
|-damage|p1a: Exeggutor|36\/393 par
|move|p1a: Exeggutor|Psychic|p2a: Gengar
|-supereffective|p2a: Gengar
|-damage|p2a: Gengar|105\/323
|
|turn|9
|choice|move 2|move 2
|
|move|p2a: Gengar|Night Shade|p1a: Exeggutor|[miss]
|-miss|p2a: Gengar
|cant|p1a: Exeggutor|par
|
|turn|10
|c|★teal6|lol
|choice|switch 5|move 2
|
|switch|p1a: Alakazam|Alakazam|313\/313
|move|p2a: Gengar|Night Shade|p1a: Alakazam
|-damage|p1a: Alakazam|213\/313
|
|turn|11
|choice|switch 5|switch 6
|
|switch|p1a: Exeggutor|Exeggutor|36\/393 par
|switch|p2a: Chansey|Chansey|703\/703 par
|
|turn|12
|choice|move 4|move 2
|
|move|p1a: Exeggutor|Explosion|p2a: Chansey
|-damage|p2a: Chansey|11\/703 par
|faint|p1a: Exeggutor
|choice|switch 5|
|
|switch|p1a: Alakazam|Alakazam|213\/313
|turn|13
|choice|move 2|move 4
|
|move|p1a: Alakazam|Seismic Toss|p2a: Chansey
|-damage|p2a: Chansey|0 fnt
|faint|p2a: Chansey
|choice||switch 3
|
|switch|p2a: Snorlax|Snorlax|523\/523
|turn|14
|J|BLACK BILL GATES
|choice|switch 6|move 1
|
|switch|p1a: Snorlax|Snorlax|523\/523
|move|p2a: Snorlax|Body Slam|p1a: Snorlax
|-damage|p1a: Snorlax|377\/523
|
|turn|15
|choice|move 4|move 1
|
|move|p2a: Snorlax|Body Slam|p1a: Snorlax
|-damage|p1a: Snorlax|227\/523
|move|p1a: Snorlax|Earthquake|p2a: Snorlax
|-damage|p2a: Snorlax|406\/523
|
|turn|16
|choice|switch 3|move 4
|
|switch|p1a: Rhydon|Rhydon|413\/413
|move|p2a: Snorlax|Hyper Beam|p1a: Rhydon
|-resisted|p1a: Rhydon
|-damage|p1a: Rhydon|333\/413
|
|turn|17
|-mustrecharge|p2a: Snorlax
|-mustrecharge|p2a: Snorlax
|choice|move 2|move 1
|
|move|p1a: Rhydon|Earthquake|p2a: Snorlax
|-damage|p2a: Snorlax|228\/523
|cant|p2a: Snorlax|recharge
|
|turn|18
|choice|move 2|switch 4
|
|switch|p2a: Starmie|Starmie|323\/323 slp
|move|p1a: Rhydon|Earthquake|p2a: Starmie
|-damage|p2a: Starmie|164\/323 slp
|
|turn|19
|choice|switch 6|move 2
|
|switch|p1a: Alakazam|Alakazam|213\/313
|cant|p2a: Starmie|slp
|
|turn|20
|choice|move 2|move 1
|
|move|p1a: Alakazam|Seismic Toss|p2a: Starmie
|-damage|p2a: Starmie|64\/323 slp
|cant|p2a: Starmie|slp
|
|turn|21
|choice|move 3|move 1
|
|move|p1a: Alakazam|Recover|p1a: Alakazam
|-heal|p1a: Alakazam|313\/313
|-curestatus|p2a: Starmie|slp
|
|turn|22
|J|LeInf
|choice|move 2|switch 6
|
|switch|p2a: Gengar|Gengar|105\/323
|move|p1a: Alakazam|Seismic Toss|p2a: Gengar
|-damage|p2a: Gengar|5\/323
|
|turn|23
|choice|move 2|move 4
|
|move|p1a: Alakazam|Seismic Toss|p2a: Gengar
|-damage|p2a: Gengar|0 fnt
|faint|p2a: Gengar
|J|Triangles RSE
|choice||switch 4
|
|switch|p2a: Snorlax|Snorlax|228\/523
|turn|24
|choice|move 1|switch 6
|
|switch|p2a: Starmie|Starmie|64\/323
|move|p1a: Alakazam|Psychic|p2a: Starmie
|-resisted|p2a: Starmie
|-damage|p2a: Starmie|0 fnt
|faint|p2a: Starmie
|choice||switch 5
|
|switch|p2a: Golem|Golem|363\/363
|turn|25
|choice|switch 2|move 1
|
|switch|p1a: Starmie|Starmie|323\/323
|move|p2a: Golem|Earthquake|p1a: Starmie
|-damage|p1a: Starmie|179\/323
|
|turn|26
|choice|move 4|move 4
|
|move|p1a: Starmie|Blizzard|p2a: Golem
|-supereffective|p2a: Golem
|-damage|p2a: Golem|110\/363
|move|p2a: Golem|Explosion|p1a: Starmie
|-damage|p1a: Starmie|0 fnt
|faint|p1a: Starmie
|faint|p2a: Golem
|choice|switch 6|switch 2
|
|switch|p2a: Tauros|Tauros|353\/353
|switch|p1a: Rhydon|Rhydon|333\/413
|turn|27
|choice|move 2|move 3
|
|move|p2a: Tauros|Blizzard|p1a: Rhydon
|-crit|p1a: Rhydon
|-supereffective|p1a: Rhydon
|-damage|p1a: Rhydon|0 fnt
|faint|p1a: Rhydon
|choice|switch 3|
|
|switch|p1a: Snorlax|Snorlax|227\/523
|turn|28
|choice|move 3|move 4
|
|move|p2a: Tauros|Hyper Beam|p1a: Snorlax
|-damage|p1a: Snorlax|0 fnt
|faint|p1a: Snorlax
|choice|switch 4|
|
|switch|p1a: Tauros|Tauros|353\/353
|turn|29
|choice|move 1|move 2
|
|move|p2a: Tauros|Body Slam|p1a: Tauros
|-damage|p1a: Tauros|246\/353
|move|p1a: Tauros|Body Slam|p2a: Tauros
|-damage|p2a: Tauros|249\/353
|
|turn|30
|choice|move 1|move 2
|
|move|p2a: Tauros|Body Slam|p1a: Tauros
|-damage|p1a: Tauros|145\/353
|move|p1a: Tauros|Body Slam|p2a: Tauros
|-crit|p2a: Tauros
|-damage|p2a: Tauros|46\/353
|
|turn|31
|choice|switch 2|move 4
|
|switch|p1a: Alakazam|Alakazam|313\/313
|move|p2a: Tauros|Hyper Beam|p1a: Alakazam
|-damage|p1a: Alakazam|43\/313
|
|turn|32
|-mustrecharge|p2a: Tauros
|-mustrecharge|p2a: Tauros
|choice|move 1|move 1
|
|move|p1a: Alakazam|Psychic|p2a: Tauros
|-damage|p2a: Tauros|0 fnt
|faint|p2a: Tauros
|choice||switch 6
|
|switch|p2a: Snorlax|Snorlax|228\/523
|turn|33
|c|★Lusch|gg
|choice|move 1|move 1
|
|move|p1a: Alakazam|Psychic|p2a: Snorlax
|-damage|p2a: Snorlax|61\/523
|move|p2a: Snorlax|Body Slam|p1a: Alakazam
|-damage|p1a: Alakazam|0 fnt
|faint|p1a: Alakazam
|c|★teal6|gg
|choice|switch 2|
|
|switch|p1a: Tauros|Tauros|145\/353
|turn|34
|choice|move 1|move 1
|
|move|p1a: Tauros|Body Slam|p2a: Snorlax
|-crit|p2a: Snorlax
|-damage|p2a: Snorlax|0 fnt
|faint|p2a: Snorlax
|
|win|Lusch