|J|Agammemnon
|J|Dice
|player|p1|Agammemnon|220
|player|p2|Dice|2
|gametype|singles
|gen|1
|tier|[Gen 1] OU
|seed|29630,52875,57745,52000
|rule|Sleep Clause Mod: Limit one foe put to sleep
|rule|Freeze Clause Mod: Limit one foe frozen
|rule|Species Clause: Limit one of each Pokémon
|rule|OHKO Clause: OHKO moves are banned
|rule|Evasion Moves Clause: Evasion moves are banned
|rule|HP Percentage Mod: HP is shown in percentages
|
|start
|switch|p1a: Gengar|Gengar|323\/323
|switch|p2a: Jynx|Jynx|333\/333
|turn|1
|J|KratosMana
|c|★Dice|gl
|c|★Agammemnon|gl !
|choice|move 1|move 2
|
|move|p1a: Gengar|Explosion|p2a: Jynx
|-damage|p2a: Jynx|0 fnt
|faint|p2a: Jynx
|faint|p1a: Gengar
|J|King Tsunami
|J|Teddeh
|c|★Dice|o u wanna play that gae
|c|★Dice|*game
|L|Teddeh
|c|★Agammemnon|ye
|J|Brian12345
|c|★Agammemnon|I do not wish to play against Jynx
|J|Omfuga
|J|PhallusIntoAnus
|choice|switch 4|switch 6
|
|switch|p2a: Alakazam|Alakazam, M|313\/313
|switch|p1a: Snorlax|Snorlax|523\/523
|turn|2
|choice|move 1|move 3
|
|move|p2a: Alakazam|Thunder Wave|p1a: Snorlax
|-status|p1a: Snorlax|par
|move|p1a: Snorlax|Body Slam|p2a: Alakazam
|-damage|p2a: Alakazam|157\/313
|
|turn|3
|J|popopopopopweop
|J|metagame secrets
|J|ArtickMonkey
|choice|move 1|move 2
|
|move|p2a: Alakazam|Reflect|p2a: Alakazam
|-start|p2a: Alakazam|Reflect
|move|p1a: Snorlax|Body Slam|p2a: Alakazam
|-damage|p2a: Alakazam|68\/313
|
|turn|4
|J|aqqq
|J|jira
|J|reyscarface
|L|ArtickMonkey
|choice|move 3|move 4
|
|move|p2a: Alakazam|Recover|p2a: Alakazam
|-heal|p2a: Alakazam|224\/313
|cant|p1a: Snorlax|par
|
|turn|5
|L|aqqq
|J|stretch my hands
|choice|move 1|move 1
|
|move|p2a: Alakazam|Psychic|p1a: Snorlax
|-damage|p1a: Snorlax|356\/523 par
|-unboost|p1a: Snorlax|spd|1
|-unboost|p1a: Snorlax|spa|1
|move|p1a: Snorlax|Body Slam|p2a: Alakazam
|-damage|p2a: Alakazam|140\/313
|
|turn|6
|choice|switch 3|switch 2
|
|switch|p2a: Golem|Golem, M|363\/363
|switch|p1a: Exeggutor|Exeggutor|393\/393
|
|turn|7
|J|La vie change
|L|popopopopopweop
|choice|move 2|move 1
|
|move|p1a: Exeggutor|Psychic|p2a: Golem
|-damage|p2a: Golem|186\/363
|move|p2a: Golem|Body Slam|p1a: Exeggutor
|-damage|p1a: Exeggutor|310\/393
|
|turn|8
|choice|move 4|move 3
|
|move|p1a: Exeggutor|Sleep Powder|p2a: Golem|[miss]
|-miss|p1a: Exeggutor
|move|p2a: Golem|Explosion|p1a: Exeggutor
|-damage|p1a: Exeggutor|0 fnt
|faint|p1a: Exeggutor
|faint|p2a: Golem
|L|La vie change
|c|★Agammemnon|o ok
|c|★Agammemnon|You wanna play the game too
|c|★Dice|seems so
|J|r0ady
|choice|switch 6|switch 2
|
|switch|p2a: Alakazam|Alakazam, M|140\/313
|switch|p1a: Persian|Persian|333\/333
|turn|9
|choice|move 1|move 3
|
|move|p2a: Alakazam|Thunder Wave|p1a: Persian
|-status|p1a: Persian|par
|cant|p1a: Persian|par
|
|turn|10
|J|Sken
|choice|move 1|move 1
|
|move|p2a: Alakazam|Psychic|p1a: Persian
|-damage|p1a: Persian|153\/333 par
|cant|p1a: Persian|par
|
|turn|11
|c|★Agammemnon|that's
|c|★Agammemnon|very
|c|★Agammemnon|sad
|c|★Dice|:(
|choice|move 1|move 1
|
|move|p2a: Alakazam|Psychic|p1a: Persian
|-damage|p1a: Persian|0 fnt
|faint|p1a: Persian
|J|WildcatForever
|c|★Agammemnon|when you win this, what the fuck do we call in the thread
|L|WildcatForever
|c|★Dice|1.5-.5 lol
|c|★Agammemnon|1.5-.5 ?
|c|★Dice|ye
|J|kamisamano49
|J|f a p k i n gg
|c|★Agammemnon|that looks amazing
|choice|switch 2|
|
|switch|p1a: Alakazam|Alakazam|313\/313
|turn|12
|choice|move 1|move 3
|
|move|p1a: Alakazam|Thunder Wave|p2a: Alakazam
|-status|p2a: Alakazam|par
|move|p2a: Alakazam|Thunder Wave|p1a: Alakazam
|-status|p1a: Alakazam|par
|
|turn|13
|choice|move 3|move 4
|
|move|p2a: Alakazam|Recover|p2a: Alakazam
|-heal|p2a: Alakazam|296\/313 par
|cant|p1a: Alakazam|par
|
|turn|14
|c|★Agammemnon|I feel like paralysis is not something your mons are weak to
|c|★Agammemnon|I should switch strats
|choice|move 3|move 1
|
|cant|p1a: Alakazam|par
|move|p2a: Alakazam|Psychic|p1a: Alakazam
|-crit|p1a: Alakazam
|-resisted|p1a: Alakazam
|-damage|p1a: Alakazam|203\/313 par
|
|turn|15
|c|★Dice|maybe use 6 ice types
|c|★Dice|thats my weakness
|choice|move 2|move 1
|
|move|p2a: Alakazam|Psychic|p1a: Alakazam
|-resisted|p1a: Alakazam
|-damage|p1a: Alakazam|151\/313 par
|-unboost|p1a: Alakazam|spd|1
|-unboost|p1a: Alakazam|spa|1
|move|p1a: Alakazam|Psychic|p2a: Alakazam
|-resisted|p2a: Alakazam
|-damage|p2a: Alakazam|261\/313 par
|
|turn|16
|c|★Agammemnon|Dude in 4 SPL Weeks
|c|★Agammemnon|I haven't frozen a single chansey
|c|★Dice|lma
|c|★Dice|o
|c|%reyscarface|be glad thats as far as it goes
|c|★Agammemnon|And I have used chansey-lapras teams
|c|%reyscarface|ive been chansey frozen on the first ice move 3 times now
|L|r0ady
|choice|move 2|move 1
|
|cant|p2a: Alakazam|par
|move|p1a: Alakazam|Psychic|p2a: Alakazam
|-resisted|p2a: Alakazam
|-damage|p2a: Alakazam|229\/313 par
|
|turn|17
|L|jira
|c|+kamisamano49|D:
|choice|move 4|move 1
|
|move|p2a: Alakazam|Psychic|p1a: Alakazam
|-crit|p1a: Alakazam
|-resisted|p1a: Alakazam
|-damage|p1a: Alakazam|54\/313 par
|move|p1a: Alakazam|Recover|p1a: Alakazam
|-heal|p1a: Alakazam|210\/313 par
|
|turn|18
|choice|move 3|move 1
|
|cant|p2a: Alakazam|par
|move|p1a: Alakazam|Seismic Toss|p2a: Alakazam
|-damage|p2a: Alakazam|129\/313 par
|
|turn|19
|c|★Dice|o
|c|★Dice|not reflect
|choice|move 3|move 4
|
|move|p2a: Alakazam|Recover|p2a: Alakazam
|-heal|p2a: Alakazam|285\/313 par
|move|p1a: Alakazam|Seismic Toss|p2a: Alakazam
|-damage|p2a: Alakazam|185\/313 par
|
|turn|20
|J|MoxieInfinite
|choice|move 3|move 4
|
|move|p2a: Alakazam|Recover|p2a: Alakazam
|-heal|p2a: Alakazam|313\/313 par
|move|p1a: Alakazam|Seismic Toss|p2a: Alakazam
|-damage|p2a: Alakazam|213\/313 par
|
|turn|21
|choice|move 2|move 1
|
|cant|p2a: Alakazam|par
|move|p1a: Alakazam|Psychic|p2a: Alakazam
|-resisted|p2a: Alakazam
|-damage|p2a: Alakazam|178\/313 par
|-unboost|p2a: Alakazam|spd|1
|-unboost|p2a: Alakazam|spa|1
|
|turn|22
|c|★Dice|ono
|choice|move 3|move 4
|
|move|p2a: Alakazam|Recover|p2a: Alakazam
|-heal|p2a: Alakazam|313\/313 par
|cant|p1a: Alakazam|par
|
|turn|23
|c|★Agammemnon|It was bound to happen
|c|★Agammemnon|i guess
|c|★Agammemnon|dunno
|L|reyscarface
|choice|move 1|switch 3
|
|switch|p2a: Slowbro|Slowbro, M|393\/393
|cant|p1a: Alakazam|par
|
|turn|24
|choice|move 1|move 1
|
|move|p2a: Slowbro|Amnesia|p2a: Slowbro
|-boost|p2a: Slowbro|spd|2
|-boost|p2a: Slowbro|spa|2
|move|p1a: Alakazam|Thunder Wave|p2a: Slowbro
|-status|p2a: Slowbro|par
|
|turn|25
|J|Madoka
|c|★Agammemnon|It's ok
|L|Brian12345
|choice|move 3|move 4
|
|move|p2a: Slowbro|Psychic|p1a: Alakazam
|-resisted|p1a: Alakazam
|-damage|p1a: Alakazam|98\/313 par
|move|p1a: Alakazam|Seismic Toss|p2a: Slowbro
|-damage|p2a: Slowbro|293\/393 par
|
|turn|26
|c|★Agammemnon|I'll just compound myself
|c|★Agammemnon|To 1\/16
|J|URSS SoldierPagio
|choice|move 4|move 4
|
|cant|p2a: Slowbro|par
|cant|p1a: Alakazam|par
|
|turn|27
|L|URSS SoldierPagio
|c|★Dice|productive turn
|choice|switch 3|move 4
|
|switch|p1a: Snorlax|Snorlax|356\/523 par
|move|p2a: Slowbro|Psychic|p1a: Snorlax
|-damage|p1a: Snorlax|130\/523 par
|
|turn|28
|c|★Dice|o no
|c|★Dice|win the tie slowbro
|choice|move 3|move 4
|
|move|p2a: Slowbro|Psychic|p1a: Snorlax
|-damage|p1a: Snorlax|0 fnt
|faint|p1a: Snorlax
|c|★Agammemnon|I'm gonna boom
|c|★Dice|ty
|J|hhhhhhhq
|c|★Agammemnon|Ok
|L|hhhhhhhq
|c|★Agammemnon|I'm not booming then
|c|★Agammemnon|np
|choice|switch 5|
|
|switch|p1a: Tauros|Tauros|353\/353
|turn|29
|c|★Agammemnon|Let's just huh
|c|★Dice|get some paras?
|L|Omfuga
|c|★Agammemnon|tauros the fuck out of it
|c|★Agammemnon|i guess tauros is a verb in rby
|choice|move 4|move 3
|
|move|p1a: Tauros|Body Slam|p2a: Slowbro
|-damage|p2a: Slowbro|193\/393 par
|move|p2a: Slowbro|Thunder Wave|p1a: Tauros
|-status|p1a: Tauros|par
|
|turn|30
|c|★Agammemnon|neverlucky babyrage
|choice|move 4|move 4
|
|move|p1a: Tauros|Body Slam|p2a: Slowbro
|-damage|p2a: Slowbro|100\/393 par
|move|p2a: Slowbro|Psychic|p1a: Tauros
|-crit|p1a: Tauros
|-damage|p1a: Tauros|133\/353 par
|-unboost|p1a: Tauros|spd|1
|-unboost|p1a: Tauros|spa|1
|
|turn|31
|c|★Dice|lmao
|c|★Agammemnon|very good crit
|c|★Agammemnon|after amnesia
|c|★Agammemnon|Still you got a crit with Slowbro :D
|choice|move 1|move 4
|
|move|p2a: Slowbro|Psychic|p1a: Tauros
|-damage|p1a: Tauros|0 fnt
|faint|p1a: Tauros
|c|★Dice|yea that's a first
|J|kleh
|choice|switch 3|
|
|switch|p1a: Alakazam|Alakazam|98\/313 par
|turn|32
|choice|move 3|move 4
|
|move|p1a: Alakazam|Seismic Toss|p2a: Slowbro
|-damage|p2a: Slowbro|0 fnt
|faint|p2a: Slowbro
|choice||switch 5
|
|switch|p2a: Snorlax|Snorlax, M|523\/523
|turn|33
|c|★Agammemnon|die, insect
|c|★Agammemnon|here you miss
|c|★Agammemnon|1\/256
|c|★Agammemnon|and the para war begins
|c|★Dice|ur gonna need a lot of those
|choice|move 1|move 1
|
|move|p2a: Snorlax|Body Slam|p1a: Alakazam
|-damage|p1a: Alakazam|0 fnt
|faint|p1a: Alakazam
|
|win|Dice