|J|gorgie
|J|Beds
|player|p1|gorgie|2
|player|p2|Beds|252
|gametype|singles
|gen|1
|tier|[Gen 1] OU
|seed|
|rule|Sleep Clause Mod: Limit one foe put to sleep
|rule|Freeze Clause Mod: Limit one foe frozen
|rule|Species Clause: Limit one of each Pokémon
|rule|OHKO Clause: OHKO moves are banned
|rule|Evasion Moves Clause: Evasion moves are banned
|rule|HP Percentage Mod: HP is shown in percentages
|
|start
|switch|p1a: sensei|Alakazam, M|100\/100
|switch|p2a: Can't Hijinx|Jynx|100\/100
|turn|1
|J|haveabitaboutyou
|c|★Beds|gl hf
|J|qsns
|c|★gorgie|ye
|choice||
|
|move|p1a: sensei|Thunder Wave|p2a: Can't Hijinx
|-status|p2a: Can't Hijinx|par
|move|p2a: Can't Hijinx|Lovely Kiss|p1a: sensei
|-status|p1a: sensei|slp
|
|turn|2
|choice||
|
|cant|p1a: sensei|slp
|move|p2a: Can't Hijinx|Blizzard|p1a: sensei
|-damage|p1a: sensei|66\/100 slp
|
|turn|3
|choice||
|
|cant|p1a: sensei|slp
|move|p2a: Can't Hijinx|Blizzard|p1a: sensei
|-crit|p1a: sensei
|-damage|p1a: sensei|0 fnt
|faint|p1a: sensei
|choice||
|
|switch|p1a: Bastard|Snorlax, M|100\/100
|turn|4
|J|mael
|J|Chilled Elephant
|choice||
|
|switch|p2a: Can't Baggy|Exeggutor, M|100\/100
|move|p1a: Bastard|Body Slam|p2a: Can't Baggy
|-damage|p2a: Can't Baggy|69\/100
|
|turn|5
|J|dekzeh
|choice||
|
|switch|p1a: roots manuva|Exeggutor, M|100\/100
|move|p2a: Can't Baggy|Sleep Powder|p1a: roots manuva
|-status|p1a: roots manuva|slp
|
|turn|6
|J|boudouche
|J|lt4 dommy
|J|Vinc2612
|J|rrevival
|choice||
|
|switch|p2a: Can't Hijinx|Jynx|100\/100 par
|cant|p1a: roots manuva|slp
|
|turn|7
|choice||
|
|switch|p1a: betsy|Chansey|100\/100
|move|p2a: Can't Hijinx|Blizzard|p1a: betsy
|-damage|p1a: betsy|82\/100
|
|turn|8
|J|Aurious
|J|ABR
|choice||
|
|move|p1a: betsy|Thunderbolt|p2a: Can't Hijinx
|-damage|p2a: Can't Hijinx|78\/100 par
|move|p2a: Can't Hijinx|Blizzard|p1a: betsy
|-damage|p1a: betsy|64\/100
|-status|p1a: betsy|frz
|
|turn|9
|J|Dice
|J|giara
|c|★Beds|can't hijinx the jynx :I
|choice||
|
|switch|p1a: Bastard|Snorlax, M|100\/100
|move|p2a: Can't Hijinx|Psychic|p1a: Bastard
|-damage|p1a: Bastard|76\/100
|
|turn|10
|J|MetalGro$$
|choice||
|
|move|p1a: Bastard|Body Slam|p2a: Can't Hijinx
|-damage|p2a: Can't Hijinx|18\/100 par
|move|p2a: Can't Hijinx|Blizzard|p1a: Bastard
|-damage|p1a: Bastard|41\/100
|
|turn|11
|choice||
|
|switch|p2a: Can't Hax|Snorlax, M|100\/100
|move|p1a: Bastard|Body Slam|p2a: Can't Hax
|-damage|p2a: Can't Hax|72\/100
|
|turn|12
|J|zzygg
|choice||
|
|move|p2a: Can't Hax|Hyper Beam|p1a: Bastard
|-damage|p1a: Bastard|0 fnt
|faint|p1a: Bastard
|choice||
|
|switch|p1a: MASTER DONK|Tauros|100\/100
|turn|13
|choice||
|
|move|p1a: MASTER DONK|Blizzard|p2a: Can't Hax
|-crit|p2a: Can't Hax
|-damage|p2a: Can't Hax|37\/100
|move|p2a: Can't Hax|Body Slam|p1a: MASTER DONK
|-damage|p1a: MASTER DONK|67\/100
|
|turn|14
|choice||
|
|move|p1a: MASTER DONK|Hyper Beam|p2a: Can't Hax
|-damage|p2a: Can't Hax|0 fnt
|faint|p2a: Can't Hax
|choice||
|
|switch|p2a: Can't Baggy|Exeggutor, M|69\/100
|turn|15
|choice||
|
|switch|p1a: roots manuva|Exeggutor, M|100\/100 slp
|move|p2a: Can't Baggy|Stun Spore|p1a: roots manuva
|-fail|p1a: roots manuva
|
|turn|16
|choice||
|
|switch|p2a: Can't Hijinx|Jynx|18\/100 par
|cant|p1a: roots manuva|slp
|
|turn|17
|J|Kingler12345
|choice||
|
|switch|p1a: betsy|Chansey|64\/100 frz
|move|p2a: Can't Hijinx|Blizzard|p1a: betsy
|-damage|p1a: betsy|43\/100 frz
|
|turn|18
|choice||
|
|switch|p1a: roots manuva|Exeggutor, M|100\/100 slp
|move|p2a: Can't Hijinx|Rest|p2a: Can't Hijinx
|-status|p2a: Can't Hijinx|slp
|-heal|p2a: Can't Hijinx|100\/100 slp|[silent]
|-status|p2a: Can't Hijinx|slp|[from] move: Rest
|
|turn|19
|choice||
|
|switch|p1a: MASTER DONK|Tauros|67\/100
|cant|p2a: Can't Hijinx|slp
|
|turn|20
|choice||
|
|move|p1a: MASTER DONK|Body Slam|p2a: Can't Hijinx
|-damage|p2a: Can't Hijinx|46\/100 slp
|-curestatus|p2a: Can't Hijinx|slp
|
|turn|21
|choice||
|
|move|p1a: MASTER DONK|Body Slam|p2a: Can't Hijinx
|-damage|p2a: Can't Hijinx|0 fnt
|faint|p2a: Can't Hijinx
|choice||
|
|switch|p2a: Can't Baggy|Exeggutor, M|69\/100
|turn|22
|choice||
|
|move|p1a: MASTER DONK|Blizzard|p2a: Can't Baggy
|-supereffective|p2a: Can't Baggy
|-damage|p2a: Can't Baggy|34\/100
|-status|p2a: Can't Baggy|frz
|cant|p2a: Can't Baggy|frz
|
|turn|23
|choice||
|
|move|p1a: MASTER DONK|Body Slam|p2a: Can't Baggy
|-damage|p2a: Can't Baggy|7\/100 frz
|cant|p2a: Can't Baggy|frz
|
|turn|24
|choice||
|
|move|p1a: MASTER DONK|Body Slam|p2a: Can't Baggy
|-damage|p2a: Can't Baggy|0 fnt
|faint|p2a: Can't Baggy
|choice||
|
|switch|p2a: Can't Null|Tauros|100\/100
|turn|25
|J|SoulWind
|choice||
|
|switch|p1a: betsy|Chansey|43\/100 frz
|move|p2a: Can't Null|Body Slam|p1a: betsy
|-crit|p1a: betsy
|-damage|p1a: betsy|0 fnt
|faint|p1a: betsy
|choice||
|
|switch|p1a: shaquiri|Zapdos|100\/100
|turn|26
|choice||
|
|switch|p2a: Can't Fancy|Chansey|100\/100
|move|p1a: shaquiri|Thunder Wave|p2a: Can't Fancy
|-status|p2a: Can't Fancy|par
|
|turn|27
|choice||
|
|move|p1a: shaquiri|Drill Peck|p2a: Can't Fancy
|-damage|p2a: Can't Fancy|64\/100 par
|move|p2a: Can't Fancy|Thunder Wave|p1a: shaquiri
|-status|p1a: shaquiri|par
|
|turn|28
|J|ReshiRampage
|choice||
|
|switch|p1a: MASTER DONK|Tauros|67\/100
|move|p2a: Can't Fancy|Soft-Boiled|p2a: Can't Fancy
|-heal|p2a: Can't Fancy|100\/100 par
|
|turn|29
|choice||
|
|move|p1a: MASTER DONK|Earthquake|p2a: Can't Fancy
|-damage|p2a: Can't Fancy|71\/100 par
|move|p2a: Can't Fancy|Thunder Wave|p1a: MASTER DONK
|-status|p1a: MASTER DONK|par
|
|turn|30
|J|Vore Gidal
|choice||
|
|move|p1a: MASTER DONK|Hyper Beam|p2a: Can't Fancy
|-damage|p2a: Can't Fancy|7\/100 par
|cant|p2a: Can't Fancy|par
|
|turn|31
|-mustrecharge|p1a: MASTER DONK
|-mustrecharge|p1a: MASTER DONK
|choice||
|
|cant|p1a: MASTER DONK|recharge
|move|p2a: Can't Fancy|Ice Beam|p1a: MASTER DONK
|-damage|p1a: MASTER DONK|40\/100 par
|
|turn|32
|J|flowsociety
|choice||
|
|cant|p1a: MASTER DONK|par
|move|p2a: Can't Fancy|Ice Beam|p1a: MASTER DONK
|-damage|p1a: MASTER DONK|10\/100 par
|
|turn|33
|J|Alt for Ladder
|L|Alt for Ladder
|J|Lady bug
|choice||
|
|move|p1a: MASTER DONK|Body Slam|p2a: Can't Fancy
|-damage|p2a: Can't Fancy|0 fnt
|faint|p2a: Can't Fancy
|choice||
|
|switch|p2a: Can't Null|Tauros|100\/100
|turn|34
|choice||
|
|move|p2a: Can't Null|Body Slam|p1a: MASTER DONK
|-damage|p1a: MASTER DONK|0 fnt
|faint|p1a: MASTER DONK
|J|Shadestep
|choice||
|
|switch|p1a: roots manuva|Exeggutor, M|100\/100 slp
|turn|35
|choice||
|
|move|p2a: Can't Null|Blizzard|p1a: roots manuva
|-supereffective|p1a: roots manuva
|-damage|p1a: roots manuva|69\/100 slp
|-curestatus|p1a: roots manuva|slp
|
|turn|36
|choice||
|
|move|p2a: Can't Null|Body Slam|p1a: roots manuva
|-crit|p1a: roots manuva
|-damage|p1a: roots manuva|18\/100
|-status|p1a: roots manuva|par
|move|p1a: roots manuva|Sleep Powder|p2a: Can't Null
|-status|p2a: Can't Null|slp
|
|turn|37
|choice||
|
|cant|p2a: Can't Null|slp
|move|p1a: roots manuva|Explosion|p2a: Can't Null
|-damage|p2a: Can't Null|31\/100 slp
|faint|p1a: roots manuva
|choice||
|
|switch|p1a: shaquiri|Zapdos|100\/100 par
|turn|38
|J|DOGS & MEMES
|choice||
|
|-curestatus|p2a: Can't Null|slp
|move|p1a: shaquiri|Thunderbolt|p2a: Can't Null
|-damage|p2a: Can't Null|0 fnt
|faint|p2a: Can't Null
|choice||
|
|switch|p2a: Can't FlimFlam|Alakazam, M|100\/100
|turn|39
|J|Speks
|L|Speks
|J|Becks
|c|★gorgie|hmm
|J|Memoric
|L|Memoric
|choice||
|
|move|p2a: Can't FlimFlam|Reflect|p2a: Can't FlimFlam
|-start|p2a: Can't FlimFlam|Reflect
|cant|p1a: shaquiri|par
|
|turn|40
|J|Soulgazer
|choice||
|
|move|p2a: Can't FlimFlam|Psychic|p1a: shaquiri
|-damage|p1a: shaquiri|70\/100 par
|-unboost|p1a: shaquiri|spd|1
|-unboost|p1a: shaquiri|spa|1
|move|p1a: shaquiri|Thunder Wave|p2a: Can't FlimFlam
|-status|p2a: Can't FlimFlam|par
|
|turn|41
|choice||
|
|move|p2a: Can't FlimFlam|Psychic|p1a: shaquiri|[miss]
|-miss|p2a: Can't FlimFlam
|move|p1a: shaquiri|Rest|p1a: shaquiri
|-status|p1a: shaquiri|slp
|-heal|p1a: shaquiri|100\/100 slp|[silent]
|-status|p1a: shaquiri|slp|[from] move: Rest
|
|turn|42
|c|★Beds|wew laddy
|choice||
|
|cant|p2a: Can't FlimFlam|par
|cant|p1a: shaquiri|slp
|
|turn|43
|J|Njnp
|choice||
|
|move|p2a: Can't FlimFlam|Psychic|p1a: shaquiri
|-damage|p1a: shaquiri|55\/100 slp
|-unboost|p1a: shaquiri|spd|1
|-unboost|p1a: shaquiri|spa|1
|-curestatus|p1a: shaquiri|slp
|
|turn|44
|J|sg sux a lot
|choice||
|
|move|p2a: Can't FlimFlam|Psychic|p1a: shaquiri
|-damage|p1a: shaquiri|0 fnt
|faint|p1a: shaquiri
|
|win|Beds