|J|hyogafodex
|J|Selise
|player|p1|hyogafodex|199
|player|p2|Selise|148
|gametype|singles
|gen|1
|tier|[Gen 1] OU
|seed|13130,51690,19624,32083
|rule|Sleep Clause Mod: Limit one foe put to sleep
|rule|Freeze Clause Mod: Limit one foe frozen
|rule|Species Clause: Limit one of each Pokémon
|rule|OHKO Clause: OHKO moves are banned
|rule|Evasion Moves Clause: Evasion moves are banned
|rule|HP Percentage Mod: HP is shown in percentages
|
|start
|switch|p1a: Alakazam|Alakazam, M|313\/313
|switch|p2a: Starmie|Starmie|323\/323
|turn|1
|c|★Selise|gl hf
|c|★hyogafodex|gl
|choice|move 3|switch 5
|
|switch|p2a: Chansey|Chansey|703\/703
|move|p1a: Alakazam|Thunder Wave|p2a: Chansey
|-status|p2a: Chansey|par
|
|turn|2
|J|Le Austin
|choice|switch 4|move 4
|
|switch|p1a: Exeggutor|Exeggutor|393\/393
|cant|p2a: Chansey|par
|
|turn|3
|choice|move 2|move 4
|
|move|p1a: Exeggutor|Psychic|p2a: Chansey
|-damage|p2a: Chansey|575\/703 par
|cant|p2a: Chansey|par
|
|turn|4
|choice|move 2|move 4
|
|move|p1a: Exeggutor|Psychic|p2a: Chansey
|-damage|p2a: Chansey|457\/703 par
|move|p2a: Chansey|Reflect|p2a: Chansey
|-start|p2a: Chansey|Reflect
|
|turn|5
|choice|move 2|move 1
|
|move|p1a: Exeggutor|Psychic|p2a: Chansey
|-damage|p2a: Chansey|331\/703 par
|move|p2a: Chansey|Soft-Boiled|p2a: Chansey
|-heal|p2a: Chansey|682\/703 par
|
|turn|6
|choice|move 2|move 2
|
|move|p1a: Exeggutor|Psychic|p2a: Chansey
|-damage|p2a: Chansey|565\/703 par
|move|p2a: Chansey|Thunder Wave|p1a: Exeggutor
|-status|p1a: Exeggutor|par
|
|turn|7
|J|Ninjacalibur
|L|Ninjacalibur
|choice|move 2|move 3
|
|move|p1a: Exeggutor|Psychic|p2a: Chansey
|-damage|p2a: Chansey|446\/703 par
|move|p2a: Chansey|Ice Beam|p1a: Exeggutor
|-supereffective|p1a: Exeggutor
|-damage|p1a: Exeggutor|262\/393 par
|
|turn|8
|choice|move 3|move 1
|
|cant|p1a: Exeggutor|par
|move|p2a: Chansey|Soft-Boiled|p2a: Chansey
|-heal|p2a: Chansey|703\/703 par
|
|turn|9
|choice|switch 3|move 3
|
|switch|p1a: Chansey|Chansey|703\/703
|cant|p2a: Chansey|par
|
|turn|10
|choice|switch 3|move 3
|
|switch|p1a: Exeggutor|Exeggutor|262\/393 par
|move|p2a: Chansey|Ice Beam|p1a: Exeggutor
|-supereffective|p1a: Exeggutor
|-damage|p1a: Exeggutor|140\/393 par
|
|turn|11
|choice|move 3|move 3
|
|move|p1a: Exeggutor|Explosion|p2a: Chansey
|-damage|p2a: Chansey|372\/703 par
|faint|p1a: Exeggutor
|choice|switch 5|
|
|switch|p1a: Tauros|Tauros|353\/353
|turn|12
|choice|move 1|move 2
|
|move|p1a: Tauros|Body Slam|p2a: Chansey
|-damage|p2a: Chansey|233\/703 par
|move|p2a: Chansey|Thunder Wave|p1a: Tauros
|-status|p1a: Tauros|par
|
|turn|13
|choice|move 4|move 1
|
|move|p1a: Tauros|Hyper Beam|p2a: Chansey
|-damage|p2a: Chansey|0 fnt
|faint|p2a: Chansey
|choice||switch 4
|
|switch|p2a: Snorlax|Snorlax|523\/523
|turn|14
|choice|switch 2|move 3
|
|switch|p1a: Jynx|Jynx|333\/333
|move|p2a: Snorlax|Reflect|p2a: Snorlax
|-start|p2a: Snorlax|Reflect
|
|turn|15
|choice|move 4|switch 5
|
|switch|p2a: Starmie|Starmie|323\/323
|move|p1a: Jynx|Blizzard|p2a: Starmie
|-resisted|p2a: Starmie
|-damage|p2a: Starmie|257\/323
|
|turn|16
|choice|switch 3|move 2
|
|switch|p1a: Chansey|Chansey|703\/703
|move|p2a: Starmie|Thunder Wave|p1a: Chansey
|-status|p1a: Chansey|par
|
|turn|17
|choice|move 3|switch 5
|
|switch|p2a: Snorlax|Snorlax|523\/523
|move|p1a: Chansey|Thunder Wave|p2a: Snorlax
|-status|p2a: Snorlax|par
|
|turn|18
|choice|move 4|move 2
|
|move|p1a: Chansey|Reflect|p1a: Chansey
|-start|p1a: Chansey|Reflect
|move|p2a: Snorlax|Amnesia|p2a: Snorlax
|-boost|p2a: Snorlax|spd|2
|-boost|p2a: Snorlax|spa|2
|
|turn|19
|J|Reiddos
|L|Reiddos
|choice|move 1|move 2
|
|move|p2a: Snorlax|Amnesia|p2a: Snorlax
|-boost|p2a: Snorlax|spd|2
|-boost|p2a: Snorlax|spa|2
|move|p1a: Chansey|Seismic Toss|p2a: Snorlax
|-damage|p2a: Snorlax|423\/523 par
|
|turn|20
|choice|move 1|move 1
|
|move|p2a: Snorlax|Body Slam|p1a: Chansey
|-crit|p1a: Chansey
|-damage|p1a: Chansey|90\/703 par
|cant|p1a: Chansey|par
|
|turn|21
|choice|move 2|move 1
|
|cant|p2a: Snorlax|par
|move|p1a: Chansey|Soft-Boiled|p1a: Chansey
|-heal|p1a: Chansey|441\/703 par
|
|turn|22
|choice|move 2|move 1
|
|cant|p2a: Snorlax|par
|move|p1a: Chansey|Soft-Boiled|p1a: Chansey
|-heal|p1a: Chansey|703\/703 par
|
|turn|23
|choice|move 1|move 3
|
|move|p2a: Snorlax|Reflect|p2a: Snorlax
|-start|p2a: Snorlax|Reflect
|move|p1a: Chansey|Seismic Toss|p2a: Snorlax
|-damage|p2a: Snorlax|323\/523 par
|
|turn|24
|choice|move 1|move 2
|
|cant|p2a: Snorlax|par
|move|p1a: Chansey|Seismic Toss|p2a: Snorlax
|-damage|p2a: Snorlax|223\/523 par
|
|turn|25
|choice|move 1|move 4
|
|move|p2a: Snorlax|Rest|p2a: Snorlax
|-status|p2a: Snorlax|slp
|-heal|p2a: Snorlax|523\/523 slp|[silent]
|-status|p2a: Snorlax|slp|[from] move: Rest
|cant|p1a: Chansey|par
|
|turn|26
|choice|switch 4|move 1
|
|switch|p1a: Alakazam|Alakazam, M|313\/313
|cant|p2a: Snorlax|slp
|
|turn|27
|choice|switch 4|move 1
|
|switch|p1a: Chansey|Chansey|703\/703 par
|-curestatus|p2a: Snorlax|slp
|
|turn|28
|choice|move 4|move 1
|
|move|p1a: Chansey|Reflect|p1a: Chansey
|-start|p1a: Chansey|Reflect
|move|p2a: Snorlax|Body Slam|p1a: Chansey
|-damage|p1a: Chansey|564\/703 par
|
|turn|29
|choice|move 3|move 1
|
|move|p1a: Chansey|Thunder Wave|p2a: Snorlax
|-status|p2a: Snorlax|par
|move|p2a: Snorlax|Body Slam|p1a: Chansey
|-damage|p1a: Chansey|408\/703 par
|
|turn|30
|choice|move 2|move 1
|
|move|p1a: Chansey|Soft-Boiled|p1a: Chansey
|-heal|p1a: Chansey|703\/703 par
|move|p2a: Snorlax|Body Slam|p1a: Chansey
|-damage|p1a: Chansey|563\/703 par
|
|turn|31
|choice|move 1|move 1
|
|move|p1a: Chansey|Seismic Toss|p2a: Snorlax
|-damage|p2a: Snorlax|423\/523 par
|move|p2a: Snorlax|Body Slam|p1a: Chansey
|-damage|p1a: Chansey|408\/703 par
|
|turn|32
|choice|move 2|switch 2
|
|switch|p2a: Alakazam|Alakazam|313\/313
|move|p1a: Chansey|Soft-Boiled|p1a: Chansey
|-heal|p1a: Chansey|703\/703 par
|
|turn|33
|choice|move 3|move 3
|
|move|p2a: Alakazam|Psychic|p1a: Chansey
|-crit|p1a: Chansey
|-damage|p1a: Chansey|453\/703 par
|move|p1a: Chansey|Thunder Wave|p2a: Alakazam
|-status|p2a: Alakazam|par
|
|turn|34
|choice|move 2|move 4
|
|move|p2a: Alakazam|Reflect|p2a: Alakazam
|-start|p2a: Alakazam|Reflect
|move|p1a: Chansey|Soft-Boiled|p1a: Chansey
|-heal|p1a: Chansey|703\/703 par
|
|turn|35
|choice|move 1|move 3
|
|move|p2a: Alakazam|Psychic|p1a: Chansey
|-damage|p1a: Chansey|570\/703 par
|-unboost|p1a: Chansey|spd|1
|-unboost|p1a: Chansey|spa|1
|move|p1a: Chansey|Seismic Toss|p2a: Alakazam
|-damage|p2a: Alakazam|213\/313 par
|
|turn|36
|choice|switch 4|move 3
|
|switch|p1a: Alakazam|Alakazam, M|313\/313
|cant|p2a: Alakazam|par
|
|turn|37
|choice|move 2|move 1
|
|move|p1a: Alakazam|Seismic Toss|p2a: Alakazam
|-damage|p2a: Alakazam|113\/313 par
|move|p2a: Alakazam|Recover|p2a: Alakazam
|-heal|p2a: Alakazam|269\/313 par
|
|turn|38
|choice|move 2|move 2
|
|move|p1a: Alakazam|Seismic Toss|p2a: Alakazam
|-damage|p2a: Alakazam|169\/313 par
|move|p2a: Alakazam|Thunder Wave|p1a: Alakazam
|-status|p1a: Alakazam|par
|
|turn|39
|choice|move 2|move 1
|
|move|p1a: Alakazam|Seismic Toss|p2a: Alakazam
|-damage|p2a: Alakazam|69\/313 par
|move|p2a: Alakazam|Recover|p2a: Alakazam
|-heal|p2a: Alakazam|225\/313 par
|
|turn|40
|choice|move 2|move 1
|
|move|p2a: Alakazam|Recover|p2a: Alakazam
|-heal|p2a: Alakazam|313\/313 par
|cant|p1a: Alakazam|par
|
|turn|41
|choice|move 2|switch 2
|
|switch|p2a: Snorlax|Snorlax|423\/523 par
|move|p1a: Alakazam|Seismic Toss|p2a: Snorlax
|-damage|p2a: Snorlax|323\/523 par
|
|turn|42
|choice|switch 6|switch 3
|
|switch|p1a: Zapdos|Zapdos|383\/383
|switch|p2a: Exeggutor|Exeggutor|393\/393
|
|turn|43
|choice|switch 3|move 1
|
|switch|p1a: Jynx|Jynx|333\/333
|move|p2a: Exeggutor|Sleep Powder|p1a: Jynx
|-status|p1a: Jynx|slp
|
|turn|44
|choice|move 4|move 2
|
|cant|p1a: Jynx|slp
|move|p2a: Exeggutor|Double-Edge|p1a: Jynx
|-damage|p1a: Jynx|208\/333 slp
|-damage|p2a: Exeggutor|362\/393|[from] recoil|[of] p1a: Jynx
|
|turn|45
|choice|move 4|move 2
|
|cant|p1a: Jynx|slp
|move|p2a: Exeggutor|Double-Edge|p1a: Jynx
|-crit|p1a: Jynx
|-damage|p1a: Jynx|0 fnt
|-damage|p2a: Exeggutor|310\/393|[from] recoil|[of] p1a: Jynx
|faint|p1a: Jynx
|choice|switch 6|
|
|switch|p1a: Alakazam|Alakazam, M|313\/313 par
|turn|46
|choice|move 3|move 2
|
|move|p2a: Exeggutor|Double-Edge|p1a: Alakazam
|-damage|p1a: Alakazam|193\/313 par
|-damage|p2a: Exeggutor|280\/393|[from] recoil|[of] p1a: Alakazam
|cant|p1a: Alakazam|par
|
|turn|47
|choice|move 3|move 2
|
|move|p2a: Exeggutor|Double-Edge|p1a: Alakazam
|-damage|p1a: Alakazam|77\/313 par
|-damage|p2a: Exeggutor|251\/393|[from] recoil|[of] p1a: Alakazam
|move|p1a: Alakazam|Thunder Wave|p2a: Exeggutor
|-status|p2a: Exeggutor|par
|
|turn|48
|choice|move 4|switch 6
|
|switch|p2a: Tauros|Tauros|353\/353
|move|p1a: Alakazam|Recover|p1a: Alakazam
|-heal|p1a: Alakazam|233\/313 par
|
|turn|49
|choice|move 3|move 1
|
|move|p2a: Tauros|Body Slam|p1a: Alakazam
|-damage|p1a: Alakazam|73\/313 par
|cant|p1a: Alakazam|par
|
|turn|50
|choice|move 3|move 1
|
|move|p2a: Tauros|Body Slam|p1a: Alakazam
|-damage|p1a: Alakazam|0 fnt
|faint|p1a: Alakazam
|choice|switch 4|
|
|switch|p1a: Chansey|Chansey|570\/703 par
|turn|51
|choice|move 4|switch 6
|
|switch|p2a: Exeggutor|Exeggutor|251\/393 par
|move|p1a: Chansey|Reflect|p1a: Chansey
|-start|p1a: Chansey|Reflect
|
|turn|52
|choice|move 1|switch 2
|
|switch|p2a: Alakazam|Alakazam|313\/313 par
|move|p1a: Chansey|Seismic Toss|p2a: Alakazam
|-damage|p2a: Alakazam|213\/313 par
|
|turn|53
|choice|move 1|move 1
|
|cant|p2a: Alakazam|par
|move|p1a: Chansey|Seismic Toss|p2a: Alakazam
|-damage|p2a: Alakazam|113\/313 par
|
|turn|54
|choice|switch 3|move 1
|
|switch|p1a: Zapdos|Zapdos|383\/383
|cant|p2a: Alakazam|par
|
|turn|55
|choice|move 1|switch 3
|
|switch|p2a: Snorlax|Snorlax|323\/523 par
|move|p1a: Zapdos|Thunderbolt|p2a: Snorlax
|-damage|p2a: Snorlax|146\/523 par
|
|turn|56
|choice|move 1|move 4
|
|move|p1a: Zapdos|Thunderbolt|p2a: Snorlax
|-damage|p2a: Snorlax|0 fnt
|faint|p2a: Snorlax
|choice||switch 2
|
|switch|p2a: Exeggutor|Exeggutor|251\/393 par
|turn|57
|choice|move 2|move 1
|
|move|p1a: Zapdos|Drill Peck|p2a: Exeggutor
|-supereffective|p2a: Exeggutor
|-damage|p2a: Exeggutor|68\/393 par
|move|p2a: Exeggutor|Sleep Powder|p1a: Zapdos
|-status|p1a: Zapdos|slp
|
|turn|58
|choice|move 2|move 3
|
|cant|p1a: Zapdos|slp
|cant|p2a: Exeggutor|par
|
|turn|59
|choice|move 2|move 3
|
|cant|p1a: Zapdos|slp
|move|p2a: Exeggutor|Explosion|p1a: Zapdos
|-damage|p1a: Zapdos|116\/383 slp
|faint|p2a: Exeggutor
|choice||switch 5
|
|switch|p2a: Starmie|Starmie|257\/323
|turn|60
|choice|move 1|move 3
|
|move|p2a: Starmie|Blizzard|p1a: Zapdos
|-supereffective|p1a: Zapdos
|-damage|p1a: Zapdos|0 fnt
|faint|p1a: Zapdos
|choice|switch 2|
|
|switch|p1a: Tauros|Tauros|353\/353 par
|turn|61
|choice|move 1|move 3
|
|move|p2a: Starmie|Blizzard|p1a: Tauros
|-damage|p1a: Tauros|237\/353 par
|move|p1a: Tauros|Body Slam|p2a: Starmie
|-damage|p2a: Starmie|144\/323
|
|turn|62
|choice|move 4|move 1
|
|move|p2a: Starmie|Recover|p2a: Starmie
|-heal|p2a: Starmie|305\/323
|cant|p1a: Tauros|par
|
|turn|63
|choice|move 1|move 3
|
|move|p2a: Starmie|Blizzard|p1a: Tauros
|-damage|p1a: Tauros|122\/353 par
|move|p1a: Tauros|Body Slam|p2a: Starmie
|-damage|p2a: Starmie|197\/323
|
|turn|64
|choice|move 1|move 1
|
|move|p2a: Starmie|Recover|p2a: Starmie
|-heal|p2a: Starmie|323\/323
|move|p1a: Tauros|Body Slam|p2a: Starmie
|-damage|p2a: Starmie|218\/323
|
|turn|65
|choice|move 1|move 4
|
|move|p2a: Starmie|Thunderbolt|p1a: Tauros
|-damage|p1a: Tauros|28\/353 par
|move|p1a: Tauros|Body Slam|p2a: Starmie
|-damage|p2a: Starmie|107\/323
|
|turn|66
|choice|move 4|move 4
|
|move|p2a: Starmie|Thunderbolt|p1a: Tauros
|-crit|p1a: Tauros
|-damage|p1a: Tauros|0 fnt
|faint|p1a: Tauros
|choice|switch 3|
|
|switch|p1a: Chansey|Chansey|570\/703 par
|turn|67
|choice|move 4|move 1
|
|move|p2a: Starmie|Recover|p2a: Starmie
|-heal|p2a: Starmie|268\/323
|move|p1a: Chansey|Reflect|p1a: Chansey
|-start|p1a: Chansey|Reflect
|
|turn|68
|choice|move 3|move 2
|
|move|p2a: Starmie|Thunder Wave|p1a: Chansey
|-fail|p1a: Chansey|par
|move|p1a: Chansey|Thunder Wave|p2a: Starmie
|-status|p2a: Starmie|par
|
|turn|69
|choice|move 1|move 2
|
|move|p2a: Starmie|Thunder Wave|p1a: Chansey
|-fail|p1a: Chansey|par
|move|p1a: Chansey|Seismic Toss|p2a: Starmie
|-damage|p2a: Starmie|168\/323 par
|
|turn|70
|choice|move 1|move 1
|
|move|p2a: Starmie|Recover|p2a: Starmie
|-heal|p2a: Starmie|323\/323 par
|cant|p1a: Chansey|par
|
|turn|71
|choice|move 1|move 2
|
|move|p2a: Starmie|Thunder Wave|p1a: Chansey
|-fail|p1a: Chansey|par
|move|p1a: Chansey|Seismic Toss|p2a: Starmie
|-damage|p2a: Starmie|223\/323 par
|
|turn|72
|choice|move 1|move 2
|
|move|p2a: Starmie|Thunder Wave|p1a: Chansey
|-fail|p1a: Chansey|par
|move|p1a: Chansey|Seismic Toss|p2a: Starmie
|-damage|p2a: Starmie|123\/323 par
|
|turn|73
|choice|move 1|move 1
|
|move|p2a: Starmie|Recover|p2a: Starmie
|-heal|p2a: Starmie|284\/323 par
|move|p1a: Chansey|Seismic Toss|p2a: Starmie
|-damage|p2a: Starmie|184\/323 par
|
|turn|74
|choice|move 1|move 1
|
|move|p2a: Starmie|Recover|p2a: Starmie
|-heal|p2a: Starmie|323\/323 par
|move|p1a: Chansey|Seismic Toss|p2a: Starmie
|-damage|p2a: Starmie|223\/323 par
|
|turn|75
|choice|move 1|move 1
|
|cant|p2a: Starmie|par
|move|p1a: Chansey|Seismic Toss|p2a: Starmie
|-damage|p2a: Starmie|123\/323 par
|
|turn|76
|choice|move 1|move 1
|
|move|p2a: Starmie|Recover|p2a: Starmie
|-heal|p2a: Starmie|284\/323 par
|cant|p1a: Chansey|par
|
|turn|77
|choice|move 2|move 2
|
|move|p2a: Starmie|Thunder Wave|p1a: Chansey
|-fail|p1a: Chansey|par
|cant|p1a: Chansey|par
|
|turn|78
|choice|move 3|move 2
|
|cant|p2a: Starmie|par
|move|p1a: Chansey|Thunder Wave|p2a: Starmie
|-fail|p2a: Starmie|par
|
|turn|79
|choice|move 4|move 4
|
|move|p2a: Starmie|Thunderbolt|p1a: Chansey
|-damage|p1a: Chansey|494\/703 par
|cant|p1a: Chansey|par
|
|turn|80
|choice|move 4|move 2
|
|cant|p2a: Starmie|par
|move|p1a: Chansey|Reflect|p1a: Chansey
|-fail|p1a: Chansey
|
|turn|81
|choice|move 4|switch 3
|
|switch|p2a: Alakazam|Alakazam|113\/313 par
|move|p1a: Chansey|Reflect|p1a: Chansey
|-fail|p1a: Chansey
|
|turn|82
|choice|move 1|move 1
|
|move|p2a: Alakazam|Recover|p2a: Alakazam
|-heal|p2a: Alakazam|269\/313 par
|move|p1a: Chansey|Seismic Toss|p2a: Alakazam
|-damage|p2a: Alakazam|169\/313 par
|
|turn|83
|choice|move 1|move 1
|
|move|p2a: Alakazam|Recover|p2a: Alakazam
|-heal|p2a: Alakazam|313\/313 par
|cant|p1a: Chansey|par
|
|turn|84
|choice|move 4|move 4
|
|move|p2a: Alakazam|Reflect|p2a: Alakazam
|-start|p2a: Alakazam|Reflect
|cant|p1a: Chansey|par
|
|turn|85
|choice|move 4|move 3
|
|move|p2a: Alakazam|Psychic|p1a: Chansey
|-damage|p1a: Chansey|362\/703 par
|move|p1a: Chansey|Reflect|p1a: Chansey
|-fail|p1a: Chansey
|
|turn|86
|choice|move 2|move 3
|
|cant|p2a: Alakazam|par
|move|p1a: Chansey|Soft-Boiled|p1a: Chansey
|-heal|p1a: Chansey|703\/703 par
|
|turn|87
|choice|move 4|move 3
|
|move|p2a: Alakazam|Psychic|p1a: Chansey
|-crit|p1a: Chansey
|-damage|p1a: Chansey|449\/703 par
|move|p1a: Chansey|Reflect|p1a: Chansey
|-fail|p1a: Chansey
|
|turn|88
|choice|move 2|move 3
|
|cant|p2a: Alakazam|par
|move|p1a: Chansey|Soft-Boiled|p1a: Chansey
|-heal|p1a: Chansey|703\/703 par
|
|turn|89
|choice|move 4|move 3
|
|move|p2a: Alakazam|Psychic|p1a: Chansey
|-damage|p1a: Chansey|576\/703 par
|move|p1a: Chansey|Reflect|p1a: Chansey
|-fail|p1a: Chansey
|
|turn|90
|choice|move 4|move 3
|
|move|p2a: Alakazam|Psychic|p1a: Chansey
|-damage|p1a: Chansey|442\/703 par
|-unboost|p1a: Chansey|spd|1
|-unboost|p1a: Chansey|spa|1
|move|p1a: Chansey|Reflect|p1a: Chansey
|-fail|p1a: Chansey
|
|turn|91
|choice|move 2|move 3
|
|cant|p2a: Alakazam|par
|move|p1a: Chansey|Soft-Boiled|p1a: Chansey
|-heal|p1a: Chansey|703\/703 par
|
|turn|92
|choice|move 1|move 3
|
|move|p2a: Alakazam|Psychic|p1a: Chansey
|-damage|p1a: Chansey|514\/703 par
|move|p1a: Chansey|Seismic Toss|p2a: Alakazam
|-damage|p2a: Alakazam|213\/313 par
|
|turn|93
|choice|move 2|move 1
|
|cant|p2a: Alakazam|par
|move|p1a: Chansey|Soft-Boiled|p1a: Chansey
|-heal|p1a: Chansey|703\/703 par
|
|turn|94
|c|★hyogafodex|gg
|-message|hyogafodex forfeited.
|
|win|Selise