|inactive|Battle timer is ON: inactive players will automatically lose when time's up.
|J|Confide
|J|Beds
|player|p1|Confide|94
|player|p2|Beds|252
|gametype|singles
|gen|1
|tier|[Gen 1] OU
|seed|63485,62156,24545,64378
|rule|Sleep Clause Mod: Limit one foe put to sleep
|rule|Freeze Clause Mod: Limit one foe frozen
|rule|Species Clause: Limit one of each Pokémon
|rule|OHKO Clause: OHKO moves are banned
|rule|Evasion Moves Clause: Evasion moves are banned
|rule|HP Percentage Mod: HP is shown in percentages
|
|start
|switch|p1a: Jynx|Jynx|333\/333
|switch|p2a: Jynx|Jynx|333\/333
|turn|1
|c|★Beds|e
|J|peli
|J|Paleo
|J|Toon Linked
|c|★Confide|hf
|J|Updated Kanto
|c|★Beds|you too
|J|lc ladder hero
|choice|move 1|move 1
|
|move|p2a: Jynx|Lovely Kiss|p1a: Jynx|[miss]
|-miss|p2a: Jynx
|move|p1a: Jynx|Lovely Kiss|p2a: Jynx
|-status|p2a: Jynx|slp
|
|turn|2
|J|Demerging
|c|★Confide|sorry
|J|petyer
|c|★Beds|why apologize, someone has to win that lol
|L|petyer
|choice|switch 3|move 2
|
|switch|p1a: Tauros|Tauros|353\/353
|cant|p2a: Jynx|slp
|
|turn|3
|J|Ary
|c|+Ary|it was a fuck men
|c|+Ary|IT WAS A FUCK
|choice|move 1|switch 3
|
|switch|p2a: Exeggutor|Exeggutor|393\/393
|move|p1a: Tauros|Body Slam|p2a: Exeggutor
|-damage|p2a: Exeggutor|278\/393
|-status|p2a: Exeggutor|par
|
|turn|4
|c|+Updated Kanto|yea you gotta say fuck u bitch 
|c|+Ary|whatatatata
|c|+Updated Kanto|dont forget to call him gay too
|choice|switch 4|move 1
|
|switch|p1a: Chansey|Chansey|703\/703
|cant|p2a: Exeggutor|par
|
|turn|5
|c|+Ary|it was a fuck?!
|choice|move 3|move 1
|
|move|p1a: Chansey|Reflect|p1a: Chansey
|-start|p1a: Chansey|Reflect
|move|p2a: Exeggutor|Sleep Powder|p1a: Chansey
|-status|p1a: Chansey|slp
|
|turn|6
|L|Demerging
|choice|switch 2|switch 5
|
|switch|p1a: Exeggutor|Exeggutor|393\/393
|switch|p2a: Alakazam|Alakazam|313\/313
|
|turn|7
|choice|move 2|switch 5
|
|switch|p2a: Exeggutor|Exeggutor|278\/393 par
|move|p1a: Exeggutor|Psychic|p2a: Exeggutor
|-resisted|p2a: Exeggutor
|-damage|p2a: Exeggutor|222\/393 par
|-unboost|p2a: Exeggutor|spd|1
|-unboost|p2a: Exeggutor|spa|1
|
|turn|8
|choice|switch 5|move 2
|
|switch|p1a: Golem|Golem|363\/363
|move|p2a: Exeggutor|Stun Spore|p1a: Golem
|-status|p1a: Golem|par
|
|turn|9
|choice|move 1|switch 4
|
|switch|p2a: Lapras|Lapras|463\/463
|move|p1a: Golem|Rock Slide|p2a: Lapras
|-supereffective|p2a: Lapras
|-damage|p2a: Lapras|245\/463
|
|turn|10
|J|Laurel
|choice|switch 3|move 1
|
|switch|p1a: Jynx|Jynx|333\/333
|move|p2a: Lapras|Blizzard|p1a: Jynx
|-resisted|p1a: Jynx
|-damage|p1a: Jynx|264\/333
|
|turn|11
|J|KifKif
|choice|move 2|switch 2
|
|switch|p2a: Chansey|Chansey|703\/703
|move|p1a: Jynx|Psychic|p2a: Chansey
|-damage|p2a: Chansey|607\/703
|
|turn|12
|choice|move 3|move 3
|
|move|p1a: Jynx|Blizzard|p2a: Chansey
|-damage|p2a: Chansey|471\/703
|move|p2a: Chansey|Thunder Wave|p1a: Jynx
|-status|p1a: Jynx|par
|
|turn|13
|choice|move 3|move 2
|
|move|p2a: Chansey|Thunderbolt|p1a: Jynx
|-damage|p1a: Jynx|180\/333 par
|move|p1a: Jynx|Blizzard|p2a: Chansey
|-damage|p2a: Chansey|327\/703
|
|turn|14
|J|IB-IR-EV-ER
|choice|move 3|move 4
|
|move|p2a: Chansey|Soft-Boiled|p2a: Chansey
|-heal|p2a: Chansey|678\/703
|cant|p1a: Jynx|par
|
|turn|15
|choice|move 4|move 2
|
|move|p2a: Chansey|Thunderbolt|p1a: Jynx
|-damage|p1a: Jynx|101\/333 par
|move|p1a: Jynx|Counter|p2a: Chansey
|-fail|p1a: Jynx
|
|turn|16
|J|Rei
|c|★Confide|misclick
|c|★Confide|f
|choice|move 3|move 2
|
|move|p2a: Chansey|Thunderbolt|p1a: Jynx
|-damage|p1a: Jynx|27\/333 par
|move|p1a: Jynx|Blizzard|p2a: Chansey|[miss]
|-miss|p1a: Jynx
|
|turn|17
|J|Celestavian
|choice|move 3|move 2
|
|move|p2a: Chansey|Thunderbolt|p1a: Jynx
|-damage|p1a: Jynx|0 fnt
|faint|p1a: Jynx
|L|Laurel
|choice|switch 2|
|
|switch|p1a: Chansey|Chansey|703\/703 slp
|turn|18
|choice|move 1|switch 6
|
|switch|p2a: Tauros|Tauros|353\/353
|cant|p1a: Chansey|slp
|
|turn|19
|choice|move 1|move 1
|
|move|p2a: Tauros|Body Slam|p1a: Chansey
|-damage|p1a: Chansey|413\/703 slp
|-curestatus|p1a: Chansey|slp
|
|turn|20
|choice|move 1|switch 6
|
|switch|p2a: Chansey|Chansey|678\/703
|move|p1a: Chansey|Thunder Wave|p2a: Chansey
|-status|p2a: Chansey|par
|
|turn|21
|choice|move 2|move 1
|
|move|p1a: Chansey|Soft-Boiled|p1a: Chansey
|-heal|p1a: Chansey|703\/703
|move|p2a: Chansey|Ice Beam|p1a: Chansey
|-damage|p1a: Chansey|634\/703
|
|turn|22
|J|Druides
|choice|switch 3|move 1
|
|switch|p1a: Golem|Golem|363\/363 par
|move|p2a: Chansey|Ice Beam|p1a: Golem
|-supereffective|p1a: Golem
|-damage|p1a: Golem|143\/363 par
|
|turn|23
|choice|move 3|switch 2
|
|switch|p2a: Lapras|Lapras|245\/463
|move|p1a: Golem|Explosion|p2a: Lapras
|-damage|p2a: Lapras|0 fnt
|faint|p2a: Lapras
|faint|p1a: Golem
|J|qsns
|L|qsns
|choice|switch 3|switch 4
|
|switch|p1a: Chansey|Chansey|634\/703
|switch|p2a: Exeggutor|Exeggutor|222\/393 par
|turn|24
|choice|move 3|move 1
|
|move|p1a: Chansey|Reflect|p1a: Chansey
|-start|p1a: Chansey|Reflect
|cant|p2a: Exeggutor|par
|
|turn|25
|choice|move 4|move 1
|
|move|p1a: Chansey|Seismic Toss|p2a: Exeggutor
|-damage|p2a: Exeggutor|122\/393 par
|move|p2a: Exeggutor|Sleep Powder|p1a: Chansey|[miss]
|-miss|p2a: Exeggutor
|
|turn|26
|choice|move 4|move 1
|
|move|p1a: Chansey|Seismic Toss|p2a: Exeggutor
|-damage|p2a: Exeggutor|22\/393 par
|move|p2a: Exeggutor|Sleep Powder|p1a: Chansey
|-status|p1a: Chansey|slp
|
|turn|27
|choice|move 4|move 3
|
|-curestatus|p1a: Chansey|slp
|move|p2a: Exeggutor|Psychic|p1a: Chansey
|-damage|p1a: Chansey|518\/703
|-unboost|p1a: Chansey|spd|1
|-unboost|p1a: Chansey|spa|1
|
|turn|28
|choice|move 4|move 4
|
|move|p1a: Chansey|Seismic Toss|p2a: Exeggutor
|-damage|p2a: Exeggutor|0 fnt
|faint|p2a: Exeggutor
|choice||switch 2
|
|switch|p2a: Chansey|Chansey|678\/703 par
|turn|29
|choice|move 2|move 1
|
|move|p1a: Chansey|Soft-Boiled|p1a: Chansey
|-heal|p1a: Chansey|703\/703
|move|p2a: Chansey|Ice Beam|p1a: Chansey
|-crit|p1a: Chansey
|-damage|p1a: Chansey|556\/703
|
|turn|30
|choice|switch 4|move 1
|
|switch|p1a: Tauros|Tauros|353\/353
|move|p2a: Chansey|Ice Beam|p1a: Tauros
|-damage|p1a: Tauros|253\/353
|
|turn|31
|choice|move 1|move 3
|
|move|p1a: Tauros|Body Slam|p2a: Chansey
|-damage|p2a: Chansey|423\/703 par
|move|p2a: Chansey|Thunder Wave|p1a: Tauros
|-status|p1a: Tauros|par
|
|turn|32
|choice|move 1|move 1
|
|move|p1a: Tauros|Body Slam|p2a: Chansey
|-damage|p2a: Chansey|169\/703 par
|move|p2a: Chansey|Ice Beam|p1a: Tauros
|-damage|p1a: Tauros|159\/353 par
|
|turn|33
|choice|move 1|move 1
|
|move|p1a: Tauros|Body Slam|p2a: Chansey
|-damage|p2a: Chansey|0 fnt
|faint|p2a: Chansey
|choice||switch 5
|
|switch|p2a: Alakazam|Alakazam|313\/313
|turn|34
|choice|move 1|move 1
|
|move|p2a: Alakazam|Psychic|p1a: Tauros
|-damage|p1a: Tauros|0 fnt
|faint|p1a: Tauros
|choice|switch 4|
|
|switch|p1a: Chansey|Chansey|556\/703
|turn|35
|choice|move 1|move 3
|
|move|p2a: Alakazam|Thunder Wave|p1a: Chansey
|-status|p1a: Chansey|par
|move|p1a: Chansey|Thunder Wave|p2a: Alakazam
|-status|p2a: Alakazam|par
|
|turn|36
|choice|move 2|move 1
|
|move|p2a: Alakazam|Psychic|p1a: Chansey
|-damage|p1a: Chansey|421\/703 par
|-unboost|p1a: Chansey|spd|1
|-unboost|p1a: Chansey|spa|1
|move|p1a: Chansey|Soft-Boiled|p1a: Chansey
|-heal|p1a: Chansey|703\/703 par
|
|turn|37
|choice|switch 5|move 1
|
|switch|p1a: Exeggutor|Exeggutor|393\/393
|cant|p2a: Alakazam|par
|
|turn|38
|L|Updated Kanto
|choice|move 2|switch 3
|
|switch|p2a: Jynx|Jynx|333\/333 slp
|move|p1a: Exeggutor|Psychic|p2a: Jynx
|-resisted|p2a: Jynx
|-damage|p2a: Jynx|266\/333 slp
|
|turn|39
|choice|switch 5|move 2
|
|switch|p1a: Chansey|Chansey|703\/703 par
|cant|p2a: Jynx|slp
|
|turn|40
|choice|move 4|move 3
|
|cant|p2a: Jynx|slp
|move|p1a: Chansey|Seismic Toss|p2a: Jynx
|-damage|p2a: Jynx|166\/333 slp
|
|turn|41
|choice|move 4|switch 3
|
|switch|p2a: Alakazam|Alakazam|313\/313 par
|move|p1a: Chansey|Seismic Toss|p2a: Alakazam
|-damage|p2a: Alakazam|213\/313 par
|
|turn|42
|choice|switch 5|move 1
|
|switch|p1a: Exeggutor|Exeggutor|393\/393
|move|p2a: Alakazam|Psychic|p1a: Exeggutor
|-resisted|p1a: Exeggutor
|-damage|p1a: Exeggutor|334\/393
|
|turn|43
|choice|move 2|move 3
|
|move|p1a: Exeggutor|Psychic|p2a: Alakazam
|-resisted|p2a: Alakazam
|-damage|p2a: Alakazam|161\/313 par
|move|p2a: Alakazam|Thunder Wave|p1a: Exeggutor
|-status|p1a: Exeggutor|par
|
|turn|44
|choice|move 2|move 4
|
|cant|p2a: Alakazam|par
|move|p1a: Exeggutor|Psychic|p2a: Alakazam
|-resisted|p2a: Alakazam
|-damage|p2a: Alakazam|111\/313 par
|
|turn|45
|choice|move 1|move 4
|
|cant|p2a: Alakazam|par
|move|p1a: Exeggutor|Explosion|p2a: Alakazam
|-damage|p2a: Alakazam|0 fnt
|faint|p2a: Alakazam
|faint|p1a: Exeggutor
|choice|switch 6|switch 6
|
|switch|p1a: Alakazam|Alakazam|313\/313
|switch|p2a: Tauros|Tauros|353\/353
|turn|46
|choice|move 4|move 1
|
|move|p1a: Alakazam|Reflect|p1a: Alakazam
|-start|p1a: Alakazam|Reflect
|move|p2a: Tauros|Body Slam|p1a: Alakazam
|-damage|p1a: Alakazam|233\/313
|
|turn|47
|choice|move 1|move 1
|
|move|p1a: Alakazam|Thunder Wave|p2a: Tauros
|-status|p2a: Tauros|par
|move|p2a: Tauros|Body Slam|p1a: Alakazam
|-damage|p1a: Alakazam|155\/313
|
|turn|48
|choice|move 2|move 1
|
|move|p1a: Alakazam|Recover|p1a: Alakazam
|-heal|p1a: Alakazam|311\/313
|move|p2a: Tauros|Body Slam|p1a: Alakazam
|-damage|p1a: Alakazam|230\/313
|
|turn|49
|choice|move 3|move 1
|
|move|p1a: Alakazam|Psychic|p2a: Tauros
|-damage|p2a: Tauros|200\/353 par
|move|p2a: Tauros|Body Slam|p1a: Alakazam
|-damage|p1a: Alakazam|145\/313
|
|turn|50
|choice|move 3|move 1
|
|move|p1a: Alakazam|Psychic|p2a: Tauros
|-crit|p2a: Tauros
|-damage|p2a: Tauros|0 fnt
|faint|p2a: Tauros
|choice||switch 3
|
|switch|p2a: Jynx|Jynx|166\/333 slp
|turn|51
|choice|move 3|move 1
|
|move|p1a: Alakazam|Psychic|p2a: Jynx
|-resisted|p2a: Jynx
|-damage|p2a: Jynx|98\/333 slp
|cant|p2a: Jynx|slp
|
|turn|52
|choice|move 3|move 1
|
|move|p1a: Alakazam|Psychic|p2a: Jynx
|-crit|p2a: Jynx
|-resisted|p2a: Jynx
|-damage|p2a: Jynx|0 fnt
|faint|p2a: Jynx
|
|win|Confide