|J|fleggumfl
|J|teal6
|player|p1|fleggumfl|217
|player|p2|teal6|102
|gametype|singles
|gen|1
|tier|[Gen 1] OU
|seed|18245,44981,4449,11781
|rule|Sleep Clause Mod: Limit one foe put to sleep
|rule|Freeze Clause Mod: Limit one foe frozen
|rule|Species Clause: Limit one of each Pokémon
|rule|OHKO Clause: OHKO moves are banned
|rule|Evasion Moves Clause: Evasion moves are banned
|rule|HP Percentage Mod: HP is shown in percentages
|
|start
|switch|p1a: Alakazam|Alakazam|313\/313
|switch|p2a: Jynx|Jynx|333\/333
|turn|1
|c|★fleggumfl|hf
|J|SOMALIA
|c|★teal6|you too
|choice|move 1|move 2
|
|move|p1a: Alakazam|Thunder Wave|p2a: Jynx
|-status|p2a: Jynx|par
|move|p2a: Jynx|Lovely Kiss|p1a: Alakazam|[miss]
|-miss|p2a: Jynx
|
|turn|2
|L|SOMALIA
|choice|move 2|move 2
|
|move|p1a: Alakazam|Seismic Toss|p2a: Jynx
|-damage|p2a: Jynx|233\/333 par
|move|p2a: Jynx|Lovely Kiss|p1a: Alakazam
|-status|p1a: Alakazam|slp
|
|turn|3
|choice|move 2|move 4
|
|cant|p1a: Alakazam|slp
|cant|p2a: Jynx|par
|
|turn|4
|J|Brisote
|choice|switch 2|move 4
|
|switch|p1a: Snorlax|Snorlax|523\/523
|move|p2a: Jynx|Blizzard|p1a: Snorlax
|-damage|p1a: Snorlax|339\/523
|
|turn|5
|choice|move 2|move 4
|
|move|p1a: Snorlax|Body Slam|p2a: Jynx
|-damage|p2a: Jynx|45\/333 par
|cant|p2a: Jynx|par
|
|turn|6
|choice|move 2|switch 4
|
|switch|p2a: Snorlax|Snorlax|523\/523
|move|p1a: Snorlax|Body Slam|p2a: Snorlax
|-damage|p2a: Snorlax|392\/523
|
|turn|7
|choice|move 2|move 1
|
|move|p1a: Snorlax|Body Slam|p2a: Snorlax
|-damage|p2a: Snorlax|260\/523
|move|p2a: Snorlax|Body Slam|p1a: Snorlax
|-damage|p1a: Snorlax|191\/523
|
|turn|8
|choice|move 1|move 3
|
|move|p1a: Snorlax|Self-Destruct|p2a: Snorlax
|-damage|p2a: Snorlax|0 fnt
|faint|p2a: Snorlax
|faint|p1a: Snorlax
|choice|switch 4|switch 2
|
|switch|p2a: Zapdos|Zapdos|383\/383
|switch|p1a: Exeggutor|Exeggutor|393\/393
|turn|9
|J|ChristoTheGr8
|choice|move 2|move 4
|
|move|p2a: Zapdos|Thunder Wave|p1a: Exeggutor
|-status|p1a: Exeggutor|par
|move|p1a: Exeggutor|Sleep Powder|p2a: Zapdos|[miss]
|-miss|p1a: Exeggutor
|
|turn|10
|choice|move 4|switch 4
|
|switch|p2a: Jynx|Jynx|45\/333 par
|move|p1a: Exeggutor|Explosion|p2a: Jynx
|-damage|p2a: Jynx|0 fnt
|faint|p2a: Jynx
|faint|p1a: Exeggutor
|choice|switch 6|switch 4
|
|switch|p2a: Zapdos|Zapdos|383\/383
|switch|p1a: Zapdos|Zapdos|383\/383
|turn|11
|choice|move 4|move 4
|
|move|p2a: Zapdos|Thunder Wave|p1a: Zapdos
|-status|p1a: Zapdos|par
|move|p1a: Zapdos|Thunder Wave|p2a: Zapdos
|-status|p2a: Zapdos|par
|
|turn|12
|choice|move 1|move 2
|
|cant|p1a: Zapdos|par
|move|p2a: Zapdos|Light Screen|p2a: Zapdos
|-start|p2a: Zapdos|Light Screen
|
|turn|13
|choice|move 1|move 1
|
|move|p2a: Zapdos|Thunderbolt|p1a: Zapdos
|-damage|p1a: Zapdos|270\/383 par
|move|p1a: Zapdos|Thunder|p2a: Zapdos
|-damage|p2a: Zapdos|315\/383 par
|
|turn|14
|J|bomber
|choice|switch 5|move 1
|
|switch|p1a: Chansey|Chansey|703\/703
|move|p2a: Zapdos|Thunderbolt|p1a: Chansey
|-damage|p1a: Chansey|577\/703
|
|turn|15
|choice|move 2|switch 5
|
|switch|p2a: Exeggutor|Exeggutor|393\/393
|move|p1a: Chansey|Ice Beam|p2a: Exeggutor
|-supereffective|p2a: Exeggutor
|-damage|p2a: Exeggutor|267\/393
|
|turn|16
|choice|switch 5|move 1
|
|switch|p1a: Zapdos|Zapdos|270\/383 par
|move|p2a: Exeggutor|Psychic|p1a: Zapdos
|-damage|p1a: Zapdos|171\/383 par
|
|turn|17
|choice|move 3|move 1
|
|move|p2a: Exeggutor|Psychic|p1a: Zapdos
|-damage|p1a: Zapdos|71\/383 par
|move|p1a: Zapdos|Drill Peck|p2a: Exeggutor
|-supereffective|p2a: Exeggutor
|-damage|p2a: Exeggutor|79\/393
|
|turn|18
|choice|move 3|move 1
|
|move|p2a: Exeggutor|Psychic|p1a: Zapdos
|-damage|p1a: Zapdos|0 fnt
|faint|p1a: Zapdos
|choice|switch 3|
|
|switch|p1a: Tauros|Tauros|353\/353
|turn|19
|choice|move 1|switch 6
|
|switch|p2a: Chansey|Chansey|703\/703
|move|p1a: Tauros|Body Slam|p2a: Chansey
|-damage|p2a: Chansey|440\/703
|
|turn|20
|L|ChristoTheGr8
|choice|move 2|switch 5
|
|switch|p2a: Zapdos|Zapdos|315\/383 par
|move|p1a: Tauros|Hyper Beam|p2a: Zapdos
|-damage|p2a: Zapdos|119\/383 par
|
|turn|21
|-mustrecharge|p1a: Tauros
|-mustrecharge|p1a: Tauros
|choice|move 1|move 4
|
|cant|p1a: Tauros|recharge
|move|p2a: Zapdos|Thunder Wave|p1a: Tauros
|-status|p1a: Tauros|par
|
|turn|22
|choice|move 1|move 1
|
|move|p1a: Tauros|Body Slam|p2a: Zapdos
|-damage|p2a: Zapdos|0 fnt
|faint|p2a: Zapdos
|choice||switch 3
|
|switch|p2a: Tauros|Tauros|353\/353
|turn|23
|choice|move 2|move 1
|
|move|p2a: Tauros|Body Slam|p1a: Tauros
|-damage|p1a: Tauros|254\/353 par
|move|p1a: Tauros|Hyper Beam|p2a: Tauros
|-damage|p2a: Tauros|161\/353
|
|turn|24
|-mustrecharge|p1a: Tauros
|-mustrecharge|p1a: Tauros
|choice|move 1|move 1
|
|move|p2a: Tauros|Body Slam|p1a: Tauros
|-damage|p1a: Tauros|150\/353 par
|cant|p1a: Tauros|recharge
|
|turn|25
|choice|switch 2|move 4
|
|switch|p1a: Alakazam|Alakazam|313\/313 slp
|move|p2a: Tauros|Hyper Beam|p1a: Alakazam
|-damage|p1a: Alakazam|16\/313 slp
|
|turn|26
|-mustrecharge|p2a: Tauros
|-mustrecharge|p2a: Tauros
|choice|move 1|move 1
|
|cant|p1a: Alakazam|slp
|cant|p2a: Tauros|recharge
|
|turn|27
|choice|move 3|switch 6
|
|switch|p2a: Exeggutor|Exeggutor|79\/393
|-curestatus|p1a: Alakazam|slp
|
|turn|28
|choice|move 2|move 1
|
|move|p1a: Alakazam|Seismic Toss|p2a: Exeggutor
|-damage|p2a: Exeggutor|0 fnt
|faint|p2a: Exeggutor
|choice||switch 5
|
|switch|p2a: Chansey|Chansey|440\/703
|turn|29
|choice|move 4|move 3
|
|move|p1a: Alakazam|Recover|p1a: Alakazam
|-heal|p1a: Alakazam|172\/313
|move|p2a: Chansey|Thunder Wave|p1a: Alakazam
|-status|p1a: Alakazam|par
|
|turn|30
|choice|move 4|move 2
|
|move|p2a: Chansey|Soft-Boiled|p2a: Chansey
|-heal|p2a: Chansey|703\/703
|move|p1a: Alakazam|Recover|p1a: Alakazam
|-heal|p1a: Alakazam|313\/313 par
|
|turn|31
|choice|move 1|move 4
|
|move|p2a: Chansey|Thunderbolt|p1a: Alakazam
|-damage|p1a: Alakazam|250\/313 par
|cant|p1a: Alakazam|par
|
|turn|32
|choice|move 1|move 4
|
|move|p2a: Chansey|Thunderbolt|p1a: Alakazam
|-damage|p1a: Alakazam|189\/313 par
|cant|p1a: Alakazam|par
|
|turn|33
|choice|move 1|move 4
|
|move|p2a: Chansey|Thunderbolt|p1a: Alakazam
|-damage|p1a: Alakazam|127\/313 par
|move|p1a: Alakazam|Thunder Wave|p2a: Chansey
|-status|p2a: Chansey|par
|
|turn|34
|choice|move 4|switch 6
|
|switch|p2a: Tauros|Tauros|161\/353
|cant|p1a: Alakazam|par
|
|turn|35
|choice|move 4|move 1
|
|move|p2a: Tauros|Body Slam|p1a: Alakazam
|-damage|p1a: Alakazam|0 fnt
|faint|p1a: Alakazam
|choice|switch 5|
|
|switch|p1a: Chansey|Chansey|577\/703
|turn|36
|choice|move 1|move 1
|
|move|p2a: Tauros|Body Slam|p1a: Chansey
|-damage|p1a: Chansey|282\/703
|move|p1a: Chansey|Thunder Wave|p2a: Tauros
|-status|p2a: Tauros|par
|
|turn|37
|choice|move 4|move 1
|
|move|p1a: Chansey|Soft-Boiled|p1a: Chansey
|-heal|p1a: Chansey|633\/703
|move|p2a: Tauros|Body Slam|p1a: Chansey
|-crit|p1a: Chansey
|-damage|p1a: Chansey|89\/703
|
|turn|38
|choice|move 4|move 4
|
|move|p1a: Chansey|Soft-Boiled|p1a: Chansey
|-heal|p1a: Chansey|440\/703
|move|p2a: Tauros|Hyper Beam|p1a: Chansey
|-damage|p1a: Chansey|0 fnt
|faint|p1a: Chansey
|choice|switch 2|
|
|switch|p1a: Tauros|Tauros|150\/353 par
|turn|39
|choice|move 2|move 4
|
|move|p1a: Tauros|Hyper Beam|p2a: Tauros
|-damage|p2a: Tauros|0 fnt
|faint|p2a: Tauros
|choice||switch 6
|
|switch|p2a: Chansey|Chansey|703\/703 par
|turn|40
|choice|move 1|move 4
|
|move|p1a: Tauros|Body Slam|p2a: Chansey
|-damage|p2a: Chansey|426\/703 par
|cant|p2a: Chansey|par
|
|turn|41
|choice|move 2|move 1
|
|move|p1a: Tauros|Hyper Beam|p2a: Chansey
|-damage|p2a: Chansey|0 fnt
|faint|p2a: Chansey
|
|win|fleggumfl