|J|W3K
|J|smilzo
|player|p1|W3K|1
|player|p2|smilzo|157
|gametype|singles
|gen|1
|tier|[Gen 1] OU
|seed|
|rule|Sleep Clause Mod: Limit one foe put to sleep
|rule|Freeze Clause Mod: Limit one foe frozen
|rule|Species Clause: Limit one of each Pokémon
|rule|OHKO Clause: OHKO moves are banned
|rule|Evasion Moves Clause: Evasion moves are banned
|rule|HP Percentage Mod: HP is shown in percentages
|
|start
|switch|p1a: Alakazam|Alakazam|100\/100
|switch|p2a: Starmie|Starmie|100\/100
|turn|1
|c|★smilzo|hf
|choice||
|
|switch|p1a: Chansey|Chansey|100\/100
|switch|p2a: Exeggutor|Exeggutor|100\/100
|
|turn|2
|c|★W3K|You too.
|choice||
|
|switch|p1a: Alakazam|Alakazam|100\/100
|move|p2a: Exeggutor|Sleep Powder|p1a: Alakazam
|-status|p1a: Alakazam|slp
|
|turn|3
|choice||
|
|cant|p1a: Alakazam|slp
|move|p2a: Exeggutor|Stun Spore|p1a: Alakazam|[miss]
|-miss|p2a: Exeggutor
|
|turn|4
|choice||
|
|cant|p1a: Alakazam|slp
|move|p2a: Exeggutor|Psychic|p1a: Alakazam
|-resisted|p1a: Alakazam
|-damage|p1a: Alakazam|85\/100 slp
|
|turn|5
|choice||
|
|switch|p2a: Snorlax|Snorlax|100\/100
|cant|p1a: Alakazam|slp
|
|turn|6
|choice||
|
|switch|p1a: Chansey|Chansey|100\/100
|move|p2a: Snorlax|Earthquake|p1a: Chansey
|-damage|p1a: Chansey|69\/100
|
|turn|7
|choice||
|
|switch|p2a: Chansey|Chansey|100\/100
|move|p1a: Chansey|Soft-Boiled|p1a: Chansey
|-heal|p1a: Chansey|100\/100
|
|turn|8
|choice||
|
|move|p1a: Chansey|Ice Beam|p2a: Chansey
|-damage|p2a: Chansey|90\/100
|move|p2a: Chansey|Thunder Wave|p1a: Chansey
|-status|p1a: Chansey|par
|
|turn|9
|J|aimless oo
|choice||
|
|switch|p2a: Snorlax|Snorlax|100\/100
|move|p1a: Chansey|Ice Beam|p2a: Snorlax
|-damage|p2a: Snorlax|82\/100
|
|turn|10
|choice||
|
|move|p2a: Snorlax|Body Slam|p1a: Chansey
|-damage|p1a: Chansey|59\/100 par
|move|p1a: Chansey|Thunder Wave|p2a: Snorlax
|-status|p2a: Snorlax|par
|
|turn|11
|choice||
|
|move|p1a: Chansey|Soft-Boiled|p1a: Chansey
|-heal|p1a: Chansey|100\/100 par
|move|p2a: Snorlax|Body Slam|p1a: Chansey
|-damage|p1a: Chansey|60\/100 par
|
|turn|12
|choice||
|
|move|p1a: Chansey|Soft-Boiled|p1a: Chansey
|-heal|p1a: Chansey|100\/100 par
|move|p2a: Snorlax|Earthquake|p1a: Chansey
|-damage|p1a: Chansey|66\/100 par
|
|turn|13
|choice||
|
|move|p1a: Chansey|Soft-Boiled|p1a: Chansey
|-heal|p1a: Chansey|100\/100 par
|cant|p2a: Snorlax|par
|
|turn|14
|choice||
|
|move|p2a: Snorlax|Body Slam|p1a: Chansey
|-crit|p1a: Chansey
|-damage|p1a: Chansey|14\/100 par
|move|p1a: Chansey|Counter|p2a: Snorlax
|-damage|p2a: Snorlax|0 fnt
|faint|p2a: Snorlax
|choice||
|
|switch|p2a: Tauros|Tauros|100\/100
|turn|15
|choice||
|
|switch|p1a: Cloyster|Cloyster|100\/100
|move|p2a: Tauros|Body Slam|p1a: Cloyster
|-damage|p1a: Cloyster|80\/100
|
|turn|16
|choice||
|
|switch|p2a: Starmie|Starmie|100\/100
|move|p1a: Cloyster|Blizzard|p2a: Starmie
|-resisted|p2a: Starmie
|-damage|p2a: Starmie|82\/100
|-status|p2a: Starmie|frz
|
|turn|17
|choice||
|
|switch|p2a: Chansey|Chansey|90\/100
|switch|p1a: Victreebel|Victreebel|100\/100
|
|turn|18
|choice||
|
|move|p1a: Victreebel|Sleep Powder|p2a: Chansey|[miss]
|-miss|p1a: Victreebel
|move|p2a: Chansey|Thunder Wave|p1a: Victreebel
|-status|p1a: Victreebel|par
|
|turn|19
|choice||
|
|move|p2a: Chansey|Ice Beam|p1a: Victreebel
|-supereffective|p1a: Victreebel
|-damage|p1a: Victreebel|55\/100 par
|move|p1a: Victreebel|Sleep Powder|p2a: Chansey
|-status|p2a: Chansey|slp
|
|turn|20
|choice||
|
|switch|p1a: Snorlax|Snorlax|100\/100
|cant|p2a: Chansey|slp
|
|turn|21
|choice||
|
|switch|p2a: Golem|Golem|100\/100
|move|p1a: Snorlax|Body Slam|p2a: Golem
|-crit|p2a: Golem
|-resisted|p2a: Golem
|-damage|p2a: Golem|76\/100
|
|turn|22
|choice||
|
|switch|p2a: Exeggutor|Exeggutor|100\/100
|move|p1a: Snorlax|Earthquake|p2a: Exeggutor
|-resisted|p2a: Exeggutor
|-damage|p2a: Exeggutor|89\/100
|
|turn|23
|choice||
|
|move|p2a: Exeggutor|Psychic|p1a: Snorlax
|-damage|p1a: Snorlax|71\/100
|move|p1a: Snorlax|Body Slam|p2a: Exeggutor
|-damage|p2a: Exeggutor|57\/100
|
|turn|24
|choice||
|
|move|p2a: Exeggutor|Psychic|p1a: Snorlax
|-crit|p1a: Snorlax
|-damage|p1a: Snorlax|13\/100
|move|p1a: Snorlax|Body Slam|p2a: Exeggutor
|-damage|p2a: Exeggutor|25\/100
|
|turn|25
|choice||
|
|switch|p1a: Chansey|Chansey|14\/100 par
|move|p2a: Exeggutor|Psychic|p1a: Chansey
|-damage|p1a: Chansey|0 fnt
|faint|p1a: Chansey
|choice||
|
|switch|p1a: Cloyster|Cloyster|80\/100
|turn|26
|choice||
|
|switch|p2a: Starmie|Starmie|82\/100 frz
|move|p1a: Cloyster|Blizzard|p2a: Starmie
|-resisted|p2a: Starmie
|-damage|p2a: Starmie|62\/100 frz
|
|turn|27
|choice||
|
|cant|p2a: Starmie|frz
|move|p1a: Cloyster|Blizzard|p2a: Starmie|[miss]
|-miss|p1a: Cloyster
|
|turn|28
|choice||
|
|switch|p1a: Dragonite|Dragonite|100\/100
|cant|p2a: Starmie|frz
|
|turn|29
|choice||
|
|cant|p2a: Starmie|frz
|move|p1a: Dragonite|Agility|p1a: Dragonite
|-boost|p1a: Dragonite|spe|2
|
|turn|30
|choice||
|
|move|p1a: Dragonite|Wrap|p2a: Starmie
|-damage|p2a: Starmie|57\/100 frz
|cant|p2a: Starmie|frz
|
|turn|31
|choice||
|
|switch|p2a: Chansey|Chansey|90\/100 slp
|move|p1a: Dragonite|Wrap|p2a: Chansey
|-damage|p2a: Chansey|84\/100 slp
|
|turn|32
|choice||
|
|move|p1a: Dragonite|Wrap|p2a: Chansey|[from]Wrap
|-damage|p2a: Chansey|78\/100 slp
|cant|p2a: Chansey|slp
|
|turn|33
|choice||
|
|move|p1a: Dragonite|Wrap|p2a: Chansey|[from]Wrap
|-damage|p2a: Chansey|72\/100 slp
|cant|p2a: Chansey|slp
|
|turn|34
|choice||
|
|move|p1a: Dragonite|Wrap|p2a: Chansey
|-crit|p2a: Chansey
|-damage|p2a: Chansey|61\/100 slp
|cant|p2a: Chansey|slp
|
|turn|35
|choice||
|
|switch|p2a: Golem|Golem|76\/100
|move|p1a: Dragonite|Wrap|p2a: Golem
|-resisted|p2a: Golem
|-damage|p2a: Golem|74\/100
|
|turn|36
|choice||
|
|switch|p2a: Chansey|Chansey|61\/100 slp
|move|p1a: Dragonite|Wrap|p2a: Chansey
|-damage|p2a: Chansey|55\/100 slp
|
|turn|37
|choice||
|
|move|p1a: Dragonite|Wrap|p2a: Chansey|[from]Wrap
|-damage|p2a: Chansey|50\/100 slp
|cant|p2a: Chansey|slp
|
|turn|38
|choice||
|
|move|p1a: Dragonite|Wrap|p2a: Chansey|[from]Wrap
|-damage|p2a: Chansey|44\/100 slp
|-curestatus|p2a: Chansey|slp
|
|turn|39
|choice||
|
|switch|p2a: Golem|Golem|74\/100
|move|p1a: Dragonite|Wrap|p2a: Golem|[miss]
|-miss|p1a: Dragonite
|
|turn|40
|choice||
|
|switch|p2a: Starmie|Starmie|57\/100 frz
|move|p1a: Dragonite|Wrap|p2a: Starmie|[miss]
|-miss|p1a: Dragonite
|
|turn|41
|choice||
|
|move|p1a: Dragonite|Wrap|p2a: Starmie
|-damage|p2a: Starmie|52\/100 frz
|cant|p2a: Starmie|frz
|
|turn|42
|choice||
|
|switch|p2a: Golem|Golem|74\/100
|move|p1a: Dragonite|Wrap|p2a: Golem
|-resisted|p2a: Golem
|-damage|p2a: Golem|72\/100
|
|turn|43
|choice||
|
|switch|p2a: Starmie|Starmie|52\/100 frz
|move|p1a: Dragonite|Wrap|p2a: Starmie
|-damage|p2a: Starmie|46\/100 frz
|
|turn|44
|choice||
|
|switch|p2a: Golem|Golem|72\/100
|move|p1a: Dragonite|Wrap|p2a: Golem
|-resisted|p2a: Golem
|-damage|p2a: Golem|71\/100
|
|turn|45
|choice||
|
|switch|p2a: Chansey|Chansey|44\/100
|move|p1a: Dragonite|Wrap|p2a: Chansey
|-damage|p2a: Chansey|38\/100
|
|turn|46
|choice||
|
|switch|p2a: Golem|Golem|71\/100
|move|p1a: Dragonite|Wrap|p2a: Golem
|-resisted|p2a: Golem
|-damage|p2a: Golem|69\/100
|
|turn|47
|choice||
|
|switch|p2a: Exeggutor|Exeggutor|25\/100
|move|p1a: Dragonite|Wrap|p2a: Exeggutor
|-damage|p2a: Exeggutor|21\/100
|
|turn|48
|choice||
|
|switch|p2a: Golem|Golem|69\/100
|move|p1a: Dragonite|Wrap|p2a: Golem|[miss]
|-miss|p1a: Dragonite
|
|turn|49
|choice||
|
|switch|p2a: Starmie|Starmie|46\/100 frz
|move|p1a: Dragonite|Surf|p2a: Starmie
|-resisted|p2a: Starmie
|-damage|p2a: Starmie|35\/100 frz
|
|turn|50
|choice||
|
|move|p1a: Dragonite|Wrap|p2a: Starmie
|-damage|p2a: Starmie|29\/100 frz
|cant|p2a: Starmie|frz
|
|turn|51
|choice||
|
|switch|p2a: Golem|Golem|69\/100
|move|p1a: Dragonite|Wrap|p2a: Golem
|-resisted|p2a: Golem
|-damage|p2a: Golem|67\/100
|
|turn|52
|choice||
|
|switch|p2a: Chansey|Chansey|38\/100
|move|p1a: Dragonite|Wrap|p2a: Chansey
|-damage|p2a: Chansey|32\/100
|
|turn|53
|choice||
|
|switch|p2a: Golem|Golem|67\/100
|move|p1a: Dragonite|Wrap|p2a: Golem
|-crit|p2a: Golem
|-resisted|p2a: Golem
|-damage|p2a: Golem|64\/100
|
|turn|54
|choice||
|
|switch|p2a: Starmie|Starmie|29\/100 frz
|move|p1a: Dragonite|Wrap|p2a: Starmie
|-damage|p2a: Starmie|23\/100 frz
|
|turn|55
|choice||
|
|switch|p2a: Golem|Golem|64\/100
|move|p1a: Dragonite|Wrap|p2a: Golem
|-resisted|p2a: Golem
|-damage|p2a: Golem|62\/100
|
|turn|56
|choice||
|
|switch|p2a: Starmie|Starmie|23\/100 frz
|move|p1a: Dragonite|Wrap|p2a: Starmie
|-crit|p2a: Starmie
|-damage|p2a: Starmie|13\/100 frz
|
|turn|57
|choice||
|
|switch|p2a: Golem|Golem|62\/100
|move|p1a: Dragonite|Wrap|p2a: Golem
|-resisted|p2a: Golem
|-damage|p2a: Golem|61\/100
|
|turn|58
|choice||
|
|switch|p2a: Starmie|Starmie|13\/100 frz
|move|p1a: Dragonite|Wrap|p2a: Starmie
|-damage|p2a: Starmie|7\/100 frz
|
|turn|59
|choice||
|
|switch|p2a: Golem|Golem|61\/100
|move|p1a: Dragonite|Wrap|p2a: Golem
|-resisted|p2a: Golem
|-damage|p2a: Golem|59\/100
|
|turn|60
|choice||
|
|switch|p2a: Starmie|Starmie|7\/100 frz
|move|p1a: Dragonite|Wrap|p2a: Starmie
|-damage|p2a: Starmie|2\/100 frz
|
|turn|61
|choice||
|
|switch|p1a: Cloyster|Cloyster|80\/100
|switch|p2a: Golem|Golem|59\/100
|
|turn|62
|choice||
|
|switch|p2a: Starmie|Starmie|2\/100 frz
|move|p1a: Cloyster|Clamp|p2a: Starmie
|-resisted|p2a: Starmie
|-damage|p2a: Starmie|0 fnt
|faint|p2a: Starmie
|choice||
|
|switch|p2a: Chansey|Chansey|32\/100
|turn|63
|choice||
|
|switch|p2a: Golem|Golem|59\/100
|move|p1a: Cloyster|Clamp|p2a: Golem
|-supereffective|p2a: Golem
|-damage|p2a: Golem|0 fnt
|faint|p2a: Golem
|choice||
|
|switch|p2a: Tauros|Tauros|100\/100
|turn|64
|choice||
|
|move|p2a: Tauros|Body Slam|p1a: Cloyster
|-damage|p1a: Cloyster|56\/100
|-status|p1a: Cloyster|par
|move|p1a: Cloyster|Blizzard|p2a: Tauros
|-damage|p2a: Tauros|55\/100
|
|turn|65
|choice||
|
|switch|p2a: Chansey|Chansey|32\/100
|move|p1a: Cloyster|Hyper Beam|p2a: Chansey
|-damage|p2a: Chansey|0 fnt
|faint|p2a: Chansey
|choice||
|
|switch|p2a: Exeggutor|Exeggutor|21\/100
|turn|66
|choice||
|
|switch|p1a: Snorlax|Snorlax|13\/100
|move|p2a: Exeggutor|Psychic|p1a: Snorlax
|-damage|p1a: Snorlax|0 fnt
|faint|p1a: Snorlax
|choice||
|
|switch|p1a: Alakazam|Alakazam|85\/100 slp
|turn|67
|choice||
|
|switch|p2a: Tauros|Tauros|55\/100
|cant|p1a: Alakazam|slp
|
|turn|68
|choice||
|
|-curestatus|p1a: Alakazam|slp
|move|p2a: Tauros|Body Slam|p1a: Alakazam
|-damage|p1a: Alakazam|37\/100
|
|turn|69
|choice||
|
|move|p1a: Alakazam|Thunder Wave|p2a: Tauros
|-status|p2a: Tauros|par
|cant|p2a: Tauros|par
|
|turn|70
|choice||
|
|move|p1a: Alakazam|Psychic|p2a: Tauros
|-damage|p2a: Tauros|10\/100 par
|cant|p2a: Tauros|par
|
|turn|71
|choice||
|
|move|p1a: Alakazam|Psychic|p2a: Tauros
|-damage|p2a: Tauros|0 fnt
|faint|p2a: Tauros
|choice||
|
|switch|p2a: Exeggutor|Exeggutor|21\/100
|turn|72
|choice||
|
|move|p1a: Alakazam|Seismic Toss|p2a: Exeggutor
|-damage|p2a: Exeggutor|0 fnt
|faint|p2a: Exeggutor
|
|win|W3K