|inactive|Battle timer is ON: inactive players will automatically lose when time's up.
|J|Dice
|J|tamahome
|player|p1|Dice|168
|player|p2|tamahome|2
|gametype|singles
|gen|1
|tier|[Gen 1] OU
|seed|64677,57254,49877,13069
|rule|Sleep Clause Mod: Limit one foe put to sleep
|rule|Freeze Clause Mod: Limit one foe frozen
|rule|Species Clause: Limit one of each Pokémon
|rule|OHKO Clause: OHKO moves are banned
|rule|Evasion Moves Clause: Evasion moves are banned
|rule|HP Percentage Mod: HP is shown in percentages
|
|start
|switch|p1a: Jynx|Jynx|333\/333
|switch|p2a: Alakazam|Alakazam|313\/313
|turn|1
|choice|move 3|move 2
|
|move|p2a: Alakazam|Thunder Wave|p1a: Jynx
|-status|p1a: Jynx|par
|cant|p1a: Jynx|par
|
|turn|2
|J|e7e
|choice|move 3|move 3
|
|move|p2a: Alakazam|Seismic Toss|p1a: Jynx
|-damage|p1a: Jynx|233\/333 par
|move|p1a: Jynx|Lovely Kiss|p2a: Alakazam|[miss]
|-miss|p1a: Jynx
|
|turn|3
|J|trc
|choice|move 3|move 3
|
|move|p2a: Alakazam|Seismic Toss|p1a: Jynx
|-damage|p1a: Jynx|133\/333 par
|move|p1a: Jynx|Lovely Kiss|p2a: Alakazam
|-status|p2a: Alakazam|slp
|
|turn|4
|J|TDK
|choice|move 4|move 3
|
|cant|p2a: Alakazam|slp
|move|p1a: Jynx|Toxic|p2a: Alakazam
|-fail|p2a: Alakazam
|
|turn|5
|choice|move 1|switch 3
|
|switch|p2a: Snorlax|Snorlax|523\/523
|move|p1a: Jynx|Blizzard|p2a: Snorlax|[miss]
|-miss|p1a: Jynx
|
|turn|6
|c|+e7e|lol
|L|TDK
|choice|switch 4|move 1
|
|switch|p1a: Exeggutor|Exeggutor|393\/393
|move|p2a: Snorlax|Body Slam|p1a: Exeggutor
|-damage|p1a: Exeggutor|278\/393
|-status|p1a: Exeggutor|par
|
|turn|7
|c|+e7e|só pq o ew usou isso
|choice|switch 5|move 1
|
|switch|p1a: Tauros|Tauros|353\/353
|move|p2a: Snorlax|Body Slam|p1a: Tauros
|-damage|p1a: Tauros|247\/353
|
|turn|8
|J|benbe
|L|benbe
|c|★Dice|hm
|choice|switch 5|move 1
|
|switch|p1a: Exeggutor|Exeggutor|278\/393 par
|move|p2a: Snorlax|Body Slam|p1a: Exeggutor
|-damage|p1a: Exeggutor|154\/393 par
|
|turn|9
|choice|move 3|switch 3
|
|switch|p2a: Alakazam|Alakazam|313\/313 slp
|move|p1a: Exeggutor|Explosion|p2a: Alakazam
|-damage|p2a: Alakazam|0 fnt
|faint|p2a: Alakazam
|faint|p1a: Exeggutor
|choice|switch 3|switch 3
|
|switch|p1a: Alakazam|Alakazam|313\/313
|switch|p2a: Snorlax|Snorlax|523\/523
|turn|10
|choice|move 2|switch 6
|
|switch|p2a: Chansey|Chansey|703\/703
|move|p1a: Alakazam|Thunder Wave|p2a: Chansey
|-status|p2a: Chansey|par
|
|turn|11
|choice|move 1|move 1
|
|move|p1a: Alakazam|Psychic|p2a: Chansey
|-crit|p2a: Chansey
|-damage|p2a: Chansey|443\/703 par
|cant|p2a: Chansey|par
|
|turn|12
|J|Mr.378
|choice|move 1|move 3
|
|move|p1a: Alakazam|Psychic|p2a: Chansey
|-damage|p2a: Chansey|308\/703 par
|move|p2a: Chansey|Soft-Boiled|p2a: Chansey
|-heal|p2a: Chansey|659\/703 par
|
|turn|13
|choice|move 1|move 4
|
|move|p1a: Alakazam|Psychic|p2a: Chansey
|-crit|p2a: Chansey
|-damage|p2a: Chansey|417\/703 par
|move|p2a: Chansey|Sing|p1a: Alakazam|[miss]
|-miss|p2a: Chansey
|
|turn|14
|choice|move 1|move 3
|
|move|p1a: Alakazam|Psychic|p2a: Chansey
|-damage|p2a: Chansey|293\/703 par
|cant|p2a: Chansey|par
|
|turn|15
|choice|move 1|move 3
|
|move|p1a: Alakazam|Psychic|p2a: Chansey
|-damage|p2a: Chansey|155\/703 par
|move|p2a: Chansey|Soft-Boiled|p2a: Chansey
|-heal|p2a: Chansey|506\/703 par
|
|turn|16
|choice|switch 4|move 4
|
|switch|p1a: Jynx|Jynx|133\/333 par
|move|p2a: Chansey|Sing|p1a: Jynx
|-fail|p1a: Jynx
|
|turn|17
|choice|move 2|move 2
|
|move|p1a: Jynx|Psychic|p2a: Chansey
|-damage|p2a: Chansey|400\/703 par
|move|p2a: Chansey|Thunderbolt|p1a: Jynx
|-crit|p1a: Jynx
|-damage|p1a: Jynx|0 fnt
|faint|p1a: Jynx
|choice|switch 5|
|
|switch|p1a: Tauros|Tauros|247\/353
|turn|18
|choice|move 1|switch 6
|
|switch|p2a: Snorlax|Snorlax|523\/523
|move|p1a: Tauros|Body Slam|p2a: Snorlax
|-damage|p2a: Snorlax|391\/523
|
|turn|19
|choice|move 1|move 1
|
|move|p1a: Tauros|Body Slam|p2a: Snorlax
|-damage|p2a: Snorlax|262\/523
|move|p2a: Snorlax|Body Slam|p1a: Tauros
|-damage|p1a: Tauros|134\/353
|
|turn|20
|choice|move 1|move 2
|
|move|p1a: Tauros|Body Slam|p2a: Snorlax
|-damage|p2a: Snorlax|136\/523
|move|p2a: Snorlax|Counter|p1a: Tauros
|-damage|p1a: Tauros|0 fnt
|faint|p1a: Tauros
|J|snuggles n' fluff
|choice|switch 4|
|
|switch|p1a: Alakazam|Alakazam|313\/313
|turn|21
|choice|move 1|switch 2
|
|switch|p2a: Exeggutor|Exeggutor|393\/393
|move|p1a: Alakazam|Psychic|p2a: Exeggutor
|-resisted|p2a: Exeggutor
|-damage|p2a: Exeggutor|337\/393
|
|turn|22
|choice|move 2|switch 6
|
|switch|p2a: Chansey|Chansey|400\/703 par
|move|p1a: Alakazam|Thunder Wave|p2a: Chansey
|-fail|p2a: Chansey|par
|
|turn|23
|choice|move 1|move 3
|
|move|p1a: Alakazam|Psychic|p2a: Chansey
|-damage|p2a: Chansey|273\/703 par
|-unboost|p2a: Chansey|spd|1
|-unboost|p2a: Chansey|spa|1
|move|p2a: Chansey|Soft-Boiled|p2a: Chansey
|-heal|p2a: Chansey|624\/703 par
|
|turn|24
|choice|move 1|move 4
|
|move|p1a: Alakazam|Psychic|p2a: Chansey
|-damage|p2a: Chansey|434\/703 par
|-unboost|p2a: Chansey|spd|1
|-unboost|p2a: Chansey|spa|1
|move|p2a: Chansey|Sing|p1a: Alakazam|[miss]
|-miss|p2a: Chansey
|
|turn|25
|choice|move 2|switch 6
|
|switch|p2a: Exeggutor|Exeggutor|337\/393
|move|p1a: Alakazam|Thunder Wave|p2a: Exeggutor
|-status|p2a: Exeggutor|par
|
|turn|26
|choice|move 3|move 1
|
|move|p1a: Alakazam|Seismic Toss|p2a: Exeggutor
|-damage|p2a: Exeggutor|237\/393 par
|move|p2a: Exeggutor|Sleep Powder|p1a: Alakazam|[miss]
|-miss|p2a: Exeggutor
|
|turn|27
|choice|move 3|move 4
|
|move|p1a: Alakazam|Seismic Toss|p2a: Exeggutor
|-damage|p2a: Exeggutor|137\/393 par
|move|p2a: Exeggutor|Explosion|p1a: Alakazam
|-damage|p1a: Alakazam|0 fnt
|faint|p1a: Alakazam
|faint|p2a: Exeggutor
|choice|switch 6|switch 4
|
|switch|p2a: Starmie|Starmie|323\/323
|switch|p1a: Dragonite|Dragonite|385\/385
|turn|28
|choice|switch 2|move 1
|
|switch|p1a: Chansey|Chansey|703\/703
|move|p2a: Starmie|Blizzard|p1a: Chansey
|-damage|p1a: Chansey|605\/703
|
|turn|29
|choice|switch 2|switch 6
|
|switch|p2a: Chansey|Chansey|434\/703 par
|switch|p1a: Dragonite|Dragonite|385\/385
|
|turn|30
|choice|move 1|move 4
|
|move|p1a: Dragonite|Agility|p1a: Dragonite
|-boost|p1a: Dragonite|spe|2
|move|p2a: Chansey|Sing|p1a: Dragonite|[miss]
|-miss|p2a: Chansey
|
|turn|31
|c|★tamahome|man
|c|★tamahome|so unfair
|choice|move 3|move 4
|
|move|p1a: Dragonite|Wrap|p2a: Chansey
|-damage|p2a: Chansey|394\/703 par
|-activate|p2a: Chansey|move: Wrap|[of] p1a: Dragonite
|cant|p2a: Chansey|partiallytrapped
|
|turn|32
|choice|move 3|switch 6
|
|switch|p2a: Starmie|Starmie|323\/323
|move|p1a: Dragonite|Wrap|p2a: Starmie
|-damage|p2a: Starmie|306\/323
|-activate|p2a: Starmie|move: Wrap|[of] p1a: Dragonite
|
|turn|33
|L|trc
|J|Bad Ass
|choice|move 3|switch 5
|
|switch|p2a: Tauros|Tauros|353\/353
|move|p1a: Dragonite|Wrap|p2a: Tauros
|-damage|p2a: Tauros|338\/353
|-activate|p2a: Tauros|move: Wrap|[of] p1a: Dragonite
|
|turn|34
|choice|move 3|switch 2
|
|switch|p2a: Snorlax|Snorlax|136\/523
|move|p1a: Dragonite|Wrap|p2a: Snorlax
|-damage|p2a: Snorlax|116\/523
|-activate|p2a: Snorlax|move: Wrap|[of] p1a: Dragonite
|
|turn|35
|choice|move 3|switch 5
|
|switch|p2a: Starmie|Starmie|306\/323
|move|p1a: Dragonite|Wrap|p2a: Starmie
|-crit|p2a: Starmie
|-damage|p2a: Starmie|275\/323
|-activate|p2a: Starmie|move: Wrap|[of] p1a: Dragonite
|
|turn|36
|choice|move 3|switch 5
|
|switch|p2a: Snorlax|Snorlax|116\/523
|move|p1a: Dragonite|Wrap|p2a: Snorlax
|-crit|p2a: Snorlax
|-damage|p2a: Snorlax|79\/523
|-activate|p2a: Snorlax|move: Wrap|[of] p1a: Dragonite
|
|turn|37
|choice|move 3|switch 5
|
|switch|p2a: Starmie|Starmie|275\/323
|move|p1a: Dragonite|Wrap|p2a: Starmie
|-damage|p2a: Starmie|258\/323
|-activate|p2a: Starmie|move: Wrap|[of] p1a: Dragonite
|
|turn|38
|choice|move 3|switch 5
|
|switch|p2a: Snorlax|Snorlax|79\/523
|move|p1a: Dragonite|Wrap|p2a: Snorlax
|-damage|p2a: Snorlax|58\/523
|-activate|p2a: Snorlax|move: Wrap|[of] p1a: Dragonite
|
|turn|39
|choice|move 3|switch 5
|
|switch|p2a: Starmie|Starmie|258\/323
|move|p1a: Dragonite|Wrap|p2a: Starmie
|-damage|p2a: Starmie|240\/323
|-activate|p2a: Starmie|move: Wrap|[of] p1a: Dragonite
|
|turn|40
|choice|move 3|switch 5
|
|switch|p2a: Snorlax|Snorlax|58\/523
|move|p1a: Dragonite|Wrap|p2a: Snorlax|[miss]
|-miss|p1a: Dragonite
|
|turn|41
|choice|move 4|move 4
|
|move|p1a: Dragonite|Surf|p2a: Snorlax
|-crit|p2a: Snorlax
|-damage|p2a: Snorlax|0 fnt
|faint|p2a: Snorlax
|choice||switch 5
|
|switch|p2a: Starmie|Starmie|240\/323
|turn|42
|choice|move 3|move 1
|
|move|p1a: Dragonite|Wrap|p2a: Starmie|[miss]
|-miss|p1a: Dragonite
|move|p2a: Starmie|Blizzard|p1a: Dragonite
|-supereffective|p1a: Dragonite
|-damage|p1a: Dragonite|0 fnt
|faint|p1a: Dragonite
|choice|switch 2|
|
|switch|p1a: Chansey|Chansey|605\/703
|turn|43
|c|★Dice|gg
|-message|Dice forfeited.
|
|win|tamahome