|inactive|Battle timer is ON: inactive players will automatically lose when time's up.
|J|Rumor
|J|Dice
|player|p1|Rumor|114
|player|p2|Dice|168
|gametype|singles
|gen|1
|tier|[Gen 1] OU
|seed|51793,12463,64731,38270
|rule|Sleep Clause Mod: Limit one foe put to sleep
|rule|Freeze Clause Mod: Limit one foe frozen
|rule|Species Clause: Limit one of each Pokémon
|rule|OHKO Clause: OHKO moves are banned
|rule|Evasion Moves Clause: Evasion moves are banned
|rule|HP Percentage Mod: HP is shown in percentages
|
|start
|switch|p1a: Hypno|Hypno|373\/373
|switch|p2a: Alakazam|Alakazam|313\/313
|turn|1
|choice|move 3|move 2
|
|move|p2a: Alakazam|Seismic Toss|p1a: Hypno
|-damage|p1a: Hypno|273\/373
|move|p1a: Hypno|Hypnosis|p2a: Alakazam
|-status|p2a: Alakazam|slp
|
|turn|2
|choice|move 2|move 2
|
|cant|p2a: Alakazam|slp
|move|p1a: Hypno|Thunder Wave|p2a: Alakazam
|-fail|p2a: Alakazam
|
|turn|3
|J|Nineage
|choice|move 1|switch 5
|
|switch|p2a: Exeggutor|Exeggutor|393\/393
|move|p1a: Hypno|Psychic|p2a: Exeggutor
|-resisted|p2a: Exeggutor
|-damage|p2a: Exeggutor|344\/393
|-unboost|p2a: Exeggutor|spd|1
|-unboost|p2a: Exeggutor|spa|1
|
|turn|4
|choice|move 2|move 4
|
|move|p1a: Hypno|Thunder Wave|p2a: Exeggutor
|-status|p2a: Exeggutor|par
|move|p2a: Exeggutor|Sleep Powder|p1a: Hypno|[miss]
|-miss|p2a: Exeggutor
|
|turn|5
|choice|move 1|move 4
|
|move|p1a: Hypno|Psychic|p2a: Exeggutor
|-resisted|p2a: Exeggutor
|-damage|p2a: Exeggutor|271\/393 par
|move|p2a: Exeggutor|Sleep Powder|p1a: Hypno|[miss]
|-miss|p2a: Exeggutor
|
|turn|6
|choice|move 1|switch 6
|
|switch|p2a: Chansey|Chansey|703\/703
|move|p1a: Hypno|Psychic|p2a: Chansey
|-damage|p2a: Chansey|595\/703
|
|turn|7
|choice|move 2|move 2
|
|move|p1a: Hypno|Thunder Wave|p2a: Chansey
|-status|p2a: Chansey|par
|move|p2a: Chansey|Ice Beam|p1a: Hypno
|-damage|p1a: Hypno|208\/373
|-status|p1a: Hypno|frz
|
|turn|8
|J|KratosMana
|choice|switch 6|move 4
|
|switch|p1a: Snorlax|Snorlax|523\/523
|move|p2a: Chansey|Soft-Boiled|p2a: Chansey
|-heal|p2a: Chansey|703\/703 par
|
|turn|9
|choice|move 1|move 1
|
|move|p1a: Snorlax|Body Slam|p2a: Chansey
|-damage|p2a: Chansey|393\/703 par
|cant|p2a: Chansey|par
|
|turn|10
|choice|move 1|switch 3
|
|switch|p2a: Snorlax|Snorlax|523\/523
|move|p1a: Snorlax|Body Slam|p2a: Snorlax
|-damage|p2a: Snorlax|392\/523
|
|turn|11
|choice|switch 6|move 1
|
|switch|p1a: Hypno|Hypno|208\/373 frz
|move|p2a: Snorlax|Body Slam|p1a: Hypno
|-damage|p1a: Hypno|85\/373 frz
|
|turn|12
|choice|move 1|switch 3
|
|switch|p2a: Chansey|Chansey|393\/703 par
|cant|p1a: Hypno|frz
|
|turn|13
|choice|switch 6|move 4
|
|switch|p1a: Snorlax|Snorlax|523\/523
|move|p2a: Chansey|Soft-Boiled|p2a: Chansey
|-heal|p2a: Chansey|703\/703 par
|
|turn|14
|choice|move 1|switch 3
|
|switch|p2a: Snorlax|Snorlax|392\/523
|move|p1a: Snorlax|Body Slam|p2a: Snorlax
|-damage|p2a: Snorlax|242\/523
|
|turn|15
|choice|switch 6|move 3
|
|switch|p1a: Hypno|Hypno|85\/373 frz
|move|p2a: Snorlax|Self-Destruct|p1a: Hypno
|-damage|p1a: Hypno|0 fnt
|faint|p1a: Hypno
|faint|p2a: Snorlax
|J|ibaneful
|choice|switch 6|switch 6
|
|switch|p1a: Snorlax|Snorlax|523\/523
|switch|p2a: Exeggutor|Exeggutor|271\/393 par
|turn|16
|L|ibaneful
|choice|move 1|move 4
|
|move|p1a: Snorlax|Body Slam|p2a: Exeggutor
|-damage|p2a: Exeggutor|158\/393 par
|cant|p2a: Exeggutor|par
|
|turn|17
|choice|move 1|move 4
|
|move|p1a: Snorlax|Body Slam|p2a: Exeggutor
|-damage|p2a: Exeggutor|36\/393 par
|move|p2a: Exeggutor|Sleep Powder|p1a: Snorlax|[miss]
|-miss|p2a: Exeggutor
|
|turn|18
|choice|move 1|switch 2
|
|switch|p2a: Cloyster|Cloyster|303\/303
|move|p1a: Snorlax|Body Slam|p2a: Cloyster
|-damage|p2a: Cloyster|231\/303
|
|turn|19
|choice|switch 2|move 4
|
|switch|p1a: Lapras|Lapras|463\/463
|move|p2a: Cloyster|Clamp|p1a: Lapras
|-resisted|p1a: Lapras
|-damage|p1a: Lapras|445\/463
|-activate|p1a: Lapras|move: Clamp|[of] p2a: Cloyster
|
|turn|20
|J|Nails
|choice|move 3|switch 3
|
|switch|p2a: Chansey|Chansey|703\/703 par
|cant|p1a: Lapras|partiallytrapped
|
|-end|p1a: Lapras|Clamp|[partiallytrapped]
|turn|21
|choice|move 2|move 1
|
|move|p1a: Lapras|Confuse Ray|p2a: Chansey
|-start|p2a: Chansey|confusion
|cant|p2a: Chansey|par
|
|turn|22
|choice|switch 2|move 3
|
|switch|p1a: Snorlax|Snorlax|523\/523
|-activate|p2a: Chansey|confusion
|move|p2a: Chansey|Thunder Wave|p1a: Snorlax
|-status|p1a: Snorlax|par
|
|turn|23
|choice|move 1|switch 3
|
|switch|p2a: Cloyster|Cloyster|231\/303
|move|p1a: Snorlax|Body Slam|p2a: Cloyster
|-damage|p2a: Cloyster|157\/303
|-status|p2a: Cloyster|par
|
|turn|24
|choice|switch 2|move 4
|
|switch|p1a: Lapras|Lapras|445\/463
|move|p2a: Cloyster|Clamp|p1a: Lapras
|-resisted|p1a: Lapras
|-damage|p1a: Lapras|427\/463
|-activate|p1a: Lapras|move: Clamp|[of] p2a: Cloyster
|
|turn|25
|choice|move 2|switch 3
|
|switch|p2a: Chansey|Chansey|703\/703 par
|cant|p1a: Lapras|partiallytrapped
|
|-end|p1a: Lapras|Clamp|[partiallytrapped]
|turn|26
|choice|move 2|switch 2
|
|switch|p2a: Exeggutor|Exeggutor|36\/393 par
|move|p1a: Lapras|Confuse Ray|p2a: Exeggutor
|-start|p2a: Exeggutor|confusion
|
|turn|27
|choice|move 1|switch 2
|
|switch|p2a: Chansey|Chansey|703\/703 par
|move|p1a: Lapras|Blizzard|p2a: Chansey
|-damage|p2a: Chansey|572\/703 par
|
|turn|28
|choice|move 2|switch 2
|
|switch|p2a: Exeggutor|Exeggutor|36\/393 par
|move|p1a: Lapras|Confuse Ray|p2a: Exeggutor
|-start|p2a: Exeggutor|confusion
|
|turn|29
|choice|move 1|switch 2
|
|switch|p2a: Chansey|Chansey|572\/703 par
|move|p1a: Lapras|Blizzard|p2a: Chansey
|-damage|p2a: Chansey|448\/703 par
|
|turn|30
|choice|move 1|move 3
|
|move|p1a: Lapras|Blizzard|p2a: Chansey
|-damage|p2a: Chansey|316\/703 par
|move|p2a: Chansey|Thunder Wave|p1a: Lapras
|-status|p1a: Lapras|par
|
|turn|31
|c|+Nails|...
|choice|switch 2|move 4
|
|switch|p1a: Snorlax|Snorlax|523\/523 par
|move|p2a: Chansey|Soft-Boiled|p2a: Chansey
|-heal|p2a: Chansey|667\/703 par
|
|turn|32
|c|+Nails|rumor.
|choice|switch 3|switch 3
|
|switch|p2a: Cloyster|Cloyster|157\/303 par
|switch|p1a: Zapdos|Zapdos|383\/383
|
|turn|33
|choice|move 2|switch 2
|
|switch|p2a: Exeggutor|Exeggutor|36\/393 par
|move|p1a: Zapdos|Thunderbolt|p2a: Exeggutor
|-crit|p2a: Exeggutor
|-resisted|p2a: Exeggutor
|-damage|p2a: Exeggutor|0 fnt
|faint|p2a: Exeggutor
|choice||switch 3
|
|switch|p2a: Chansey|Chansey|667\/703 par
|turn|34
|J|Ary
|choice|switch 3|move 1
|
|switch|p1a: Snorlax|Snorlax|523\/523 par
|move|p2a: Chansey|Sing|p1a: Snorlax
|-fail|p1a: Snorlax
|
|turn|35
|choice|switch 3|switch 2
|
|switch|p2a: Cloyster|Cloyster|157\/303 par
|switch|p1a: Zapdos|Zapdos|383\/383
|
|turn|36
|choice|move 2|switch 2
|
|switch|p2a: Chansey|Chansey|667\/703 par
|move|p1a: Zapdos|Thunderbolt|p2a: Chansey
|-damage|p2a: Chansey|537\/703 par
|
|turn|37
|choice|switch 3|move 4
|
|switch|p1a: Snorlax|Snorlax|523\/523 par
|cant|p2a: Chansey|par
|
|turn|38
|choice|switch 3|move 4
|
|switch|p1a: Zapdos|Zapdos|383\/383
|move|p2a: Chansey|Soft-Boiled|p2a: Chansey
|-heal|p2a: Chansey|703\/703 par
|
|turn|39
|choice|switch 3|switch 2
|
|switch|p1a: Snorlax|Snorlax|523\/523 par
|switch|p2a: Cloyster|Cloyster|157\/303 par
|
|turn|40
|c|★Rumor|damn
|c|+Nails|-
|c|★Rumor|i knew it
|choice|switch 2|move 4
|
|switch|p1a: Lapras|Lapras|427\/463 par
|move|p2a: Cloyster|Clamp|p1a: Lapras
|-resisted|p1a: Lapras
|-damage|p1a: Lapras|407\/463 par
|-activate|p1a: Lapras|move: Clamp|[of] p2a: Cloyster
|
|turn|41
|choice|move 3|move 4
|
|move|p2a: Cloyster|Clamp|p1a: Lapras
|-damage|p1a: Lapras|387\/463 par
|cant|p1a: Lapras|partiallytrapped
|
|turn|42
|choice|move 3|move 4
|
|move|p2a: Cloyster|Clamp|p1a: Lapras
|-damage|p1a: Lapras|367\/463 par
|cant|p1a: Lapras|partiallytrapped
|
|-end|p1a: Lapras|Clamp|[partiallytrapped]
|turn|43
|choice|switch 3|switch 2
|
|switch|p2a: Chansey|Chansey|703\/703 par
|switch|p1a: Zapdos|Zapdos|383\/383
|
|turn|44
|choice|switch 2|switch 2
|
|switch|p1a: Snorlax|Snorlax|523\/523 par
|switch|p2a: Cloyster|Cloyster|157\/303 par
|
|turn|45
|choice|switch 3|move 4
|
|switch|p1a: Lapras|Lapras|367\/463 par
|move|p2a: Cloyster|Clamp|p1a: Lapras
|-resisted|p1a: Lapras
|-damage|p1a: Lapras|348\/463 par
|-activate|p1a: Lapras|move: Clamp|[of] p2a: Cloyster
|
|turn|46
|choice|move 3|move 4
|
|move|p2a: Cloyster|Clamp|p1a: Lapras
|-damage|p1a: Lapras|329\/463 par
|cant|p1a: Lapras|partiallytrapped
|
|-end|p1a: Lapras|Clamp|[partiallytrapped]
|turn|47
|choice|switch 2|move 4
|
|switch|p1a: Zapdos|Zapdos|383\/383
|cant|p2a: Cloyster|par
|
|turn|48
|c|+Nails|damn i thought u were gonna clamp a lapras to death with a paraed cloyster
|c|+Nails|ah
|c|+Nails|you went for it
|choice|move 2|switch 2
|
|switch|p2a: Chansey|Chansey|703\/703 par
|move|p1a: Zapdos|Thunderbolt|p2a: Chansey
|-damage|p2a: Chansey|586\/703 par
|
|turn|49
|choice|switch 3|move 1
|
|switch|p1a: Snorlax|Snorlax|523\/523 par
|move|p2a: Chansey|Sing|p1a: Snorlax
|-fail|p1a: Snorlax
|
|turn|50
|choice|move 1|switch 2
|
|switch|p2a: Cloyster|Cloyster|157\/303 par
|move|p1a: Snorlax|Body Slam|p2a: Cloyster
|-damage|p2a: Cloyster|86\/303 par
|
|turn|51
|choice|switch 2|move 1
|
|switch|p1a: Lapras|Lapras|329\/463 par
|move|p2a: Cloyster|Blizzard|p1a: Lapras
|-crit|p1a: Lapras
|-resisted|p1a: Lapras
|-damage|p1a: Lapras|269\/463 par
|
|turn|52
|L|KratosMana
|choice|move 3|move 4
|
|move|p2a: Cloyster|Clamp|p1a: Lapras
|-resisted|p1a: Lapras
|-damage|p1a: Lapras|248\/463 par
|-activate|p1a: Lapras|move: Clamp|[of] p2a: Cloyster
|cant|p1a: Lapras|partiallytrapped
|
|turn|53
|choice|move 3|move 4
|
|move|p2a: Cloyster|Clamp|p1a: Lapras
|-damage|p1a: Lapras|227\/463 par
|cant|p1a: Lapras|partiallytrapped
|
|turn|54
|choice|switch 3|move 4
|
|switch|p1a: Zapdos|Zapdos|383\/383
|cant|p2a: Cloyster|par
|
|turn|55
|choice|move 2|switch 2
|
|switch|p2a: Chansey|Chansey|586\/703 par
|move|p1a: Zapdos|Thunderbolt|p2a: Chansey
|-damage|p2a: Chansey|461\/703 par
|
|turn|56
|choice|switch 2|move 4
|
|switch|p1a: Snorlax|Snorlax|523\/523 par
|cant|p2a: Chansey|par
|
|turn|57
|choice|move 1|move 4
|
|move|p2a: Chansey|Soft-Boiled|p2a: Chansey
|-heal|p2a: Chansey|703\/703 par
|cant|p1a: Snorlax|par
|
|turn|58
|choice|move 1|switch 2
|
|switch|p2a: Cloyster|Cloyster|86\/303 par
|cant|p1a: Snorlax|par
|
|turn|59
|choice|switch 2|move 4
|
|switch|p1a: Zapdos|Zapdos|383\/383
|cant|p2a: Cloyster|par
|
|turn|60
|choice|switch 2|switch 2
|
|switch|p1a: Snorlax|Snorlax|523\/523 par
|switch|p2a: Chansey|Chansey|703\/703 par
|
|turn|61
|choice|move 1|move 2
|
|cant|p2a: Chansey|par
|cant|p1a: Snorlax|par
|
|turn|62
|choice|move 3|switch 2
|
|switch|p2a: Cloyster|Cloyster|86\/303 par
|move|p1a: Snorlax|Hyper Beam|p2a: Cloyster
|-damage|p2a: Cloyster|0 fnt
|faint|p2a: Cloyster
|choice||switch 4
|
|switch|p2a: Tauros|Tauros|353\/353
|turn|63
|choice|switch 3|move 1
|
|switch|p1a: Lapras|Lapras|227\/463 par
|move|p2a: Tauros|Body Slam|p1a: Lapras
|-damage|p1a: Lapras|105\/463 par
|
|turn|64
|choice|move 1|move 1
|
|move|p2a: Tauros|Body Slam|p1a: Lapras
|-damage|p1a: Lapras|0 fnt
|faint|p1a: Lapras
|choice|switch 4|
|
|switch|p1a: Exeggutor|Exeggutor|393\/393
|turn|65
|choice|move 3|move 3
|
|move|p2a: Tauros|Blizzard|p1a: Exeggutor
|-supereffective|p1a: Exeggutor
|-damage|p1a: Exeggutor|264\/393
|move|p1a: Exeggutor|Stun Spore|p2a: Tauros
|-status|p2a: Tauros|par
|
|turn|66
|choice|move 1|move 3
|
|move|p1a: Exeggutor|Psychic|p2a: Tauros
|-damage|p2a: Tauros|200\/353 par
|move|p2a: Tauros|Blizzard|p1a: Exeggutor
|-crit|p1a: Exeggutor
|-supereffective|p1a: Exeggutor
|-damage|p1a: Exeggutor|34\/393
|
|turn|67
|choice|move 4|move 1
|
|move|p1a: Exeggutor|Explosion|p2a: Tauros
|-damage|p2a: Tauros|0 fnt
|faint|p2a: Tauros
|faint|p1a: Exeggutor
|choice|switch 3|switch 2
|
|switch|p2a: Chansey|Chansey|703\/703 par
|switch|p1a: Snorlax|Snorlax|523\/523 par
|turn|68
|choice|move 1|move 2
|
|move|p2a: Chansey|Ice Beam|p1a: Snorlax
|-damage|p1a: Snorlax|416\/523 par
|move|p1a: Snorlax|Body Slam|p2a: Chansey
|-crit|p2a: Chansey
|-damage|p2a: Chansey|155\/703 par
|
|turn|69
|choice|move 1|move 4
|
|move|p2a: Chansey|Soft-Boiled|p2a: Chansey
|-heal|p2a: Chansey|506\/703 par
|move|p1a: Snorlax|Body Slam|p2a: Chansey
|-damage|p2a: Chansey|230\/703 par
|
|turn|70
|c|+Nails|-
|c|+Nails|.
|choice|move 1|move 4
|
|cant|p2a: Chansey|par
|cant|p1a: Snorlax|par
|
|turn|71
|choice|move 1|move 4
|
|move|p2a: Chansey|Soft-Boiled|p2a: Chansey
|-heal|p2a: Chansey|581\/703 par
|move|p1a: Snorlax|Body Slam|p2a: Chansey
|-damage|p2a: Chansey|308\/703 par
|
|turn|72
|choice|move 1|move 4
|
|move|p2a: Chansey|Soft-Boiled|p2a: Chansey
|-heal|p2a: Chansey|659\/703 par
|move|p1a: Snorlax|Body Slam|p2a: Chansey
|-crit|p2a: Chansey
|-damage|p2a: Chansey|138\/703 par
|
|turn|73
|choice|move 2|move 4
|
|move|p2a: Chansey|Soft-Boiled|p2a: Chansey
|-heal|p2a: Chansey|489\/703 par
|move|p1a: Snorlax|Self-Destruct|p2a: Chansey
|-damage|p2a: Chansey|0 fnt
|faint|p2a: Chansey
|faint|p1a: Snorlax
|choice|switch 5|switch 5
|
|switch|p2a: Alakazam|Alakazam|313\/313 slp
|switch|p1a: Tauros|Tauros|353\/353
|turn|74
|choice|move 1|move 3
|
|cant|p2a: Alakazam|slp
|move|p1a: Tauros|Body Slam|p2a: Alakazam
|-damage|p2a: Alakazam|151\/313 slp
|
|turn|75
|c|★Dice|ggs
|c|+Nails|chooooooke
|c|+Nails|jk
|c|+Nails|it wasnt
|c|★Dice|dam
|c|★Dice|pokes sux
|choice|move 2|move 1
|
|-curestatus|p2a: Alakazam|slp
|move|p1a: Tauros|Hyper Beam|p2a: Alakazam
|-damage|p2a: Alakazam|0 fnt
|faint|p2a: Alakazam
|
|win|Rumor