|J|marcoasd
|J|Tesung
|player|p1|marcoasd|266
|player|p2|Tesung|2
|gametype|singles
|gen|1
|tier|[Gen 1] OU
|seed|
|rule|Sleep Clause Mod: Limit one foe put to sleep
|rule|Freeze Clause Mod: Limit one foe frozen
|rule|Species Clause: Limit one of each Pokémon
|rule|OHKO Clause: OHKO moves are banned
|rule|Evasion Moves Clause: Evasion moves are banned
|rule|HP Percentage Mod: HP is shown in percentages
|
|start
|switch|p1a: Jolteon|Jolteon, M|100\/100
|switch|p2a: Alakazam|Alakazam|100\/100
|turn|1
|c|★Tesung|gl
|c|★marcoasd|u2
|c|★Tesung|i almost brought jolt lead
|choice||
|
|switch|p1a: Exeggutor|Exeggutor, M|100\/100
|move|p2a: Alakazam|Psychic|p1a: Exeggutor
|-resisted|p1a: Exeggutor
|-damage|p1a: Exeggutor|86\/100
|
|turn|2
|J|Finchinator
|J|Jayde
|J|BKC
|choice||
|
|move|p2a: Alakazam|Seismic Toss|p1a: Exeggutor
|-damage|p1a: Exeggutor|60\/100
|move|p1a: Exeggutor|Sleep Powder|p2a: Alakazam
|-status|p2a: Alakazam|slp
|
|turn|3
|L|Finchinator
|J|Doubloon
|choice||
|
|switch|p1a: Lapras|Lapras, M|100\/100
|cant|p2a: Alakazam|slp
|
|turn|4
|J|Vileman
|J|giara
|choice||
|
|switch|p2a: Starmie|Starmie|100\/100
|move|p1a: Lapras|Blizzard|p2a: Starmie
|-resisted|p2a: Starmie
|-damage|p2a: Starmie|79\/100
|
|turn|5
|choice||
|
|switch|p1a: Alakazam|Alakazam, M|100\/100
|move|p2a: Starmie|Thunderbolt|p1a: Alakazam
|-damage|p1a: Alakazam|82\/100
|
|turn|6
|choice||
|
|switch|p2a: Exeggutor|Exeggutor|100\/100
|move|p1a: Alakazam|Thunder Wave|p2a: Exeggutor
|-status|p2a: Exeggutor|par
|
|turn|7
|L|Doubloon
|choice||
|
|switch|p1a: Exeggutor|Exeggutor, M|60\/100
|move|p2a: Exeggutor|Sleep Powder|p1a: Exeggutor|[miss]
|-miss|p2a: Exeggutor
|
|turn|8
|L|Vileman
|choice||
|
|move|p1a: Exeggutor|Explosion|p2a: Exeggutor
|-damage|p2a: Exeggutor|30\/100 par
|faint|p1a: Exeggutor
|choice||
|
|switch|p1a: Lapras|Lapras, M|100\/100
|turn|9
|J|Dice
|choice||
|
|switch|p2a: Starmie|Starmie|79\/100
|move|p1a: Lapras|Blizzard|p2a: Starmie
|-resisted|p2a: Starmie
|-damage|p2a: Starmie|57\/100
|
|turn|10
|choice||
|
|move|p2a: Starmie|Recover|p2a: Starmie
|-heal|p2a: Starmie|100\/100
|move|p1a: Lapras|Body Slam|p2a: Starmie
|-damage|p2a: Starmie|81\/100
|-status|p2a: Starmie|par
|
|turn|11
|J|GlintGecko
|choice||
|
|move|p1a: Lapras|Thunderbolt|p2a: Starmie
|-supereffective|p2a: Starmie
|-damage|p2a: Starmie|38\/100 par
|move|p2a: Starmie|Thunder Wave|p1a: Lapras
|-status|p1a: Lapras|par
|
|turn|12
|choice||
|
|move|p2a: Starmie|Recover|p2a: Starmie
|-heal|p2a: Starmie|87\/100 par
|move|p1a: Lapras|Thunderbolt|p2a: Starmie
|-supereffective|p2a: Starmie
|-damage|p2a: Starmie|42\/100 par
|
|turn|13
|choice||
|
|move|p2a: Starmie|Recover|p2a: Starmie
|-heal|p2a: Starmie|92\/100 par
|move|p1a: Lapras|Thunderbolt|p2a: Starmie
|-supereffective|p2a: Starmie
|-damage|p2a: Starmie|47\/100 par
|
|turn|14
|L|giara
|choice||
|
|move|p2a: Starmie|Recover|p2a: Starmie
|-heal|p2a: Starmie|97\/100 par
|cant|p1a: Lapras|par
|
|turn|15
|choice||
|
|switch|p1a: Jolteon|Jolteon, M|100\/100
|move|p2a: Starmie|Thunderbolt|p1a: Jolteon
|-resisted|p1a: Jolteon
|-damage|p1a: Jolteon|90\/100
|
|turn|16
|choice||
|
|move|p1a: Jolteon|Thunderbolt|p2a: Starmie
|-crit|p2a: Starmie
|-supereffective|p2a: Starmie
|-damage|p2a: Starmie|0 fnt
|faint|p2a: Starmie
|choice||
|
|switch|p2a: Snorlax|Snorlax|100\/100
|turn|17
|c|★Tesung|rude
|J|Nails
|choice||
|
|move|p1a: Jolteon|Thunder Wave|p2a: Snorlax
|-status|p2a: Snorlax|par
|move|p2a: Snorlax|Body Slam|p1a: Jolteon
|-damage|p1a: Jolteon|45\/100
|-status|p1a: Jolteon|par
|
|turn|18
|J|Tokyo Tom
|choice||
|
|cant|p1a: Jolteon|par
|move|p2a: Snorlax|Body Slam|p1a: Jolteon
|-damage|p1a: Jolteon|0 fnt
|faint|p1a: Jolteon
|c|+Nails|super rude.
|choice||
|
|switch|p1a: Snorlax|Snorlax, M|100\/100
|turn|19
|choice||
|
|move|p2a: Snorlax|Body Slam|p1a: Snorlax
|-damage|p1a: Snorlax|72\/100
|move|p1a: Snorlax|Counter|p2a: Snorlax
|-damage|p2a: Snorlax|44\/100 par
|
|turn|20
|choice||
|
|move|p1a: Snorlax|Body Slam|p2a: Snorlax
|-damage|p2a: Snorlax|17\/100 par
|cant|p2a: Snorlax|par
|
|turn|21
|c|★Tesung|ah
|c|★Tesung|the boom
|c|★Tesung|RIP
|c|★marcoasd|counter rude
|c|★Tesung|double rude
|choice||
|
|move|p1a: Snorlax|Body Slam|p2a: Snorlax
|-damage|p2a: Snorlax|0 fnt
|faint|p2a: Snorlax
|choice||
|
|switch|p2a: Tauros|Tauros|100\/100
|turn|22
|L|Tokyo Tom
|choice||
|
|move|p2a: Tauros|Hyper Beam|p1a: Snorlax
|-crit|p1a: Snorlax
|-damage|p1a: Snorlax|0 fnt
|faint|p1a: Snorlax
|c|★Tesung|ah i did it
|c|★marcoasd|dio porco
|c|★marcoasd|now it's time
|c|★Tesung|dio porra
|c|★marcoasd|to show you 
|c|★Tesung|tauros war?
|c|★marcoasd|who has the bigger dick
|c|★Tesung|lolol
|c|★marcoasd|uccello=dick in italian
|c|★Tesung|whip it out bo
|c|★Tesung|u
|c|★marcoasd|uccello=bird
|c|★marcoasd|here u are the bird
|choice||
|
|switch|p1a: Moltres|Moltres|100\/100
|turn|23
|c|★Tesung|NOO
|choice||
|
|move|p2a: Tauros|Body Slam|p1a: Moltres
|-damage|p1a: Moltres|72\/100
|move|p1a: Moltres|Fire Blast|p2a: Tauros|[miss]
|-miss|p1a: Moltres
|
|turn|24
|c|★marcoasd|dio stramaiale
|choice||
|
|move|p2a: Tauros|Body Slam|p1a: Moltres
|-damage|p1a: Moltres|46\/100
|move|p1a: Moltres|Fire Blast|p2a: Tauros|[miss]
|-miss|p1a: Moltres
|
|turn|25
|c|★Tesung|small bird
|c|★marcoasd|....
|c|★Tesung|porco dio
|L|Jayde
|c|★marcoasd|https:\/\/www.youtube.com\/results?search_query=o+fortuna
|choice||
|
|switch|p1a: Lapras|Lapras, M|100\/100 par
|move|p2a: Tauros|Hyper Beam|p1a: Lapras
|-damage|p1a: Lapras|57\/100 par
|
|turn|26
|-mustrecharge|p2a: Tauros
|-mustrecharge|p2a: Tauros
|c|★marcoasd|https:\/\/www.youtube.com\/watch?v=EJC-_j3SnXk
|choice||
|
|cant|p2a: Tauros|recharge
|cant|p1a: Lapras|par
|
|turn|27
|c|★Tesung|porco dio
|c|★marcoasd|^
|choice||
|
|move|p2a: Tauros|Body Slam|p1a: Lapras
|-damage|p1a: Lapras|32\/100 par
|move|p1a: Lapras|Blizzard|p2a: Tauros
|-damage|p2a: Tauros|54\/100
|
|turn|28
|choice||
|
|move|p2a: Tauros|Hyper Beam|p1a: Lapras
|-damage|p1a: Lapras|0 fnt
|faint|p1a: Lapras
|choice||
|
|switch|p1a: Alakazam|Alakazam, M|82\/100
|turn|29
|choice||
|
|move|p1a: Alakazam|Thunder Wave|p2a: Tauros
|-status|p2a: Tauros|par
|cant|p2a: Tauros|par
|
|turn|30
|choice||
|
|move|p1a: Alakazam|Psychic|p2a: Tauros
|-crit|p2a: Tauros
|-damage|p2a: Tauros|0 fnt
|faint|p2a: Tauros
|c|★Tesung|malata dio
|choice||
|
|switch|p2a: Exeggutor|Exeggutor|30\/100 par
|turn|31
|c|★marcoasd|crit max roll i guess
|choice||
|
|move|p1a: Alakazam|Psychic|p2a: Exeggutor
|-resisted|p2a: Exeggutor
|-damage|p2a: Exeggutor|17\/100 par
|-unboost|p2a: Exeggutor|spd|1
|-unboost|p2a: Exeggutor|spa|1
|move|p2a: Exeggutor|Explosion|p1a: Alakazam
|-damage|p1a: Alakazam|0 fnt
|faint|p1a: Alakazam
|faint|p2a: Exeggutor
|choice||
|
|switch|p2a: Jolteon|Jolteon|100\/100
|switch|p1a: Moltres|Moltres|46\/100
|turn|32
|c|★marcoasd|rip
|c|★Tesung|gg~
|c|★marcoasd|gg
|choice||
|
|move|p2a: Jolteon|Thunderbolt|p1a: Moltres
|-crit|p1a: Moltres
|-supereffective|p1a: Moltres
|-damage|p1a: Moltres|0 fnt
|faint|p1a: Moltres
|
|win|Tesung