|J|hodor
|J|qht
|player|p1|hodor|2
|player|p2|qht|2
|gametype|singles
|gen|1
|tier|[Gen 1] OU
|seed|63903,40948,55172,34695
|rule|Sleep Clause Mod: Limit one foe put to sleep
|rule|Freeze Clause Mod: Limit one foe frozen
|rule|Species Clause: Limit one of each Pokémon
|rule|OHKO Clause: OHKO moves are banned
|rule|Evasion Moves Clause: Evasion moves are banned
|rule|HP Percentage Mod: HP is shown in percentages
|
|start
|switch|p1a: Alakazam|Alakazam|313\/313
|switch|p2a: Gengar|Gengar|323\/323
|turn|1
|choice|move 1|switch 6
|
|switch|p2a: Exeggutor|Exeggutor|393\/393
|move|p1a: Alakazam|Psychic|p2a: Exeggutor
|-crit|p2a: Exeggutor
|-resisted|p2a: Exeggutor
|-damage|p2a: Exeggutor|291\/393
|
|turn|2
|choice|move 1|move 1
|
|move|p1a: Alakazam|Psychic|p2a: Exeggutor
|-crit|p2a: Exeggutor
|-resisted|p2a: Exeggutor
|-damage|p2a: Exeggutor|174\/393
|move|p2a: Exeggutor|Sleep Powder|p1a: Alakazam
|-status|p1a: Alakazam|slp
|
|turn|3
|choice|move 1|move 4
|
|cant|p1a: Alakazam|slp
|move|p2a: Exeggutor|Mega Drain|p1a: Alakazam
|-crit|p1a: Alakazam
|-damage|p1a: Alakazam|228\/313 slp
|-heal|p2a: Exeggutor|216\/393|[from] drain|[of] p1a: Alakazam
|
|turn|4
|choice|switch 2|move 4
|
|switch|p1a: Exeggutor|Exeggutor|393\/393
|move|p2a: Exeggutor|Mega Drain|p1a: Exeggutor
|-resisted|p1a: Exeggutor
|-damage|p1a: Exeggutor|369\/393
|-heal|p2a: Exeggutor|228\/393|[from] drain|[of] p1a: Exeggutor
|
|turn|5
|choice|move 1|move 3
|
|move|p2a: Exeggutor|Explosion|p1a: Exeggutor
|-damage|p1a: Exeggutor|87\/393
|faint|p2a: Exeggutor
|choice||switch 6
|
|switch|p2a: Gengar|Gengar|323\/323
|turn|6
|choice|switch 3|move 3
|
|switch|p1a: Snorlax|Snorlax|523\/523
|move|p2a: Gengar|Night Shade|p1a: Snorlax
|-damage|p1a: Snorlax|423\/523
|
|turn|7
|choice|move 3|switch 3
|
|switch|p2a: Snorlax|Snorlax|523\/523
|move|p1a: Snorlax|Earthquake|p2a: Snorlax
|-damage|p2a: Snorlax|412\/523
|
|turn|8
|choice|move 1|move 3
|
|move|p1a: Snorlax|Body Slam|p2a: Snorlax
|-damage|p2a: Snorlax|278\/523
|move|p2a: Snorlax|Reflect|p2a: Snorlax
|-start|p2a: Snorlax|Reflect
|
|turn|9
|choice|move 1|move 4
|
|move|p2a: Snorlax|Rest|p2a: Snorlax
|-status|p2a: Snorlax|slp
|-heal|p2a: Snorlax|523\/523 slp|[silent]
|-status|p2a: Snorlax|slp|[from] move: Rest
|move|p1a: Snorlax|Body Slam|p2a: Snorlax
|-damage|p2a: Snorlax|449\/523 slp
|
|turn|10
|choice|switch 3|move 1
|
|switch|p1a: Exeggutor|Exeggutor|87\/393
|cant|p2a: Snorlax|slp
|
|turn|11
|choice|move 1|switch 2
|
|switch|p2a: Starmie|Starmie|323\/323
|move|p1a: Exeggutor|Sleep Powder|p2a: Starmie
|-status|p2a: Starmie|slp
|
|turn|12
|choice|move 2|move 2
|
|cant|p2a: Starmie|slp
|move|p1a: Exeggutor|Psychic|p2a: Starmie
|-resisted|p2a: Starmie
|-damage|p2a: Starmie|262\/323 slp
|-unboost|p2a: Starmie|spd|1
|-unboost|p2a: Starmie|spa|1
|
|turn|13
|choice|move 2|switch 5
|
|switch|p2a: Alakazam|Alakazam|313\/313
|move|p1a: Exeggutor|Psychic|p2a: Alakazam
|-resisted|p2a: Alakazam
|-damage|p2a: Alakazam|264\/313
|-unboost|p2a: Alakazam|spd|1
|-unboost|p2a: Alakazam|spa|1
|
|turn|14
|choice|move 3|move 3
|
|move|p2a: Alakazam|Thunder Wave|p1a: Exeggutor
|-status|p1a: Exeggutor|par
|move|p1a: Exeggutor|Explosion|p2a: Alakazam
|-damage|p2a: Alakazam|0 fnt
|faint|p2a: Alakazam
|faint|p1a: Exeggutor
|c|★qht|damn
|c|★qht|got played
|choice|switch 3|switch 2
|
|switch|p1a: Snorlax|Snorlax|423\/523
|switch|p2a: Snorlax|Snorlax|449\/523 slp
|turn|15
|choice|move 1|move 3
|
|-curestatus|p2a: Snorlax|slp
|move|p1a: Snorlax|Body Slam|p2a: Snorlax
|-damage|p2a: Snorlax|300\/523
|
|turn|16
|J|Sken
|choice|switch 6|move 3
|
|switch|p1a: Zapdos|Zapdos|383\/383
|move|p2a: Snorlax|Reflect|p2a: Snorlax
|-start|p2a: Snorlax|Reflect
|
|turn|17
|J|Raekkiiii
|choice|move 1|switch 3
|
|switch|p2a: Gengar|Gengar|323\/323
|move|p1a: Zapdos|Thunderbolt|p2a: Gengar
|-damage|p2a: Gengar|216\/323
|
|turn|18
|choice|switch 6|move 4
|
|switch|p1a: Snorlax|Snorlax|423\/523
|move|p2a: Gengar|Confuse Ray|p1a: Snorlax
|-start|p1a: Snorlax|confusion
|
|turn|19
|choice|switch 4|move 3
|
|switch|p1a: Chansey|Chansey|703\/703
|move|p2a: Gengar|Night Shade|p1a: Chansey
|-damage|p1a: Chansey|603\/703
|
|turn|20
|choice|move 4|switch 3
|
|switch|p2a: Snorlax|Snorlax|300\/523
|move|p1a: Chansey|Thunder Wave|p2a: Snorlax
|-status|p2a: Snorlax|par
|
|turn|21
|choice|switch 6|move 1
|
|switch|p1a: Zapdos|Zapdos|383\/383
|move|p2a: Snorlax|Body Slam|p1a: Zapdos
|-crit|p1a: Zapdos
|-damage|p1a: Zapdos|145\/383
|-status|p1a: Zapdos|par
|
|turn|22
|c|★qht|ok now it's a game again
|choice|move 4|move 2
|
|move|p1a: Zapdos|Rest|p1a: Zapdos
|-status|p1a: Zapdos|slp
|-heal|p1a: Zapdos|383\/383 slp|[silent]
|-status|p1a: Zapdos|slp|[from] move: Rest
|move|p2a: Snorlax|Hyper Beam|p1a: Zapdos
|-damage|p1a: Zapdos|175\/383 slp
|
|turn|23
|-mustrecharge|p2a: Snorlax
|-mustrecharge|p2a: Snorlax
|choice|move 1|move 1
|
|cant|p1a: Zapdos|slp
|cant|p2a: Snorlax|recharge
|
|turn|24
|choice|switch 4|move 1
|
|switch|p1a: Snorlax|Snorlax|423\/523
|move|p2a: Snorlax|Body Slam|p1a: Snorlax
|-damage|p1a: Snorlax|275\/523
|
|turn|25
|choice|move 4|move 3
|
|move|p1a: Snorlax|Self-Destruct|p2a: Snorlax
|-damage|p2a: Snorlax|0 fnt
|faint|p2a: Snorlax
|faint|p1a: Snorlax
|choice|switch 6|switch 3
|
|switch|p2a: Gengar|Gengar|216\/323
|switch|p1a: Chansey|Chansey|603\/703
|turn|26
|choice|move 4|move 4
|
|move|p2a: Gengar|Confuse Ray|p1a: Chansey
|-start|p1a: Chansey|confusion
|-activate|p1a: Chansey|confusion
|-damage|p1a: Chansey|568\/703|[from] confusion
|
|turn|27
|choice|move 4|move 3
|
|move|p2a: Gengar|Night Shade|p1a: Chansey
|-damage|p1a: Chansey|468\/703
|-activate|p1a: Chansey|confusion
|-damage|p1a: Chansey|433\/703|[from] confusion
|
|turn|28
|choice|move 3|move 3
|
|move|p2a: Gengar|Night Shade|p1a: Chansey
|-damage|p1a: Chansey|333\/703
|-activate|p1a: Chansey|confusion
|-damage|p1a: Chansey|298\/703|[from] confusion
|
|turn|29
|c|★hodor|gdi
|choice|move 3|move 3
|
|move|p2a: Gengar|Night Shade|p1a: Chansey
|-damage|p1a: Chansey|198\/703
|-end|p1a: Chansey|confusion
|move|p1a: Chansey|Soft-Boiled|p1a: Chansey
|-heal|p1a: Chansey|549\/703
|
|turn|30
|choice|move 4|move 4
|
|move|p2a: Gengar|Confuse Ray|p1a: Chansey
|-start|p1a: Chansey|confusion
|-activate|p1a: Chansey|confusion
|move|p1a: Chansey|Thunder Wave|p2a: Gengar
|-status|p2a: Gengar|par
|
|turn|31
|choice|move 3|move 1
|
|-activate|p1a: Chansey|confusion
|-damage|p1a: Chansey|514\/703|[from] confusion
|move|p2a: Gengar|Explosion|p1a: Chansey
|-damage|p1a: Chansey|0 fnt
|faint|p1a: Chansey
|faint|p2a: Gengar
|choice|switch 5|switch 4
|
|switch|p2a: Tauros|Tauros|353\/353
|switch|p1a: Tauros|Tauros|353\/353
|turn|32
|choice|move 1|move 1
|
|move|p1a: Tauros|Body Slam|p2a: Tauros
|-damage|p2a: Tauros|256\/353
|move|p2a: Tauros|Body Slam|p1a: Tauros
|-crit|p1a: Tauros
|-damage|p1a: Tauros|168\/353
|
|turn|33
|c|★qht|nice..
|choice|move 2|move 4
|
|move|p2a: Tauros|Hyper Beam|p1a: Tauros
|-damage|p1a: Tauros|0 fnt
|faint|p1a: Tauros
|choice|switch 4|
|
|switch|p1a: Zapdos|Zapdos|175\/383 slp
|turn|34
|c|★hodor|i played that end game
|c|★hodor|horribly
|c|★hodor|crit para didnt help
|c|★qht|i played midgame horribly
|c|★qht|!
|choice|move 2|move 1
|
|move|p2a: Tauros|Body Slam|p1a: Zapdos
|-damage|p1a: Zapdos|64\/383 slp
|-curestatus|p1a: Zapdos|slp
|
|turn|35
|c|★qht|zam woulda done work if i gave it a chance to
|choice|move 2|move 1
|
|move|p2a: Tauros|Body Slam|p1a: Zapdos
|-damage|p1a: Zapdos|0 fnt
|faint|p1a: Zapdos
|choice|switch 2|
|
|switch|p1a: Alakazam|Alakazam|228\/313 slp
|turn|36
|c|★qht|but you stayed in with eggy
|choice|move 2|move 1
|
|cant|p1a: Alakazam|slp
|move|p2a: Tauros|Body Slam|p1a: Alakazam
|-damage|p1a: Alakazam|76\/313 slp
|
|turn|37
|choice|move 2|move 1
|
|cant|p1a: Alakazam|slp
|move|p2a: Tauros|Body Slam|p1a: Alakazam
|-crit|p1a: Alakazam
|-damage|p1a: Alakazam|0 fnt
|faint|p1a: Alakazam
|
|win|qht