|inactive|Battle timer is ON: inactive players will automatically lose when time's up.
|J|Beds
|J|f a p k i n g g
|player|p1|Beds|252
|player|p2|f a p k i n g g|25
|gametype|singles
|gen|1
|tier|[Gen 1] OU
|rule|Sleep Clause Mod: Limit one foe put to sleep
|rule|Freeze Clause Mod: Limit one foe frozen
|rule|Species Clause: Limit one of each Pokémon
|rule|OHKO Clause: OHKO moves are banned
|rule|Evasion Moves Clause: Evasion moves are banned
|rule|HP Percentage Mod: HP is shown in percentages
|
|start
|switch|p1a: Alakazam|Alakazam|313\/313
|switch|p2a: Starmie|Starmie|323\/323
|turn|1
|J|Funkasaurus
|J|Vileman
|c|★f a p k i n g g|hf
|c|★Beds|hf
|
|switch|p1a: Chansey|Chansey|703\/703
|move|p2a: Starmie|Thunder Wave|p1a: Chansey
|-status|p1a: Chansey|par
|
|turn|2
|J|theurbandear
|J|Freestylerking
|
|switch|p2a: Chansey|Chansey|703\/703
|move|p1a: Chansey|Ice Beam|p2a: Chansey
|-damage|p2a: Chansey|631\/703
|
|turn|3
|c|%Funkasaurus|-scouting-
|c|%Funkasaurus|8^o
|
|switch|p2a: Snorlax|Snorlax|523\/523
|move|p1a: Chansey|Ice Beam|p2a: Snorlax
|-damage|p2a: Snorlax|425\/523
|
|turn|4
|J|Disaster Area
|c|★Beds|funkasaurus who is your fav yugioh gx character?
|J|michaeloche
|
|switch|p1a: Exeggutor|Exeggutor|393\/393
|move|p2a: Snorlax|Body Slam|p1a: Exeggutor
|-damage|p1a: Exeggutor|264\/393
|
|turn|5
|c|★f a p k i n g g|8^o
|
|switch|p2a: Starmie|Starmie|323\/323
|move|p1a: Exeggutor|Sleep Powder|p2a: Starmie
|-status|p2a: Starmie|slp
|
|turn|6
|J|CaPTiViTY
|
|cant|p2a: Starmie|slp
|move|p1a: Exeggutor|Psychic|p2a: Starmie
|-resisted|p2a: Starmie
|-damage|p2a: Starmie|261\/323 slp
|
|turn|7
|
|switch|p1a: Snorlax|Snorlax|523\/523
|-curestatus|p2a: Starmie|slp
|
|turn|8
|
|switch|p1a: Chansey|Chansey|703\/703 par
|move|p2a: Starmie|Blizzard|p1a: Chansey
|-crit|p1a: Chansey
|-damage|p1a: Chansey|538\/703 par
|
|turn|9
|
|move|p2a: Starmie|Psychic|p1a: Chansey
|-damage|p1a: Chansey|427\/703 par
|-unboost|p1a: Chansey|spd|1
|-unboost|p1a: Chansey|spa|1
|move|p1a: Chansey|Ice Beam|p2a: Starmie
|-resisted|p2a: Starmie
|-damage|p2a: Starmie|237\/323
|
|turn|10
|
|move|p2a: Starmie|Psychic|p1a: Chansey
|-crit|p1a: Chansey
|-damage|p1a: Chansey|238\/703 par
|-unboost|p1a: Chansey|spd|1
|-unboost|p1a: Chansey|spa|1
|move|p1a: Chansey|Soft-Boiled|p1a: Chansey
|-heal|p1a: Chansey|589\/703 par
|
|turn|11
|
|switch|p1a: Snorlax|Snorlax|523\/523
|move|p2a: Starmie|Blizzard|p1a: Snorlax
|-damage|p1a: Snorlax|402\/523
|
|turn|12
|J|Oglemi
|
|move|p2a: Starmie|Psychic|p1a: Snorlax
|-damage|p1a: Snorlax|257\/523
|move|p1a: Snorlax|Body Slam|p2a: Starmie
|-damage|p2a: Starmie|122\/323
|-status|p2a: Starmie|par
|
|turn|13
|L|Oglemi
|
|switch|p2a: Exeggutor|Exeggutor|393\/393
|move|p1a: Snorlax|Body Slam|p2a: Exeggutor
|-damage|p2a: Exeggutor|271\/393
|
|turn|14
|
|switch|p1a: Chansey|Chansey|589\/703 par
|move|p2a: Exeggutor|Psychic|p1a: Chansey
|-crit|p1a: Chansey
|-damage|p1a: Chansey|354\/703 par
|
|turn|15
|
|switch|p2a: Starmie|Starmie|122\/323 par
|move|p1a: Chansey|Ice Beam|p2a: Starmie
|-resisted|p2a: Starmie
|-damage|p2a: Starmie|87\/323 par
|
|turn|16
|
|move|p2a: Starmie|Recover|p2a: Starmie
|-heal|p2a: Starmie|248\/323 par
|move|p1a: Chansey|Thunderbolt|p2a: Starmie
|-supereffective|p2a: Starmie
|-damage|p2a: Starmie|101\/323 par
|
|turn|17
|
|switch|p2a: Snorlax|Snorlax|425\/523
|move|p1a: Chansey|Soft-Boiled|p1a: Chansey
|-heal|p1a: Chansey|703\/703 par
|
|turn|18
|L|Freestylerking
|
|switch|p1a: Exeggutor|Exeggutor|264\/393
|move|p2a: Snorlax|Body Slam|p1a: Exeggutor
|-damage|p1a: Exeggutor|148\/393
|-status|p1a: Exeggutor|par
|
|turn|19
|
|switch|p2a: Starmie|Starmie|101\/323 par
|switch|p1a: Zapdos|Zapdos|383\/383
|
|turn|20
|
|switch|p2a: Chansey|Chansey|631\/703
|move|p1a: Zapdos|Drill Peck|p2a: Chansey
|-damage|p2a: Chansey|400\/703
|
|turn|21
|
|switch|p1a: Chansey|Chansey|703\/703 par
|move|p2a: Chansey|Soft-Boiled|p2a: Chansey
|-heal|p2a: Chansey|703\/703
|
|turn|22
|c|★f a p k i n g g|I swear i was going to bring the same team
|c|★f a p k i n g g|h a h a
|
|switch|p2a: Exeggutor|Exeggutor|271\/393
|move|p1a: Chansey|Ice Beam|p2a: Exeggutor
|-supereffective|p2a: Exeggutor
|-damage|p2a: Exeggutor|129\/393
|-status|p2a: Exeggutor|frz
|
|turn|23
|c|★Beds|noice
|
|switch|p2a: Snorlax|Snorlax|425\/523
|cant|p1a: Chansey|par
|
|turn|24
|L|theurbandear
|
|move|p2a: Snorlax|Body Slam|p1a: Chansey
|-crit|p1a: Chansey
|-damage|p1a: Chansey|115\/703 par
|move|p1a: Chansey|Thunder Wave|p2a: Snorlax
|-status|p2a: Snorlax|par
|
|turn|25
|
|switch|p1a: Exeggutor|Exeggutor|148\/393 par
|move|p2a: Snorlax|Body Slam|p1a: Exeggutor
|-damage|p1a: Exeggutor|28\/393 par
|
|turn|26
|
|switch|p2a: Starmie|Starmie|101\/323 par
|move|p1a: Exeggutor|Hyper Beam|p2a: Starmie
|-damage|p2a: Starmie|0 fnt
|faint|p2a: Starmie
|c|★Beds|WAKE ME UP
|
|switch|p2a: Tauros|Tauros|353\/353
|turn|27
|
|switch|p1a: Chansey|Chansey|115\/703 par
|move|p2a: Tauros|Body Slam|p1a: Chansey
|-damage|p1a: Chansey|0 fnt
|faint|p1a: Chansey
|
|switch|p1a: Zapdos|Zapdos|383\/383
|turn|28
|
|switch|p2a: Chansey|Chansey|703\/703
|move|p1a: Zapdos|Thunder Wave|p2a: Chansey
|-status|p2a: Chansey|par
|
|turn|29
|
|switch|p1a: Snorlax|Snorlax|257\/523
|move|p2a: Chansey|Ice Beam|p1a: Snorlax
|-damage|p1a: Snorlax|152\/523
|
|turn|30
|
|switch|p2a: Exeggutor|Exeggutor|129\/393 frz
|move|p1a: Snorlax|Body Slam|p2a: Exeggutor
|-damage|p2a: Exeggutor|10\/393 frz
|
|turn|31
|J|Bomber
|
|switch|p2a: Snorlax|Snorlax|425\/523 par
|switch|p1a: Zapdos|Zapdos|383\/383
|
|turn|32
|
|move|p1a: Zapdos|Thunder|p2a: Snorlax
|-damage|p2a: Snorlax|213\/523 par
|cant|p2a: Snorlax|par
|
|turn|33
|J|Albeh
|c|★Beds|H I T
|L|Albeh
|c|★f a p k i n g g|luckE
|
|switch|p2a: Exeggutor|Exeggutor|10\/393 frz
|move|p1a: Zapdos|Thunder|p2a: Exeggutor
|-resisted|p2a: Exeggutor
|-damage|p2a: Exeggutor|0 fnt
|faint|p2a: Exeggutor
|
|switch|p2a: Chansey|Chansey|703\/703 par
|turn|34
|
|switch|p1a: Snorlax|Snorlax|152\/523
|move|p2a: Chansey|Ice Beam|p1a: Snorlax
|-damage|p1a: Snorlax|58\/523
|
|turn|35
|c|★f a p k i n g g|where's my freeze man
|c|★f a p k i n g g|my freeze
|
|switch|p2a: Snorlax|Snorlax|213\/523 par
|move|p1a: Snorlax|Body Slam|p2a: Snorlax
|-crit|p2a: Snorlax
|-damage|p2a: Snorlax|0 fnt
|faint|p2a: Snorlax
|
|switch|p2a: Tauros|Tauros|353\/353
|turn|36
|
|switch|p1a: Exeggutor|Exeggutor|28\/393 par
|move|p2a: Tauros|Body Slam|p1a: Exeggutor
|-damage|p1a: Exeggutor|0 fnt
|faint|p1a: Exeggutor
|c|★f a p k i n g g|I will let you guess my last
|
|switch|p1a: Zapdos|Zapdos|383\/383
|turn|37
|c|★Beds|not golem
|c|★Beds|either like alakazam
|c|★Beds|or something like
|c|★Beds|hmmm
|c|★f a p k i n g g|I won't say anything
|c|+Disaster Area|slowbro then it's a ggfan team yn
|c|★Beds|persian? you feeling funky because you are up 2 games, i know that
|
|switch|p2a: Chansey|Chansey|703\/703 par
|move|p1a: Zapdos|Drill Peck|p2a: Chansey
|-damage|p2a: Chansey|466\/703 par
|
|turn|38
|c|+Disaster Area|pls moltres tho...
|
|switch|p1a: Tauros|Tauros|353\/353
|cant|p2a: Chansey|par
|
|turn|39
|c|★f a p k i n g g|sigh
|L|CaPTiViTY
|
|switch|p2a: Moltres|Moltres|383\/383
|move|p1a: Tauros|Hyper Beam|p2a: Moltres
|-damage|p2a: Moltres|207\/383
|
|turn|40
|-mustrecharge|p1a: Tauros
|c|+Disaster Area|YES
|c|+Disaster Area|<3
|c|+michaeloche|lel
|c|+Disaster Area|best mon
|c|★Beds|https:\/\/www.youtube.com\/watch?v=QiqReAXYMD4
|J|breh
|c|★Beds|soundtrack of this game
|-mustrecharge|p1a: Tauros
|
|cant|p1a: Tauros|recharge
|move|p2a: Moltres|Fire Blast|p1a: Tauros
|-damage|p1a: Tauros|136\/353
|-status|p1a: Tauros|brn
|
|turn|41
|J|Tricking
|c|★Beds|WHAT
|c|★f a p k i n g g|LOL
|c|+breh|that's rare
|
|move|p1a: Tauros|Blizzard|p2a: Moltres
|-crit|p2a: Moltres
|-supereffective|p2a: Moltres
|-damage|p2a: Moltres|0 fnt
|faint|p2a: Moltres
|c|★f a p k i n g g|kek.
|
|switch|p2a: Tauros|Tauros|353\/353
|turn|42
|
|move|p1a: Tauros|Blizzard|p2a: Tauros
|-damage|p2a: Tauros|263\/353
|-damage|p1a: Tauros|114\/353 brn|[from] brn|[of] p2a: Tauros
|move|p2a: Tauros|Body Slam|p1a: Tauros
|-damage|p1a: Tauros|8\/353 brn
|
|turn|43
|
|move|p1a: Tauros|Blizzard|p2a: Tauros
|-damage|p2a: Tauros|169\/353
|-damage|p1a: Tauros|0 fnt|[from] brn|[of] p2a: Tauros
|faint|p1a: Tauros
|
|switch|p1a: Zapdos|Zapdos|383\/383
|turn|44
|
|move|p2a: Tauros|Blizzard|p1a: Zapdos
|-supereffective|p1a: Zapdos
|-damage|p1a: Zapdos|253\/383
|move|p1a: Zapdos|Thunderbolt|p2a: Tauros
|-damage|p2a: Tauros|17\/353
|
|turn|45
|
|move|p2a: Tauros|Blizzard|p1a: Zapdos
|-supereffective|p1a: Zapdos
|-damage|p1a: Zapdos|129\/383
|move|p1a: Zapdos|Thunderbolt|p2a: Tauros
|-damage|p2a: Tauros|0 fnt
|faint|p2a: Tauros
|
|switch|p2a: Chansey|Chansey|466\/703 par
|turn|46
|
|move|p1a: Zapdos|Drill Peck|p2a: Chansey
|-damage|p2a: Chansey|212\/703 par
|move|p2a: Chansey|Soft-Boiled|p2a: Chansey
|-heal|p2a: Chansey|563\/703 par
|
|turn|47
|
|move|p1a: Zapdos|Drill Peck|p2a: Chansey
|-damage|p2a: Chansey|314\/703 par
|move|p2a: Chansey|Ice Beam|p1a: Zapdos
|-supereffective|p1a: Zapdos
|-damage|p1a: Zapdos|0 fnt
|faint|p1a: Zapdos
|
|switch|p1a: Snorlax|Snorlax|58\/523
|turn|48
|
|move|p1a: Snorlax|Self-Destruct|p2a: Chansey
|-damage|p2a: Chansey|0 fnt
|faint|p2a: Chansey
|faint|p1a: Snorlax
|
|win|Beds