|J|Nails
|J|Dice
|player|p1|Nails|282
|player|p2|Dice|266
|gametype|singles
|gen|1
|tier|[Gen 1] OU
|seed|52598,48147,15024,35678
|rule|Sleep Clause Mod: Limit one foe put to sleep
|rule|Freeze Clause Mod: Limit one foe frozen
|rule|Species Clause: Limit one of each Pokémon
|rule|OHKO Clause: OHKO moves are banned
|rule|Evasion Moves Clause: Evasion moves are banned
|rule|HP Percentage Mod: HP is shown in percentages
|
|start
|switch|p1a: Alakazam|Alakazam|313\/313
|switch|p2a: Jynx|Jynx|333\/333
|turn|1
|choice|move 4|move 4
|
|move|p1a: Alakazam|Thunder Wave|p2a: Jynx
|-status|p2a: Jynx|par
|move|p2a: Jynx|Lovely Kiss|p1a: Alakazam
|-status|p1a: Alakazam|slp
|
|turn|2
|choice|move 3|move 1
|
|-curestatus|p1a: Alakazam|slp
|cant|p2a: Jynx|par
|
|turn|3
|choice|move 3|move 4
|
|move|p1a: Alakazam|Seismic Toss|p2a: Jynx
|-damage|p2a: Jynx|233\/333 par
|cant|p2a: Jynx|par
|
|turn|4
|choice|move 3|move 4
|
|move|p1a: Alakazam|Seismic Toss|p2a: Jynx
|-damage|p2a: Jynx|133\/333 par
|move|p2a: Jynx|Lovely Kiss|p1a: Alakazam
|-status|p1a: Alakazam|slp
|
|turn|5
|choice|move 3|move 1
|
|cant|p1a: Alakazam|slp
|move|p2a: Jynx|Blizzard|p1a: Alakazam
|-damage|p1a: Alakazam|208\/313 slp
|
|turn|6
|choice|switch 2|move 1
|
|switch|p1a: Starmie|Starmie|323\/323
|move|p2a: Jynx|Blizzard|p1a: Starmie
|-resisted|p1a: Starmie
|-damage|p1a: Starmie|252\/323
|-status|p1a: Starmie|frz
|
|turn|7
|choice|switch 3|move 2
|
|switch|p1a: Snorlax|Snorlax|523\/523
|move|p2a: Jynx|Psychic|p1a: Snorlax
|-damage|p1a: Snorlax|397\/523
|
|turn|8
|choice|move 1|switch 5
|
|switch|p2a: Snorlax|Snorlax|523\/523
|move|p1a: Snorlax|Body Slam|p2a: Snorlax
|-damage|p2a: Snorlax|379\/523
|
|turn|9
|choice|move 3|move 4
|
|move|p2a: Snorlax|Reflect|p2a: Snorlax
|-start|p2a: Snorlax|Reflect
|move|p1a: Snorlax|Reflect|p1a: Snorlax
|-start|p1a: Snorlax|Reflect
|
|turn|10
|choice|move 1|move 2
|
|move|p1a: Snorlax|Body Slam|p2a: Snorlax
|-damage|p2a: Snorlax|314\/523
|move|p2a: Snorlax|Body Slam|p1a: Snorlax
|-damage|p1a: Snorlax|323\/523
|
|turn|11
|choice|move 1|move 2
|
|move|p1a: Snorlax|Body Slam|p2a: Snorlax
|-damage|p2a: Snorlax|239\/523
|move|p2a: Snorlax|Body Slam|p1a: Snorlax
|-damage|p1a: Snorlax|251\/523
|
|turn|12
|choice|move 1|move 1
|
|move|p1a: Snorlax|Body Slam|p2a: Snorlax
|-damage|p2a: Snorlax|170\/523
|move|p2a: Snorlax|Rest|p2a: Snorlax
|-status|p2a: Snorlax|slp
|-heal|p2a: Snorlax|523\/523 slp|[silent]
|-status|p2a: Snorlax|slp|[from] move: Rest
|
|turn|13
|choice|move 1|move 2
|
|move|p1a: Snorlax|Body Slam|p2a: Snorlax
|-damage|p2a: Snorlax|449\/523 slp
|cant|p2a: Snorlax|slp
|
|turn|14
|choice|move 4|move 2
|
|move|p1a: Snorlax|Rest|p1a: Snorlax
|-status|p1a: Snorlax|slp
|-heal|p1a: Snorlax|523\/523 slp|[silent]
|-status|p1a: Snorlax|slp|[from] move: Rest
|-curestatus|p2a: Snorlax|slp
|
|turn|15
|choice|move 1|move 2
|
|move|p2a: Snorlax|Body Slam|p1a: Snorlax
|-damage|p1a: Snorlax|452\/523 slp
|cant|p1a: Snorlax|slp
|
|turn|16
|choice|move 1|move 2
|
|-curestatus|p1a: Snorlax|slp
|move|p2a: Snorlax|Body Slam|p1a: Snorlax
|-crit|p1a: Snorlax
|-damage|p1a: Snorlax|177\/523
|
|turn|17
|choice|move 1|move 2
|
|move|p2a: Snorlax|Body Slam|p1a: Snorlax
|-damage|p1a: Snorlax|107\/523
|move|p1a: Snorlax|Body Slam|p2a: Snorlax
|-damage|p2a: Snorlax|374\/523
|
|turn|18
|choice|move 4|move 2
|
|move|p1a: Snorlax|Rest|p1a: Snorlax
|-status|p1a: Snorlax|slp
|-heal|p1a: Snorlax|523\/523 slp|[silent]
|-status|p1a: Snorlax|slp|[from] move: Rest
|move|p2a: Snorlax|Body Slam|p1a: Snorlax
|-crit|p1a: Snorlax
|-damage|p1a: Snorlax|235\/523 slp
|
|turn|19
|choice|move 1|switch 4
|
|switch|p2a: Exeggutor|Exeggutor|393\/393
|cant|p1a: Snorlax|slp
|
|turn|20
|choice|switch 2|move 1
|
|switch|p1a: Alakazam|Alakazam|208\/313 slp
|move|p2a: Exeggutor|Psychic|p1a: Alakazam
|-resisted|p1a: Alakazam
|-damage|p1a: Alakazam|156\/313 slp
|
|turn|21
|choice|move 4|move 1
|
|cant|p1a: Alakazam|slp
|move|p2a: Exeggutor|Psychic|p1a: Alakazam
|-resisted|p1a: Alakazam
|-damage|p1a: Alakazam|106\/313 slp
|
|turn|22
|choice|move 4|move 1
|
|-curestatus|p1a: Alakazam|slp
|move|p2a: Exeggutor|Psychic|p1a: Alakazam
|-resisted|p1a: Alakazam
|-damage|p1a: Alakazam|53\/313
|-unboost|p1a: Alakazam|spd|1
|-unboost|p1a: Alakazam|spa|1
|
|turn|23
|choice|move 4|move 4
|
|move|p1a: Alakazam|Thunder Wave|p2a: Exeggutor
|-status|p2a: Exeggutor|par
|cant|p2a: Exeggutor|par
|
|turn|24
|choice|move 2|move 4
|
|move|p1a: Alakazam|Recover|p1a: Alakazam
|-heal|p1a: Alakazam|209\/313
|move|p2a: Exeggutor|Sleep Powder|p1a: Alakazam
|-status|p1a: Alakazam|slp
|
|turn|25
|choice|switch 3|move 1
|
|switch|p1a: Starmie|Starmie|252\/323 frz
|move|p2a: Exeggutor|Psychic|p1a: Starmie
|-resisted|p1a: Starmie
|-damage|p1a: Starmie|186\/323 frz
|-unboost|p1a: Starmie|spd|1
|-unboost|p1a: Starmie|spa|1
|
|turn|26
|choice|move 4|move 1
|
|cant|p1a: Starmie|frz
|move|p2a: Exeggutor|Psychic|p1a: Starmie
|-resisted|p1a: Starmie
|-damage|p1a: Starmie|84\/323 frz
|-unboost|p1a: Starmie|spd|1
|-unboost|p1a: Starmie|spa|1
|
|turn|27
|choice|move 4|move 1
|
|cant|p1a: Starmie|frz
|move|p2a: Exeggutor|Psychic|p1a: Starmie
|-resisted|p1a: Starmie
|-damage|p1a: Starmie|0 fnt
|faint|p1a: Starmie
|choice|switch 5|
|
|switch|p1a: Dragonite|Dragonite|385\/385
|turn|28
|choice|move 3|move 3
|
|move|p1a: Dragonite|Wrap|p2a: Exeggutor
|-damage|p2a: Exeggutor|377\/393 par
|-activate|p2a: Exeggutor|move: Wrap|[of] p1a: Dragonite
|cant|p2a: Exeggutor|partiallytrapped
|
|turn|29
|choice|move 3|move 3
|
|move|p1a: Dragonite|Wrap|p2a: Exeggutor|[from]Wrap
|-damage|p2a: Exeggutor|361\/393 par
|cant|p2a: Exeggutor|partiallytrapped
|
|turn|30
|choice|move 3|move 3
|
|move|p1a: Dragonite|Wrap|p2a: Exeggutor|[from]Wrap
|-damage|p2a: Exeggutor|345\/393 par
|cant|p2a: Exeggutor|partiallytrapped
|
|-end|p2a: Exeggutor|Wrap|[partiallytrapped]
|turn|31
|choice|move 3|move 3
|
|move|p1a: Dragonite|Wrap|p2a: Exeggutor
|-crit|p2a: Exeggutor
|-damage|p2a: Exeggutor|311\/393 par
|-activate|p2a: Exeggutor|move: Wrap|[of] p1a: Dragonite
|cant|p2a: Exeggutor|partiallytrapped
|
|turn|32
|choice|move 3|move 3
|
|move|p1a: Dragonite|Wrap|p2a: Exeggutor|[from]Wrap
|-damage|p2a: Exeggutor|277\/393 par
|cant|p2a: Exeggutor|partiallytrapped
|
|-end|p2a: Exeggutor|Wrap|[partiallytrapped]
|turn|33
|choice|move 3|move 3
|
|move|p1a: Dragonite|Wrap|p2a: Exeggutor|[miss]
|-miss|p1a: Dragonite
|move|p2a: Exeggutor|Explosion|p1a: Dragonite
|-crit|p1a: Dragonite
|-damage|p1a: Dragonite|0 fnt
|faint|p1a: Dragonite
|faint|p2a: Exeggutor
|choice|switch 6|switch 3
|
|switch|p2a: Tauros|Tauros|353\/353
|switch|p1a: Rhydon|Rhydon|413\/413
|turn|34
|choice|move 1|move 2
|
|move|p2a: Tauros|Blizzard|p1a: Rhydon
|-supereffective|p1a: Rhydon
|-damage|p1a: Rhydon|172\/413
|-status|p1a: Rhydon|frz
|cant|p1a: Rhydon|frz
|
|turn|35
|choice|switch 3|move 3
|
|switch|p1a: Alakazam|Alakazam|209\/313 slp
|move|p2a: Tauros|Earthquake|p1a: Alakazam
|-damage|p1a: Alakazam|87\/313 slp
|
|turn|36
|choice|move 4|move 3
|
|cant|p1a: Alakazam|slp
|move|p2a: Tauros|Earthquake|p1a: Alakazam
|-damage|p1a: Alakazam|0 fnt
|faint|p1a: Alakazam
|choice|switch 4|
|
|switch|p1a: Tauros|Tauros|353\/353
|turn|37
|choice|move 3|move 1
|
|move|p1a: Tauros|Blizzard|p2a: Tauros
|-crit|p2a: Tauros
|-damage|p2a: Tauros|167\/353
|move|p2a: Tauros|Body Slam|p1a: Tauros
|-damage|p1a: Tauros|247\/353
|
|turn|38
|choice|move 2|switch 6
|
|switch|p2a: Chansey|Chansey|703\/703
|move|p1a: Tauros|Hyper Beam|p2a: Chansey
|-crit|p2a: Chansey
|-damage|p2a: Chansey|0 fnt
|faint|p2a: Chansey
|choice||switch 4
|
|switch|p2a: Snorlax|Snorlax|374\/523
|turn|39
|choice|move 3|move 2
|
|move|p1a: Tauros|Blizzard|p2a: Snorlax|[miss]
|-miss|p1a: Tauros
|move|p2a: Snorlax|Body Slam|p1a: Tauros
|-damage|p1a: Tauros|137\/353
|
|turn|40
|choice|move 3|move 2
|
|move|p1a: Tauros|Blizzard|p2a: Snorlax
|-damage|p2a: Snorlax|277\/523
|move|p2a: Snorlax|Body Slam|p1a: Tauros
|-damage|p1a: Tauros|18\/353
|
|turn|41
|choice|move 2|move 3
|
|move|p1a: Tauros|Hyper Beam|p2a: Snorlax
|-damage|p2a: Snorlax|60\/523
|move|p2a: Snorlax|Earthquake|p1a: Tauros
|-damage|p1a: Tauros|0 fnt
|faint|p1a: Tauros
|choice|switch 2|
|
|switch|p1a: Snorlax|Snorlax|235\/523 slp
|turn|42
|choice|move 1|move 2
|
|move|p2a: Snorlax|Body Slam|p1a: Snorlax
|-damage|p1a: Snorlax|92\/523 slp
|-curestatus|p1a: Snorlax|slp
|
|turn|43
|choice|move 3|move 2
|
|move|p2a: Snorlax|Body Slam|p1a: Snorlax
|-damage|p1a: Snorlax|0 fnt
|faint|p1a: Snorlax
|choice|switch 3|
|
|switch|p1a: Rhydon|Rhydon|172\/413 frz
|turn|44
|choice|move 1|move 3
|
|cant|p1a: Rhydon|frz
|move|p2a: Snorlax|Earthquake|p1a: Rhydon
|-supereffective|p1a: Rhydon
|-damage|p1a: Rhydon|23\/413 frz
|
|turn|45
|choice|move 1|move 2
|
|cant|p1a: Rhydon|frz
|move|p2a: Snorlax|Body Slam|p1a: Rhydon
|-resisted|p1a: Rhydon
|-damage|p1a: Rhydon|0 fnt
|faint|p1a: Rhydon
|
|win|Dice