|inactive|Battle timer is ON: inactive players will automatically lose when time's up.
|J|Finchinator
|J|Disenchanted
|player|p1|Finchinator|1
|player|p2|Disenchanted|170
|gametype|singles
|gen|1
|tier|[Gen 1] OU
|seed|1537,999,55529,60208
|rule|Sleep Clause Mod: Limit one foe put to sleep
|rule|Freeze Clause Mod: Limit one foe frozen
|rule|Species Clause: Limit one of each Pokémon
|rule|OHKO Clause: OHKO moves are banned
|rule|Evasion Moves Clause: Evasion moves are banned
|rule|HP Percentage Mod: HP is shown in percentages
|
|start
|switch|p1a: IsGar|Gengar|323\/323
|switch|p2a: Alakazam|Alakazam|313\/313
|turn|1
|J|teal6
|J|Demerging
|J|Rei
|J|celebitrainer36
|J|Omastar42
|choice|move 4|move 1
|
|move|p2a: Alakazam|Psychic|p1a: IsGar
|-supereffective|p1a: IsGar
|-damage|p1a: IsGar|114\/323
|-unboost|p1a: IsGar|spd|1
|-unboost|p1a: IsGar|spa|1
|move|p1a: IsGar|Hypnosis|p2a: Alakazam|[miss]
|-miss|p1a: IsGar
|
|turn|2
|J|Clueless
|J|Dad's Dad
|choice|switch 2|move 1
|
|switch|p1a: Exeggutor|Exeggutor|393\/393
|move|p2a: Alakazam|Psychic|p1a: Exeggutor
|-resisted|p1a: Exeggutor
|-damage|p1a: Exeggutor|336\/393
|-unboost|p1a: Exeggutor|spd|1
|-unboost|p1a: Exeggutor|spa|1
|
|turn|3
|choice|move 1|move 1
|
|move|p2a: Alakazam|Psychic|p1a: Exeggutor
|-resisted|p1a: Exeggutor
|-damage|p1a: Exeggutor|254\/393
|move|p1a: Exeggutor|Sleep Powder|p2a: Alakazam|[miss]
|-miss|p1a: Exeggutor
|
|turn|4
|J|hodor
|choice|move 1|move 4
|
|move|p2a: Alakazam|Seismic Toss|p1a: Exeggutor
|-damage|p1a: Exeggutor|154\/393
|move|p1a: Exeggutor|Sleep Powder|p2a: Alakazam
|-status|p2a: Alakazam|slp
|
|turn|5
|c|★Finchinator|br rule
|choice|switch 2|move 1
|
|switch|p1a: IsGar|Gengar|114\/323
|cant|p2a: Alakazam|slp
|
|turn|6
|c|★Finchinator|ajajaja
|c|★Disenchanted|hueheueheuhe
|choice|move 2|move 1
|
|cant|p2a: Alakazam|slp
|move|p1a: IsGar|Seismic Toss|p2a: Alakazam
|-damage|p2a: Alakazam|213\/313 slp
|
|turn|7
|J|CasedVictory
|L|CasedVictory
|choice|switch 5|move 1
|
|switch|p1a: Tauros|Tauros|353\/353
|-curestatus|p2a: Alakazam|slp
|
|turn|8
|L|Rei
|choice|switch 6|move 3
|
|switch|p1a: Chansey|Chansey|703\/703
|move|p2a: Alakazam|Thunder Wave|p1a: Chansey
|-status|p1a: Chansey|par
|
|turn|9
|choice|move 1|move 1
|
|move|p2a: Alakazam|Psychic|p1a: Chansey
|-damage|p1a: Chansey|565\/703 par
|move|p1a: Chansey|Ice Beam|p2a: Alakazam
|-damage|p2a: Alakazam|147\/313
|
|turn|10
|choice|move 1|move 2
|
|move|p2a: Alakazam|Recover|p2a: Alakazam
|-heal|p2a: Alakazam|303\/313
|move|p1a: Chansey|Ice Beam|p2a: Alakazam
|-damage|p2a: Alakazam|240\/313
|
|turn|11
|choice|move 1|move 1
|
|move|p2a: Alakazam|Psychic|p1a: Chansey
|-damage|p1a: Chansey|440\/703 par
|move|p1a: Chansey|Ice Beam|p2a: Alakazam
|-crit|p2a: Alakazam
|-damage|p2a: Alakazam|108\/313
|
|turn|12
|c|★Disenchanted|where are my drops.
|L|celebitrainer36
|choice|switch 2|move 2
|
|switch|p1a: Exeggutor|Exeggutor|154\/393
|move|p2a: Alakazam|Recover|p2a: Alakazam
|-heal|p2a: Alakazam|264\/313
|
|turn|13
|c|★Finchinator|go sleep fuck u
|choice|move 1|move 4
|
|move|p2a: Alakazam|Seismic Toss|p1a: Exeggutor
|-damage|p1a: Exeggutor|54\/393
|move|p1a: Exeggutor|Sleep Powder|p2a: Alakazam
|-status|p2a: Alakazam|slp
|
|turn|14
|choice|switch 6|move 1
|
|switch|p1a: Tauros|Tauros|353\/353
|cant|p2a: Alakazam|slp
|
|turn|15
|J|quagback2qc
|choice|switch 6|switch 3
|
|switch|p2a: Starmie|Starmie|323\/323
|switch|p1a: Exeggutor|Exeggutor|54\/393
|
|turn|16
|choice|switch 2|move 3
|
|switch|p1a: Chansey|Chansey|440\/703 par
|move|p2a: Starmie|Blizzard|p1a: Chansey
|-crit|p1a: Chansey
|-damage|p1a: Chansey|261\/703 par
|
|turn|17
|c|★Disenchanted|para.
|c|★Finchinator|i will
|choice|move 4|switch 6
|
|switch|p2a: Snorlax|Snorlax|523\/523
|move|p1a: Chansey|Soft-Boiled|p1a: Chansey
|-heal|p1a: Chansey|612\/703 par
|
|turn|18
|c|★Finchinator|goto brazil
|c|★Finchinator|and kill u
|choice|move 3|move 3
|
|move|p2a: Snorlax|Earthquake|p1a: Chansey
|-damage|p1a: Chansey|396\/703 par
|cant|p1a: Chansey|par
|
|turn|19
|c|★Disenchanted|cool.
|choice|move 4|move 3
|
|move|p2a: Snorlax|Earthquake|p1a: Chansey
|-damage|p1a: Chansey|165\/703 par
|move|p1a: Chansey|Soft-Boiled|p1a: Chansey
|-heal|p1a: Chansey|516\/703 par
|
|turn|20
|c|★Disenchanted|wheres my para
|choice|move 4|move 3
|
|move|p2a: Snorlax|Earthquake|p1a: Chansey
|-damage|p1a: Chansey|281\/703 par
|cant|p1a: Chansey|par
|
|turn|21
|c|★Disenchanted|there it is
|choice|switch 3|move 1
|
|switch|p1a: Snorlax|Snorlax|523\/523
|move|p2a: Snorlax|Body Slam|p1a: Snorlax
|-crit|p1a: Snorlax
|-damage|p1a: Snorlax|259\/523
|
|turn|22
|c|★Disenchanted|cool.
|choice|move 2|move 3
|
|move|p2a: Snorlax|Earthquake|p1a: Snorlax
|-damage|p1a: Snorlax|151\/523
|move|p1a: Snorlax|Counter|p2a: Snorlax
|-fail|p1a: Snorlax
|
|turn|23
|c|★Finchinator|fuck ur luck
|c|★Finchinator|fuck ur scouting
|c|★Finchinator|-
|c|★Disenchanted|luck + good player
|c|★Disenchanted|yn
|c|★Finchinator|n
|c|★Finchinator|ur avg.
|c|★Disenchanted|:c
|c|★Disenchanted|whats
|c|★Disenchanted|avg
|c|★Finchinator|average
|c|★Finchinator|o_o
|c|★Finchinator|;]
|c|★Disenchanted|o_o
|choice|move 1|move 3
|
|move|p2a: Snorlax|Earthquake|p1a: Snorlax
|-damage|p1a: Snorlax|51\/523
|move|p1a: Snorlax|Body Slam|p2a: Snorlax
|-damage|p2a: Snorlax|389\/523
|
|turn|24
|c|★Finchinator|boom first 
|choice|move 4|move 3
|
|move|p2a: Snorlax|Earthquake|p1a: Snorlax
|-damage|p1a: Snorlax|0 fnt
|faint|p1a: Snorlax
|c|★Finchinator|or i give up
|c|★Finchinator|ok fck this
|-message|Finchinator forfeited.
|
|win|Disenchanted