|J|Bomber
|J|Beds
|player|p1|Bomber|167
|player|p2|Beds|252
|gametype|singles
|gen|1
|tier|[Gen 1] OU
|seed|
|rule|Sleep Clause Mod: Limit one foe put to sleep
|rule|Freeze Clause Mod: Limit one foe frozen
|rule|Species Clause: Limit one of each Pokémon
|rule|OHKO Clause: OHKO moves are banned
|rule|Evasion Moves Clause: Evasion moves are banned
|rule|HP Percentage Mod: HP is shown in percentages
|
|start
|switch|p1a: Alakazam|Alakazam, M|100\/100
|switch|p2a: Jynx|Jynx|100\/100
|turn|1
|J|KingMostDefinit
|J|White Lion18
|J|Erz
|c|★Beds|gl hf
|J|Realistic Waters
|J|Sken
|choice||
|
|move|p1a: Alakazam|Thunder Wave|p2a: Jynx
|-status|p2a: Jynx|par
|move|p2a: Jynx|Lovely Kiss|p1a: Alakazam
|-status|p1a: Alakazam|slp
|
|turn|2
|L|KingMostDefinit
|c|★Bomber|same
|L|Erz
|J|KingMostDefinit
|L|White Lion18
|J|Praj.pran
|J|august
|choice||
|
|cant|p1a: Alakazam|slp
|cant|p2a: Jynx|par
|
|turn|3
|L|KingMostDefinit
|choice||
|
|cant|p1a: Alakazam|slp
|move|p2a: Jynx|Blizzard|p1a: Alakazam|[miss]
|-miss|p2a: Jynx
|
|turn|4
|choice||
|
|cant|p1a: Alakazam|slp
|move|p2a: Jynx|Blizzard|p1a: Alakazam
|-damage|p1a: Alakazam|68\/100 slp
|
|turn|5
|choice||
|
|cant|p1a: Alakazam|slp
|cant|p2a: Jynx|par
|
|turn|6
|J|hyogafodex
|J|greninjawarrior21
|choice||
|
|-curestatus|p1a: Alakazam|slp
|cant|p2a: Jynx|par
|
|turn|7
|L|hyogafodex
|choice||
|
|move|p1a: Alakazam|Seismic Toss|p2a: Jynx
|-damage|p2a: Jynx|70\/100 par
|move|p2a: Jynx|Lovely Kiss|p1a: Alakazam
|-status|p1a: Alakazam|slp
|
|turn|8
|c|+greninjawarrior21|damn
|choice||
|
|switch|p1a: Starmie|Starmie|100\/100
|move|p2a: Jynx|Blizzard|p1a: Starmie
|-resisted|p1a: Starmie
|-damage|p1a: Starmie|81\/100
|
|turn|9
|choice||
|
|move|p1a: Starmie|Thunderbolt|p2a: Jynx
|-damage|p2a: Jynx|49\/100 par
|move|p2a: Jynx|Blizzard|p1a: Starmie
|-resisted|p1a: Starmie
|-damage|p1a: Starmie|58\/100
|
|turn|10
|choice||
|
|switch|p2a: Chansey|Chansey|100\/100
|move|p1a: Starmie|Recover|p1a: Starmie
|-heal|p1a: Starmie|100\/100
|
|turn|11
|choice||
|
|switch|p1a: Chansey|Chansey|100\/100
|move|p2a: Chansey|Ice Beam|p1a: Chansey
|-crit|p1a: Chansey
|-damage|p1a: Chansey|81\/100
|
|turn|12
|choice||
|
|move|p1a: Chansey|Thunder Wave|p2a: Chansey
|-status|p2a: Chansey|par
|cant|p2a: Chansey|par
|
|turn|13
|choice||
|
|switch|p1a: Snorlax|Snorlax|100\/100
|move|p2a: Chansey|Ice Beam|p1a: Snorlax
|-damage|p1a: Snorlax|83\/100
|
|turn|14
|choice||
|
|switch|p2a: Exeggutor|Exeggutor|100\/100
|move|p1a: Snorlax|Amnesia|p1a: Snorlax
|-boost|p1a: Snorlax|spd|2
|-boost|p1a: Snorlax|spa|2
|
|turn|15
|choice||
|
|move|p2a: Exeggutor|Stun Spore|p1a: Snorlax
|-status|p1a: Snorlax|par
|cant|p1a: Snorlax|par
|
|turn|16
|choice||
|
|move|p2a: Exeggutor|Psychic|p1a: Snorlax
|-damage|p1a: Snorlax|66\/100 par
|-unboost|p1a: Snorlax|spd|1
|-unboost|p1a: Snorlax|spa|1
|move|p1a: Snorlax|Blizzard|p2a: Exeggutor
|-supereffective|p2a: Exeggutor
|-damage|p2a: Exeggutor|56\/100
|
|turn|17
|choice||
|
|move|p2a: Exeggutor|Psychic|p1a: Snorlax
|-crit|p1a: Snorlax
|-damage|p1a: Snorlax|4\/100 par
|move|p1a: Snorlax|Blizzard|p2a: Exeggutor
|-crit|p2a: Exeggutor
|-supereffective|p2a: Exeggutor
|-damage|p2a: Exeggutor|0 fnt
|faint|p2a: Exeggutor
|J|Disenchanted
|choice||
|
|switch|p2a: Snorlax|Snorlax|100\/100
|turn|18
|choice||
|
|move|p2a: Snorlax|Body Slam|p1a: Snorlax
|-damage|p1a: Snorlax|0 fnt
|faint|p1a: Snorlax
|choice||
|
|switch|p1a: Exeggutor|Exeggutor, M|100\/100
|turn|19
|choice||
|
|switch|p2a: Chansey|Chansey|100\/100 par
|move|p1a: Exeggutor|Sleep Powder|p2a: Chansey
|-fail|p2a: Chansey
|
|turn|20
|choice||
|
|move|p1a: Exeggutor|Explosion|p2a: Chansey
|-damage|p2a: Chansey|0 fnt
|faint|p2a: Chansey
|faint|p1a: Exeggutor
|choice||
|
|switch|p1a: Tauros|Tauros|100\/100
|switch|p2a: Tauros|Tauros|100\/100
|turn|21
|choice||
|
|move|p1a: Tauros|Body Slam|p2a: Tauros
|-damage|p2a: Tauros|73\/100
|move|p2a: Tauros|Body Slam|p1a: Tauros
|-damage|p1a: Tauros|69\/100
|
|turn|22
|choice||
|
|move|p1a: Tauros|Body Slam|p2a: Tauros
|-crit|p2a: Tauros
|-damage|p2a: Tauros|14\/100
|move|p2a: Tauros|Body Slam|p1a: Tauros
|-damage|p1a: Tauros|38\/100
|
|turn|23
|choice||
|
|switch|p1a: Starmie|Starmie|100\/100
|move|p2a: Tauros|Hyper Beam|p1a: Starmie
|-damage|p1a: Starmie|43\/100
|
|turn|24
|-mustrecharge|p2a: Tauros
|-mustrecharge|p2a: Tauros
|choice||
|
|move|p1a: Starmie|Thunderbolt|p2a: Tauros
|-damage|p2a: Tauros|0 fnt
|faint|p2a: Tauros
|choice||
|
|switch|p2a: Snorlax|Snorlax|100\/100
|turn|25
|choice||
|
|move|p1a: Starmie|Thunder Wave|p2a: Snorlax
|-status|p2a: Snorlax|par
|move|p2a: Snorlax|Body Slam|p1a: Starmie
|-damage|p1a: Starmie|4\/100
|
|turn|26
|choice||
|
|move|p1a: Starmie|Recover|p1a: Starmie
|-heal|p1a: Starmie|54\/100
|cant|p2a: Snorlax|par
|
|turn|27
|J|New Attitude
|choice||
|
|switch|p1a: Chansey|Chansey|81\/100
|move|p2a: Snorlax|Amnesia|p2a: Snorlax
|-boost|p2a: Snorlax|spd|2
|-boost|p2a: Snorlax|spa|2
|
|turn|28
|choice||
|
|move|p1a: Chansey|Seismic Toss|p2a: Snorlax
|-damage|p2a: Snorlax|81\/100 par
|cant|p2a: Snorlax|par
|
|turn|29
|J|BahaWin
|choice||
|
|move|p1a: Chansey|Seismic Toss|p2a: Snorlax
|-damage|p2a: Snorlax|62\/100 par
|move|p2a: Snorlax|Amnesia|p2a: Snorlax
|-boost|p2a: Snorlax|spd|2
|-boost|p2a: Snorlax|spa|2
|
|turn|30
|choice||
|
|move|p1a: Chansey|Seismic Toss|p2a: Snorlax
|-damage|p2a: Snorlax|43\/100 par
|move|p2a: Snorlax|Amnesia|p2a: Snorlax
|-boost|p2a: Snorlax|spd|2
|-boost|p2a: Snorlax|spa|2
|
|turn|31
|choice||
|
|move|p1a: Chansey|Seismic Toss|p2a: Snorlax
|-damage|p2a: Snorlax|24\/100 par
|cant|p2a: Snorlax|par
|
|turn|32
|choice||
|
|move|p1a: Chansey|Seismic Toss|p2a: Snorlax
|-damage|p2a: Snorlax|5\/100 par
|cant|p2a: Snorlax|par
|
|turn|33
|J|blunderr
|L|BahaWin
|choice||
|
|move|p1a: Chansey|Seismic Toss|p2a: Snorlax
|-damage|p2a: Snorlax|0 fnt
|faint|p2a: Snorlax
|choice||
|
|switch|p2a: Slowbro|Slowbro|100\/100
|turn|34
|choice||
|
|move|p1a: Chansey|Thunder Wave|p2a: Slowbro
|-status|p2a: Slowbro|par
|move|p2a: Slowbro|Thunder Wave|p1a: Chansey
|-status|p1a: Chansey|par
|
|turn|35
|choice||
|
|switch|p1a: Starmie|Starmie|54\/100
|move|p2a: Slowbro|Amnesia|p2a: Slowbro
|-boost|p2a: Slowbro|spd|2
|-boost|p2a: Slowbro|spa|2
|
|turn|36
|choice||
|
|move|p1a: Starmie|Thunderbolt|p2a: Slowbro
|-supereffective|p2a: Slowbro
|-damage|p2a: Slowbro|79\/100 par
|move|p2a: Slowbro|Thunder Wave|p1a: Starmie
|-status|p1a: Starmie|par
|
|turn|37
|choice||
|
|move|p1a: Starmie|Thunderbolt|p2a: Slowbro
|-supereffective|p2a: Slowbro
|-damage|p2a: Slowbro|56\/100 par
|cant|p2a: Slowbro|par
|
|turn|38
|choice||
|
|move|p1a: Starmie|Thunderbolt|p2a: Slowbro
|-supereffective|p2a: Slowbro
|-damage|p2a: Slowbro|34\/100 par
|move|p2a: Slowbro|Amnesia|p2a: Slowbro
|-boost|p2a: Slowbro|spd|2
|-boost|p2a: Slowbro|spa|2
|
|turn|39
|choice||
|
|move|p2a: Slowbro|Rest|p2a: Slowbro
|-status|p2a: Slowbro|slp
|-heal|p2a: Slowbro|100\/100 slp|[silent]
|-status|p2a: Slowbro|slp|[from] move: Rest
|move|p1a: Starmie|Thunderbolt|p2a: Slowbro
|-supereffective|p2a: Slowbro
|-damage|p2a: Slowbro|85\/100 slp
|
|turn|40
|choice||
|
|cant|p2a: Slowbro|slp
|cant|p1a: Starmie|par
|
|turn|41
|J|Disaster Area
|choice||
|
|-curestatus|p2a: Slowbro|slp
|move|p1a: Starmie|Thunder Wave|p2a: Slowbro
|-status|p2a: Slowbro|par
|
|turn|42
|J|GOO GINKUUU!!!!
|choice||
|
|switch|p1a: Alakazam|Alakazam, M|68\/100 slp
|cant|p2a: Slowbro|par
|
|turn|43
|choice||
|
|cant|p1a: Alakazam|slp
|move|p2a: Slowbro|Surf|p1a: Alakazam
|-damage|p1a: Alakazam|0 fnt
|faint|p1a: Alakazam
|choice||
|
|switch|p1a: Starmie|Starmie|54\/100 par
|turn|44
|choice||
|
|move|p1a: Starmie|Thunderbolt|p2a: Slowbro
|-supereffective|p2a: Slowbro
|-damage|p2a: Slowbro|70\/100 par
|cant|p2a: Slowbro|par
|
|turn|45
|choice||
|
|move|p1a: Starmie|Thunderbolt|p2a: Slowbro
|-supereffective|p2a: Slowbro
|-damage|p2a: Slowbro|55\/100 par
|move|p2a: Slowbro|Amnesia|p2a: Slowbro
|-boost|p2a: Slowbro|spd|2
|-boost|p2a: Slowbro|spa|2
|
|turn|46
|L|Praj.pran
|choice||
|
|move|p1a: Starmie|Thunderbolt|p2a: Slowbro
|-supereffective|p2a: Slowbro
|-damage|p2a: Slowbro|45\/100 par
|move|p2a: Slowbro|Rest|p2a: Slowbro
|-status|p2a: Slowbro|slp
|-heal|p2a: Slowbro|100\/100 slp|[silent]
|-status|p2a: Slowbro|slp|[from] move: Rest
|
|turn|47
|choice||
|
|move|p1a: Starmie|Recover|p1a: Starmie
|-heal|p1a: Starmie|100\/100 par
|cant|p2a: Slowbro|slp
|
|turn|48
|choice||
|
|move|p1a: Starmie|Thunderbolt|p2a: Slowbro
|-crit|p2a: Slowbro
|-supereffective|p2a: Slowbro
|-damage|p2a: Slowbro|17\/100 slp
|-curestatus|p2a: Slowbro|slp
|
|turn|49
|L|Disaster Area
|choice||
|
|switch|p1a: Tauros|Tauros|38\/100
|move|p2a: Slowbro|Rest|p2a: Slowbro
|-status|p2a: Slowbro|slp
|-heal|p2a: Slowbro|100\/100 slp|[silent]
|-status|p2a: Slowbro|slp|[from] move: Rest
|
|turn|50
|choice||
|
|move|p1a: Tauros|Body Slam|p2a: Slowbro
|-damage|p2a: Slowbro|75\/100 slp
|cant|p2a: Slowbro|slp
|
|turn|51
|choice||
|
|move|p1a: Tauros|Body Slam|p2a: Slowbro
|-damage|p2a: Slowbro|53\/100 slp
|-curestatus|p2a: Slowbro|slp
|
|turn|52
|choice||
|
|switch|p1a: Chansey|Chansey|81\/100 par
|move|p2a: Slowbro|Thunder Wave|p1a: Chansey
|-fail|p1a: Chansey|par
|
|turn|53
|choice||
|
|move|p1a: Chansey|Seismic Toss|p2a: Slowbro
|-damage|p2a: Slowbro|28\/100
|move|p2a: Slowbro|Surf|p1a: Chansey
|-crit|p1a: Chansey
|-damage|p1a: Chansey|56\/100 par
|
|turn|54
|choice||
|
|switch|p1a: Tauros|Tauros|38\/100
|move|p2a: Slowbro|Rest|p2a: Slowbro
|-status|p2a: Slowbro|slp
|-heal|p2a: Slowbro|100\/100 slp|[silent]
|-status|p2a: Slowbro|slp|[from] move: Rest
|
|turn|55
|choice||
|
|move|p1a: Tauros|Body Slam|p2a: Slowbro
|-damage|p2a: Slowbro|76\/100 slp
|cant|p2a: Slowbro|slp
|
|turn|56
|choice||
|
|move|p1a: Tauros|Body Slam|p2a: Slowbro
|-damage|p2a: Slowbro|52\/100 slp
|-curestatus|p2a: Slowbro|slp
|
|turn|57
|choice||
|
|switch|p1a: Chansey|Chansey|56\/100 par
|move|p2a: Slowbro|Thunder Wave|p1a: Chansey
|-fail|p1a: Chansey|par
|
|turn|58
|choice||
|
|cant|p1a: Chansey|par
|move|p2a: Slowbro|Surf|p1a: Chansey
|-damage|p1a: Chansey|1\/100 par
|
|turn|59
|choice||
|
|move|p1a: Chansey|Seismic Toss|p2a: Slowbro
|-damage|p2a: Slowbro|27\/100
|move|p2a: Slowbro|Rest|p2a: Slowbro
|-status|p2a: Slowbro|slp
|-heal|p2a: Slowbro|100\/100 slp|[silent]
|-status|p2a: Slowbro|slp|[from] move: Rest
|
|turn|60
|choice||
|
|move|p1a: Chansey|Soft-Boiled|p1a: Chansey
|-heal|p1a: Chansey|51\/100 par
|cant|p2a: Slowbro|slp
|
|turn|61
|choice||
|
|move|p1a: Chansey|Soft-Boiled|p1a: Chansey
|-heal|p1a: Chansey|100\/100 par
|-curestatus|p2a: Slowbro|slp
|
|turn|62
|choice||
|
|move|p1a: Chansey|Thunder Wave|p2a: Slowbro
|-status|p2a: Slowbro|par
|move|p2a: Slowbro|Surf|p1a: Chansey
|-damage|p1a: Chansey|53\/100 par
|
|turn|63
|choice||
|
|move|p1a: Chansey|Seismic Toss|p2a: Slowbro
|-damage|p2a: Slowbro|75\/100 par
|move|p2a: Slowbro|Surf|p1a: Chansey
|-crit|p1a: Chansey
|-damage|p1a: Chansey|29\/100 par
|
|turn|64
|choice||
|
|move|p1a: Chansey|Seismic Toss|p2a: Slowbro
|-damage|p2a: Slowbro|50\/100 par
|move|p2a: Slowbro|Surf|p1a: Chansey
|-damage|p1a: Chansey|0 fnt
|faint|p1a: Chansey
|choice||
|
|switch|p1a: Starmie|Starmie|100\/100 par
|turn|65
|choice||
|
|cant|p1a: Starmie|par
|move|p2a: Slowbro|Rest|p2a: Slowbro
|-status|p2a: Slowbro|slp
|-heal|p2a: Slowbro|100\/100 slp|[silent]
|-status|p2a: Slowbro|slp|[from] move: Rest
|
|turn|66
|choice||
|
|move|p1a: Starmie|Thunderbolt|p2a: Slowbro
|-supereffective|p2a: Slowbro
|-damage|p2a: Slowbro|90\/100 slp
|cant|p2a: Slowbro|slp
|
|turn|67
|choice||
|
|cant|p1a: Starmie|par
|-curestatus|p2a: Slowbro|slp
|
|turn|68
|choice||
|
|move|p1a: Starmie|Thunderbolt|p2a: Slowbro
|-crit|p2a: Slowbro
|-supereffective|p2a: Slowbro
|-damage|p2a: Slowbro|5\/100
|move|p2a: Slowbro|Surf|p1a: Starmie
|-resisted|p1a: Starmie
|-damage|p1a: Starmie|39\/100 par
|
|turn|69
|choice||
|
|move|p1a: Starmie|Thunderbolt|p2a: Slowbro
|-supereffective|p2a: Slowbro
|-damage|p2a: Slowbro|0 fnt
|faint|p2a: Slowbro
|choice||
|
|switch|p2a: Jynx|Jynx|49\/100 par
|turn|70
|choice||
|
|cant|p1a: Starmie|par
|move|p2a: Jynx|Psychic|p1a: Starmie
|-resisted|p1a: Starmie
|-damage|p1a: Starmie|22\/100 par
|
|turn|71
|choice||
|
|cant|p1a: Starmie|par
|move|p2a: Jynx|Rest|p2a: Jynx
|-status|p2a: Jynx|slp
|-heal|p2a: Jynx|100\/100 slp|[silent]
|-status|p2a: Jynx|slp|[from] move: Rest
|
|turn|72
|choice||
|
|switch|p1a: Tauros|Tauros|38\/100
|cant|p2a: Jynx|slp
|
|turn|73
|choice||
|
|move|p1a: Tauros|Body Slam|p2a: Jynx
|-damage|p2a: Jynx|44\/100 slp
|-curestatus|p2a: Jynx|slp
|
|turn|74
|choice||
|
|move|p1a: Tauros|Body Slam|p2a: Jynx
|-crit|p2a: Jynx
|-damage|p2a: Jynx|0 fnt
|faint|p2a: Jynx
|
|win|Bomber