|inactive|Battle timer is ON: inactive players will automatically lose when time's up.
|J|Dice
|J|Tesung
|player|p1|Dice|168
|player|p2|Tesung|170
|gametype|singles
|gen|1
|tier|[Gen 1] OU
|seed|6416,17836,65229,40256
|rule|Sleep Clause Mod: Limit one foe put to sleep
|rule|Freeze Clause Mod: Limit one foe frozen
|rule|Species Clause: Limit one of each Pokémon
|rule|OHKO Clause: OHKO moves are banned
|rule|Evasion Moves Clause: Evasion moves are banned
|rule|HP Percentage Mod: HP is shown in percentages
|
|start
|switch|p1a: Starmie|Starmie|323\/323
|switch|p2a: DOPPELSOLDNER|Gengar|323\/323
|turn|1
|J|Whisudi
|choice|switch 5|switch 2
|
|switch|p1a: Exeggutor|Exeggutor|393\/393
|switch|p2a: SOULGAZER|Chansey|703\/703
|
|turn|2
|choice|move 4|switch 4
|
|switch|p2a: PDC|Exeggutor|393\/393
|move|p1a: Exeggutor|Sleep Powder|p2a: PDC|[miss]
|-miss|p1a: Exeggutor
|
|turn|3
|choice|move 4|move 3
|
|move|p2a: PDC|Sleep Powder|p1a: Exeggutor
|-status|p1a: Exeggutor|slp
|cant|p1a: Exeggutor|slp
|
|turn|4
|choice|move 4|switch 6
|
|switch|p2a: SHAKEITUP|Tauros|353\/353
|-curestatus|p1a: Exeggutor|slp
|
|turn|5
|c|★Dice|never lucky.
|c|★Tesung|,
|c|★Dice|jk
|L|Whisudi
|choice|move 4|switch 6
|
|switch|p2a: PDC|Exeggutor|393\/393
|move|p1a: Exeggutor|Sleep Powder|p2a: PDC
|-status|p2a: PDC|slp
|
|turn|6
|choice|switch 5|move 3
|
|switch|p1a: Starmie|Starmie|323\/323
|cant|p2a: PDC|slp
|
|turn|7
|choice|move 3|switch 4
|
|switch|p2a: SOULGAZER|Chansey|703\/703
|move|p1a: Starmie|Blizzard|p2a: SOULGAZER
|-damage|p2a: SOULGAZER|606\/703
|
|turn|8
|choice|switch 6|move 4
|
|switch|p1a: Chansey|Chansey|703\/703
|move|p2a: SOULGAZER|Ice Beam|p1a: Chansey
|-damage|p1a: Chansey|633\/703
|
|turn|9
|choice|move 3|switch 2
|
|switch|p2a: DOPPELSOLDNER|Gengar|323\/323
|move|p1a: Chansey|Thunder Wave|p2a: DOPPELSOLDNER
|-status|p2a: DOPPELSOLDNER|par
|
|turn|10
|choice|switch 6|move 1
|
|switch|p1a: Starmie|Starmie|323\/323
|move|p2a: DOPPELSOLDNER|Hypnosis|p1a: Starmie|[miss]
|-miss|p2a: DOPPELSOLDNER
|
|turn|11
|J|BKC
|choice|move 3|move 1
|
|move|p1a: Starmie|Blizzard|p2a: DOPPELSOLDNER
|-crit|p2a: DOPPELSOLDNER
|-damage|p2a: DOPPELSOLDNER|176\/323 par
|cant|p2a: DOPPELSOLDNER|par
|
|turn|12
|choice|move 4|move 1
|
|move|p1a: Starmie|Psychic|p2a: DOPPELSOLDNER
|-crit|p2a: DOPPELSOLDNER
|-supereffective|p2a: DOPPELSOLDNER
|-damage|p2a: DOPPELSOLDNER|0 fnt
|faint|p2a: DOPPELSOLDNER
|choice||switch 2
|
|switch|p2a: SOULGAZER|Chansey|606\/703
|turn|13
|choice|move 2|move 4
|
|move|p1a: Starmie|Thunder Wave|p2a: SOULGAZER
|-status|p2a: SOULGAZER|par
|move|p2a: SOULGAZER|Ice Beam|p1a: Starmie
|-resisted|p1a: Starmie
|-damage|p1a: Starmie|282\/323
|
|turn|14
|choice|switch 3|move 2
|
|switch|p1a: Snorlax|Snorlax|523\/523
|move|p2a: SOULGAZER|Thunder Wave|p1a: Snorlax
|-status|p1a: Snorlax|par
|
|turn|15
|choice|move 1|move 4
|
|move|p2a: SOULGAZER|Ice Beam|p1a: Snorlax
|-damage|p1a: Snorlax|423\/523 par
|move|p1a: Snorlax|Body Slam|p2a: SOULGAZER
|-damage|p2a: SOULGAZER|293\/703 par
|
|turn|16
|choice|move 1|move 1
|
|cant|p2a: SOULGAZER|par
|cant|p1a: Snorlax|par
|
|turn|17
|choice|move 1|move 1
|
|move|p2a: SOULGAZER|Soft-Boiled|p2a: SOULGAZER
|-heal|p2a: SOULGAZER|644\/703 par
|move|p1a: Snorlax|Body Slam|p2a: SOULGAZER
|-damage|p2a: SOULGAZER|364\/703 par
|
|turn|18
|choice|move 2|move 1
|
|cant|p2a: SOULGAZER|par
|move|p1a: Snorlax|Earthquake|p2a: SOULGAZER
|-damage|p2a: SOULGAZER|125\/703 par
|
|turn|19
|choice|move 4|move 1
|
|move|p2a: SOULGAZER|Soft-Boiled|p2a: SOULGAZER
|-heal|p2a: SOULGAZER|476\/703 par
|move|p1a: Snorlax|Hyper Beam|p2a: SOULGAZER
|-damage|p2a: SOULGAZER|0 fnt
|faint|p2a: SOULGAZER
|choice||switch 5
|
|switch|p2a: PAPAI NOEL|Snorlax|523\/523
|turn|20
|choice|move 1|move 4
|
|move|p1a: Snorlax|Body Slam|p2a: PAPAI NOEL
|-damage|p2a: PAPAI NOEL|389\/523
|move|p2a: PAPAI NOEL|Counter|p1a: Snorlax
|-damage|p1a: Snorlax|155\/523 par
|
|turn|21
|choice|switch 3|move 2
|
|switch|p1a: Starmie|Starmie|282\/323
|move|p2a: PAPAI NOEL|Body Slam|p1a: Starmie
|-damage|p1a: Starmie|166\/323
|-status|p1a: Starmie|par
|
|turn|22
|choice|move 1|move 2
|
|move|p2a: PAPAI NOEL|Body Slam|p1a: Starmie
|-damage|p1a: Starmie|46\/323 par
|move|p1a: Starmie|Recover|p1a: Starmie
|-heal|p1a: Starmie|207\/323 par
|
|turn|23
|choice|move 1|move 2
|
|move|p2a: PAPAI NOEL|Body Slam|p1a: Starmie
|-damage|p1a: Starmie|80\/323 par
|move|p1a: Starmie|Recover|p1a: Starmie
|-heal|p1a: Starmie|241\/323 par
|
|turn|24
|choice|move 1|move 2
|
|move|p2a: PAPAI NOEL|Body Slam|p1a: Starmie
|-damage|p1a: Starmie|124\/323 par
|cant|p1a: Starmie|par
|
|turn|25
|choice|move 1|move 2
|
|move|p2a: PAPAI NOEL|Body Slam|p1a: Starmie
|-damage|p1a: Starmie|4\/323 par
|move|p1a: Starmie|Recover|p1a: Starmie
|-heal|p1a: Starmie|165\/323 par
|
|turn|26
|choice|move 1|move 2
|
|move|p2a: PAPAI NOEL|Body Slam|p1a: Starmie
|-damage|p1a: Starmie|51\/323 par
|move|p1a: Starmie|Recover|p1a: Starmie
|-heal|p1a: Starmie|212\/323 par
|
|turn|27
|choice|move 1|move 2
|
|move|p2a: PAPAI NOEL|Body Slam|p1a: Starmie
|-damage|p1a: Starmie|100\/323 par
|cant|p1a: Starmie|par
|
|turn|28
|choice|switch 6|move 2
|
|switch|p1a: Chansey|Chansey|633\/703
|move|p2a: PAPAI NOEL|Body Slam|p1a: Chansey
|-damage|p1a: Chansey|318\/703
|
|turn|29
|choice|move 4|move 3
|
|move|p1a: Chansey|Soft-Boiled|p1a: Chansey
|-heal|p1a: Chansey|669\/703
|move|p2a: PAPAI NOEL|Self-Destruct|p1a: Chansey
|-damage|p1a: Chansey|0 fnt
|faint|p1a: Chansey
|faint|p2a: PAPAI NOEL
|choice|switch 5|switch 6
|
|switch|p2a: SHAKEITUP|Tauros|353\/353
|switch|p1a: Exeggutor|Exeggutor|393\/393
|turn|30
|choice|move 1|switch 4
|
|switch|p2a: PDC|Exeggutor|393\/393 slp
|move|p1a: Exeggutor|Psychic|p2a: PDC
|-resisted|p2a: PDC
|-damage|p2a: PDC|345\/393 slp
|-unboost|p2a: PDC|spd|1
|-unboost|p2a: PDC|spa|1
|
|turn|31
|choice|switch 2|move 3
|
|switch|p1a: Cloyster|Cloyster|303\/303
|-curestatus|p2a: PDC|slp
|
|turn|32
|choice|move 1|switch 3
|
|switch|p2a: TESUNG|Slowbro|393\/393
|move|p1a: Cloyster|Blizzard|p2a: TESUNG
|-resisted|p2a: TESUNG
|-damage|p2a: TESUNG|315\/393
|
|turn|33
|choice|move 4|move 1
|
|move|p1a: Cloyster|Clamp|p2a: TESUNG
|-resisted|p2a: TESUNG
|-damage|p2a: TESUNG|293\/393
|-activate|p2a: TESUNG|move: Clamp|[of] p1a: Cloyster
|cant|p2a: TESUNG|partiallytrapped
|
|turn|34
|choice|move 4|move 1
|
|move|p1a: Cloyster|Clamp|p2a: TESUNG
|-damage|p2a: TESUNG|271\/393
|cant|p2a: TESUNG|partiallytrapped
|
|-end|p2a: TESUNG|Clamp|[partiallytrapped]
|turn|35
|choice|move 4|move 1
|
|move|p1a: Cloyster|Clamp|p2a: TESUNG
|-resisted|p2a: TESUNG
|-damage|p2a: TESUNG|250\/393
|-activate|p2a: TESUNG|move: Clamp|[of] p1a: Cloyster
|cant|p2a: TESUNG|partiallytrapped
|
|turn|36
|choice|move 4|move 1
|
|move|p1a: Cloyster|Clamp|p2a: TESUNG
|-damage|p2a: TESUNG|229\/393
|cant|p2a: TESUNG|partiallytrapped
|
|turn|37
|choice|move 4|move 1
|
|move|p1a: Cloyster|Clamp|p2a: TESUNG
|-damage|p2a: TESUNG|208\/393
|cant|p2a: TESUNG|partiallytrapped
|
|-end|p2a: TESUNG|Clamp|[partiallytrapped]
|turn|38
|choice|switch 2|move 1
|
|switch|p1a: Exeggutor|Exeggutor|393\/393
|move|p2a: TESUNG|Thunder Wave|p1a: Exeggutor
|-status|p1a: Exeggutor|par
|
|turn|39
|choice|move 3|move 3
|
|move|p2a: TESUNG|Amnesia|p2a: TESUNG
|-boost|p2a: TESUNG|spd|2
|-boost|p2a: TESUNG|spa|2
|move|p1a: Exeggutor|Mega Drain|p2a: TESUNG
|-supereffective|p2a: TESUNG
|-damage|p2a: TESUNG|138\/393
|
|turn|40
|choice|move 3|move 4
|
|move|p2a: TESUNG|Surf|p1a: Exeggutor
|-resisted|p1a: Exeggutor
|-damage|p1a: Exeggutor|308\/393 par
|move|p1a: Exeggutor|Mega Drain|p2a: TESUNG
|-crit|p2a: TESUNG
|-supereffective|p2a: TESUNG
|-damage|p2a: TESUNG|0 fnt
|-heal|p1a: Exeggutor|377\/393 par|[from] drain|[of] p2a: TESUNG
|faint|p2a: TESUNG
|choice||switch 4
|
|switch|p2a: SHAKEITUP|Tauros|353\/353
|turn|41
|c|★Dice|u should use
|c|★Dice|psychic on slowbro
|c|★Dice|always imo
|c|★Tesung|will change
|c|%BKC|stfu
|c|★Dice|its best.
|c|%BKC|you wannabe rby expert
|c|★Dice|bro
|c|★Dice|piexplode thinks
|c|★Dice|its the best too
|choice|move 4|move 1
|
|move|p2a: SHAKEITUP|Blizzard|p1a: Exeggutor
|-crit|p1a: Exeggutor
|-supereffective|p1a: Exeggutor
|-damage|p1a: Exeggutor|146\/393 par
|move|p1a: Exeggutor|Sleep Powder|p2a: SHAKEITUP
|-status|p2a: SHAKEITUP|slp
|
|turn|42
|c|★Tesung|i hate slowbro
|c|%BKC|o word
|c|★Tesung|dodge!
|choice|move 3|move 1
|
|cant|p2a: SHAKEITUP|slp
|move|p1a: Exeggutor|Mega Drain|p2a: SHAKEITUP
|-damage|p2a: SHAKEITUP|279\/353 slp
|-heal|p1a: Exeggutor|183\/393 par|[from] drain|[of] p2a: SHAKEITUP
|
|turn|43
|choice|move 2|move 1
|
|cant|p2a: SHAKEITUP|slp
|move|p1a: Exeggutor|Explosion|p2a: SHAKEITUP
|-damage|p2a: SHAKEITUP|0 fnt
|faint|p2a: SHAKEITUP
|faint|p1a: Exeggutor
|c|★Tesung|ok
|c|★Tesung|pull a chaser
|c|★Tesung|eggy
|choice|switch 2|switch 3
|
|switch|p1a: Cloyster|Cloyster|303\/303
|switch|p2a: PDC|Exeggutor|345\/393
|turn|44
|c|★Dice|no!
|choice|move 2|move 4
|
|move|p1a: Cloyster|Explosion|p2a: PDC
|-damage|p2a: PDC|44\/393
|faint|p1a: Cloyster
|choice|switch 4|
|
|switch|p1a: Tauros|Tauros|353\/353
|turn|45
|c|★Dice|plz dont miss
|choice|move 1|move 3
|
|move|p1a: Tauros|Body Slam|p2a: PDC
|-damage|p2a: PDC|0 fnt
|faint|p2a: PDC
|
|win|Dice