|J|Tricking
|J|Lutra
|player|p1|Tricking|228
|player|p2|Lutra|281
|gametype|singles
|gen|1
|tier|[Gen 1] Ubers
|rule|Sleep Clause Mod: Limit one foe put to sleep
|rule|Freeze Clause Mod: Limit one foe frozen
|rule|Species Clause: Limit one of each Pokémon
|rule|OHKO Clause: OHKO moves are banned
|rule|Evasion Moves Clause: Evasion moves are banned
|rule|HP Percentage Mod: HP is shown in percentages
|
|start
|switch|p1a: Jynx|Jynx|333\/333
|switch|p2a: Jynx|Jynx|333\/333
|turn|1
|c|★Tricking|hf
|J|Fran17
|c|★Lutra|u2
|J|Alfalfa
|J|Lanculus
|L|Lanculus
|
|move|p1a: Jynx|Lovely Kiss|p2a: Jynx
|-status|p2a: Jynx|slp
|cant|p2a: Jynx|slp
|
|turn|2
|J|Rennyy
|J|XvolcaronaX
|c|+XvolcaronaX|gl both
|J|MONNA LUSA
|J|Stall Hater
|J|King Cacturne
|
|switch|p2a: NVR SAY DIE!|Chansey|703\/703
|move|p1a: Jynx|Blizzard|p2a: NVR SAY DIE!
|-damage|p2a: NVR SAY DIE!|571\/703
|
|turn|3
|
|move|p1a: Jynx|Blizzard|p2a: NVR SAY DIE!
|-damage|p2a: NVR SAY DIE!|446\/703
|move|p2a: NVR SAY DIE!|Seismic Toss|p1a: Jynx
|-damage|p1a: Jynx|233\/333
|
|turn|4
|
|switch|p1a: Exeggutor|Exeggutor|393\/393
|move|p2a: NVR SAY DIE!|Soft-Boiled|p2a: NVR SAY DIE!
|-heal|p2a: NVR SAY DIE!|703\/703
|
|turn|5
|J|Big the Hedgehog
|c|+Big the Hedgehog|gl
|
|switch|p2a: The Sleeper|Exeggutor|393\/393
|move|p1a: Exeggutor|Stun Spore|p2a: The Sleeper|[miss]
|-miss|p1a: Exeggutor
|
|turn|6
|J|Talpr0ne
|
|switch|p1a: Jynx|Jynx|233\/333
|move|p2a: The Sleeper|Sleep Powder|p1a: Jynx
|-status|p1a: Jynx|slp
|
|turn|7
|J|Lillo2000
|J|invictus maneo
|L|Lillo2000
|
|cant|p1a: Jynx|slp
|move|p2a: The Sleeper|Psychic|p1a: Jynx
|-resisted|p1a: Jynx
|-damage|p1a: Jynx|167\/333 slp
|
|turn|8
|
|switch|p1a: Exeggutor|Exeggutor|393\/393
|switch|p2a: Bonehead|Mewtwo|415\/415
|
|turn|9
|
|switch|p2a: Jynx|Jynx|333\/333 slp
|move|p1a: Exeggutor|Stun Spore|p2a: Jynx
|-fail|p2a: Jynx
|
|turn|10
|
|switch|p2a: HERE IT CUMZ|Slowbro|393\/393
|switch|p1a: Zapdos|Zapdos|383\/383
|
|turn|11
|
|switch|p2a: Bonehead|Mewtwo|415\/415
|move|p1a: Zapdos|Thunder Wave|p2a: Bonehead
|-status|p2a: Bonehead|par
|
|turn|12
|L|Alfalfa
|
|move|p1a: Zapdos|Thunderbolt|p2a: Bonehead
|-damage|p2a: Bonehead|312\/415 par
|move|p2a: Bonehead|Psychic|p1a: Zapdos
|-damage|p1a: Zapdos|270\/383
|
|turn|13
|
|move|p1a: Zapdos|Thunderbolt|p2a: Bonehead
|-damage|p2a: Bonehead|210\/415 par
|move|p2a: Bonehead|Recover|p2a: Bonehead
|-heal|p2a: Bonehead|415\/415 par
|
|turn|14
|
|move|p1a: Zapdos|Thunderbolt|p2a: Bonehead
|-crit|p2a: Bonehead
|-damage|p2a: Bonehead|220\/415 par
|cant|p2a: Bonehead|par
|
|turn|15
|c|+Fran17|tricking
|J|Malekith
|c|+Fran17|posso tornare allsl?
|L|Stall Hater
|L|Malekith
|
|switch|p1a: Snorlax|Snorlax|523\/523
|switch|p2a: NVR SAY DIE!|Chansey|703\/703
|
|turn|16
|
|switch|p1a: Exeggutor|Exeggutor|393\/393
|move|p2a: NVR SAY DIE!|Thunder Wave|p1a: Exeggutor
|-status|p1a: Exeggutor|par
|
|turn|17
|
|switch|p2a: The Sleeper|Exeggutor|393\/393
|switch|p1a: Snorlax|Snorlax|523\/523
|
|turn|18
|
|switch|p1a: Mewtwo|Mewtwo|415\/415
|move|p2a: The Sleeper|Psychic|p1a: Mewtwo
|-resisted|p1a: Mewtwo
|-damage|p1a: Mewtwo|373\/415
|
|turn|19
|
|switch|p2a: NVR SAY DIE!|Chansey|703\/703
|move|p1a: Mewtwo|Ice Beam|p2a: NVR SAY DIE!
|-damage|p2a: NVR SAY DIE!|609\/703
|
|turn|20
|
|switch|p1a: Exeggutor|Exeggutor|393\/393 par
|move|p2a: NVR SAY DIE!|Light Screen|p2a: NVR SAY DIE!
|-start|p2a: NVR SAY DIE!|Light Screen
|
|turn|21
|
|switch|p2a: The Sleeper|Exeggutor|393\/393
|move|p1a: Exeggutor|Stun Spore|p2a: The Sleeper
|-status|p2a: The Sleeper|par
|
|turn|22
|
|cant|p2a: The Sleeper|par
|cant|p1a: Exeggutor|par
|
|turn|23
|
|move|p2a: The Sleeper|Psychic|p1a: Exeggutor
|-resisted|p1a: Exeggutor
|-damage|p1a: Exeggutor|344\/393 par
|-unboost|p1a: Exeggutor|spd|1
|-unboost|p1a: Exeggutor|spa|1
|move|p1a: Exeggutor|Psychic|p2a: The Sleeper
|-resisted|p2a: The Sleeper
|-damage|p2a: The Sleeper|360\/393 par
|-unboost|p2a: The Sleeper|spd|1
|-unboost|p2a: The Sleeper|spa|1
|
|turn|24
|
|switch|p2a: Jynx|Jynx|333\/333 slp
|move|p1a: Exeggutor|Psychic|p2a: Jynx
|-resisted|p2a: Jynx
|-damage|p2a: Jynx|294\/333 slp
|
|turn|25
|
|switch|p2a: The Sleeper|Exeggutor|360\/393 par
|switch|p1a: Zapdos|Zapdos|270\/383
|
|turn|26
|
|switch|p2a: NVR SAY DIE!|Chansey|609\/703
|move|p1a: Zapdos|Drill Peck|p2a: NVR SAY DIE!
|-crit|p2a: NVR SAY DIE!
|-damage|p2a: NVR SAY DIE!|104\/703
|
|turn|27
|
|switch|p2a: No Warrantee|Mew|403\/403
|move|p1a: Zapdos|Drill Peck|p2a: No Warrantee
|-damage|p2a: No Warrantee|310\/403
|
|turn|28
|
|move|p2a: No Warrantee|Thunder Wave|p1a: Zapdos
|-status|p1a: Zapdos|par
|cant|p1a: Zapdos|par
|
|turn|29
|
|switch|p2a: Bonehead|Mewtwo|220\/415 par
|cant|p1a: Zapdos|par
|
|turn|30
|J|RainAndSnow
|
|switch|p1a: Snorlax|Snorlax|523\/523
|move|p2a: Bonehead|Recover|p2a: Bonehead
|-heal|p2a: Bonehead|415\/415 par
|
|turn|31
|
|move|p1a: Snorlax|Body Slam|p2a: Bonehead
|-damage|p2a: Bonehead|302\/415 par
|move|p2a: Bonehead|Psychic|p1a: Snorlax
|-damage|p1a: Snorlax|329\/523
|
|turn|32
|
|switch|p2a: The Sleeper|Exeggutor|360\/393 par
|move|p1a: Snorlax|Body Slam|p2a: The Sleeper
|-damage|p2a: The Sleeper|240\/393 par
|
|turn|33
|L|RainAndSnow
|
|switch|p1a: Jynx|Jynx|167\/333 slp
|move|p2a: The Sleeper|Stun Spore|p1a: Jynx
|-fail|p1a: Jynx
|
|turn|34
|
|switch|p1a: Mewtwo|Mewtwo|373\/415
|switch|p2a: HERE IT CUMZ|Slowbro|393\/393
|
|turn|35
|
|move|p1a: Mewtwo|Thunderbolt|p2a: HERE IT CUMZ
|-supereffective|p2a: HERE IT CUMZ
|-damage|p2a: HERE IT CUMZ|153\/393
|move|p2a: HERE IT CUMZ|Amnesia|p2a: HERE IT CUMZ
|-boost|p2a: HERE IT CUMZ|spd|2
|-boost|p2a: HERE IT CUMZ|spa|2
|
|turn|36
|
|switch|p2a: No Warrantee|Mew|310\/403
|move|p1a: Mewtwo|Thunderbolt|p2a: No Warrantee
|-damage|p2a: No Warrantee|215\/403
|
|turn|37
|
|move|p1a: Mewtwo|Thunderbolt|p2a: No Warrantee
|-damage|p2a: No Warrantee|106\/403
|move|p2a: No Warrantee|Thunder Wave|p1a: Mewtwo
|-status|p1a: Mewtwo|par
|
|turn|38
|
|move|p2a: No Warrantee|Soft-Boiled|p2a: No Warrantee
|-heal|p2a: No Warrantee|307\/403
|cant|p1a: Mewtwo|par
|
|turn|39
|
|switch|p2a: Bonehead|Mewtwo|302\/415 par
|move|p1a: Mewtwo|Ice Beam|p2a: Bonehead
|-damage|p2a: Bonehead|227\/415 par
|
|turn|40
|
|cant|p2a: Bonehead|par
|move|p1a: Mewtwo|Amnesia|p1a: Mewtwo
|-boost|p1a: Mewtwo|spd|2
|-boost|p1a: Mewtwo|spa|2
|
|turn|41
|
|move|p1a: Mewtwo|Ice Beam|p2a: Bonehead
|-damage|p2a: Bonehead|78\/415 par
|move|p2a: Bonehead|Recover|p2a: Bonehead
|-heal|p2a: Bonehead|285\/415 par
|
|turn|42
|
|move|p1a: Mewtwo|Ice Beam|p2a: Bonehead
|-damage|p2a: Bonehead|124\/415 par
|move|p2a: Bonehead|Recover|p2a: Bonehead
|-heal|p2a: Bonehead|331\/415 par
|
|turn|43
|
|move|p1a: Mewtwo|Ice Beam|p2a: Bonehead
|-damage|p2a: Bonehead|172\/415 par
|move|p2a: Bonehead|Amnesia|p2a: Bonehead
|-boost|p2a: Bonehead|spd|2
|-boost|p2a: Bonehead|spa|2
|
|turn|44
|
|move|p1a: Mewtwo|Amnesia|p1a: Mewtwo
|-boost|p1a: Mewtwo|spd|2
|-boost|p1a: Mewtwo|spa|2
|move|p2a: Bonehead|Recover|p2a: Bonehead
|-heal|p2a: Bonehead|379\/415 par
|
|turn|45
|
|cant|p1a: Mewtwo|par
|move|p2a: Bonehead|Psychic|p1a: Mewtwo
|-resisted|p1a: Mewtwo
|-damage|p1a: Mewtwo|327\/415 par
|
|turn|46
|
|cant|p1a: Mewtwo|par
|move|p2a: Bonehead|Amnesia|p2a: Bonehead
|-boost|p2a: Bonehead|spd|2
|-boost|p2a: Bonehead|spa|2
|
|turn|47
|
|move|p2a: Bonehead|Ice Beam|p1a: Mewtwo
|-damage|p1a: Mewtwo|247\/415 par
|move|p1a: Mewtwo|Ice Beam|p2a: Bonehead
|-damage|p2a: Bonehead|309\/415 par
|
|turn|48
|
|move|p1a: Mewtwo|Recover|p1a: Mewtwo
|-heal|p1a: Mewtwo|415\/415 par
|move|p2a: Bonehead|Recover|p2a: Bonehead
|-heal|p2a: Bonehead|415\/415 par
|
|turn|49
|
|move|p2a: Bonehead|Psychic|p1a: Mewtwo
|-resisted|p1a: Mewtwo
|-damage|p1a: Mewtwo|360\/415 par
|move|p1a: Mewtwo|Thunderbolt|p2a: Bonehead
|-damage|p2a: Bonehead|339\/415 par
|
|turn|50
|
|cant|p1a: Mewtwo|par
|move|p2a: Bonehead|Amnesia|p2a: Bonehead
|-boost|p2a: Bonehead|spd|2
|-boost|p2a: Bonehead|spa|2
|
|turn|51
|
|cant|p2a: Bonehead|par
|cant|p1a: Mewtwo|par
|
|turn|52
|
|move|p2a: Bonehead|Ice Beam|p1a: Mewtwo
|-damage|p1a: Mewtwo|292\/415 par
|move|p1a: Mewtwo|Thunderbolt|p2a: Bonehead
|-damage|p2a: Bonehead|265\/415 par
|
|turn|53
|
|move|p2a: Bonehead|Recover|p2a: Bonehead
|-heal|p2a: Bonehead|415\/415 par
|cant|p1a: Mewtwo|par
|
|turn|54
|
|cant|p2a: Bonehead|par
|move|p1a: Mewtwo|Ice Beam|p2a: Bonehead
|-damage|p2a: Bonehead|334\/415 par
|
|turn|55
|
|move|p2a: Bonehead|Ice Beam|p1a: Mewtwo
|-damage|p1a: Mewtwo|218\/415 par
|move|p1a: Mewtwo|Thunderbolt|p2a: Bonehead
|-damage|p2a: Bonehead|254\/415 par
|
|turn|56
|
|move|p2a: Bonehead|Recover|p2a: Bonehead
|-heal|p2a: Bonehead|415\/415 par
|move|p1a: Mewtwo|Recover|p1a: Mewtwo
|-heal|p1a: Mewtwo|415\/415 par
|
|turn|57
|
|cant|p2a: Bonehead|par
|move|p1a: Mewtwo|Thunderbolt|p2a: Bonehead
|-crit|p2a: Bonehead
|-damage|p2a: Bonehead|270\/415 par
|
|turn|58
|
|cant|p2a: Bonehead|par
|move|p1a: Mewtwo|Thunderbolt|p2a: Bonehead
|-damage|p2a: Bonehead|199\/415 par
|
|turn|59
|
|move|p2a: Bonehead|Psychic|p1a: Mewtwo
|-resisted|p1a: Mewtwo
|-damage|p1a: Mewtwo|364\/415 par
|move|p1a: Mewtwo|Thunderbolt|p2a: Bonehead
|-damage|p2a: Bonehead|131\/415 par
|
|turn|60
|
|move|p2a: Bonehead|Recover|p2a: Bonehead
|-heal|p2a: Bonehead|338\/415 par
|cant|p1a: Mewtwo|par
|
|turn|61
|
|move|p2a: Bonehead|Ice Beam|p1a: Mewtwo
|-damage|p1a: Mewtwo|293\/415 par
|move|p1a: Mewtwo|Amnesia|p1a: Mewtwo
|-boost|p1a: Mewtwo|spd|2
|-boost|p1a: Mewtwo|spa|2
|
|turn|62
|
|move|p2a: Bonehead|Ice Beam|p1a: Mewtwo
|-damage|p1a: Mewtwo|218\/415 par
|move|p1a: Mewtwo|Thunderbolt|p2a: Bonehead
|-damage|p2a: Bonehead|270\/415 par
|
|turn|63
|
|move|p1a: Mewtwo|Recover|p1a: Mewtwo
|-heal|p1a: Mewtwo|415\/415 par
|move|p2a: Bonehead|Recover|p2a: Bonehead
|-heal|p2a: Bonehead|415\/415 par
|
|turn|64
|
|move|p1a: Mewtwo|Thunderbolt|p2a: Bonehead
|-damage|p2a: Bonehead|344\/415 par
|cant|p2a: Bonehead|par
|
|turn|65
|
|move|p1a: Mewtwo|Thunderbolt|p2a: Bonehead
|-crit|p2a: Bonehead
|-damage|p2a: Bonehead|209\/415 par
|move|p2a: Bonehead|Amnesia|p2a: Bonehead
|-boost|p2a: Bonehead|spd|2
|-boost|p2a: Bonehead|spa|2
|
|turn|66
|
|move|p1a: Mewtwo|Thunderbolt|p2a: Bonehead
|-crit|p2a: Bonehead
|-damage|p2a: Bonehead|64\/415 par
|move|p2a: Bonehead|Recover|p2a: Bonehead
|-heal|p2a: Bonehead|271\/415 par
|
|turn|67
|
|move|p1a: Mewtwo|Thunderbolt|p2a: Bonehead
|-damage|p2a: Bonehead|191\/415 par
|move|p2a: Bonehead|Recover|p2a: Bonehead
|-heal|p2a: Bonehead|398\/415 par
|
|turn|68
|
|move|p1a: Mewtwo|Amnesia|p1a: Mewtwo
|-boost|p1a: Mewtwo|spd|2
|-boost|p1a: Mewtwo|spa|2
|move|p2a: Bonehead|Ice Beam|p1a: Mewtwo
|-damage|p1a: Mewtwo|346\/415 par
|
|turn|69
|c|★Lutra|why are you faster? :O
|c|★Lutra|or is it 1 speed?
|c|+Big the Hedgehog|hes hacking m8
|c|★Tricking|idk lol
|
|move|p1a: Mewtwo|Amnesia|p1a: Mewtwo
|-boost|p1a: Mewtwo|spd|2
|-boost|p1a: Mewtwo|spa|2
|cant|p2a: Bonehead|par
|
|turn|70
|
|move|p1a: Mewtwo|Amnesia|p1a: Mewtwo
|-boost|p1a: Mewtwo|spd|2
|-boost|p1a: Mewtwo|spa|2
|cant|p2a: Bonehead|par
|
|turn|71
|
|move|p2a: Bonehead|Amnesia|p2a: Bonehead
|-boost|p2a: Bonehead|spd|2
|-boost|p2a: Bonehead|spa|2
|move|p1a: Mewtwo|Amnesia|p1a: Mewtwo
|-boost|p1a: Mewtwo|spd|2
|-boost|p1a: Mewtwo|spa|2
|
|turn|72
|
|cant|p2a: Bonehead|par
|move|p1a: Mewtwo|Amnesia|p1a: Mewtwo
|-boost|p1a: Mewtwo|spd|2
|-boost|p1a: Mewtwo|spa|2
|
|turn|73
|c|+XvolcaronaX|ma non dice che non ha effetto?
|
|move|p1a: Mewtwo|Thunderbolt|p2a: Bonehead
|-crit|p2a: Bonehead
|-damage|p2a: Bonehead|250\/415 par
|move|p2a: Bonehead|Psychic|p1a: Mewtwo
|-crit|p1a: Mewtwo
|-resisted|p1a: Mewtwo
|-damage|p1a: Mewtwo|242\/415 par
|
|turn|74
|
|move|p1a: Mewtwo|Thunderbolt|p2a: Bonehead
|-crit|p2a: Bonehead
|-damage|p2a: Bonehead|97\/415 par
|move|p2a: Bonehead|Recover|p2a: Bonehead
|-heal|p2a: Bonehead|304\/415 par
|
|turn|75
|
|cant|p2a: Bonehead|par
|move|p1a: Mewtwo|Recover|p1a: Mewtwo
|-heal|p1a: Mewtwo|415\/415 par
|
|turn|76
|
|move|p1a: Mewtwo|Ice Beam|p2a: Bonehead
|-damage|p2a: Bonehead|233\/415 par
|cant|p2a: Bonehead|par
|
|turn|77
|
|move|p1a: Mewtwo|Ice Beam|p2a: Bonehead
|-damage|p2a: Bonehead|157\/415 par
|move|p2a: Bonehead|Recover|p2a: Bonehead
|-heal|p2a: Bonehead|364\/415 par
|
|turn|78
|
|move|p2a: Bonehead|Recover|p2a: Bonehead
|-heal|p2a: Bonehead|415\/415 par
|cant|p1a: Mewtwo|par
|
|turn|79
|
|move|p2a: Bonehead|Ice Beam|p1a: Mewtwo
|-crit|p1a: Mewtwo
|-damage|p1a: Mewtwo|273\/415 par
|cant|p1a: Mewtwo|par
|
|turn|80
|
|move|p1a: Mewtwo|Recover|p1a: Mewtwo
|-heal|p1a: Mewtwo|415\/415 par
|move|p2a: Bonehead|Ice Beam|p1a: Mewtwo
|-damage|p1a: Mewtwo|342\/415 par
|
|turn|81
|
|cant|p1a: Mewtwo|par
|cant|p2a: Bonehead|par
|
|turn|82
|
|move|p2a: Bonehead|Psychic|p1a: Mewtwo
|-crit|p1a: Mewtwo
|-resisted|p1a: Mewtwo
|-damage|p1a: Mewtwo|237\/415 par
|move|p1a: Mewtwo|Amnesia|p1a: Mewtwo
|-boost|p1a: Mewtwo|spd|2
|-boost|p1a: Mewtwo|spa|2
|
|turn|83
|
|switch|p2a: NVR SAY DIE!|Chansey|104\/703
|move|p1a: Mewtwo|Recover|p1a: Mewtwo
|-heal|p1a: Mewtwo|415\/415 par
|
|turn|84
|L|invictus maneo
|
|move|p2a: NVR SAY DIE!|Soft-Boiled|p2a: NVR SAY DIE!
|-heal|p2a: NVR SAY DIE!|455\/703
|move|p1a: Mewtwo|Thunderbolt|p2a: NVR SAY DIE!
|-damage|p2a: NVR SAY DIE!|207\/703
|
|turn|85
|
|move|p2a: NVR SAY DIE!|Soft-Boiled|p2a: NVR SAY DIE!
|-heal|p2a: NVR SAY DIE!|558\/703
|move|p1a: Mewtwo|Ice Beam|p2a: NVR SAY DIE!
|-crit|p2a: NVR SAY DIE!
|-damage|p2a: NVR SAY DIE!|365\/703
|
|turn|86
|
|move|p2a: NVR SAY DIE!|Light Screen|p2a: NVR SAY DIE!
|-start|p2a: NVR SAY DIE!|Light Screen
|move|p1a: Mewtwo|Ice Beam|p2a: NVR SAY DIE!
|-damage|p2a: NVR SAY DIE!|250\/703
|-status|p2a: NVR SAY DIE!|frz
|
|turn|87
|c|★Tricking|rip
|
|switch|p2a: Bonehead|Mewtwo|415\/415 par
|move|p1a: Mewtwo|Thunderbolt|p2a: Bonehead
|-damage|p2a: Bonehead|247\/415 par
|
|turn|88
|
|move|p2a: Bonehead|Amnesia|p2a: Bonehead
|-boost|p2a: Bonehead|spd|2
|-boost|p2a: Bonehead|spa|2
|move|p1a: Mewtwo|Thunderbolt|p2a: Bonehead
|-damage|p2a: Bonehead|151\/415 par
|
|turn|89
|
|move|p2a: Bonehead|Recover|p2a: Bonehead
|-heal|p2a: Bonehead|358\/415 par
|cant|p1a: Mewtwo|par
|
|turn|90
|
|move|p2a: Bonehead|Amnesia|p2a: Bonehead
|-boost|p2a: Bonehead|spd|2
|-boost|p2a: Bonehead|spa|2
|move|p1a: Mewtwo|Thunderbolt|p2a: Bonehead|[miss]
|-miss|p1a: Mewtwo
|
|turn|91
|
|move|p2a: Bonehead|Ice Beam|p1a: Mewtwo
|-damage|p1a: Mewtwo|336\/415 par
|cant|p1a: Mewtwo|par
|
|turn|92
|
|move|p2a: Bonehead|Amnesia|p2a: Bonehead
|-boost|p2a: Bonehead|spd|2
|-boost|p2a: Bonehead|spa|2
|move|p1a: Mewtwo|Amnesia|p1a: Mewtwo
|-boost|p1a: Mewtwo|spd|2
|-boost|p1a: Mewtwo|spa|2
|
|turn|93
|
|move|p2a: Bonehead|Amnesia|p2a: Bonehead
|-boost|p2a: Bonehead|spd|2
|-boost|p2a: Bonehead|spa|2
|move|p1a: Mewtwo|Amnesia|p1a: Mewtwo
|-boost|p1a: Mewtwo|spd|2
|-boost|p1a: Mewtwo|spa|2
|
|turn|94
|
|move|p2a: Bonehead|Amnesia|p2a: Bonehead
|-boost|p2a: Bonehead|spd|2
|-boost|p2a: Bonehead|spa|2
|move|p1a: Mewtwo|Amnesia|p1a: Mewtwo
|-boost|p1a: Mewtwo|spd|2
|-boost|p1a: Mewtwo|spa|2
|
|turn|95
|
|move|p1a: Mewtwo|Amnesia|p1a: Mewtwo
|-boost|p1a: Mewtwo|spd|2
|-boost|p1a: Mewtwo|spa|2
|move|p2a: Bonehead|Amnesia|p2a: Bonehead
|-boost|p2a: Bonehead|spd|2
|-boost|p2a: Bonehead|spa|2
|
|turn|96
|
|move|p1a: Mewtwo|Amnesia|p1a: Mewtwo
|-boost|p1a: Mewtwo|spd|2
|-boost|p1a: Mewtwo|spa|2
|move|p2a: Bonehead|Recover|p2a: Bonehead
|-heal|p2a: Bonehead|415\/415 par
|
|turn|97
|
|cant|p1a: Mewtwo|par
|cant|p2a: Bonehead|par
|
|turn|98
|
|move|p1a: Mewtwo|Recover|p1a: Mewtwo
|-heal|p1a: Mewtwo|415\/415 par
|cant|p2a: Bonehead|par
|
|turn|99
|
|move|p1a: Mewtwo|Amnesia|p1a: Mewtwo
|-boost|p1a: Mewtwo|spd|2
|-boost|p1a: Mewtwo|spa|2
|move|p2a: Bonehead|Amnesia|p2a: Bonehead
|-boost|p2a: Bonehead|spd|2
|-boost|p2a: Bonehead|spa|2
|
|turn|100
|
|move|p1a: Mewtwo|Amnesia|p1a: Mewtwo
|-boost|p1a: Mewtwo|spd|2
|-boost|p1a: Mewtwo|spa|2
|cant|p2a: Bonehead|par
|
|turn|101
|
|move|p2a: Bonehead|Amnesia|p2a: Bonehead
|-boost|p2a: Bonehead|spd|2
|-boost|p2a: Bonehead|spa|2
|move|p1a: Mewtwo|Amnesia|p1a: Mewtwo
|-boost|p1a: Mewtwo|spd|2
|-boost|p1a: Mewtwo|spa|2
|
|turn|102
|
|cant|p2a: Bonehead|par
|move|p1a: Mewtwo|Amnesia|p1a: Mewtwo
|-boost|p1a: Mewtwo|spd|2
|-boost|p1a: Mewtwo|spa|2
|
|turn|103
|
|move|p2a: Bonehead|Amnesia|p2a: Bonehead
|-boost|p2a: Bonehead|spd|2
|-boost|p2a: Bonehead|spa|2
|cant|p1a: Mewtwo|par
|
|turn|104
|
|move|p2a: Bonehead|Psychic|p1a: Mewtwo
|-resisted|p1a: Mewtwo
|-damage|p1a: Mewtwo|364\/415 par
|move|p1a: Mewtwo|Amnesia|p1a: Mewtwo
|-boost|p1a: Mewtwo|spd|2
|-boost|p1a: Mewtwo|spa|2
|
|turn|105
|
|cant|p1a: Mewtwo|par
|cant|p2a: Bonehead|par
|
|turn|106
|
|move|p2a: Bonehead|Amnesia|p2a: Bonehead
|-boost|p2a: Bonehead|spd|2
|-boost|p2a: Bonehead|spa|2
|move|p1a: Mewtwo|Amnesia|p1a: Mewtwo
|-boost|p1a: Mewtwo|spd|2
|-boost|p1a: Mewtwo|spa|2
|
|turn|107
|
|move|p2a: Bonehead|Amnesia|p2a: Bonehead
|-boost|p2a: Bonehead|spd|2
|-boost|p2a: Bonehead|spa|2
|cant|p1a: Mewtwo|par
|
|turn|108
|L|Talpr0ne
|
|cant|p2a: Bonehead|par
|cant|p1a: Mewtwo|par
|
|turn|109
|
|cant|p1a: Mewtwo|par
|move|p2a: Bonehead|Amnesia|p2a: Bonehead
|-boost|p2a: Bonehead|spd|2
|-boost|p2a: Bonehead|spa|2
|
|turn|110
|
|move|p1a: Mewtwo|Amnesia|p1a: Mewtwo
|-boost|p1a: Mewtwo|spd|2
|-boost|p1a: Mewtwo|spa|2
|move|p2a: Bonehead|Amnesia|p2a: Bonehead
|-boost|p2a: Bonehead|spd|2
|-boost|p2a: Bonehead|spa|2
|
|turn|111
|
|cant|p2a: Bonehead|par
|cant|p1a: Mewtwo|par
|
|turn|112
|L|Fran17
|
|cant|p1a: Mewtwo|par
|move|p2a: Bonehead|Amnesia|p2a: Bonehead
|-boost|p2a: Bonehead|spd|2
|-boost|p2a: Bonehead|spa|2
|
|turn|113
|
|cant|p1a: Mewtwo|par
|move|p2a: Bonehead|Amnesia|p2a: Bonehead
|-boost|p2a: Bonehead|spd|2
|-boost|p2a: Bonehead|spa|2
|
|turn|114
|
|move|p2a: Bonehead|Amnesia|p2a: Bonehead
|-boost|p2a: Bonehead|spd|2
|-boost|p2a: Bonehead|spa|2
|cant|p1a: Mewtwo|par
|
|turn|115
|
|move|p1a: Mewtwo|Amnesia|p1a: Mewtwo
|-boost|p1a: Mewtwo|spd|2
|-boost|p1a: Mewtwo|spa|2
|move|p2a: Bonehead|Amnesia|p2a: Bonehead
|-boost|p2a: Bonehead|spd|2
|-boost|p2a: Bonehead|spa|2
|
|turn|116
|
|move|p1a: Mewtwo|Amnesia|p1a: Mewtwo
|-boost|p1a: Mewtwo|spd|2
|-boost|p1a: Mewtwo|spa|2
|move|p2a: Bonehead|Psychic|p1a: Mewtwo
|-crit|p1a: Mewtwo
|-resisted|p1a: Mewtwo
|-damage|p1a: Mewtwo|267\/415 par
|
|turn|117
|
|move|p2a: Bonehead|Amnesia|p2a: Bonehead
|-boost|p2a: Bonehead|spd|2
|-boost|p2a: Bonehead|spa|2
|cant|p1a: Mewtwo|par
|
|turn|118
|
|move|p2a: Bonehead|Amnesia|p2a: Bonehead
|-boost|p2a: Bonehead|spd|2
|-boost|p2a: Bonehead|spa|2
|move|p1a: Mewtwo|Recover|p1a: Mewtwo
|-heal|p1a: Mewtwo|415\/415 par
|
|turn|119
|
|move|p1a: Mewtwo|Amnesia|p1a: Mewtwo
|-boost|p1a: Mewtwo|spd|2
|-boost|p1a: Mewtwo|spa|2
|cant|p2a: Bonehead|par
|
|turn|120
|
|move|p1a: Mewtwo|Amnesia|p1a: Mewtwo
|-boost|p1a: Mewtwo|spd|2
|-boost|p1a: Mewtwo|spa|2
|move|p2a: Bonehead|Recover|p2a: Bonehead
|-fail|p2a: Bonehead
|
|turn|121
|
|move|p2a: Bonehead|Recover|p2a: Bonehead
|-fail|p2a: Bonehead
|move|p1a: Mewtwo|Recover|p1a: Mewtwo
|-fail|p1a: Mewtwo
|
|turn|122
|
|move|p1a: Mewtwo|Recover|p1a: Mewtwo
|-fail|p1a: Mewtwo
|move|p2a: Bonehead|Recover|p2a: Bonehead
|-fail|p2a: Bonehead
|
|turn|123
|
|move|p1a: Mewtwo|Recover|p1a: Mewtwo
|-fail|p1a: Mewtwo
|move|p2a: Bonehead|Amnesia|p2a: Bonehead
|-boost|p2a: Bonehead|spd|2
|-boost|p2a: Bonehead|spa|2
|
|turn|124
|
|move|p2a: Bonehead|Recover|p2a: Bonehead
|-fail|p2a: Bonehead
|move|p1a: Mewtwo|Recover|p1a: Mewtwo
|-fail|p1a: Mewtwo
|
|turn|125
|
|move|p1a: Mewtwo|Recover|p1a: Mewtwo
|-fail|p1a: Mewtwo
|move|p2a: Bonehead|Recover|p2a: Bonehead
|-fail|p2a: Bonehead
|
|turn|126
|J|H&MBerkeley
|
|move|p1a: Mewtwo|Recover|p1a: Mewtwo
|-fail|p1a: Mewtwo
|move|p2a: Bonehead|Psychic|p1a: Mewtwo
|-resisted|p1a: Mewtwo
|-damage|p1a: Mewtwo|365\/415 par
|
|turn|127
|
|move|p2a: Bonehead|Recover|p2a: Bonehead
|-fail|p2a: Bonehead
|move|p1a: Mewtwo|Recover|p1a: Mewtwo
|-heal|p1a: Mewtwo|415\/415 par
|
|turn|128
|
|move|p1a: Mewtwo|Amnesia|p1a: Mewtwo
|-boost|p1a: Mewtwo|spd|2
|-boost|p1a: Mewtwo|spa|2
|move|p2a: Bonehead|Recover|p2a: Bonehead
|-fail|p2a: Bonehead
|
|turn|129
|
|move|p2a: Bonehead|Amnesia|p2a: Bonehead
|-boost|p2a: Bonehead|spd|2
|-boost|p2a: Bonehead|spa|2
|move|p1a: Mewtwo|Recover|p1a: Mewtwo
|-fail|p1a: Mewtwo
|
|turn|130
|
|move|p2a: Bonehead|Amnesia|p2a: Bonehead
|-boost|p2a: Bonehead|spd|2
|-boost|p2a: Bonehead|spa|2
|move|p1a: Mewtwo|Recover|p1a: Mewtwo
|-fail|p1a: Mewtwo
|
|turn|131
|L|H&MBerkeley
|
|move|p2a: Bonehead|Ice Beam|p1a: Mewtwo
|-damage|p1a: Mewtwo|345\/415 par
|cant|p1a: Mewtwo|par
|
|turn|132
|
|cant|p2a: Bonehead|par
|move|p1a: Mewtwo|Ice Beam|p2a: Bonehead
|-damage|p2a: Bonehead|336\/415 par
|
|turn|133
|
|move|p1a: Mewtwo|Recover|p1a: Mewtwo
|-heal|p1a: Mewtwo|415\/415 par
|cant|p2a: Bonehead|par
|
|turn|134
|
|move|p1a: Mewtwo|Recover|p1a: Mewtwo
|-fail|p1a: Mewtwo
|move|p2a: Bonehead|Psychic|p1a: Mewtwo
|-resisted|p1a: Mewtwo
|-damage|p1a: Mewtwo|358\/415 par
|-unboost|p1a: Mewtwo|spd|1
|-unboost|p1a: Mewtwo|spa|1
|
|turn|135
|c|★Lutra|can we do a pp check?
|c|★Tricking|k
|c|★Lutra|5 amnesia 5 psychic 8 recover 6 ib
|c|★Tricking|6 amnesia 13 recover 4 tb 4 ib
|
|move|p1a: Mewtwo|Recover|p1a: Mewtwo
|-heal|p1a: Mewtwo|415\/415 par
|move|p2a: Bonehead|Ice Beam|p1a: Mewtwo
|-damage|p1a: Mewtwo|345\/415 par
|
|turn|136
|J|Fran17
|
|cant|p1a: Mewtwo|par
|cant|p2a: Bonehead|par
|
|turn|137
|
|move|p2a: Bonehead|Amnesia|p2a: Bonehead
|-boost|p2a: Bonehead|spd|2
|-boost|p2a: Bonehead|spa|2
|move|p1a: Mewtwo|Recover|p1a: Mewtwo
|-heal|p1a: Mewtwo|415\/415 par
|
|turn|138
|
|switch|p2a: No Warrantee|Mew|307\/403
|cant|p1a: Mewtwo|par
|
|turn|139
|
|switch|p1a: Snorlax|Snorlax|329\/523
|move|p2a: No Warrantee|Transform|p1a: Snorlax
|-transform|p2a: No Warrantee|p1a: Snorlax
|
|turn|140
|
|move|p2a: No Warrantee|Body Slam|p1a: Snorlax
|-damage|p1a: Snorlax|196\/523
|move|p1a: Snorlax|Body Slam|p2a: No Warrantee
|-damage|p2a: No Warrantee|198\/403
|
|turn|141
|
|switch|p2a: Jynx|Jynx|294\/333 slp
|switch|p1a: Exeggutor|Exeggutor|344\/393 par
|
|turn|142
|
|switch|p2a: The Sleeper|Exeggutor|240\/393 par
|switch|p1a: Snorlax|Snorlax|196\/523
|
|turn|143
|
|move|p1a: Snorlax|Body Slam|p2a: The Sleeper
|-damage|p2a: The Sleeper|127\/393 par
|cant|p2a: The Sleeper|par
|
|turn|144
|
|switch|p2a: No Warrantee|Mew|198\/403
|move|p1a: Snorlax|Hyper Beam|p2a: No Warrantee
|-damage|p2a: No Warrantee|22\/403
|
|turn|145
|-mustrecharge|p1a: Snorlax
|-mustrecharge|p1a: Snorlax
|
|move|p2a: No Warrantee|Soft-Boiled|p2a: No Warrantee
|-heal|p2a: No Warrantee|223\/403
|cant|p1a: Snorlax|recharge
|
|turn|146
|
|move|p2a: No Warrantee|Soft-Boiled|p2a: No Warrantee
|-heal|p2a: No Warrantee|403\/403
|move|p1a: Snorlax|Self-Destruct|p2a: No Warrantee
|-crit|p2a: No Warrantee
|-damage|p2a: No Warrantee|0 fnt
|faint|p2a: No Warrantee
|faint|p1a: Snorlax
|
|switch|p2a: HERE IT CUMZ|Slowbro|153\/393
|switch|p1a: Mewtwo|Mewtwo|415\/415 par
|turn|147
|
|move|p2a: HERE IT CUMZ|Amnesia|p2a: HERE IT CUMZ
|-boost|p2a: HERE IT CUMZ|spd|2
|-boost|p2a: HERE IT CUMZ|spa|2
|move|p1a: Mewtwo|Thunderbolt|p2a: HERE IT CUMZ
|-crit|p2a: HERE IT CUMZ
|-supereffective|p2a: HERE IT CUMZ
|-damage|p2a: HERE IT CUMZ|0 fnt
|faint|p2a: HERE IT CUMZ
|c|+XvolcaronaX|uh
|c|+Big the Hedgehog|bello
|
|switch|p2a: Jynx|Jynx|294\/333 slp
|turn|148
|c|+XvolcaronaX|critking
|
|cant|p2a: Jynx|slp
|cant|p1a: Mewtwo|par
|
|turn|149
|
|cant|p2a: Jynx|slp
|move|p1a: Mewtwo|Amnesia|p1a: Mewtwo
|-boost|p1a: Mewtwo|spd|2
|-boost|p1a: Mewtwo|spa|2
|
|turn|150
|
|switch|p2a: Bonehead|Mewtwo|336\/415 par
|move|p1a: Mewtwo|Amnesia|p1a: Mewtwo
|-boost|p1a: Mewtwo|spd|2
|-boost|p1a: Mewtwo|spa|2
|
|turn|151
|
|cant|p1a: Mewtwo|par
|cant|p2a: Bonehead|par
|
|turn|152
|
|move|p2a: Bonehead|Amnesia|p2a: Bonehead
|-boost|p2a: Bonehead|spd|2
|-boost|p2a: Bonehead|spa|2
|move|p1a: Mewtwo|Ice Beam|p2a: Bonehead
|-damage|p2a: Bonehead|241\/415 par
|
|turn|153
|
|cant|p2a: Bonehead|par
|move|p1a: Mewtwo|Recover|p1a: Mewtwo
|-fail|p1a: Mewtwo
|
|turn|154
|
|move|p2a: Bonehead|Recover|p2a: Bonehead
|-heal|p2a: Bonehead|415\/415 par
|move|p1a: Mewtwo|Ice Beam|p2a: Bonehead
|-damage|p2a: Bonehead|319\/415 par
|
|turn|155
|
|cant|p2a: Bonehead|par
|move|p1a: Mewtwo|Recover|p1a: Mewtwo
|-fail|p1a: Mewtwo
|
|turn|156
|
|move|p2a: Bonehead|Recover|p2a: Bonehead
|-heal|p2a: Bonehead|415\/415 par
|move|p1a: Mewtwo|Recover|p1a: Mewtwo
|-fail|p1a: Mewtwo
|
|turn|157
|c|★Lutra|pp?
|c|★Tricking|4 amnesia
|c|★Tricking|8 recover
|c|★Tricking|3 tb
|c|★Tricking|2 ib
|c|★Lutra|3 amn 5 psy 6 rec 5 ib
|
|move|p2a: Bonehead|Psychic|p1a: Mewtwo
|-resisted|p1a: Mewtwo
|-damage|p1a: Mewtwo|371\/415 par
|cant|p1a: Mewtwo|par
|
|turn|158
|
|switch|p2a: Jynx|Jynx|294\/333 slp
|move|p1a: Mewtwo|Recover|p1a: Mewtwo
|-heal|p1a: Mewtwo|415\/415 par
|
|turn|159
|
|switch|p2a: Bonehead|Mewtwo|415\/415 par
|cant|p1a: Mewtwo|par
|
|turn|160
|
|switch|p2a: Jynx|Jynx|294\/333 slp
|move|p1a: Mewtwo|Thunderbolt|p2a: Jynx
|-damage|p2a: Jynx|47\/333 slp
|
|turn|161
|
|switch|p2a: NVR SAY DIE!|Chansey|250\/703 frz
|switch|p1a: Mew|Mew|403\/403
|
|turn|162
|
|switch|p2a: The Sleeper|Exeggutor|127\/393 par
|move|p1a: Mew|Swords Dance|p1a: Mew
|-boost|p1a: Mew|atk|2
|
|turn|163
|
|move|p1a: Mew|Body Slam|p2a: The Sleeper
|-damage|p2a: The Sleeper|0 fnt
|faint|p2a: The Sleeper
|
|switch|p2a: Bonehead|Mewtwo|415\/415 par
|turn|164
|
|move|p1a: Mew|Body Slam|p2a: Bonehead
|-crit|p2a: Bonehead
|-damage|p2a: Bonehead|278\/415 par
|move|p2a: Bonehead|Ice Beam|p1a: Mew
|-damage|p1a: Mew|306\/403
|
|turn|165
|
|move|p1a: Mew|Body Slam|p2a: Bonehead
|-damage|p2a: Bonehead|135\/415 par
|cant|p2a: Bonehead|par
|
|turn|166
|
|move|p1a: Mew|Body Slam|p2a: Bonehead
|-damage|p2a: Bonehead|3\/415 par
|move|p2a: Bonehead|Recover|p2a: Bonehead
|-heal|p2a: Bonehead|210\/415 par
|
|turn|167
|
|switch|p2a: NVR SAY DIE!|Chansey|250\/703 frz
|move|p1a: Mew|Body Slam|p2a: NVR SAY DIE!
|-crit|p2a: NVR SAY DIE!
|-damage|p2a: NVR SAY DIE!|0 fnt
|faint|p2a: NVR SAY DIE!
|
|switch|p2a: Bonehead|Mewtwo|210\/415 par
|turn|168
|
|move|p1a: Mew|Self-Destruct|p2a: Bonehead
|-damage|p2a: Bonehead|0 fnt
|faint|p2a: Bonehead
|faint|p1a: Mew
|c|★Lutra|gg
|c|★Tricking|gg
|
|switch|p2a: Jynx|Jynx|47\/333 slp
|switch|p1a: Exeggutor|Exeggutor|344\/393 par
|turn|169
|
|cant|p2a: Jynx|slp
|move|p1a: Exeggutor|Explosion|p2a: Jynx
|-damage|p2a: Jynx|0 fnt
|faint|p2a: Jynx
|faint|p1a: Exeggutor
|
|win|Tricking