|J|Bad Ass
|J|teal6
|player|p1|Bad Ass|275
|player|p2|teal6|170
|gametype|singles
|gen|1
|tier|[Gen 1] OU
|seed|40212,5826,65171,39788
|rule|Sleep Clause Mod: Limit one foe put to sleep
|rule|Freeze Clause Mod: Limit one foe frozen
|rule|Species Clause: Limit one of each Pokémon
|rule|OHKO Clause: OHKO moves are banned
|rule|Evasion Moves Clause: Evasion moves are banned
|rule|HP Percentage Mod: HP is shown in percentages
|
|start
|switch|p1a: Jynx|Jynx|333\/333
|switch|p2a: Jynx|Jynx|333\/333
|turn|1
|choice|move 3|move 2
|
|move|p1a: Jynx|Lovely Kiss|p2a: Jynx|[miss]
|-miss|p1a: Jynx
|move|p2a: Jynx|Lovely Kiss|p1a: Jynx
|-status|p1a: Jynx|slp
|
|turn|2
|J|choollio
|choice|move 1|move 4
|
|move|p2a: Jynx|Blizzard|p1a: Jynx
|-resisted|p1a: Jynx
|-damage|p1a: Jynx|264\/333 slp
|cant|p1a: Jynx|slp
|
|turn|3
|choice|move 3|move 1
|
|cant|p1a: Jynx|slp
|move|p2a: Jynx|Psychic|p1a: Jynx
|-resisted|p1a: Jynx
|-damage|p1a: Jynx|214\/333 slp
|
|turn|4
|choice|switch 5|move 1
|
|switch|p1a: Snorlax|Snorlax|523\/523
|move|p2a: Jynx|Psychic|p1a: Snorlax
|-crit|p1a: Snorlax
|-damage|p1a: Snorlax|284\/523
|-unboost|p1a: Snorlax|spd|1
|-unboost|p1a: Snorlax|spa|1
|
|turn|5
|choice|move 1|move 4
|
|move|p2a: Jynx|Blizzard|p1a: Snorlax
|-damage|p1a: Snorlax|6\/523
|move|p1a: Snorlax|Body Slam|p2a: Jynx
|-damage|p2a: Jynx|153\/333
|-status|p2a: Jynx|par
|
|turn|6
|choice|move 1|move 4
|
|move|p1a: Snorlax|Body Slam|p2a: Jynx
|-damage|p2a: Jynx|0 fnt
|faint|p2a: Jynx
|choice||switch 3
|
|switch|p2a: Tauros|Tauros|353\/353
|turn|7
|choice|switch 4|move 1
|
|switch|p1a: Cloyster|Cloyster|303\/303
|move|p2a: Tauros|Body Slam|p1a: Cloyster
|-damage|p1a: Cloyster|233\/303
|
|turn|8
|choice|move 1|move 1
|
|move|p2a: Tauros|Body Slam|p1a: Cloyster
|-damage|p1a: Cloyster|170\/303
|move|p1a: Cloyster|Blizzard|p2a: Tauros
|-damage|p2a: Tauros|195\/353
|
|turn|9
|choice|move 1|move 1
|
|move|p2a: Tauros|Body Slam|p1a: Cloyster
|-damage|p1a: Cloyster|106\/303
|move|p1a: Cloyster|Blizzard|p2a: Tauros
|-damage|p2a: Tauros|37\/353
|
|turn|10
|choice|switch 2|move 4
|
|switch|p1a: Exeggutor|Exeggutor|393\/393
|move|p2a: Tauros|Hyper Beam|p1a: Exeggutor
|-damage|p1a: Exeggutor|200\/393
|
|turn|11
|-mustrecharge|p2a: Tauros
|-mustrecharge|p2a: Tauros
|choice|move 1|move 1
|
|cant|p2a: Tauros|recharge
|move|p1a: Exeggutor|Psychic|p2a: Tauros
|-damage|p2a: Tauros|0 fnt
|faint|p2a: Tauros
|choice||switch 5
|
|switch|p2a: Exeggutor|Exeggutor|393\/393
|turn|12
|choice|move 2|move 3
|
|move|p1a: Exeggutor|Sleep Powder|p2a: Exeggutor
|-status|p2a: Exeggutor|slp
|-curestatus|p2a: Exeggutor|slp
|
|turn|13
|choice|move 2|move 3
|
|move|p2a: Exeggutor|Explosion|p1a: Exeggutor
|-damage|p1a: Exeggutor|0 fnt
|faint|p1a: Exeggutor
|faint|p2a: Exeggutor
|choice|switch 2|switch 2
|
|switch|p2a: Zapdos|Zapdos|383\/383
|switch|p1a: Cloyster|Cloyster|106\/303
|turn|14
|choice|switch 3|move 1
|
|switch|p1a: Chansey|Chansey|703\/703
|move|p2a: Zapdos|Thunderbolt|p1a: Chansey
|-crit|p1a: Chansey
|-damage|p1a: Chansey|448\/703
|
|turn|15
|choice|move 4|switch 6
|
|switch|p2a: Chansey|Chansey|703\/703
|move|p1a: Chansey|Soft-Boiled|p1a: Chansey
|-fail|p1a: Chansey
|
|turn|16
|c|★Bad Ass|uh
|c|★Bad Ass|why
|c|★teal6|the 1 in 256 chance
|c|★Bad Ass|255?
|c|★teal6|yeah
|c|★Bad Ass|lmao
|c|★teal6|its a retarded gen
|choice|move 4|move 1
|
|move|p2a: Chansey|Ice Beam|p1a: Chansey
|-damage|p1a: Chansey|380\/703
|move|p1a: Chansey|Soft-Boiled|p1a: Chansey
|-heal|p1a: Chansey|703\/703
|
|turn|17
|choice|switch 5|move 1
|
|switch|p1a: Jynx|Jynx|214\/333 slp
|move|p2a: Chansey|Ice Beam|p1a: Jynx
|-resisted|p1a: Jynx
|-damage|p1a: Jynx|174\/333 slp
|
|turn|18
|choice|move 3|move 4
|
|cant|p1a: Jynx|slp
|move|p2a: Chansey|Thunderbolt|p1a: Jynx
|-damage|p1a: Jynx|96\/333 slp
|
|turn|19
|choice|move 3|move 4
|
|-curestatus|p1a: Jynx|slp
|move|p2a: Chansey|Thunderbolt|p1a: Jynx
|-damage|p1a: Jynx|10\/333
|-status|p1a: Jynx|par
|
|turn|20
|c|★teal6|sorry for all this
|c|★Bad Ass|its rby bro
|c|★teal6|true
|choice|move 3|move 4
|
|move|p2a: Chansey|Thunderbolt|p1a: Jynx
|-damage|p1a: Jynx|0 fnt
|faint|p1a: Jynx
|choice|switch 3|
|
|switch|p1a: Cloyster|Cloyster|106\/303
|turn|21
|c|★Bad Ass|clam 4 win
|choice|move 4|switch 4
|
|switch|p2a: Snorlax|Snorlax|523\/523
|move|p1a: Cloyster|Explosion|p2a: Snorlax
|-damage|p2a: Snorlax|205\/523
|faint|p1a: Cloyster
|choice|switch 6|
|
|switch|p1a: Tauros|Tauros|353\/353
|turn|22
|choice|move 1|move 4
|
|move|p1a: Tauros|Body Slam|p2a: Snorlax
|-crit|p2a: Snorlax
|-damage|p2a: Snorlax|0 fnt
|faint|p2a: Snorlax
|c|★Bad Ass|we take those
|choice||switch 6
|
|switch|p2a: Zapdos|Zapdos|383\/383
|turn|23
|J|Navy V3
|choice|switch 5|move 4
|
|switch|p1a: Chansey|Chansey|703\/703
|move|p2a: Zapdos|Thunder Wave|p1a: Chansey
|-status|p1a: Chansey|par
|
|turn|24
|choice|move 3|move 3
|
|move|p2a: Zapdos|Drill Peck|p1a: Chansey
|-damage|p1a: Chansey|483\/703 par
|move|p1a: Chansey|Thunder Wave|p2a: Zapdos
|-status|p2a: Zapdos|par
|
|turn|25
|choice|move 4|move 2
|
|move|p2a: Zapdos|Agility|p2a: Zapdos
|-boost|p2a: Zapdos|spe|2
|move|p1a: Chansey|Soft-Boiled|p1a: Chansey
|-heal|p1a: Chansey|703\/703 par
|
|turn|26
|choice|move 1|move 3
|
|cant|p2a: Zapdos|par
|move|p1a: Chansey|Ice Beam|p2a: Zapdos
|-supereffective|p2a: Zapdos
|-damage|p2a: Zapdos|260\/383 par
|
|turn|27
|c|★Bad Ass|can u fp
|c|★Bad Ass|with agility
|c|★teal6|ye
|c|★teal6|but i am
|c|★teal6|+2 speed
|c|★Bad Ass|rofl
|c|★teal6|no -
|c|★Bad Ass|i asked it
|c|★teal6|rn
|c|★Bad Ass|right after
|c|★Bad Ass|u fp'd
|c|★teal6|ah haha
|c|★Bad Ass|yeah i knew that
|choice|move 1|move 3
|
|move|p2a: Zapdos|Drill Peck|p1a: Chansey
|-damage|p1a: Chansey|474\/703 par
|cant|p1a: Chansey|par
|
|turn|28
|choice|move 4|move 3
|
|cant|p2a: Zapdos|par
|cant|p1a: Chansey|par
|
|turn|29
|choice|move 4|move 3
|
|move|p2a: Zapdos|Drill Peck|p1a: Chansey
|-damage|p1a: Chansey|248\/703 par
|move|p1a: Chansey|Soft-Boiled|p1a: Chansey
|-heal|p1a: Chansey|599\/703 par
|
|turn|30
|choice|move 1|move 3
|
|cant|p2a: Zapdos|par
|move|p1a: Chansey|Ice Beam|p2a: Zapdos
|-supereffective|p2a: Zapdos
|-damage|p2a: Zapdos|129\/383 par
|
|turn|31
|choice|move 4|move 3
|
|cant|p2a: Zapdos|par
|move|p1a: Chansey|Soft-Boiled|p1a: Chansey
|-heal|p1a: Chansey|703\/703 par
|
|turn|32
|choice|move 1|move 3
|
|move|p2a: Zapdos|Drill Peck|p1a: Chansey
|-damage|p1a: Chansey|455\/703 par
|move|p1a: Chansey|Ice Beam|p2a: Zapdos
|-supereffective|p2a: Zapdos
|-damage|p2a: Zapdos|0 fnt
|faint|p2a: Zapdos
|choice||switch 4
|
|switch|p2a: Chansey|Chansey|703\/703
|turn|33
|choice|move 3|move 4
|
|move|p2a: Chansey|Thunderbolt|p1a: Chansey
|-damage|p1a: Chansey|381\/703 par
|move|p1a: Chansey|Thunder Wave|p2a: Chansey
|-status|p2a: Chansey|par
|
|turn|34
|c|★Bad Ass|gg
|c|★teal6|yeah wont stall this out
|choice|move 2|move 4
|
|cant|p2a: Chansey|par
|move|p1a: Chansey|Thunderbolt|p2a: Chansey
|-damage|p2a: Chansey|629\/703 par
|
|turn|35
|c|★Bad Ass|i got da boomlax
|-message|teal6 forfeited.
|
|win|Bad Ass
|L|Bad Ass
|player|p1
|L|teal6
|player|p2
|L|choollio
|L|Navy V3
|J|teal6
|player|p2|teal6|