|inactive|Battle timer is ON: inactive players will automatically lose when time's up.
|J|Alexander
|J|MetalGro$$
|player|p1|Alexander|167
|player|p2|MetalGro$$|266
|gametype|singles
|gen|1
|tier|[Gen 1] OU
|rule|Sleep Clause Mod: Limit one foe put to sleep
|rule|Freeze Clause Mod: Limit one foe frozen
|rule|Species Clause: Limit one of each Pokémon
|rule|OHKO Clause: OHKO moves are banned
|rule|Evasion Moves Clause: Evasion moves are banned
|rule|HP Percentage Mod: HP is shown in percentages
|
|start
|switch|p1a: Jolteon|Jolteon|333\/333
|switch|p2a: JIRACHEE|Jynx|333\/333
|turn|1
|J|ObeseGypsy
|J|Jirachee
|J|Evuelf
|J|op's biggest fan
|J|bomber
|J|choollio
|J|Icey Tea
|c|+Icey Tea|im here
|
|move|p1a: Jolteon|Thunder Wave|p2a: JIRACHEE
|-status|p2a: JIRACHEE|par
|move|p2a: JIRACHEE|Lovely Kiss|p1a: Jolteon
|-status|p1a: Jolteon|slp
|
|turn|2
|J|Fireburn
|J|ready2go202
|J|Atli
|
|switch|p1a: Alakazam|Alakazam|313\/313
|switch|p2a: BULL|Tauros|353\/353
|
|turn|3
|J|Live Love Lift
|J|Addison Russell
|
|switch|p2a: JIRACHEE|Jynx|333\/333 par
|move|p1a: Alakazam|Thunder Wave|p2a: JIRACHEE
|-fail|p2a: JIRACHEE|par
|
|turn|4
|
|move|p1a: Alakazam|Seismic Toss|p2a: JIRACHEE
|-damage|p2a: JIRACHEE|233\/333 par
|cant|p2a: JIRACHEE|par
|
|turn|5
|
|switch|p2a: CERBERUS|Exeggutor|393\/393
|move|p1a: Alakazam|Seismic Toss|p2a: CERBERUS
|-damage|p2a: CERBERUS|293\/393
|
|turn|6
|
|move|p1a: Alakazam|Thunder Wave|p2a: CERBERUS
|-status|p2a: CERBERUS|par
|move|p2a: CERBERUS|Stun Spore|p1a: Alakazam
|-status|p1a: Alakazam|par
|
|turn|7
|
|switch|p2a: ZORO|Snorlax|523\/523
|move|p1a: Alakazam|Seismic Toss|p2a: ZORO
|-damage|p2a: ZORO|423\/523
|
|turn|8
|
|switch|p1a: Snorlax|Snorlax|523\/523
|move|p2a: ZORO|Body Slam|p1a: Snorlax
|-damage|p1a: Snorlax|384\/523
|
|turn|9
|
|move|p2a: ZORO|Reflect|p2a: ZORO
|-start|p2a: ZORO|Reflect
|move|p1a: Snorlax|Amnesia|p1a: Snorlax
|-boost|p1a: Snorlax|spd|2
|-boost|p1a: Snorlax|spa|2
|
|turn|10
|
|move|p1a: Snorlax|Blizzard|p2a: ZORO
|-damage|p2a: ZORO|248\/523
|-status|p2a: ZORO|frz
|cant|p2a: ZORO|frz
|
|turn|11
|c|★MetalGro$$|nice
|
|switch|p2a: EGG|Chansey|703\/703
|move|p1a: Snorlax|Blizzard|p2a: EGG
|-damage|p2a: EGG|557\/703
|
|turn|12
|
|move|p2a: EGG|Ice Beam|p1a: Snorlax
|-crit|p1a: Snorlax
|-damage|p1a: Snorlax|195\/523
|move|p1a: Snorlax|Self-Destruct|p2a: EGG
|-damage|p2a: EGG|0 fnt
|faint|p2a: EGG
|faint|p1a: Snorlax
|
|switch|p1a: Zapdos|Zapdos|383\/383
|switch|p2a: CERBERUS|Exeggutor|293\/393 par
|turn|13
|
|switch|p1a: Alakazam|Alakazam|313\/313 par
|move|p2a: CERBERUS|Explosion|p1a: Alakazam
|-damage|p1a: Alakazam|0 fnt
|faint|p1a: Alakazam
|faint|p2a: CERBERUS
|
|switch|p1a: Exeggutor|Exeggutor|393\/393
|switch|p2a: JIRACHEE|Jynx|233\/333 par
|turn|14
|J|METAPHYSICAL
|
|switch|p1a: Jolteon|Jolteon|333\/333 slp
|move|p2a: JIRACHEE|Blizzard|p1a: Jolteon
|-damage|p1a: Jolteon|198\/333 slp
|
|turn|15
|J|Ren-chon
|
|cant|p1a: Jolteon|slp
|move|p2a: JIRACHEE|Rest|p2a: JIRACHEE
|-status|p2a: JIRACHEE|slp
|-heal|p2a: JIRACHEE|333\/333 slp|[silent]
|-status|p2a: JIRACHEE|slp|[from] move: Rest
|
|turn|16
|
|switch|p1a: Zapdos|Zapdos|383\/383
|cant|p2a: JIRACHEE|slp
|
|turn|17
|
|switch|p2a: ZORO|Snorlax|248\/523 frz
|move|p1a: Zapdos|Drill Peck|p2a: ZORO
|-crit|p2a: ZORO
|-damage|p2a: ZORO|25\/523 frz
|
|turn|18
|
|move|p1a: Zapdos|Agility|p1a: Zapdos
|-boost|p1a: Zapdos|spe|2
|cant|p2a: ZORO|frz
|
|turn|19
|
|move|p1a: Zapdos|Thunderbolt|p2a: ZORO
|-damage|p2a: ZORO|0 fnt
|faint|p2a: ZORO
|J|Bughouse
|
|switch|p2a: BULL|Tauros|353\/353
|turn|20
|c|+Bughouse|ALEXANDER
|
|move|p1a: Zapdos|Thunderbolt|p2a: BULL
|-damage|p2a: BULL|184\/353
|move|p2a: BULL|Body Slam|p1a: Zapdos
|-damage|p1a: Zapdos|280\/383
|-status|p1a: Zapdos|par
|
|turn|21
|
|move|p2a: BULL|Body Slam|p1a: Zapdos
|-damage|p1a: Zapdos|176\/383 par
|move|p1a: Zapdos|Thunder Wave|p2a: BULL
|-status|p2a: BULL|par
|
|turn|22
|L|METAPHYSICAL
|
|move|p1a: Zapdos|Thunderbolt|p2a: BULL
|-damage|p2a: BULL|7\/353 par
|move|p2a: BULL|Hyper Beam|p1a: Zapdos
|-crit|p1a: Zapdos
|-damage|p1a: Zapdos|0 fnt
|faint|p1a: Zapdos
|
|switch|p1a: Tauros|Tauros|353\/353
|turn|23
|
|move|p1a: Tauros|Body Slam|p2a: BULL
|-damage|p2a: BULL|0 fnt
|faint|p2a: BULL
|
|switch|p2a: FETISH|Aerodactyl|363\/363
|turn|24
|c|★MetalGro$$|:D
|
|move|p2a: FETISH|Double-Edge|p1a: Tauros
|-crit|p1a: Tauros
|-damage|p1a: Tauros|188\/353
|-damage|p2a: FETISH|322\/363|[from] recoil|[of] p1a: Tauros
|move|p1a: Tauros|Blizzard|p2a: FETISH
|-supereffective|p2a: FETISH
|-damage|p2a: FETISH|106\/363
|
|turn|25
|c|+Bughouse|lol rby aerodactyl
|
|move|p2a: FETISH|Hyper Beam|p1a: Tauros
|-crit|p1a: Tauros
|-damage|p1a: Tauros|0 fnt
|faint|p1a: Tauros
|
|switch|p1a: Exeggutor|Exeggutor|393\/393
|turn|26
|c|+Fireburn|dat crit rate
|
|switch|p2a: JIRACHEE|Jynx|333\/333 slp
|move|p1a: Exeggutor|Psychic|p2a: JIRACHEE
|-resisted|p2a: JIRACHEE
|-damage|p2a: JIRACHEE|269\/333 slp
|
|turn|27
|c|&Jirachee|u say lol
|c|+Bughouse|exploderoony
|c|&Jirachee|aerodactyl says Lol
|
|-curestatus|p2a: JIRACHEE|slp
|move|p1a: Exeggutor|Sleep Powder|p2a: JIRACHEE
|-status|p2a: JIRACHEE|slp
|
|turn|28
|
|-curestatus|p2a: JIRACHEE|slp
|move|p1a: Exeggutor|Psychic|p2a: JIRACHEE
|-resisted|p2a: JIRACHEE
|-damage|p2a: JIRACHEE|204\/333
|
|turn|29
|
|move|p2a: JIRACHEE|Blizzard|p1a: Exeggutor
|-supereffective|p1a: Exeggutor
|-damage|p1a: Exeggutor|160\/393
|move|p1a: Exeggutor|Sleep Powder|p2a: JIRACHEE
|-status|p2a: JIRACHEE|slp
|
|turn|30
|
|-curestatus|p2a: JIRACHEE|slp
|move|p1a: Exeggutor|Psychic|p2a: JIRACHEE
|-resisted|p2a: JIRACHEE
|-damage|p2a: JIRACHEE|136\/333
|
|turn|31
|c|+Bughouse|why are you not exploding oml
|c|+Fireburn|jolt is sleepin
|c|&Jirachee|?
|
|move|p2a: JIRACHEE|Blizzard|p1a: Exeggutor
|-crit|p1a: Exeggutor
|-supereffective|p1a: Exeggutor
|-damage|p1a: Exeggutor|0 fnt
|faint|p1a: Exeggutor
|
|switch|p1a: Jolteon|Jolteon|198\/333 slp
|turn|32
|c|+Bughouse|oh
|c|+Bughouse|lol
|c|+choollio|wait is that an aerodactyl
|c|&Jirachee|it is
|c|+Fireburn|ya bro
|c|+Bughouse|it didn't show up that way to me
|c|★Alexander|ye would have sent egg to the aero
|c|+Bughouse|when I hovered
|
|cant|p1a: Jolteon|slp
|move|p2a: JIRACHEE|Psychic|p1a: Jolteon
|-damage|p1a: Jolteon|98\/333 slp
|
|turn|33
|c|★Alexander|shouldve*
|
|-curestatus|p1a: Jolteon|slp
|move|p2a: JIRACHEE|Blizzard|p1a: Jolteon
|-damage|p1a: Jolteon|0 fnt
|faint|p1a: Jolteon
|
|win|MetalGro$$
|c|★MetalGro$$|gg!
|L|Bughouse
|L|Jirachee
|c|+Icey Tea|metalgrews
|c|+Icey Tea|: 3
|c|★Alexander|gg
|L|Fireburn
|L|Addison Russell
|L|Icey Tea
|c|+choollio|wow cool aerodactyl metalgross
|L|bomber
|L|Alexander
|player|p1
|J|Alexander
|L|Atli
|L|Alexander
|L|Live Love Lift
|L|ObeseGypsy
|L|Evuelf
|L|choollio
|J|Golden Gyarados
|J|Lutra
|J|Disaster Area
|L|Golden Gyarados
|L|Disaster Area
|J|Disaster Area