|J|Dice
|J|Tesung
|player|p1|Dice|134
|player|p2|Tesung|170
|gametype|singles
|gen|1
|tier|[Gen 1] OU
|seed|
|rule|Sleep Clause Mod: Limit one foe put to sleep
|rule|Freeze Clause Mod: Limit one foe frozen
|rule|Species Clause: Limit one of each Pokémon
|rule|OHKO Clause: OHKO moves are banned
|rule|Evasion Moves Clause: Evasion moves are banned
|rule|HP Percentage Mod: HP is shown in percentages
|
|start
|switch|p1a: Alakazam|Alakazam|100\/100
|switch|p2a: DOPPELSOLDNER|Gengar|100\/100
|turn|1
|choice||
|
|switch|p2a: PDC|Exeggutor|100\/100
|move|p1a: Alakazam|Psychic|p2a: PDC
|-resisted|p2a: PDC
|-damage|p2a: PDC|85\/100
|-unboost|p2a: PDC|spd|1
|-unboost|p2a: PDC|spa|1
|
|turn|2
|choice||
|
|move|p1a: Alakazam|Thunder Wave|p2a: PDC
|-status|p2a: PDC|par
|move|p2a: PDC|Sleep Powder|p1a: Alakazam
|-status|p1a: Alakazam|slp
|
|turn|3
|choice||
|
|switch|p1a: Exeggutor|Exeggutor|100\/100
|switch|p2a: SHAKEITUP|Tauros|100\/100
|
|turn|4
|choice||
|
|switch|p2a: PDC|Exeggutor|85\/100 par
|move|p1a: Exeggutor|Psychic|p2a: PDC
|-crit|p2a: PDC
|-resisted|p2a: PDC
|-damage|p2a: PDC|61\/100 par
|
|turn|5
|choice||
|
|move|p1a: Exeggutor|Psychic|p2a: PDC
|-resisted|p2a: PDC
|-damage|p2a: PDC|48\/100 par
|cant|p2a: PDC|par
|
|turn|6
|choice||
|
|switch|p1a: Alakazam|Alakazam|100\/100 slp
|move|p2a: PDC|Psychic|p1a: Alakazam
|-resisted|p1a: Alakazam
|-damage|p1a: Alakazam|85\/100 slp
|
|turn|7
|choice||
|
|-curestatus|p1a: Alakazam|slp
|move|p2a: PDC|Mega Drain|p1a: Alakazam
|-damage|p1a: Alakazam|70\/100
|-heal|p2a: PDC|54\/100 par|[from] drain|[of] p1a: Alakazam
|
|turn|8
|choice||
|
|move|p1a: Alakazam|Seismic Toss|p2a: PDC
|-damage|p2a: PDC|28\/100 par
|move|p2a: PDC|Sleep Powder|p1a: Alakazam
|-status|p1a: Alakazam|slp
|
|turn|9
|choice||
|
|cant|p1a: Alakazam|slp
|move|p2a: PDC|Explosion|p1a: Alakazam
|-damage|p1a: Alakazam|0 fnt
|faint|p1a: Alakazam
|faint|p2a: PDC
|choice||
|
|switch|p2a: DOPPELSOLDNER|Gengar|100\/100
|switch|p1a: Exeggutor|Exeggutor|100\/100
|turn|10
|choice||
|
|move|p2a: DOPPELSOLDNER|Hypnosis|p1a: Exeggutor|[miss]
|-miss|p2a: DOPPELSOLDNER
|move|p1a: Exeggutor|Sleep Powder|p2a: DOPPELSOLDNER
|-status|p2a: DOPPELSOLDNER|slp
|
|turn|11
|choice||
|
|switch|p2a: SOULGAZER|Chansey|100\/100
|move|p1a: Exeggutor|Psychic|p2a: SOULGAZER
|-damage|p2a: SOULGAZER|83\/100
|
|turn|12
|choice||
|
|switch|p1a: Chansey|Chansey|100\/100
|switch|p2a: DOPPELSOLDNER|Gengar|100\/100 slp
|
|turn|13
|choice||
|
|switch|p1a: Exeggutor|Exeggutor|100\/100
|cant|p2a: DOPPELSOLDNER|slp
|
|turn|14
|choice||
|
|switch|p2a: SOULGAZER|Chansey|83\/100
|move|p1a: Exeggutor|Psychic|p2a: SOULGAZER
|-damage|p2a: SOULGAZER|67\/100
|
|turn|15
|choice||
|
|switch|p1a: Chansey|Chansey|100\/100
|move|p2a: SOULGAZER|Soft-Boiled|p2a: SOULGAZER
|-heal|p2a: SOULGAZER|100\/100
|
|turn|16
|choice||
|
|switch|p2a: DOPPELSOLDNER|Gengar|100\/100 slp
|move|p1a: Chansey|Ice Beam|p2a: DOPPELSOLDNER
|-damage|p2a: DOPPELSOLDNER|80\/100 slp
|
|turn|17
|choice||
|
|switch|p1a: Exeggutor|Exeggutor|100\/100
|cant|p2a: DOPPELSOLDNER|slp
|
|turn|18
|choice||
|
|switch|p2a: SOULGAZER|Chansey|100\/100
|move|p1a: Exeggutor|Psychic|p2a: SOULGAZER
|-damage|p2a: SOULGAZER|84\/100
|-unboost|p2a: SOULGAZER|spd|1
|-unboost|p2a: SOULGAZER|spa|1
|
|turn|19
|choice||
|
|move|p1a: Exeggutor|Psychic|p2a: SOULGAZER
|-damage|p2a: SOULGAZER|60\/100
|move|p2a: SOULGAZER|Soft-Boiled|p2a: SOULGAZER
|-heal|p2a: SOULGAZER|100\/100
|
|turn|20
|choice||
|
|switch|p1a: Chansey|Chansey|100\/100
|move|p2a: SOULGAZER|Thunder Wave|p1a: Chansey
|-status|p1a: Chansey|par
|
|turn|21
|choice||
|
|switch|p2a: DOPPELSOLDNER|Gengar|80\/100 slp
|move|p1a: Chansey|Thunder Wave|p2a: DOPPELSOLDNER
|-fail|p2a: DOPPELSOLDNER
|
|turn|22
|choice||
|
|switch|p1a: Tauros|Tauros|100\/100
|-curestatus|p2a: DOPPELSOLDNER|slp
|
|turn|23
|choice||
|
|move|p2a: DOPPELSOLDNER|Hypnosis|p1a: Tauros|[miss]
|-miss|p2a: DOPPELSOLDNER
|move|p1a: Tauros|Earthquake|p2a: DOPPELSOLDNER
|-supereffective|p2a: DOPPELSOLDNER
|-damage|p2a: DOPPELSOLDNER|14\/100
|
|turn|24
|choice||
|
|move|p2a: DOPPELSOLDNER|Hypnosis|p1a: Tauros
|-status|p1a: Tauros|slp
|-curestatus|p1a: Tauros|slp
|
|turn|25
|choice||
|
|move|p1a: Tauros|Earthquake|p2a: DOPPELSOLDNER
|-crit|p2a: DOPPELSOLDNER
|-supereffective|p2a: DOPPELSOLDNER
|-damage|p2a: DOPPELSOLDNER|0 fnt
|faint|p2a: DOPPELSOLDNER
|c|★Tesung|fuck u gengar
|choice||
|
|switch|p2a: SHAKEITUP|Tauros|100\/100
|turn|26
|choice||
|
|move|p2a: SHAKEITUP|Blizzard|p1a: Tauros|[miss]
|-miss|p2a: SHAKEITUP
|move|p1a: Tauros|Body Slam|p2a: SHAKEITUP
|-damage|p2a: SHAKEITUP|73\/100
|
|turn|27
|choice||
|
|move|p2a: SHAKEITUP|Blizzard|p1a: Tauros
|-damage|p1a: Tauros|75\/100
|move|p1a: Tauros|Body Slam|p2a: SHAKEITUP
|-crit|p2a: SHAKEITUP
|-damage|p2a: SHAKEITUP|17\/100
|
|turn|28
|choice||
|
|move|p1a: Tauros|Body Slam|p2a: SHAKEITUP
|-crit|p2a: SHAKEITUP
|-damage|p2a: SHAKEITUP|0 fnt
|faint|p2a: SHAKEITUP
|c|★Tesung|gg
|-message|Tesung forfeited.
|
|win|Dice