|inactive|Battle timer is ON: inactive players will automatically lose when time's up.
|J|smilzo
|J|Aurious
|player|p1|smilzo|157
|player|p2|Aurious|56
|gametype|singles
|gen|1
|tier|[Gen 1] OU
|seed|26952,5547,11889,57476
|rule|Sleep Clause Mod: Limit one foe put to sleep
|rule|Freeze Clause Mod: Limit one foe frozen
|rule|Species Clause: Limit one of each Pokémon
|rule|OHKO Clause: OHKO moves are banned
|rule|Evasion Moves Clause: Evasion moves are banned
|rule|HP Percentage Mod: HP is shown in percentages
|
|start
|switch|p1a: Alakazam|Alakazam|313\/313
|switch|p2a: Jynx|Jynx|333\/333
|turn|1
|c|★Aurious|hf
|c|★smilzo|hf
|J|GOAO
|choice|move 2|move 1
|
|move|p1a: Alakazam|Thunder Wave|p2a: Jynx
|-status|p2a: Jynx|par
|move|p2a: Jynx|Lovely Kiss|p1a: Alakazam
|-status|p1a: Alakazam|slp
|
|turn|2
|choice|switch 5|move 3
|
|switch|p1a: Starmie|Starmie|323\/323
|move|p2a: Jynx|Blizzard|p1a: Starmie
|-resisted|p1a: Starmie
|-damage|p1a: Starmie|255\/323
|
|turn|3
|choice|move 3|switch 2
|
|switch|p2a: Chansey|Chansey|703\/703
|move|p1a: Starmie|Thunder Wave|p2a: Chansey
|-status|p2a: Chansey|par
|
|turn|4
|choice|switch 5|move 2
|
|switch|p1a: Alakazam|Alakazam|313\/313 slp
|move|p2a: Chansey|Thunderbolt|p1a: Alakazam
|-damage|p1a: Alakazam|253\/313 slp
|
|turn|5
|choice|switch 2|switch 5
|
|switch|p1a: Snorlax|Snorlax|523\/523
|switch|p2a: Snorlax|Snorlax|523\/523
|
|turn|6
|choice|move 2|move 2
|
|move|p2a: Snorlax|Amnesia|p2a: Snorlax
|-boost|p2a: Snorlax|spd|2
|-boost|p2a: Snorlax|spa|2
|move|p1a: Snorlax|Earthquake|p2a: Snorlax
|-crit|p2a: Snorlax
|-damage|p2a: Snorlax|304\/523
|
|turn|7
|J|hyogafodex
|L|hyogafodex
|choice|switch 4|move 4
|
|switch|p1a: Chansey|Chansey|703\/703
|move|p2a: Snorlax|Rest|p2a: Snorlax
|-status|p2a: Snorlax|slp
|-heal|p2a: Snorlax|523\/523 slp|[silent]
|-status|p2a: Snorlax|slp|[from] move: Rest
|
|turn|8
|choice|move 4|move 2
|
|move|p1a: Chansey|Seismic Toss|p2a: Snorlax
|-damage|p2a: Snorlax|423\/523 slp
|cant|p2a: Snorlax|slp
|
|turn|9
|choice|move 4|move 2
|
|move|p1a: Chansey|Seismic Toss|p2a: Snorlax
|-damage|p2a: Snorlax|323\/523 slp
|-curestatus|p2a: Snorlax|slp
|
|turn|10
|choice|move 1|move 2
|
|move|p1a: Chansey|Sing|p2a: Snorlax
|-status|p2a: Snorlax|slp
|cant|p2a: Snorlax|slp
|
|turn|11
|choice|switch 4|switch 5
|
|switch|p1a: Snorlax|Snorlax|523\/523
|switch|p2a: Chansey|Chansey|703\/703 par
|
|turn|12
|choice|move 2|move 1
|
|move|p1a: Snorlax|Earthquake|p2a: Chansey
|-damage|p2a: Chansey|465\/703 par
|move|p2a: Chansey|Ice Beam|p1a: Snorlax
|-damage|p1a: Snorlax|424\/523
|
|turn|13
|choice|move 1|switch 3
|
|switch|p2a: Exeggutor|Exeggutor|393\/393
|move|p1a: Snorlax|Body Slam|p2a: Exeggutor
|-damage|p2a: Exeggutor|277\/393
|
|turn|14
|choice|switch 2|move 3
|
|switch|p1a: Alakazam|Alakazam|253\/313 slp
|move|p2a: Exeggutor|Psychic|p1a: Alakazam
|-crit|p1a: Alakazam
|-resisted|p1a: Alakazam
|-damage|p1a: Alakazam|154\/313 slp
|-unboost|p1a: Alakazam|spd|1
|-unboost|p1a: Alakazam|spa|1
|
|turn|15
|J|IBIREVER
|choice|switch 4|move 3
|
|switch|p1a: Chansey|Chansey|703\/703
|move|p2a: Exeggutor|Psychic|p1a: Chansey
|-damage|p1a: Chansey|575\/703
|
|turn|16
|choice|move 4|move 3
|
|move|p2a: Exeggutor|Psychic|p1a: Chansey
|-damage|p1a: Chansey|464\/703
|move|p1a: Chansey|Seismic Toss|p2a: Exeggutor
|-damage|p2a: Exeggutor|177\/393
|
|turn|17
|choice|move 2|move 3
|
|move|p2a: Exeggutor|Psychic|p1a: Chansey
|-damage|p1a: Chansey|346\/703
|-unboost|p1a: Chansey|spd|1
|-unboost|p1a: Chansey|spa|1
|move|p1a: Chansey|Thunder Wave|p2a: Exeggutor
|-status|p2a: Exeggutor|par
|
|turn|18
|choice|move 3|move 4
|
|move|p1a: Chansey|Soft-Boiled|p1a: Chansey
|-heal|p1a: Chansey|697\/703
|move|p2a: Exeggutor|Explosion|p1a: Chansey
|-damage|p1a: Chansey|0 fnt
|faint|p1a: Chansey
|faint|p2a: Exeggutor
|choice|switch 2|switch 6
|
|switch|p1a: Snorlax|Snorlax|424\/523
|switch|p2a: Slowbro|Slowbro|393\/393
|turn|19
|choice|move 1|move 1
|
|move|p1a: Snorlax|Body Slam|p2a: Slowbro
|-damage|p2a: Slowbro|296\/393
|move|p2a: Slowbro|Thunder Wave|p1a: Snorlax
|-status|p1a: Snorlax|par
|
|turn|20
|choice|move 1|move 2
|
|move|p2a: Slowbro|Amnesia|p2a: Slowbro
|-boost|p2a: Slowbro|spd|2
|-boost|p2a: Slowbro|spa|2
|move|p1a: Snorlax|Body Slam|p2a: Slowbro
|-damage|p2a: Slowbro|195\/393
|
|turn|21
|choice|switch 5|move 3
|
|switch|p1a: Starmie|Starmie|255\/323
|move|p2a: Slowbro|Surf|p1a: Starmie
|-resisted|p1a: Starmie
|-damage|p1a: Starmie|160\/323
|
|turn|22
|choice|move 1|move 4
|
|move|p1a: Starmie|Thunderbolt|p2a: Slowbro
|-supereffective|p2a: Slowbro
|-damage|p2a: Slowbro|102\/393
|move|p2a: Slowbro|Rest|p2a: Slowbro
|-status|p2a: Slowbro|slp
|-heal|p2a: Slowbro|393\/393 slp|[silent]
|-status|p2a: Slowbro|slp|[from] move: Rest
|
|turn|23
|choice|move 4|move 2
|
|move|p1a: Starmie|Recover|p1a: Starmie
|-heal|p1a: Starmie|321\/323
|cant|p2a: Slowbro|slp
|
|turn|24
|choice|move 1|move 2
|
|move|p1a: Starmie|Thunderbolt|p2a: Slowbro
|-crit|p2a: Slowbro
|-supereffective|p2a: Slowbro
|-damage|p2a: Slowbro|68\/393 slp
|-curestatus|p2a: Slowbro|slp
|
|turn|25
|choice|move 1|switch 3
|
|switch|p2a: Chansey|Chansey|465\/703 par
|move|p1a: Starmie|Thunderbolt|p2a: Chansey
|-damage|p2a: Chansey|397\/703 par
|
|turn|26
|choice|switch 5|move 4
|
|switch|p1a: Snorlax|Snorlax|424\/523 par
|cant|p2a: Chansey|par
|
|turn|27
|choice|move 1|switch 3
|
|switch|p2a: Slowbro|Slowbro|68\/393
|cant|p1a: Snorlax|par
|
|turn|28
|choice|switch 5|move 4
|
|switch|p1a: Starmie|Starmie|321\/323
|move|p2a: Slowbro|Rest|p2a: Slowbro
|-status|p2a: Slowbro|slp
|-heal|p2a: Slowbro|393\/393 slp|[silent]
|-status|p2a: Slowbro|slp|[from] move: Rest
|
|turn|29
|choice|switch 5|switch 3
|
|switch|p1a: Snorlax|Snorlax|424\/523 par
|switch|p2a: Chansey|Chansey|397\/703 par
|
|turn|30
|choice|move 1|switch 3
|
|switch|p2a: Slowbro|Slowbro|393\/393 slp
|move|p1a: Snorlax|Body Slam|p2a: Slowbro
|-damage|p2a: Slowbro|293\/393 slp
|
|turn|31
|choice|move 1|move 4
|
|cant|p2a: Slowbro|slp
|move|p1a: Snorlax|Body Slam|p2a: Slowbro
|-damage|p2a: Slowbro|198\/393 slp
|
|turn|32
|choice|switch 5|move 4
|
|switch|p1a: Starmie|Starmie|321\/323
|-curestatus|p2a: Slowbro|slp
|
|turn|33
|L|IBIREVER
|choice|move 1|move 4
|
|move|p1a: Starmie|Thunderbolt|p2a: Slowbro
|-supereffective|p2a: Slowbro
|-damage|p2a: Slowbro|22\/393
|move|p2a: Slowbro|Rest|p2a: Slowbro
|-status|p2a: Slowbro|slp
|-heal|p2a: Slowbro|393\/393 slp|[silent]
|-status|p2a: Slowbro|slp|[from] move: Rest
|
|turn|34
|choice|move 1|switch 3
|
|switch|p2a: Chansey|Chansey|397\/703 par
|move|p1a: Starmie|Thunderbolt|p2a: Chansey
|-damage|p2a: Chansey|327\/703 par
|
|turn|35
|choice|switch 5|move 4
|
|switch|p1a: Snorlax|Snorlax|424\/523 par
|move|p2a: Chansey|Soft-Boiled|p2a: Chansey
|-heal|p2a: Chansey|678\/703 par
|
|turn|36
|choice|move 1|switch 3
|
|switch|p2a: Slowbro|Slowbro|393\/393 slp
|move|p1a: Snorlax|Body Slam|p2a: Slowbro
|-crit|p2a: Slowbro
|-damage|p2a: Slowbro|183\/393 slp
|
|turn|37
|choice|move 1|move 4
|
|cant|p2a: Slowbro|slp
|move|p1a: Snorlax|Body Slam|p2a: Slowbro
|-damage|p2a: Slowbro|88\/393 slp
|
|turn|38
|choice|move 1|move 4
|
|-curestatus|p2a: Slowbro|slp
|move|p1a: Snorlax|Body Slam|p2a: Slowbro
|-crit|p2a: Slowbro
|-damage|p2a: Slowbro|0 fnt
|faint|p2a: Slowbro
|c|★Aurious|god damn
|c|★smilzo|lol
|c|★smilzo|crit lax
|c|★Aurious|so unlucky
|c|★Aurious|yh
|choice||switch 4
|
|switch|p2a: Tauros|Tauros|353\/353
|turn|39
|c|★Aurious|never saw a lax critting before tho
|choice|move 1|move 1
|
|move|p2a: Tauros|Body Slam|p1a: Snorlax
|-damage|p1a: Snorlax|299\/523 par
|move|p1a: Snorlax|Body Slam|p2a: Tauros
|-damage|p2a: Tauros|248\/353
|
|turn|40
|c|★Aurious|i need a para D:
|choice|switch 3|move 1
|
|switch|p1a: Exeggutor|Exeggutor|393\/393
|move|p2a: Tauros|Body Slam|p1a: Exeggutor
|-damage|p1a: Exeggutor|283\/393
|
|turn|41
|choice|move 3|switch 2
|
|switch|p2a: Jynx|Jynx|333\/333 par
|move|p1a: Exeggutor|Psychic|p2a: Jynx
|-resisted|p2a: Jynx
|-damage|p2a: Jynx|275\/333 par
|
|turn|42
|choice|switch 5|move 3
|
|switch|p1a: Starmie|Starmie|321\/323
|move|p2a: Jynx|Blizzard|p1a: Starmie
|-resisted|p1a: Starmie
|-damage|p1a: Starmie|246\/323
|-status|p1a: Starmie|frz
|
|turn|43
|c|★smilzo|ouch
|choice|move 2|switch 2
|
|switch|p2a: Tauros|Tauros|248\/353
|cant|p1a: Starmie|frz
|
|turn|44
|choice|move 2|move 1
|
|cant|p1a: Starmie|frz
|move|p2a: Tauros|Body Slam|p1a: Starmie
|-damage|p1a: Starmie|134\/323 frz
|
|turn|45
|choice|move 1|move 1
|
|cant|p1a: Starmie|frz
|move|p2a: Tauros|Body Slam|p1a: Starmie
|-crit|p1a: Starmie
|-damage|p1a: Starmie|0 fnt
|faint|p1a: Starmie
|choice|switch 3|
|
|switch|p1a: Snorlax|Snorlax|299\/523 par
|turn|46
|choice|move 1|move 1
|
|move|p2a: Tauros|Body Slam|p1a: Snorlax
|-damage|p1a: Snorlax|170\/523 par
|cant|p1a: Snorlax|par
|
|turn|47
|choice|move 3|move 3
|
|move|p2a: Tauros|Blizzard|p1a: Snorlax
|-damage|p1a: Snorlax|75\/523 par
|move|p1a: Snorlax|Self-Destruct|p2a: Tauros
|-damage|p2a: Tauros|0 fnt
|faint|p2a: Tauros
|faint|p1a: Snorlax
|c|★Aurious|ah
|c|★Aurious|got me
|choice|switch 6|switch 3
|
|switch|p1a: Tauros|Tauros|353\/353
|switch|p2a: Chansey|Chansey|678\/703 par
|turn|48
|choice|move 1|move 3
|
|move|p1a: Tauros|Body Slam|p2a: Chansey
|-damage|p2a: Chansey|394\/703 par
|move|p2a: Chansey|Thunder Wave|p1a: Tauros
|-status|p1a: Tauros|par
|
|turn|49
|choice|move 2|move 4
|
|cant|p1a: Tauros|par
|cant|p2a: Chansey|par
|
|turn|50
|choice|move 2|move 4
|
|move|p1a: Tauros|Hyper Beam|p2a: Chansey
|-damage|p2a: Chansey|0 fnt
|faint|p2a: Chansey
|choice||switch 5
|
|switch|p2a: Snorlax|Snorlax|323\/523 slp
|turn|51
|choice|move 1|move 2
|
|cant|p2a: Snorlax|slp
|move|p1a: Tauros|Body Slam|p2a: Snorlax
|-damage|p2a: Snorlax|202\/523 slp
|
|turn|52
|choice|move 2|move 4
|
|cant|p2a: Snorlax|slp
|move|p1a: Tauros|Hyper Beam|p2a: Snorlax
|-damage|p2a: Snorlax|0 fnt
|faint|p2a: Snorlax
|choice||switch 2
|
|switch|p2a: Jynx|Jynx|275\/333 par
|turn|53
|choice|move 2|move 2
|
|move|p1a: Tauros|Hyper Beam|p2a: Jynx|[miss]
|-miss|p1a: Tauros
|cant|p2a: Jynx|par
|
|turn|54
|choice|move 2|move 2
|
|move|p1a: Tauros|Hyper Beam|p2a: Jynx
|-damage|p2a: Jynx|0 fnt
|faint|p2a: Jynx
|
|win|smilzo