|J|hodor
|J|qht
|player|p1|hodor|2
|player|p2|qht|2
|gametype|singles
|gen|1
|tier|[Gen 1] Random Battle
|seed|26655,13972,31192,36518
|rule|Sleep Clause Mod: Limit one foe put to sleep
|rule|Freeze Clause Mod: Limit one foe frozen
|rule|HP Percentage Mod: HP is shown in percentages
|
|start
|switch|p1a: Omanyte|Omanyte, L96|262\/262
|switch|p2a: Kangaskhan|Kangaskhan, L85|352\/352
|turn|1
|c|★qht|this is
|c|★qht|randbats > cc
|choice|move 2|move 1
|
|move|p2a: Kangaskhan|Earthquake|p1a: Omanyte
|-supereffective|p1a: Omanyte
|-damage|p1a: Omanyte|155\/262
|move|p1a: Omanyte|Hydro Pump|p2a: Kangaskhan
|-damage|p2a: Kangaskhan|104\/352
|
|turn|2
|choice|switch 4|switch 5
|
|switch|p2a: Wartortle|Wartortle, L85|274\/274
|switch|p1a: Dragonite|Dragonite, L85|328\/328
|
|turn|3
|choice|switch 5|move 3
|
|switch|p1a: Hypno|Hypno, L85|318\/318
|move|p2a: Wartortle|Blizzard|p1a: Hypno
|-crit|p1a: Hypno
|-damage|p1a: Hypno|202\/318
|
|turn|4
|choice|move 2|switch 5
|
|switch|p2a: Kangaskhan|Kangaskhan, L85|104\/352
|move|p1a: Hypno|Hypnosis|p2a: Kangaskhan
|-status|p2a: Kangaskhan|slp
|
|turn|5
|choice|move 3|switch 3
|
|switch|p2a: Porygon|Porygon, L85|284\/284
|move|p1a: Hypno|Thunder Wave|p2a: Porygon
|-status|p2a: Porygon|par
|
|turn|6
|choice|switch 3|move 2
|
|switch|p1a: Sandslash|Sandslash, L85|301\/301
|move|p2a: Porygon|Sharpen|p2a: Porygon
|-boost|p2a: Porygon|atk|1
|
|turn|7
|choice|move 3|move 4
|
|move|p1a: Sandslash|Substitute|p1a: Sandslash
|-start|p1a: Sandslash|Substitute
|-damage|p1a: Sandslash|226\/301
|move|p2a: Porygon|Double-Edge|p1a: Sandslash
|-end|p1a: Sandslash|Substitute
|-damage|p2a: Porygon|265\/284 par|[from] recoil|[of] p1a: Sandslash
|
|turn|8
|choice|move 1|move 4
|
|move|p1a: Sandslash|Earthquake|p2a: Porygon
|-damage|p2a: Porygon|130\/284 par
|move|p2a: Porygon|Double-Edge|p1a: Sandslash
|-damage|p1a: Sandslash|123\/301
|-damage|p2a: Porygon|105\/284 par|[from] recoil|[of] p1a: Sandslash
|
|turn|9
|choice|move 1|switch 5
|
|switch|p2a: Wartortle|Wartortle, L85|274\/274
|move|p1a: Sandslash|Earthquake|p2a: Wartortle
|-damage|p2a: Wartortle|165\/274
|
|turn|10
|choice|switch 3|move 1
|
|switch|p1a: Hypno|Hypno, L85|202\/318
|move|p2a: Wartortle|Surf|p1a: Hypno
|-damage|p1a: Hypno|131\/318
|
|turn|11
|choice|move 1|move 2
|
|move|p1a: Hypno|Psychic|p2a: Wartortle
|-damage|p2a: Wartortle|29\/274
|move|p2a: Wartortle|Body Slam|p1a: Hypno
|-damage|p1a: Hypno|76\/318
|
|turn|12
|choice|move 1|move 2
|
|move|p1a: Hypno|Psychic|p2a: Wartortle
|-damage|p2a: Wartortle|0 fnt
|faint|p2a: Wartortle
|choice||switch 6
|
|switch|p2a: Magneton|Magneton, L90|273\/273
|turn|13
|choice|switch 3|move 4
|
|switch|p1a: Sandslash|Sandslash, L85|123\/301
|move|p2a: Magneton|Double-Edge|p1a: Sandslash
|-damage|p1a: Sandslash|69\/301
|-damage|p2a: Magneton|260\/273|[from] recoil|[of] p1a: Sandslash
|
|turn|14
|choice|move 1|move 3
|
|move|p2a: Magneton|Hyper Beam|p1a: Sandslash
|-damage|p1a: Sandslash|0 fnt
|faint|p1a: Sandslash
|c|★qht|got it
|choice|switch 5|
|
|switch|p1a: Dragonite|Dragonite, L85|328\/328
|turn|15
|choice|move 3|move 2
|
|move|p1a: Dragonite|Ice Beam|p2a: Magneton
|-damage|p2a: Magneton|207\/273
|move|p2a: Magneton|Thunder Wave|p1a: Dragonite
|-status|p1a: Dragonite|par
|
|turn|16
|choice|move 2|move 1
|
|move|p2a: Magneton|Thunderbolt|p1a: Dragonite
|-damage|p1a: Dragonite|210\/328 par
|move|p1a: Dragonite|Agility|p1a: Dragonite
|-boost|p1a: Dragonite|spe|2
|
|turn|17
|choice|move 3|move 1
|
|cant|p1a: Dragonite|par
|move|p2a: Magneton|Thunderbolt|p1a: Dragonite
|-damage|p1a: Dragonite|93\/328 par
|
|turn|18
|choice|move 3|move 1
|
|move|p1a: Dragonite|Ice Beam|p2a: Magneton
|-crit|p2a: Magneton
|-damage|p2a: Magneton|101\/273
|move|p2a: Magneton|Thunderbolt|p1a: Dragonite
|-damage|p1a: Dragonite|0 fnt
|faint|p1a: Dragonite
|choice|switch 2|
|
|switch|p1a: Voltorb|Voltorb, L96|272\/272
|turn|19
|choice|move 2|switch 2
|
|switch|p2a: Golem|Golem, L79|288\/288
|move|p1a: Voltorb|Thunder Wave|p2a: Golem
|-immune|p2a: Golem|[msg]
|
|turn|20
|choice|switch 6|move 1
|
|switch|p1a: Golduck|Golduck, L85|310\/310
|move|p2a: Golem|Earthquake|p1a: Golduck
|-damage|p1a: Golduck|204\/310
|
|turn|21
|choice|move 1|switch 5
|
|switch|p2a: Porygon|Porygon, L85|105\/284 par
|move|p1a: Golduck|Amnesia|p1a: Golduck
|-boost|p1a: Golduck|spd|2
|-boost|p1a: Golduck|spa|2
|
|turn|22
|choice|move 4|move 3
|
|move|p1a: Golduck|Surf|p2a: Porygon
|-crit|p2a: Porygon
|-damage|p2a: Porygon|0 fnt
|faint|p2a: Porygon
|choice||switch 2
|
|switch|p2a: Magneton|Magneton, L90|101\/273
|turn|23
|choice|move 4|move 2
|
|move|p1a: Golduck|Surf|p2a: Magneton
|-crit|p2a: Magneton
|-damage|p2a: Magneton|0 fnt
|faint|p2a: Magneton
|choice||switch 4
|
|switch|p2a: Nidoqueen|Nidoqueen, L85|327\/327
|turn|24
|choice|move 4|move 3
|
|move|p1a: Golduck|Surf|p2a: Nidoqueen
|-supereffective|p2a: Nidoqueen
|-damage|p2a: Nidoqueen|0 fnt
|faint|p2a: Nidoqueen
|c|★qht|g_g
|c|★hodor|gg
|choice||switch 3
|
|switch|p2a: Kangaskhan|Kangaskhan, L85|104\/352 slp
|turn|25
|choice|move 4|move 1
|
|cant|p2a: Kangaskhan|slp
|move|p1a: Golduck|Surf|p2a: Kangaskhan
|-damage|p2a: Kangaskhan|0 fnt
|faint|p2a: Kangaskhan
|choice||switch 5
|
|switch|p2a: Golem|Golem, L79|288\/288
|turn|26
|c|★hodor|golduck op
|choice|move 4|move 3
|
|move|p1a: Golduck|Surf|p2a: Golem
|-crit|p2a: Golem
|-supereffective|p2a: Golem
|-damage|p2a: Golem|0 fnt
|faint|p2a: Golem
|
|win|hodor