|J|Aurious
|J|raddical
|player|p1|Aurious|1
|player|p2|raddical|282
|gametype|singles
|gen|1
|tier|[Gen 1] OU
|seed|65253,18281,43838,40009
|rule|Sleep Clause Mod: Limit one foe put to sleep
|rule|Freeze Clause Mod: Limit one foe frozen
|rule|Species Clause: Limit one of each Pokémon
|rule|OHKO Clause: OHKO moves are banned
|rule|Evasion Moves Clause: Evasion moves are banned
|rule|HP Percentage Mod: HP is shown in percentages
|
|start
|switch|p1a: Alakazam|Alakazam|313\/313
|switch|p2a: Snorlax|Snorlax|523\/523
|turn|1
|c|★Aurious|hf
|J|heavenhand
|c|★raddical|gl
|J|IB-irever
|J|im Yeray
|c|★raddical|hf
|J|Flashpoint crisis
|J|Huntail's Revenge
|J|Realistic Waters
|J|windsong
|choice|switch 6|move 2
|
|switch|p1a: Snorlax|Snorlax|523\/523
|move|p2a: Snorlax|Body Slam|p1a: Snorlax
|-damage|p1a: Snorlax|385\/523
|
|turn|2
|choice|move 4|move 2
|
|move|p2a: Snorlax|Body Slam|p1a: Snorlax
|-damage|p1a: Snorlax|239\/523
|move|p1a: Snorlax|Counter|p2a: Snorlax
|-damage|p2a: Snorlax|231\/523
|
|turn|3
|choice|move 3|switch 2
|
|switch|p2a: Gengar|Gengar|323\/323
|move|p1a: Snorlax|Self-Destruct|p2a: Gengar
|-immune|p2a: Gengar|[msg]
|faint|p1a: Snorlax
|c|★Aurious|sigh
|choice|switch 6|
|
|switch|p1a: Alakazam|Alakazam|313\/313
|turn|4
|choice|move 1|switch 5
|
|switch|p2a: Chansey|Chansey|703\/703
|move|p1a: Alakazam|Psychic|p2a: Chansey
|-damage|p2a: Chansey|565\/703
|-unboost|p2a: Chansey|spd|1
|-unboost|p2a: Chansey|spa|1
|
|turn|5
|choice|switch 4|move 2
|
|switch|p1a: Chansey|Chansey|703\/703
|move|p2a: Chansey|Thunder Wave|p1a: Chansey
|-status|p1a: Chansey|par
|
|turn|6
|choice|move 4|switch 2
|
|switch|p2a: Snorlax|Snorlax|231\/523
|move|p1a: Chansey|Ice Beam|p2a: Snorlax
|-damage|p2a: Snorlax|124\/523
|
|turn|7
|choice|switch 5|move 2
|
|switch|p1a: Exeggutor|Exeggutor|393\/393
|move|p2a: Snorlax|Body Slam|p1a: Exeggutor
|-damage|p1a: Exeggutor|276\/393
|-status|p1a: Exeggutor|par
|
|turn|8
|J|BKC
|choice|move 1|move 2
|
|move|p2a: Snorlax|Body Slam|p1a: Exeggutor
|-damage|p1a: Exeggutor|157\/393 par
|move|p1a: Exeggutor|Sleep Powder|p2a: Snorlax
|-status|p2a: Snorlax|slp
|
|turn|9
|choice|move 3|move 2
|
|cant|p2a: Snorlax|slp
|move|p1a: Exeggutor|Psychic|p2a: Snorlax
|-damage|p2a: Snorlax|0 fnt
|faint|p2a: Snorlax
|J|LoD Hadar
|choice||switch 3
|
|switch|p2a: Persian|Persian|333\/333
|turn|10
|choice|switch 2|move 1
|
|switch|p1a: Zapdos|Zapdos|383\/383
|move|p2a: Persian|Slash|p1a: Zapdos
|-crit|p1a: Zapdos
|-damage|p1a: Zapdos|236\/383
|
|turn|11
|c|★Aurious|nice crit man
|choice|move 3|switch 2
|
|switch|p2a: Chansey|Chansey|565\/703
|move|p1a: Zapdos|Drill Peck|p2a: Chansey
|-crit|p2a: Chansey
|-damage|p2a: Chansey|88\/703
|
|turn|12
|choice|move 3|switch 6
|
|switch|p2a: Jolteon|Jolteon|333\/333
|move|p1a: Zapdos|Drill Peck|p2a: Jolteon
|-resisted|p2a: Jolteon
|-damage|p2a: Jolteon|277\/333
|
|turn|13
|choice|move 2|move 2
|
|move|p2a: Jolteon|Thunder Wave|p1a: Zapdos
|-status|p1a: Zapdos|par
|move|p1a: Zapdos|Thunder Wave|p2a: Jolteon
|-status|p2a: Jolteon|par
|
|turn|14
|choice|switch 5|move 1
|
|switch|p1a: Chansey|Chansey|703\/703 par
|cant|p2a: Jolteon|par
|
|turn|15
|choice|move 4|move 4
|
|move|p2a: Jolteon|Double Kick|p1a: Chansey
|-supereffective|p1a: Chansey
|-damage|p1a: Chansey|609\/703 par
|-damage|p1a: Chansey|515\/703 par
|-hitcount|p1a: Chansey|2
|move|p1a: Chansey|Ice Beam|p2a: Jolteon
|-damage|p2a: Jolteon|199\/333 par
|
|turn|16
|choice|move 1|switch 6
|
|switch|p2a: Chansey|Chansey|88\/703
|move|p1a: Chansey|Soft-Boiled|p1a: Chansey
|-heal|p1a: Chansey|703\/703 par
|
|turn|17
|choice|move 4|move 4
|
|move|p2a: Chansey|Soft-Boiled|p2a: Chansey
|-heal|p2a: Chansey|439\/703
|cant|p1a: Chansey|par
|
|turn|18
|choice|move 4|move 4
|
|move|p2a: Chansey|Soft-Boiled|p2a: Chansey
|-heal|p2a: Chansey|703\/703
|move|p1a: Chansey|Ice Beam|p2a: Chansey
|-damage|p2a: Chansey|631\/703
|
|turn|19
|choice|move 4|move 3
|
|move|p2a: Chansey|Seismic Toss|p1a: Chansey
|-damage|p1a: Chansey|603\/703 par
|move|p1a: Chansey|Ice Beam|p2a: Chansey
|-damage|p2a: Chansey|551\/703
|
|turn|20
|choice|move 4|move 3
|
|move|p2a: Chansey|Seismic Toss|p1a: Chansey
|-damage|p1a: Chansey|503\/703 par
|cant|p1a: Chansey|par
|
|turn|21
|choice|move 4|move 3
|
|move|p2a: Chansey|Seismic Toss|p1a: Chansey
|-damage|p1a: Chansey|403\/703 par
|move|p1a: Chansey|Ice Beam|p2a: Chansey
|-damage|p2a: Chansey|474\/703
|
|turn|22
|choice|move 1|switch 2
|
|switch|p2a: Persian|Persian|333\/333
|move|p1a: Chansey|Soft-Boiled|p1a: Chansey
|-heal|p1a: Chansey|703\/703 par
|
|turn|23
|choice|move 2|switch 2
|
|switch|p2a: Chansey|Chansey|474\/703
|cant|p1a: Chansey|par
|
|turn|24
|choice|move 4|move 4
|
|move|p2a: Chansey|Soft-Boiled|p2a: Chansey
|-heal|p2a: Chansey|703\/703
|move|p1a: Chansey|Ice Beam|p2a: Chansey
|-damage|p2a: Chansey|633\/703
|
|turn|25
|choice|move 4|move 3
|
|move|p2a: Chansey|Seismic Toss|p1a: Chansey
|-damage|p1a: Chansey|603\/703 par
|move|p1a: Chansey|Ice Beam|p2a: Chansey
|-crit|p2a: Chansey
|-damage|p2a: Chansey|494\/703
|
|turn|26
|choice|move 4|move 3
|
|move|p2a: Chansey|Seismic Toss|p1a: Chansey
|-damage|p1a: Chansey|503\/703 par
|move|p1a: Chansey|Ice Beam|p2a: Chansey
|-damage|p2a: Chansey|422\/703
|
|turn|27
|choice|move 4|move 3
|
|move|p2a: Chansey|Seismic Toss|p1a: Chansey
|-damage|p1a: Chansey|403\/703 par
|move|p1a: Chansey|Ice Beam|p2a: Chansey
|-damage|p2a: Chansey|343\/703
|
|turn|28
|choice|move 1|move 4
|
|move|p2a: Chansey|Soft-Boiled|p2a: Chansey
|-heal|p2a: Chansey|694\/703
|move|p1a: Chansey|Soft-Boiled|p1a: Chansey
|-heal|p1a: Chansey|703\/703 par
|
|turn|29
|choice|move 4|move 3
|
|move|p2a: Chansey|Seismic Toss|p1a: Chansey
|-damage|p1a: Chansey|603\/703 par
|move|p1a: Chansey|Ice Beam|p2a: Chansey
|-damage|p2a: Chansey|621\/703
|
|turn|30
|choice|move 4|move 3
|
|move|p2a: Chansey|Seismic Toss|p1a: Chansey
|-damage|p1a: Chansey|503\/703 par
|move|p1a: Chansey|Ice Beam|p2a: Chansey
|-crit|p2a: Chansey
|-damage|p2a: Chansey|471\/703
|
|turn|31
|choice|move 4|move 3
|
|move|p2a: Chansey|Seismic Toss|p1a: Chansey
|-damage|p1a: Chansey|403\/703 par
|move|p1a: Chansey|Ice Beam|p2a: Chansey
|-damage|p2a: Chansey|400\/703
|
|turn|32
|choice|move 1|move 4
|
|move|p2a: Chansey|Soft-Boiled|p2a: Chansey
|-heal|p2a: Chansey|703\/703
|move|p1a: Chansey|Soft-Boiled|p1a: Chansey
|-heal|p1a: Chansey|703\/703 par
|
|turn|33
|choice|move 4|move 3
|
|move|p2a: Chansey|Seismic Toss|p1a: Chansey
|-damage|p1a: Chansey|603\/703 par
|move|p1a: Chansey|Ice Beam|p2a: Chansey
|-damage|p2a: Chansey|625\/703
|
|turn|34
|choice|move 4|switch 6
|
|switch|p2a: Jolteon|Jolteon|199\/333 par
|move|p1a: Chansey|Ice Beam|p2a: Jolteon
|-damage|p2a: Jolteon|123\/333 par
|
|turn|35
|choice|move 3|move 1
|
|move|p2a: Jolteon|Thunderbolt|p1a: Chansey
|-crit|p1a: Chansey
|-damage|p1a: Chansey|371\/703 par
|move|p1a: Chansey|Thunderbolt|p2a: Jolteon
|-resisted|p2a: Jolteon
|-damage|p2a: Jolteon|86\/333 par
|
|turn|36
|choice|move 1|switch 6
|
|switch|p2a: Chansey|Chansey|625\/703
|move|p1a: Chansey|Soft-Boiled|p1a: Chansey
|-heal|p1a: Chansey|703\/703 par
|
|turn|37
|choice|move 3|move 3
|
|move|p2a: Chansey|Seismic Toss|p1a: Chansey
|-damage|p1a: Chansey|603\/703 par
|move|p1a: Chansey|Thunderbolt|p2a: Chansey
|-damage|p2a: Chansey|546\/703
|
|turn|38
|choice|move 4|move 3
|
|move|p2a: Chansey|Seismic Toss|p1a: Chansey
|-damage|p1a: Chansey|503\/703 par
|cant|p1a: Chansey|par
|
|turn|39
|choice|move 4|move 3
|
|move|p2a: Chansey|Seismic Toss|p1a: Chansey
|-damage|p1a: Chansey|403\/703 par
|move|p1a: Chansey|Ice Beam|p2a: Chansey
|-damage|p2a: Chansey|467\/703
|
|turn|40
|J|THEIRONKENYAN
|choice|move 1|move 4
|
|move|p2a: Chansey|Soft-Boiled|p2a: Chansey
|-heal|p2a: Chansey|703\/703
|move|p1a: Chansey|Soft-Boiled|p1a: Chansey
|-heal|p1a: Chansey|703\/703 par
|
|turn|41
|choice|move 4|switch 6
|
|switch|p2a: Jolteon|Jolteon|86\/333 par
|move|p1a: Chansey|Ice Beam|p2a: Jolteon
|-damage|p2a: Jolteon|12\/333 par
|
|turn|42
|J|Tricking
|choice|move 3|move 4
|
|cant|p2a: Jolteon|par
|cant|p1a: Chansey|par
|
|turn|43
|choice|move 3|move 4
|
|cant|p2a: Jolteon|par
|cant|p1a: Chansey|par
|
|turn|44
|choice|move 3|move 4
|
|move|p2a: Jolteon|Double Kick|p1a: Chansey
|-supereffective|p1a: Chansey
|-damage|p1a: Chansey|597\/703 par
|-damage|p1a: Chansey|491\/703 par
|-hitcount|p1a: Chansey|2
|cant|p1a: Chansey|par
|
|turn|45
|choice|move 1|move 4
|
|move|p2a: Jolteon|Double Kick|p1a: Chansey
|-crit|p1a: Chansey
|-supereffective|p1a: Chansey
|-damage|p1a: Chansey|297\/703 par
|-damage|p1a: Chansey|103\/703 par
|-hitcount|p1a: Chansey|2
|move|p1a: Chansey|Soft-Boiled|p1a: Chansey
|-heal|p1a: Chansey|454\/703 par
|
|turn|46
|choice|move 1|move 4
|
|move|p2a: Jolteon|Double Kick|p1a: Chansey
|-crit|p1a: Chansey
|-supereffective|p1a: Chansey
|-damage|p1a: Chansey|272\/703 par
|-damage|p1a: Chansey|90\/703 par
|-hitcount|p1a: Chansey|2
|cant|p1a: Chansey|par
|
|turn|47
|c|★Aurious|sigh
|choice|move 1|move 1
|
|cant|p2a: Jolteon|par
|move|p1a: Chansey|Soft-Boiled|p1a: Chansey
|-heal|p1a: Chansey|441\/703 par
|
|turn|48
|c|★raddical|ajj
|choice|move 1|move 4
|
|move|p2a: Jolteon|Double Kick|p1a: Chansey
|-supereffective|p1a: Chansey
|-damage|p1a: Chansey|336\/703 par
|-damage|p1a: Chansey|231\/703 par
|-hitcount|p1a: Chansey|2
|cant|p1a: Chansey|par
|
|turn|49
|choice|move 1|move 4
|
|move|p2a: Jolteon|Double Kick|p1a: Chansey
|-supereffective|p1a: Chansey
|-damage|p1a: Chansey|135\/703 par
|-damage|p1a: Chansey|39\/703 par
|-hitcount|p1a: Chansey|2
|move|p1a: Chansey|Soft-Boiled|p1a: Chansey
|-heal|p1a: Chansey|390\/703 par
|
|turn|50
|choice|move 1|move 4
|
|move|p2a: Jolteon|Double Kick|p1a: Chansey
|-supereffective|p1a: Chansey
|-damage|p1a: Chansey|285\/703 par
|-damage|p1a: Chansey|180\/703 par
|-hitcount|p1a: Chansey|2
|move|p1a: Chansey|Soft-Boiled|p1a: Chansey
|-heal|p1a: Chansey|531\/703 par
|
|turn|51
|choice|move 3|move 4
|
|move|p2a: Jolteon|Double Kick|p1a: Chansey
|-supereffective|p1a: Chansey
|-damage|p1a: Chansey|433\/703 par
|-damage|p1a: Chansey|335\/703 par
|-hitcount|p1a: Chansey|2
|move|p1a: Chansey|Thunderbolt|p2a: Jolteon
|-resisted|p2a: Jolteon
|-damage|p2a: Jolteon|0 fnt
|faint|p2a: Jolteon
|choice||switch 2
|
|switch|p2a: Persian|Persian|333\/333
|turn|52
|L|THEIRONKENYAN
|choice|switch 2|move 1
|
|switch|p1a: Exeggutor|Exeggutor|157\/393 par
|move|p2a: Persian|Slash|p1a: Exeggutor
|-crit|p1a: Exeggutor
|-damage|p1a: Exeggutor|19\/393 par
|
|turn|53
|choice|move 4|move 1
|
|move|p2a: Persian|Slash|p1a: Exeggutor
|-crit|p1a: Exeggutor
|-damage|p1a: Exeggutor|0 fnt
|faint|p1a: Exeggutor
|J|bilo mi je drago
|choice|switch 5|
|
|switch|p1a: Zapdos|Zapdos|236\/383 par
|turn|54
|choice|move 2|move 3
|
|move|p2a: Persian|Hyper Beam|p1a: Zapdos
|-crit|p1a: Zapdos
|-damage|p1a: Zapdos|0 fnt
|faint|p1a: Zapdos
|c|+windsong|nice format
|c|★Aurious|nooo
|choice|switch 4|
|
|switch|p1a: Alakazam|Alakazam|313\/313
|turn|55
|choice|move 4|switch 6
|
|switch|p2a: Chansey|Chansey|703\/703
|move|p1a: Alakazam|Thunder Wave|p2a: Chansey
|-status|p2a: Chansey|par
|
|turn|56
|choice|switch 2|move 2
|
|switch|p1a: Chansey|Chansey|335\/703 par
|move|p2a: Chansey|Thunder Wave|p1a: Chansey
|-fail|p1a: Chansey|par
|
|turn|57
|choice|move 1|move 1
|
|move|p2a: Chansey|Ice Beam|p1a: Chansey
|-damage|p1a: Chansey|255\/703 par
|move|p1a: Chansey|Soft-Boiled|p1a: Chansey
|-heal|p1a: Chansey|606\/703 par
|
|turn|58
|choice|move 3|switch 4
|
|switch|p2a: Dragonite|Dragonite|385\/385
|move|p1a: Chansey|Thunderbolt|p2a: Dragonite
|-damage|p2a: Dragonite|306\/385
|-status|p2a: Dragonite|par
|
|turn|59
|choice|move 3|move 1
|
|move|p2a: Dragonite|Agility|p2a: Dragonite
|-boost|p2a: Dragonite|spe|2
|cant|p1a: Chansey|par
|
|turn|60
|choice|move 3|move 2
|
|cant|p2a: Dragonite|par
|move|p1a: Chansey|Thunderbolt|p2a: Dragonite
|-damage|p2a: Dragonite|232\/385 par
|
|turn|61
|choice|move 3|move 2
|
|move|p2a: Dragonite|Wrap|p1a: Chansey
|-damage|p1a: Chansey|565\/703 par
|-activate|p1a: Chansey|move: Wrap|[of] p2a: Dragonite
|cant|p1a: Chansey|partiallytrapped
|
|turn|62
|choice|switch 2|move 2
|
|switch|p1a: Alakazam|Alakazam|313\/313
|move|p2a: Dragonite|Wrap|p1a: Alakazam
|-damage|p1a: Alakazam|288\/313
|-activate|p1a: Alakazam|move: Wrap|[of] p2a: Dragonite
|
|turn|63
|choice|move 1|move 2
|
|move|p2a: Dragonite|Wrap|p1a: Alakazam
|-damage|p1a: Alakazam|263\/313
|cant|p1a: Alakazam|partiallytrapped
|
|turn|64
|choice|switch 2|move 2
|
|switch|p1a: Chansey|Chansey|565\/703 par
|move|p2a: Dragonite|Wrap|p1a: Chansey
|-damage|p1a: Chansey|528\/703 par
|-activate|p1a: Chansey|move: Wrap|[of] p2a: Dragonite
|
|turn|65
|choice|switch 2|move 2
|
|switch|p1a: Alakazam|Alakazam|263\/313
|move|p2a: Dragonite|Wrap|p1a: Alakazam
|-damage|p1a: Alakazam|241\/313
|-activate|p1a: Alakazam|move: Wrap|[of] p2a: Dragonite
|
|turn|66
|choice|switch 2|move 2
|
|switch|p1a: Chansey|Chansey|528\/703 par
|move|p2a: Dragonite|Wrap|p1a: Chansey
|-damage|p1a: Chansey|486\/703 par
|-activate|p1a: Chansey|move: Wrap|[of] p2a: Dragonite
|
|turn|67
|choice|switch 2|move 2
|
|switch|p1a: Alakazam|Alakazam|241\/313
|move|p2a: Dragonite|Wrap|p1a: Alakazam
|-damage|p1a: Alakazam|216\/313
|-activate|p1a: Alakazam|move: Wrap|[of] p2a: Dragonite
|
|turn|68
|choice|switch 2|move 2
|
|switch|p1a: Chansey|Chansey|486\/703 par
|move|p2a: Dragonite|Wrap|p1a: Chansey
|-damage|p1a: Chansey|446\/703 par
|-activate|p1a: Chansey|move: Wrap|[of] p2a: Dragonite
|
|turn|69
|choice|switch 2|move 2
|
|switch|p1a: Alakazam|Alakazam|216\/313
|move|p2a: Dragonite|Wrap|p1a: Alakazam
|-damage|p1a: Alakazam|194\/313
|-activate|p1a: Alakazam|move: Wrap|[of] p2a: Dragonite
|
|turn|70
|c|+windsong|get
|c|+windsong|wrapped
|choice|switch 2|move 2
|
|switch|p1a: Chansey|Chansey|446\/703 par
|cant|p2a: Dragonite|par
|
|turn|71
|choice|switch 2|move 2
|
|switch|p1a: Alakazam|Alakazam|194\/313
|cant|p2a: Dragonite|par
|
|turn|72
|J|amberrlamps
|choice|move 1|move 2
|
|move|p2a: Dragonite|Wrap|p1a: Alakazam
|-damage|p1a: Alakazam|168\/313
|-activate|p1a: Alakazam|move: Wrap|[of] p2a: Dragonite
|cant|p1a: Alakazam|partiallytrapped
|
|turn|73
|choice|switch 2|move 2
|
|switch|p1a: Chansey|Chansey|446\/703 par
|move|p2a: Dragonite|Wrap|p1a: Chansey
|-damage|p1a: Chansey|408\/703 par
|-activate|p1a: Chansey|move: Wrap|[of] p2a: Dragonite
|
|turn|74
|L|amberrlamps
|J|HellPowna
|choice|switch 2|move 2
|
|switch|p1a: Alakazam|Alakazam|168\/313
|move|p2a: Dragonite|Wrap|p1a: Alakazam
|-crit|p1a: Alakazam
|-damage|p1a: Alakazam|122\/313
|-activate|p1a: Alakazam|move: Wrap|[of] p2a: Dragonite
|
|turn|75
|choice|switch 2|move 2
|
|switch|p1a: Chansey|Chansey|408\/703 par
|move|p2a: Dragonite|Wrap|p1a: Chansey
|-damage|p1a: Chansey|365\/703 par
|-activate|p1a: Chansey|move: Wrap|[of] p2a: Dragonite
|
|turn|76
|choice|switch 2|move 2
|
|switch|p1a: Alakazam|Alakazam|122\/313
|cant|p2a: Dragonite|par
|
|turn|77
|choice|move 3|move 2
|
|move|p2a: Dragonite|Wrap|p1a: Alakazam
|-crit|p1a: Alakazam
|-damage|p1a: Alakazam|80\/313
|-activate|p1a: Alakazam|move: Wrap|[of] p2a: Dragonite
|cant|p1a: Alakazam|partiallytrapped
|
|turn|78
|choice|switch 2|move 2
|
|switch|p1a: Chansey|Chansey|365\/703 par
|move|p2a: Dragonite|Wrap|p1a: Chansey
|-damage|p1a: Chansey|325\/703 par
|-activate|p1a: Chansey|move: Wrap|[of] p2a: Dragonite
|
|turn|79
|choice|switch 3|move 2
|
|switch|p1a: Tauros|Tauros|353\/353
|move|p2a: Dragonite|Wrap|p1a: Tauros
|-damage|p1a: Tauros|339\/353
|-activate|p1a: Tauros|move: Wrap|[of] p2a: Dragonite
|
|turn|80
|choice|switch 2|move 2
|
|switch|p1a: Alakazam|Alakazam|80\/313
|cant|p2a: Dragonite|par
|
|turn|81
|choice|move 3|move 2
|
|cant|p2a: Dragonite|par
|move|p1a: Alakazam|Recover|p1a: Alakazam
|-heal|p1a: Alakazam|236\/313
|
|turn|82
|choice|move 1|move 2
|
|move|p2a: Dragonite|Wrap|p1a: Alakazam
|-damage|p1a: Alakazam|214\/313
|-activate|p1a: Alakazam|move: Wrap|[of] p2a: Dragonite
|cant|p1a: Alakazam|partiallytrapped
|
|turn|83
|J|Lusch
|choice|switch 2|move 2
|
|switch|p1a: Tauros|Tauros|339\/353
|move|p2a: Dragonite|Wrap|p1a: Tauros
|-damage|p1a: Tauros|323\/353
|-activate|p1a: Tauros|move: Wrap|[of] p2a: Dragonite
|
|turn|84
|choice|switch 2|move 2
|
|switch|p1a: Alakazam|Alakazam|214\/313
|cant|p2a: Dragonite|par
|
|turn|85
|L|Lusch
|choice|move 1|move 2
|
|cant|p2a: Dragonite|par
|move|p1a: Alakazam|Psychic|p2a: Dragonite
|-damage|p2a: Dragonite|103\/385 par
|-unboost|p2a: Dragonite|spd|1
|-unboost|p2a: Dragonite|spa|1
|
|turn|86
|choice|move 1|move 2
|
|move|p1a: Alakazam|Psychic|p2a: Dragonite
|-damage|p2a: Dragonite|0 fnt
|faint|p2a: Dragonite
|choice||switch 4
|
|switch|p2a: Chansey|Chansey|703\/703 par
|turn|87
|J|Lusch
|choice|switch 3|switch 6
|
|switch|p1a: Chansey|Chansey|325\/703 par
|switch|p2a: Persian|Persian|333\/333
|
|turn|88
|choice|move 2|move 1
|
|move|p2a: Persian|Slash|p1a: Chansey
|-crit|p1a: Chansey
|-damage|p1a: Chansey|0 fnt
|faint|p1a: Chansey
|choice|switch 3|
|
|switch|p1a: Alakazam|Alakazam|214\/313
|turn|89
|choice|move 4|switch 6
|
|switch|p2a: Chansey|Chansey|703\/703 par
|move|p1a: Alakazam|Thunder Wave|p2a: Chansey
|-fail|p2a: Chansey|par
|
|turn|90
|choice|move 3|move 2
|
|move|p1a: Alakazam|Recover|p1a: Alakazam
|-heal|p1a: Alakazam|313\/313
|move|p2a: Chansey|Thunder Wave|p1a: Alakazam
|-status|p1a: Alakazam|par
|
|turn|91
|choice|move 1|move 3
|
|move|p1a: Alakazam|Psychic|p2a: Chansey
|-damage|p2a: Chansey|568\/703 par
|-unboost|p2a: Chansey|spd|1
|-unboost|p2a: Chansey|spa|1
|move|p2a: Chansey|Seismic Toss|p1a: Alakazam
|-damage|p1a: Alakazam|213\/313 par
|
|turn|92
|choice|move 3|move 3
|
|move|p1a: Alakazam|Recover|p1a: Alakazam
|-heal|p1a: Alakazam|313\/313 par
|move|p2a: Chansey|Seismic Toss|p1a: Alakazam
|-damage|p1a: Alakazam|213\/313 par
|
|turn|93
|choice|move 1|move 4
|
|move|p1a: Alakazam|Psychic|p2a: Chansey
|-damage|p2a: Chansey|376\/703 par
|move|p2a: Chansey|Soft-Boiled|p2a: Chansey
|-heal|p2a: Chansey|703\/703 par
|
|turn|94
|choice|move 1|move 1
|
|move|p1a: Alakazam|Psychic|p2a: Chansey
|-crit|p2a: Chansey
|-damage|p2a: Chansey|453\/703 par
|move|p2a: Chansey|Ice Beam|p1a: Alakazam
|-damage|p1a: Alakazam|175\/313 par
|
|turn|95
|choice|move 3|move 4
|
|move|p1a: Alakazam|Recover|p1a: Alakazam
|-heal|p1a: Alakazam|313\/313 par
|move|p2a: Chansey|Soft-Boiled|p2a: Chansey
|-heal|p2a: Chansey|703\/703 par
|
|turn|96
|choice|move 1|move 3
|
|move|p1a: Alakazam|Psychic|p2a: Chansey
|-damage|p2a: Chansey|509\/703 par
|move|p2a: Chansey|Seismic Toss|p1a: Alakazam
|-damage|p1a: Alakazam|213\/313 par
|
|turn|97
|choice|move 1|move 4
|
|move|p1a: Alakazam|Psychic|p2a: Chansey
|-damage|p2a: Chansey|318\/703 par
|-unboost|p2a: Chansey|spd|1
|-unboost|p2a: Chansey|spa|1
|move|p2a: Chansey|Soft-Boiled|p2a: Chansey
|-heal|p2a: Chansey|669\/703 par
|
|turn|98
|choice|move 1|switch 6
|
|switch|p2a: Persian|Persian|333\/333
|move|p1a: Alakazam|Psychic|p2a: Persian
|-crit|p2a: Persian
|-damage|p2a: Persian|0 fnt
|faint|p2a: Persian
|choice||switch 6
|
|switch|p2a: Chansey|Chansey|669\/703 par
|turn|99
|choice|move 3|move 3
|
|move|p1a: Alakazam|Recover|p1a: Alakazam
|-heal|p1a: Alakazam|313\/313 par
|move|p2a: Chansey|Seismic Toss|p1a: Alakazam
|-damage|p1a: Alakazam|213\/313 par
|
|turn|100
|choice|move 1|move 1
|
|cant|p1a: Alakazam|par
|move|p2a: Chansey|Ice Beam|p1a: Alakazam
|-damage|p1a: Alakazam|151\/313 par
|
|turn|101
|choice|move 3|move 1
|
|cant|p1a: Alakazam|par
|move|p2a: Chansey|Ice Beam|p1a: Alakazam
|-damage|p1a: Alakazam|84\/313 par
|
|turn|102
|choice|move 3|move 3
|
|move|p1a: Alakazam|Recover|p1a: Alakazam
|-heal|p1a: Alakazam|240\/313 par
|move|p2a: Chansey|Seismic Toss|p1a: Alakazam
|-damage|p1a: Alakazam|140\/313 par
|
|turn|103
|choice|move 3|move 1
|
|cant|p1a: Alakazam|par
|move|p2a: Chansey|Ice Beam|p1a: Alakazam
|-damage|p1a: Alakazam|81\/313 par
|
|turn|104
|choice|move 3|move 3
|
|move|p1a: Alakazam|Recover|p1a: Alakazam
|-heal|p1a: Alakazam|237\/313 par
|move|p2a: Chansey|Seismic Toss|p1a: Alakazam
|-damage|p1a: Alakazam|137\/313 par
|
|turn|105
|choice|move 3|move 3
|
|move|p1a: Alakazam|Recover|p1a: Alakazam
|-heal|p1a: Alakazam|293\/313 par
|cant|p2a: Chansey|par
|
|turn|106
|choice|move 1|move 1
|
|cant|p1a: Alakazam|par
|cant|p2a: Chansey|par
|
|turn|107
|choice|move 1|move 1
|
|cant|p1a: Alakazam|par
|cant|p2a: Chansey|par
|
|turn|108
|choice|move 1|move 1
|
|move|p1a: Alakazam|Psychic|p2a: Chansey
|-crit|p2a: Chansey
|-damage|p2a: Chansey|411\/703 par
|cant|p2a: Chansey|par
|
|turn|109
|choice|move 1|move 4
|
|cant|p1a: Alakazam|par
|cant|p2a: Chansey|par
|
|turn|110
|L|HellPowna
|choice|move 2|move 4
|
|move|p1a: Alakazam|Seismic Toss|p2a: Chansey
|-damage|p2a: Chansey|311\/703 par
|cant|p2a: Chansey|par
|
|turn|111
|choice|move 2|move 4
|
|move|p1a: Alakazam|Seismic Toss|p2a: Chansey
|-damage|p2a: Chansey|211\/703 par
|move|p2a: Chansey|Soft-Boiled|p2a: Chansey
|-heal|p2a: Chansey|562\/703 par
|
|turn|112
|choice|move 2|move 4
|
|move|p1a: Alakazam|Seismic Toss|p2a: Chansey
|-damage|p2a: Chansey|462\/703 par
|move|p2a: Chansey|Soft-Boiled|p2a: Chansey
|-heal|p2a: Chansey|703\/703 par
|
|turn|113
|L|Tricking
|choice|move 2|move 3
|
|move|p1a: Alakazam|Seismic Toss|p2a: Chansey
|-damage|p2a: Chansey|603\/703 par
|cant|p2a: Chansey|par
|
|turn|114
|choice|move 2|switch 5
|
|switch|p2a: Gengar|Gengar|323\/323
|move|p1a: Alakazam|Seismic Toss|p2a: Gengar
|-damage|p2a: Gengar|223\/323
|
|turn|115
|choice|move 1|switch 5
|
|switch|p2a: Chansey|Chansey|603\/703 par
|move|p1a: Alakazam|Psychic|p2a: Chansey
|-damage|p2a: Chansey|480\/703 par
|
|turn|116
|choice|move 2|move 3
|
|move|p1a: Alakazam|Seismic Toss|p2a: Chansey
|-damage|p2a: Chansey|380\/703 par
|move|p2a: Chansey|Seismic Toss|p1a: Alakazam
|-damage|p1a: Alakazam|193\/313 par
|
|turn|117
|choice|move 2|move 3
|
|move|p1a: Alakazam|Seismic Toss|p2a: Chansey
|-damage|p2a: Chansey|280\/703 par
|move|p2a: Chansey|Seismic Toss|p1a: Alakazam
|-damage|p1a: Alakazam|93\/313 par
|
|turn|118
|choice|move 3|move 4
|
|move|p1a: Alakazam|Recover|p1a: Alakazam
|-heal|p1a: Alakazam|249\/313 par
|cant|p2a: Chansey|par
|
|turn|119
|choice|move 2|move 4
|
|move|p1a: Alakazam|Seismic Toss|p2a: Chansey
|-damage|p2a: Chansey|180\/703 par
|move|p2a: Chansey|Soft-Boiled|p2a: Chansey
|-heal|p2a: Chansey|531\/703 par
|
|turn|120
|choice|move 2|move 3
|
|move|p1a: Alakazam|Seismic Toss|p2a: Chansey
|-damage|p2a: Chansey|431\/703 par
|cant|p2a: Chansey|par
|
|turn|121
|choice|move 2|move 4
|
|move|p1a: Alakazam|Seismic Toss|p2a: Chansey
|-damage|p2a: Chansey|331\/703 par
|move|p2a: Chansey|Soft-Boiled|p2a: Chansey
|-heal|p2a: Chansey|682\/703 par
|
|turn|122
|choice|move 2|move 3
|
|move|p1a: Alakazam|Seismic Toss|p2a: Chansey
|-damage|p2a: Chansey|582\/703 par
|move|p2a: Chansey|Seismic Toss|p1a: Alakazam
|-damage|p1a: Alakazam|149\/313 par
|
|turn|123
|choice|move 3|move 3
|
|move|p1a: Alakazam|Recover|p1a: Alakazam
|-heal|p1a: Alakazam|305\/313 par
|cant|p2a: Chansey|par
|
|turn|124
|choice|move 2|move 3
|
|cant|p1a: Alakazam|par
|cant|p2a: Chansey|par
|
|turn|125
|choice|move 2|move 3
|
|move|p1a: Alakazam|Seismic Toss|p2a: Chansey
|-damage|p2a: Chansey|482\/703 par
|move|p2a: Chansey|Seismic Toss|p1a: Alakazam
|-damage|p1a: Alakazam|205\/313 par
|
|turn|126
|choice|move 2|move 3
|
|cant|p1a: Alakazam|par
|move|p2a: Chansey|Seismic Toss|p1a: Alakazam
|-damage|p1a: Alakazam|105\/313 par
|
|turn|127
|choice|move 3|move 3
|
|move|p1a: Alakazam|Recover|p1a: Alakazam
|-heal|p1a: Alakazam|261\/313 par
|move|p2a: Chansey|Seismic Toss|p1a: Alakazam
|-damage|p1a: Alakazam|161\/313 par
|
|turn|128
|choice|move 3|move 3
|
|move|p1a: Alakazam|Recover|p1a: Alakazam
|-heal|p1a: Alakazam|313\/313 par
|move|p2a: Chansey|Seismic Toss|p1a: Alakazam
|-damage|p1a: Alakazam|213\/313 par
|
|turn|129
|choice|move 3|move 3
|
|cant|p1a: Alakazam|par
|move|p2a: Chansey|Seismic Toss|p1a: Alakazam
|-damage|p1a: Alakazam|113\/313 par
|
|turn|130
|choice|move 3|move 3
|
|move|p1a: Alakazam|Recover|p1a: Alakazam
|-heal|p1a: Alakazam|269\/313 par
|move|p2a: Chansey|Seismic Toss|p1a: Alakazam
|-damage|p1a: Alakazam|169\/313 par
|
|turn|131
|J|GOD MARTH
|L|GOD MARTH
|choice|move 3|move 4
|
|cant|p1a: Alakazam|par
|move|p2a: Chansey|Soft-Boiled|p2a: Chansey
|-heal|p2a: Chansey|703\/703 par
|
|turn|132
|choice|move 3|move 3
|
|move|p1a: Alakazam|Recover|p1a: Alakazam
|-heal|p1a: Alakazam|313\/313 par
|move|p2a: Chansey|Seismic Toss|p1a: Alakazam|[miss]
|-miss|p2a: Chansey
|
|turn|133
|J|kratosmana
|c|★Aurious|it can miss oo
|c|★raddical|:I
|J|SubTerraN
|choice|move 2|move 1
|
|cant|p1a: Alakazam|par
|move|p2a: Chansey|Ice Beam|p1a: Alakazam
|-damage|p1a: Alakazam|253\/313 par
|
|turn|134
|choice|move 2|move 1
|
|move|p1a: Alakazam|Seismic Toss|p2a: Chansey
|-damage|p2a: Chansey|603\/703 par
|move|p2a: Chansey|Ice Beam|p1a: Alakazam
|-damage|p1a: Alakazam|186\/313 par
|
|turn|135
|c|+kratosmana|every move can miss in rby 
|choice|move 3|move 1
|
|move|p1a: Alakazam|Recover|p1a: Alakazam
|-heal|p1a: Alakazam|313\/313 par
|move|p2a: Chansey|Ice Beam|p1a: Alakazam
|-damage|p1a: Alakazam|251\/313 par
|
|turn|136
|choice|move 2|move 1
|
|move|p1a: Alakazam|Seismic Toss|p2a: Chansey
|-damage|p2a: Chansey|503\/703 par
|move|p2a: Chansey|Ice Beam|p1a: Alakazam
|-damage|p1a: Alakazam|185\/313 par
|
|turn|137
|choice|move 3|move 1
|
|move|p1a: Alakazam|Recover|p1a: Alakazam
|-heal|p1a: Alakazam|313\/313 par
|move|p2a: Chansey|Ice Beam|p1a: Alakazam
|-crit|p1a: Alakazam
|-damage|p1a: Alakazam|200\/313 par
|
|turn|138
|c|%BKC|except, like
|c|%BKC|swift...
|choice|move 2|move 1
|
|cant|p1a: Alakazam|par
|move|p2a: Chansey|Ice Beam|p1a: Alakazam
|-crit|p1a: Alakazam
|-damage|p1a: Alakazam|77\/313 par
|
|turn|139
|c|+kratosmana|y
|choice|move 3|move 3
|
|cant|p1a: Alakazam|par
|move|p2a: Chansey|Seismic Toss|p1a: Alakazam
|-damage|p1a: Alakazam|0 fnt
|faint|p1a: Alakazam
|choice|switch 2|
|
|switch|p1a: Tauros|Tauros|323\/353
|turn|140
|choice|move 1|move 4
|
|move|p1a: Tauros|Body Slam|p2a: Chansey
|-damage|p2a: Chansey|227\/703 par
|move|p2a: Chansey|Soft-Boiled|p2a: Chansey
|-heal|p2a: Chansey|578\/703 par
|
|turn|141
|choice|move 1|switch 5
|
|switch|p2a: Gengar|Gengar|223\/323
|move|p1a: Tauros|Body Slam|p2a: Gengar
|-immune|p2a: Gengar|[msg]
|
|turn|142
|choice|move 3|move 3
|
|move|p1a: Tauros|Earthquake|p2a: Gengar
|-supereffective|p2a: Gengar
|-damage|p2a: Gengar|0 fnt
|faint|p2a: Gengar
|choice||switch 5
|
|switch|p2a: Chansey|Chansey|578\/703 par
|turn|143
|choice|move 1|move 2
|
|move|p1a: Tauros|Body Slam|p2a: Chansey
|-damage|p2a: Chansey|293\/703 par
|move|p2a: Chansey|Thunder Wave|p1a: Tauros
|-status|p1a: Tauros|par
|
|turn|144
|choice|move 4|move 4
|
|move|p1a: Tauros|Hyper Beam|p2a: Chansey
|-damage|p2a: Chansey|0 fnt
|faint|p2a: Chansey
|
|win|Aurious