|J|Tesung
|J|Nails
|player|p1|Tesung|102
|player|p2|Nails|282
|gametype|singles
|gen|1
|tier|[Gen 1] OU
|seed|61028,97,61764,17234
|rule|Sleep Clause Mod: Limit one foe put to sleep
|rule|Freeze Clause Mod: Limit one foe frozen
|rule|Species Clause: Limit one of each Pokémon
|rule|OHKO Clause: OHKO moves are banned
|rule|Evasion Moves Clause: Evasion moves are banned
|rule|HP Percentage Mod: HP is shown in percentages
|
|start
|switch|p1a: Starmie|Starmie|323\/323
|switch|p2a: Alakazam|Alakazam|313\/313
|turn|1
|choice|switch 3|move 3
|
|switch|p1a: Exeggutor|Exeggutor|393\/393
|move|p2a: Alakazam|Seismic Toss|p1a: Exeggutor
|-damage|p1a: Exeggutor|293\/393
|
|turn|2
|J|B& KC
|choice|move 3|move 3
|
|move|p2a: Alakazam|Seismic Toss|p1a: Exeggutor
|-damage|p1a: Exeggutor|193\/393
|move|p1a: Exeggutor|Sleep Powder|p2a: Alakazam|[miss]
|-miss|p1a: Exeggutor
|
|turn|3
|choice|move 3|move 3
|
|move|p2a: Alakazam|Seismic Toss|p1a: Exeggutor
|-damage|p1a: Exeggutor|93\/393
|move|p1a: Exeggutor|Sleep Powder|p2a: Alakazam
|-status|p2a: Alakazam|slp
|
|turn|4
|c|★Tesung|phew
|J|lt2 lucid dreams
|L|lt2 lucid dreams
|choice|move 4|move 3
|
|cant|p2a: Alakazam|slp
|move|p1a: Exeggutor|Explosion|p2a: Alakazam
|-damage|p2a: Alakazam|0 fnt
|faint|p2a: Alakazam
|faint|p1a: Exeggutor
|J|aimless oo
|L|aimless oo
|c|★Nails|u got me.
|c|★Tesung|got em
|choice|switch 3|switch 2
|
|switch|p1a: Starmie|Starmie|323\/323
|switch|p2a: Exeggutor|Exeggutor|393\/393
|turn|5
|choice|move 1|move 1
|
|move|p1a: Starmie|Blizzard|p2a: Exeggutor
|-crit|p2a: Exeggutor
|-supereffective|p2a: Exeggutor
|-damage|p2a: Exeggutor|99\/393
|move|p2a: Exeggutor|Sleep Powder|p1a: Starmie
|-status|p1a: Starmie|slp
|
|turn|6
|c|★Tesung|got em
|choice|move 1|move 4
|
|cant|p1a: Starmie|slp
|move|p2a: Exeggutor|Explosion|p1a: Starmie
|-damage|p1a: Starmie|46\/323 slp
|faint|p2a: Exeggutor
|choice||switch 4
|
|switch|p2a: Snorlax|Snorlax|523\/523
|turn|7
|choice|switch 4|move 1
|
|switch|p1a: Chansey|Chansey|703\/703
|move|p2a: Snorlax|Body Slam|p1a: Chansey
|-damage|p1a: Chansey|421\/703
|
|turn|8
|choice|move 4|move 2
|
|move|p1a: Chansey|Soft-Boiled|p1a: Chansey
|-heal|p1a: Chansey|703\/703
|move|p2a: Snorlax|Amnesia|p2a: Snorlax
|-boost|p2a: Snorlax|spd|2
|-boost|p2a: Snorlax|spa|2
|
|turn|9
|choice|move 3|move 2
|
|move|p1a: Chansey|Ice Beam|p2a: Snorlax
|-damage|p2a: Snorlax|472\/523
|move|p2a: Snorlax|Amnesia|p2a: Snorlax
|-boost|p2a: Snorlax|spd|2
|-boost|p2a: Snorlax|spa|2
|
|turn|10
|choice|move 3|move 2
|
|move|p1a: Chansey|Ice Beam|p2a: Snorlax
|-damage|p2a: Snorlax|437\/523
|move|p2a: Snorlax|Amnesia|p2a: Snorlax
|-boost|p2a: Snorlax|spd|2
|-boost|p2a: Snorlax|spa|2
|
|turn|11
|choice|move 3|move 1
|
|move|p1a: Chansey|Ice Beam|p2a: Snorlax
|-damage|p2a: Snorlax|410\/523
|move|p2a: Snorlax|Body Slam|p1a: Chansey
|-damage|p1a: Chansey|421\/703
|
|turn|12
|choice|move 4|move 3
|
|move|p1a: Chansey|Soft-Boiled|p1a: Chansey
|-heal|p1a: Chansey|703\/703
|move|p2a: Snorlax|Blizzard|p1a: Chansey
|-damage|p1a: Chansey|435\/703
|
|turn|13
|choice|move 3|move 3
|
|move|p1a: Chansey|Ice Beam|p2a: Snorlax
|-damage|p2a: Snorlax|385\/523
|move|p2a: Snorlax|Blizzard|p1a: Chansey
|-damage|p1a: Chansey|152\/703
|
|turn|14
|choice|move 4|move 3
|
|move|p1a: Chansey|Soft-Boiled|p1a: Chansey
|-heal|p1a: Chansey|503\/703
|move|p2a: Snorlax|Blizzard|p1a: Chansey
|-damage|p1a: Chansey|228\/703
|
|turn|15
|choice|move 4|move 1
|
|move|p1a: Chansey|Soft-Boiled|p1a: Chansey
|-heal|p1a: Chansey|579\/703
|move|p2a: Snorlax|Body Slam|p1a: Chansey
|-damage|p1a: Chansey|283\/703
|
|turn|16
|choice|move 4|move 1
|
|move|p1a: Chansey|Soft-Boiled|p1a: Chansey
|-heal|p1a: Chansey|634\/703
|move|p2a: Snorlax|Body Slam|p1a: Chansey
|-crit|p1a: Chansey
|-damage|p1a: Chansey|108\/703
|
|turn|17
|choice|move 4|move 1
|
|move|p1a: Chansey|Soft-Boiled|p1a: Chansey
|-heal|p1a: Chansey|459\/703
|move|p2a: Snorlax|Body Slam|p1a: Chansey
|-damage|p1a: Chansey|164\/703
|
|turn|18
|choice|move 4|move 1
|
|move|p1a: Chansey|Soft-Boiled|p1a: Chansey
|-heal|p1a: Chansey|515\/703
|move|p2a: Snorlax|Body Slam|p1a: Chansey
|-damage|p1a: Chansey|205\/703
|
|turn|19
|choice|move 4|move 1
|
|move|p1a: Chansey|Soft-Boiled|p1a: Chansey
|-heal|p1a: Chansey|556\/703
|move|p2a: Snorlax|Body Slam|p1a: Chansey
|-damage|p1a: Chansey|271\/703
|
|turn|20
|choice|move 4|move 1
|
|move|p1a: Chansey|Soft-Boiled|p1a: Chansey
|-heal|p1a: Chansey|622\/703
|move|p2a: Snorlax|Body Slam|p1a: Chansey
|-damage|p1a: Chansey|347\/703
|
|turn|21
|choice|move 3|move 1
|
|move|p1a: Chansey|Ice Beam|p2a: Snorlax
|-damage|p2a: Snorlax|361\/523
|move|p2a: Snorlax|Body Slam|p1a: Chansey
|-damage|p1a: Chansey|62\/703
|
|turn|22
|choice|move 4|move 1
|
|move|p1a: Chansey|Soft-Boiled|p1a: Chansey
|-heal|p1a: Chansey|413\/703
|move|p2a: Snorlax|Body Slam|p1a: Chansey
|-damage|p1a: Chansey|136\/703
|
|turn|23
|choice|move 4|move 1
|
|move|p1a: Chansey|Soft-Boiled|p1a: Chansey
|-heal|p1a: Chansey|487\/703
|move|p2a: Snorlax|Body Slam|p1a: Chansey
|-damage|p1a: Chansey|200\/703
|
|turn|24
|choice|move 4|move 1
|
|move|p1a: Chansey|Soft-Boiled|p1a: Chansey
|-heal|p1a: Chansey|551\/703
|move|p2a: Snorlax|Body Slam|p1a: Chansey
|-damage|p1a: Chansey|253\/703
|
|turn|25
|choice|move 4|move 1
|
|move|p1a: Chansey|Soft-Boiled|p1a: Chansey
|-heal|p1a: Chansey|604\/703
|move|p2a: Snorlax|Body Slam|p1a: Chansey
|-damage|p1a: Chansey|331\/703
|
|turn|26
|choice|move 4|move 3
|
|move|p1a: Chansey|Soft-Boiled|p1a: Chansey
|-heal|p1a: Chansey|682\/703
|move|p2a: Snorlax|Blizzard|p1a: Chansey
|-damage|p1a: Chansey|392\/703
|
|turn|27
|choice|switch 6|move 1
|
|switch|p1a: Snorlax|Snorlax|523\/523
|move|p2a: Snorlax|Body Slam|p1a: Snorlax
|-damage|p1a: Snorlax|378\/523
|
|turn|28
|choice|move 1|move 3
|
|move|p1a: Snorlax|Body Slam|p2a: Snorlax|[miss]
|-miss|p1a: Snorlax
|move|p2a: Snorlax|Blizzard|p1a: Snorlax
|-crit|p1a: Snorlax
|-damage|p1a: Snorlax|210\/523
|
|turn|29
|c|★Tesung|oo
|choice|move 2|move 3
|
|move|p2a: Snorlax|Blizzard|p1a: Snorlax|[miss]
|-miss|p2a: Snorlax
|move|p1a: Snorlax|Self-Destruct|p2a: Snorlax
|-damage|p2a: Snorlax|0 fnt
|faint|p2a: Snorlax
|faint|p1a: Snorlax
|c|★Nails|darn
|c|★Nails|u did good work lax
|choice|switch 2|switch 5
|
|switch|p1a: Alakazam|Alakazam|313\/313
|switch|p2a: Tauros|Tauros|353\/353
|turn|30
|choice|move 1|switch 3
|
|switch|p2a: Chansey|Chansey|703\/703
|move|p1a: Alakazam|Psychic|p2a: Chansey
|-damage|p2a: Chansey|584\/703
|-unboost|p2a: Chansey|spd|1
|-unboost|p2a: Chansey|spa|1
|
|turn|31
|J|lt2 lucid dreams
|choice|switch 6|move 2
|
|switch|p1a: Chansey|Chansey|392\/703
|move|p2a: Chansey|Thunder Wave|p1a: Chansey
|-status|p1a: Chansey|par
|
|turn|32
|choice|move 1|switch 3
|
|switch|p2a: Tauros|Tauros|353\/353
|move|p1a: Chansey|Thunder Wave|p2a: Tauros
|-status|p2a: Tauros|par
|
|turn|33
|c|★Tesung|whats ur last
|choice|switch 4|move 1
|
|switch|p1a: Starmie|Starmie|46\/323 slp
|move|p2a: Tauros|Body Slam|p1a: Starmie
|-damage|p1a: Starmie|0 fnt
|faint|p1a: Starmie
|c|★Tesung|reallt flexible spot
|choice|switch 5|
|
|switch|p1a: Tauros|Tauros|353\/353
|turn|34
|choice|move 1|move 1
|
|move|p1a: Tauros|Body Slam|p2a: Tauros
|-damage|p2a: Tauros|242\/353 par
|move|p2a: Tauros|Body Slam|p1a: Tauros
|-damage|p1a: Tauros|254\/353
|
|turn|35
|choice|move 1|move 4
|
|move|p1a: Tauros|Body Slam|p2a: Tauros
|-damage|p2a: Tauros|137\/353 par
|move|p2a: Tauros|Hyper Beam|p1a: Tauros
|-damage|p1a: Tauros|85\/353
|
|turn|36
|-mustrecharge|p2a: Tauros
|-mustrecharge|p2a: Tauros
|choice|move 4|move 1
|
|move|p1a: Tauros|Hyper Beam|p2a: Tauros|[miss]
|-miss|p1a: Tauros
|cant|p2a: Tauros|recharge
|
|turn|37
|choice|move 4|move 1
|
|move|p1a: Tauros|Hyper Beam|p2a: Tauros
|-damage|p2a: Tauros|0 fnt
|faint|p2a: Tauros
|choice||switch 6
|
|switch|p2a: KEVINHAHNREI|Zapdos|383\/383
|turn|38
|L|lt2 lucid dreams
|c|★Nails|does drill kill
|c|★Tesung|y
|choice|move 1|move 3
|
|move|p1a: Tauros|Body Slam|p2a: KEVINHAHNREI
|-crit|p2a: KEVINHAHNREI
|-damage|p2a: KEVINHAHNREI|165\/383
|move|p2a: KEVINHAHNREI|Drill Peck|p1a: Tauros
|-damage|p1a: Tauros|0 fnt
|faint|p1a: Tauros
|choice|switch 4|
|
|switch|p1a: Chansey|Chansey|392\/703 par
|turn|39
|choice|move 3|switch 3
|
|switch|p2a: Chansey|Chansey|584\/703
|cant|p1a: Chansey|par
|
|turn|40
|choice|move 1|move 1
|
|move|p2a: Chansey|Seismic Toss|p1a: Chansey
|-damage|p1a: Chansey|292\/703 par
|move|p1a: Chansey|Thunder Wave|p2a: Chansey
|-status|p2a: Chansey|par
|
|turn|41
|choice|move 4|move 1
|
|move|p1a: Chansey|Soft-Boiled|p1a: Chansey
|-heal|p1a: Chansey|643\/703 par
|move|p2a: Chansey|Seismic Toss|p1a: Chansey
|-damage|p1a: Chansey|543\/703 par
|
|turn|42
|choice|switch 6|move 1
|
|switch|p1a: Alakazam|Alakazam|313\/313
|move|p2a: Chansey|Seismic Toss|p1a: Alakazam
|-damage|p1a: Alakazam|213\/313
|
|turn|43
|choice|move 1|move 2
|
|move|p1a: Alakazam|Psychic|p2a: Chansey
|-crit|p2a: Chansey
|-damage|p2a: Chansey|345\/703 par
|move|p2a: Chansey|Thunder Wave|p1a: Alakazam
|-status|p1a: Alakazam|par
|
|turn|44
|choice|move 1|move 4
|
|move|p1a: Alakazam|Psychic|p2a: Chansey
|-crit|p2a: Chansey
|-damage|p2a: Chansey|97\/703 par
|cant|p2a: Chansey|par
|
|turn|45
|choice|move 1|move 4
|
|cant|p1a: Alakazam|par
|move|p2a: Chansey|Soft-Boiled|p2a: Chansey
|-heal|p2a: Chansey|448\/703 par
|
|turn|46
|choice|move 1|move 1
|
|move|p1a: Alakazam|Psychic|p2a: Chansey
|-damage|p2a: Chansey|328\/703 par
|cant|p2a: Chansey|par
|
|turn|47
|choice|move 1|move 1
|
|move|p1a: Alakazam|Psychic|p2a: Chansey
|-damage|p2a: Chansey|193\/703 par
|-unboost|p2a: Chansey|spd|1
|-unboost|p2a: Chansey|spa|1
|move|p2a: Chansey|Seismic Toss|p1a: Alakazam
|-damage|p1a: Alakazam|113\/313 par
|
|turn|48
|choice|move 3|move 1
|
|move|p1a: Alakazam|Recover|p1a: Alakazam
|-heal|p1a: Alakazam|269\/313 par
|move|p2a: Chansey|Seismic Toss|p1a: Alakazam
|-damage|p1a: Alakazam|169\/313 par
|
|turn|49
|choice|move 3|move 1
|
|move|p1a: Alakazam|Recover|p1a: Alakazam
|-heal|p1a: Alakazam|313\/313 par
|cant|p2a: Chansey|par
|
|turn|50
|choice|move 1|move 4
|
|move|p1a: Alakazam|Psychic|p2a: Chansey
|-damage|p2a: Chansey|0 fnt
|faint|p2a: Chansey
|choice||switch 3
|
|switch|p2a: KEVINHAHNREI|Zapdos|165\/383
|turn|51
|choice|move 4|move 3
|
|move|p2a: KEVINHAHNREI|Drill Peck|p1a: Alakazam
|-crit|p1a: Alakazam
|-damage|p1a: Alakazam|25\/313 par
|move|p1a: Alakazam|Thunder Wave|p2a: KEVINHAHNREI
|-status|p2a: KEVINHAHNREI|par
|
|turn|52
|choice|move 1|move 4
|
|cant|p1a: Alakazam|par
|move|p2a: KEVINHAHNREI|Agility|p2a: KEVINHAHNREI
|-boost|p2a: KEVINHAHNREI|spe|2
|
|turn|53
|choice|move 1|move 3
|
|move|p2a: KEVINHAHNREI|Drill Peck|p1a: Alakazam
|-crit|p1a: Alakazam
|-damage|p1a: Alakazam|0 fnt
|faint|p1a: Alakazam
|choice|switch 6|
|
|switch|p1a: Chansey|Chansey|543\/703 par
|turn|54
|choice|move 3|move 3
|
|move|p2a: KEVINHAHNREI|Drill Peck|p1a: Chansey
|-damage|p1a: Chansey|314\/703 par
|move|p1a: Chansey|Ice Beam|p2a: KEVINHAHNREI
|-supereffective|p2a: KEVINHAHNREI
|-damage|p2a: KEVINHAHNREI|35\/383 par
|
|turn|55
|choice|move 3|move 3
|
|move|p2a: KEVINHAHNREI|Drill Peck|p1a: Chansey
|-damage|p1a: Chansey|55\/703 par
|move|p1a: Chansey|Ice Beam|p2a: KEVINHAHNREI
|-supereffective|p2a: KEVINHAHNREI
|-damage|p2a: KEVINHAHNREI|0 fnt
|faint|p2a: KEVINHAHNREI
|
|win|Tesung