|J|dice
|J|Bloody Rabbit
|player|p1|dice|1
|player|p2|Bloody Rabbit|70
|gametype|singles
|gen|1
|tier|[Gen 1] OU
|seed|60318,13211,12140,18486
|rule|Sleep Clause Mod: Limit one foe put to sleep
|rule|Freeze Clause Mod: Limit one foe frozen
|rule|Species Clause: Limit one of each Pokémon
|rule|OHKO Clause: OHKO moves are banned
|rule|Evasion Moves Clause: Evasion moves are banned
|rule|HP Percentage Mod: HP is shown in percentages
|
|start
|switch|p1a: Jynx|Jynx|333\/333
|switch|p2a: MoP|Gengar|323\/323
|turn|1
|choice|move 4|move 4
|
|move|p2a: MoP|Hypnosis|p1a: Jynx
|-status|p1a: Jynx|slp
|cant|p1a: Jynx|slp
|
|turn|2
|choice|move 4|move 2
|
|move|p2a: MoP|Seismic Toss|p1a: Jynx
|-damage|p1a: Jynx|233\/333 slp
|cant|p1a: Jynx|slp
|
|turn|3
|J|Evuelf
|choice|move 4|move 2
|
|move|p2a: MoP|Seismic Toss|p1a: Jynx
|-damage|p1a: Jynx|133\/333 slp
|cant|p1a: Jynx|slp
|
|turn|4
|choice|switch 5|move 2
|
|switch|p1a: Exeggutor|Exeggutor|393\/393
|move|p2a: MoP|Seismic Toss|p1a: Exeggutor
|-damage|p1a: Exeggutor|293\/393
|
|turn|5
|choice|switch 5|move 2
|
|switch|p1a: Jynx|Jynx|133\/333 slp
|move|p2a: MoP|Seismic Toss|p1a: Jynx
|-damage|p1a: Jynx|33\/333 slp
|
|turn|6
|choice|switch 3|move 2
|
|switch|p1a: Snorlax|Snorlax|523\/523
|move|p2a: MoP|Seismic Toss|p1a: Snorlax
|-damage|p1a: Snorlax|423\/523
|
|turn|7
|c|★Bloody Rabbit|it's working
|c|★Bloody Rabbit|y\/n
|c|★dice|y
|J|babidi1998
|choice|move 2|switch 2
|
|switch|p2a: Megidolaon|Exeggutor|393\/393
|move|p1a: Snorlax|Earthquake|p2a: Megidolaon
|-resisted|p2a: Megidolaon
|-damage|p2a: Megidolaon|348\/393
|
|turn|8
|L|babidi1998
|choice|switch 5|move 2
|
|switch|p1a: Exeggutor|Exeggutor|293\/393
|move|p2a: Megidolaon|Psychic|p1a: Exeggutor
|-resisted|p1a: Exeggutor
|-damage|p1a: Exeggutor|242\/393
|
|turn|9
|choice|move 4|switch 2
|
|switch|p2a: MoP|Gengar|323\/323
|move|p1a: Exeggutor|Sleep Powder|p2a: MoP
|-status|p2a: MoP|slp
|
|turn|10
|choice|move 3|switch 6
|
|switch|p2a: CHONSEY|Chansey|703\/703
|move|p1a: Exeggutor|Stun Spore|p2a: CHONSEY
|-status|p2a: CHONSEY|par
|
|turn|11
|choice|move 1|move 1
|
|move|p1a: Exeggutor|Psychic|p2a: CHONSEY
|-damage|p2a: CHONSEY|590\/703 par
|-unboost|p2a: CHONSEY|spd|1
|-unboost|p2a: CHONSEY|spa|1
|cant|p2a: CHONSEY|par
|
|turn|12
|choice|move 1|move 1
|
|move|p1a: Exeggutor|Psychic|p2a: CHONSEY
|-damage|p2a: CHONSEY|393\/703 par
|move|p2a: CHONSEY|Ice Beam|p1a: Exeggutor
|-crit|p1a: Exeggutor
|-supereffective|p1a: Exeggutor
|-damage|p1a: Exeggutor|0 fnt
|faint|p1a: Exeggutor
|c|★Bloody Rabbit|calcd
|choice|switch 5|
|
|switch|p1a: Snorlax|Snorlax|423\/523
|turn|13
|choice|move 1|switch 6
|
|switch|p2a: MoP|Gengar|323\/323 slp
|move|p1a: Snorlax|Body Slam|p2a: MoP
|-immune|p2a: MoP|[msg]
|
|turn|14
|choice|move 1|switch 2
|
|switch|p2a: Megidolaon|Exeggutor|348\/393
|move|p1a: Snorlax|Body Slam|p2a: Megidolaon
|-damage|p2a: Megidolaon|231\/393
|-status|p2a: Megidolaon|par
|
|turn|15
|choice|move 4|move 4
|
|move|p1a: Snorlax|Hyper Beam|p2a: Megidolaon
|-damage|p2a: Megidolaon|30\/393 par
|move|p2a: Megidolaon|Explosion|p1a: Snorlax
|-damage|p1a: Snorlax|109\/523
|faint|p2a: Megidolaon
|J|MoxieInfinite
|choice||switch 5
|
|switch|p2a: MASTERMUNE|Tauros|353\/353
|turn|16
|-mustrecharge|p1a: Snorlax
|-mustrecharge|p1a: Snorlax
|choice|move 1|move 1
|
|move|p2a: MASTERMUNE|Body Slam|p1a: Snorlax
|-damage|p1a: Snorlax|0 fnt
|faint|p1a: Snorlax
|choice|switch 4|
|
|switch|p1a: Tauros|Tauros|353\/353
|turn|17
|J|groudon quixote
|choice|move 2|move 1
|
|move|p1a: Tauros|Fire Blast|p2a: MASTERMUNE
|-damage|p2a: MASTERMUNE|265\/353
|-status|p2a: MASTERMUNE|brn
|move|p2a: MASTERMUNE|Body Slam|p1a: Tauros
|-damage|p1a: Tauros|297\/353
|-damage|p2a: MASTERMUNE|243\/353 brn|[from] brn|[of] p1a: Tauros
|
|turn|18
|J|BKC
|c|★Bloody Rabbit|.
|c|★dice|calcd
|c|%BKC|nice
|c|+MoxieInfinite|lol
|choice|move 1|move 1
|
|move|p1a: Tauros|Body Slam|p2a: MASTERMUNE
|-damage|p2a: MASTERMUNE|146\/353 brn
|move|p2a: MASTERMUNE|Body Slam|p1a: Tauros
|-damage|p1a: Tauros|248\/353
|-damage|p2a: MASTERMUNE|124\/353 brn|[from] brn|[of] p1a: Tauros
|
|turn|19
|choice|move 1|move 4
|
|move|p1a: Tauros|Body Slam|p2a: MASTERMUNE
|-damage|p2a: MASTERMUNE|17\/353 brn
|move|p2a: MASTERMUNE|Hyper Beam|p1a: Tauros
|-crit|p1a: Tauros
|-damage|p1a: Tauros|0 fnt
|faint|p1a: Tauros
|choice|switch 2|
|
|switch|p1a: Cloyster|Cloyster|303\/303
|turn|20
|c|%BKC|niggered
|c|★Bloody Rabbit|bull.
|J|TDK
|c|+TDK|also calcd
|choice|switch 3|move 4
|
|switch|p1a: Jynx|Jynx|33\/333 slp
|move|p2a: MASTERMUNE|Hyper Beam|p1a: Jynx
|-crit|p1a: Jynx
|-damage|p1a: Jynx|0 fnt
|faint|p1a: Jynx
|choice|switch 3|
|
|switch|p1a: Cloyster|Cloyster|303\/303
|turn|21
|c|★dice|help
|c|%BKC|what the fuck are you doing
|choice|move 1|move 1
|
|move|p2a: MASTERMUNE|Body Slam|p1a: Cloyster
|-damage|p1a: Cloyster|271\/303
|-status|p1a: Cloyster|par
|-damage|p2a: MASTERMUNE|0 fnt|[from] brn|[of] p1a: Cloyster
|faint|p2a: MASTERMUNE
|c|★dice|i forgot how burn worked
|c|★dice|dam
|choice||switch 4
|
|switch|p2a: Lucky Star|Starmie|323\/323
|turn|22
|c|%BKC|somebody put dice in the traaaaaaaaaaaaaaaaaaaaaaaaaaaaaash
|c|★dice|hm
|choice|switch 6|move 2
|
|switch|p1a: Chansey|Chansey|703\/703
|move|p2a: Lucky Star|Thunderbolt|p1a: Chansey
|-damage|p1a: Chansey|627\/703
|
|turn|23
|c|★dice|im boned dis game
|choice|switch 6|switch 3
|
|switch|p2a: BORIS|Snorlax|523\/523
|switch|p1a: Cloyster|Cloyster|271\/303 par
|
|turn|24
|c|★dice|unless frz
|choice|move 1|switch 2
|
|switch|p2a: MoP|Gengar|323\/323 slp
|move|p1a: Cloyster|Blizzard|p2a: MoP
|-damage|p2a: MoP|219\/323 slp
|
|turn|25
|choice|move 1|move 1
|
|cant|p2a: MoP|slp
|cant|p1a: Cloyster|par
|
|turn|26
|choice|move 1|move 1
|
|cant|p2a: MoP|slp
|move|p1a: Cloyster|Blizzard|p2a: MoP
|-crit|p2a: MoP
|-damage|p2a: MoP|17\/323 slp
|
|turn|27
|choice|move 1|move 1
|
|-curestatus|p2a: MoP|slp
|cant|p1a: Cloyster|par
|
|turn|28
|choice|switch 6|move 1
|
|switch|p1a: Chansey|Chansey|627\/703
|move|p2a: MoP|Thunderbolt|p1a: Chansey
|-crit|p1a: Chansey
|-damage|p1a: Chansey|464\/703
|-status|p1a: Chansey|par
|
|turn|29
|choice|move 3|move 3
|
|move|p2a: MoP|Explosion|p1a: Chansey
|-damage|p1a: Chansey|0 fnt
|faint|p1a: Chansey
|faint|p2a: MoP
|L|MoxieInfinite
|choice|switch 6|switch 3
|
|switch|p2a: Lucky Star|Starmie|323\/323
|switch|p1a: Cloyster|Cloyster|271\/303 par
|turn|30
|choice|move 1|move 2
|
|move|p2a: Lucky Star|Thunderbolt|p1a: Cloyster
|-supereffective|p1a: Cloyster
|-damage|p1a: Cloyster|95\/303 par
|move|p1a: Cloyster|Blizzard|p2a: Lucky Star|[miss]
|-miss|p1a: Cloyster
|
|turn|31
|c|★dice|gg
|choice|move 1|move 2
|
|move|p2a: Lucky Star|Thunderbolt|p1a: Cloyster
|-supereffective|p1a: Cloyster
|-damage|p1a: Cloyster|0 fnt
|faint|p1a: Cloyster
|
|win|Bloody Rabbit