|J|B& KC
|J|Dice
|player|p1|B& KC|#bkc
|player|p2|Dice|266
|gametype|singles
|gen|1
|tier|[Gen 1] OU
|seed|22293,28442,61729,49342
|rule|Sleep Clause Mod: Limit one foe put to sleep
|rule|Freeze Clause Mod: Limit one foe frozen
|rule|Species Clause: Limit one of each Pokémon
|rule|OHKO Clause: OHKO moves are banned
|rule|Evasion Moves Clause: Evasion moves are banned
|rule|HP Percentage Mod: HP is shown in percentages
|
|start
|switch|p1a: eyesland|Gengar, M|323\/323
|switch|p2a: Alakazam|Alakazam, M|313\/313
|turn|1
|c|★B& KC|have we not played enough faggot
|choice|move 1|switch 6
|
|switch|p2a: Victreebel|Victreebel, M|363\/363
|move|p1a: eyesland|Explosion|p2a: Victreebel
|-damage|p2a: Victreebel|93\/363
|faint|p1a: eyesland
|c|★Dice|nope
|J|reeeeeeeeeweeeee
|choice|switch 2|
|
|switch|p1a: diabolical beauty|Starmie|323\/323
|turn|2
|choice|move 2|switch 4
|
|switch|p2a: Chansey|Chansey|703\/703
|move|p1a: diabolical beauty|Blizzard|p2a: Chansey
|-damage|p2a: Chansey|607\/703
|
|turn|3
|choice|switch 3|move 3
|
|switch|p1a: ethereal forest|Exeggutor, M|393\/393
|move|p2a: Chansey|Seismic Toss|p1a: ethereal forest
|-damage|p1a: ethereal forest|293\/393
|
|turn|4
|choice|move 1|switch 6
|
|switch|p2a: Alakazam|Alakazam, M|313\/313
|move|p1a: ethereal forest|Sleep Powder|p2a: Alakazam
|-status|p2a: Alakazam|slp
|
|turn|5
|c|★B& KC|i am so tired of chansey
|c|★B& KC|goddamn
|choice|move 3|move 2
|
|cant|p2a: Alakazam|slp
|move|p1a: ethereal forest|Psychic|p2a: Alakazam
|-crit|p2a: Alakazam
|-resisted|p2a: Alakazam
|-damage|p2a: Alakazam|215\/313 slp
|
|turn|6
|choice|move 3|move 4
|
|cant|p2a: Alakazam|slp
|move|p1a: ethereal forest|Psychic|p2a: Alakazam
|-crit|p2a: Alakazam
|-resisted|p2a: Alakazam
|-damage|p2a: Alakazam|123\/313 slp
|-unboost|p2a: Alakazam|spd|1
|-unboost|p2a: Alakazam|spa|1
|
|turn|7
|J|EG Posho
|L|EG Posho
|choice|move 2|switch 6
|
|switch|p2a: Chansey|Chansey|607\/703
|move|p1a: ethereal forest|Mega Drain|p2a: Chansey
|-damage|p2a: Chansey|557\/703
|-heal|p1a: ethereal forest|318\/393|[from] drain|[of] p2a: Chansey
|
|turn|8
|choice|move 3|move 1
|
|move|p1a: ethereal forest|Psychic|p2a: Chansey
|-damage|p2a: Chansey|444\/703
|-unboost|p2a: Chansey|spd|1
|-unboost|p2a: Chansey|spa|1
|move|p2a: Chansey|Thunder Wave|p1a: ethereal forest
|-status|p1a: ethereal forest|par
|
|turn|9
|choice|move 2|switch 6
|
|switch|p2a: Alakazam|Alakazam, M|123\/313 slp
|move|p1a: ethereal forest|Mega Drain|p2a: Alakazam
|-damage|p2a: Alakazam|76\/313 slp
|-heal|p1a: ethereal forest|341\/393 par|[from] drain|[of] p2a: Alakazam
|
|turn|10
|choice|move 3|switch 6
|
|switch|p2a: Chansey|Chansey|444\/703
|move|p1a: ethereal forest|Psychic|p2a: Chansey
|-damage|p2a: Chansey|328\/703
|-unboost|p2a: Chansey|spd|1
|-unboost|p2a: Chansey|spa|1
|
|turn|11
|choice|move 3|move 4
|
|move|p2a: Chansey|Soft-Boiled|p2a: Chansey
|-heal|p2a: Chansey|679\/703
|move|p1a: ethereal forest|Psychic|p2a: Chansey
|-damage|p2a: Chansey|482\/703
|
|turn|12
|choice|move 2|switch 2
|
|switch|p2a: Snorlax|Snorlax|523\/523
|move|p1a: ethereal forest|Mega Drain|p2a: Snorlax
|-damage|p2a: Snorlax|454\/523
|-heal|p1a: ethereal forest|375\/393 par|[from] drain|[of] p2a: Snorlax
|
|turn|13
|choice|move 4|move 1
|
|move|p2a: Snorlax|Body Slam|p1a: ethereal forest
|-damage|p1a: ethereal forest|259\/393 par
|move|p1a: ethereal forest|Explosion|p2a: Snorlax
|-damage|p2a: Snorlax|101\/523
|faint|p1a: ethereal forest
|choice|switch 6|
|
|switch|p1a: everflaming|Tauros|353\/353
|turn|14
|choice|move 2|switch 6
|
|switch|p2a: Alakazam|Alakazam, M|76\/313 slp
|move|p1a: everflaming|Body Slam|p2a: Alakazam
|-crit|p2a: Alakazam
|-damage|p2a: Alakazam|0 fnt
|faint|p2a: Alakazam
|choice||switch 5
|
|switch|p2a: Cloyster|Cloyster, M|303\/303
|turn|15
|choice|switch 3|move 2
|
|switch|p1a: diabolical beauty|Starmie|323\/323
|move|p2a: Cloyster|Blizzard|p1a: diabolical beauty
|-crit|p1a: diabolical beauty
|-resisted|p1a: diabolical beauty
|-damage|p1a: diabolical beauty|202\/323
|
|turn|16
|choice|switch 3|switch 2
|
|switch|p1a: everflaming|Tauros|353\/353
|switch|p2a: Chansey|Chansey|482\/703
|
|turn|17
|choice|move 2|move 2
|
|move|p1a: everflaming|Body Slam|p2a: Chansey
|-crit|p2a: Chansey
|-damage|p2a: Chansey|0 fnt
|faint|p2a: Chansey
|c|★B& KC|so tired of your wrap shit
|c|★Dice|gay
|c|★Dice|i countered
|c|★B& KC|good
|choice||switch 2
|
|switch|p2a: Cloyster|Cloyster, M|303\/303
|turn|18
|c|★B& KC|fuck you
|choice|switch 3|move 2
|
|switch|p1a: diabolical beauty|Starmie|202\/323
|move|p2a: Cloyster|Blizzard|p1a: diabolical beauty
|-crit|p1a: diabolical beauty
|-resisted|p1a: diabolical beauty
|-damage|p1a: diabolical beauty|72\/323
|
|turn|19
|choice|move 4|move 4
|
|move|p1a: diabolical beauty|Recover|p1a: diabolical beauty
|-heal|p1a: diabolical beauty|233\/323
|move|p2a: Cloyster|Explosion|p1a: diabolical beauty|[miss]
|-miss|p2a: Cloyster
|faint|p2a: Cloyster
|c|★Dice|omg
|c|★B& KC|LMFAO
|c|★Dice|i hate you
|choice||switch 6
|
|switch|p2a: Snorlax|Snorlax|101\/523
|turn|20
|choice|move 1|move 4
|
|move|p1a: diabolical beauty|Psychic|p2a: Snorlax
|-damage|p2a: Snorlax|0 fnt
|faint|p2a: Snorlax
|c|★Dice|pls miss
|c|★Dice|oh
|c|★Dice|fk
|choice||switch 3
|
|switch|p2a: Dragonite|Dragonite|385\/385
|turn|21
|choice|move 2|move 2
|
|move|p1a: diabolical beauty|Blizzard|p2a: Dragonite
|-supereffective|p2a: Dragonite
|-damage|p2a: Dragonite|21\/385
|move|p2a: Dragonite|Agility|p2a: Dragonite
|-boost|p2a: Dragonite|spe|2
|
|turn|22
|choice|move 3|move 1
|
|move|p2a: Dragonite|Wrap|p1a: diabolical beauty
|-damage|p1a: diabolical beauty|216\/323
|-activate|p1a: diabolical beauty|move: Wrap|[of] p2a: Dragonite
|cant|p1a: diabolical beauty|partiallytrapped
|
|turn|23
|choice|switch 4|move 1
|
|switch|p1a: depths of my soul|Chansey|703\/703
|move|p2a: Dragonite|Wrap|p1a: depths of my soul|[miss]
|-miss|p2a: Dragonite
|
|turn|24
|choice|move 4|move 1
|
|move|p2a: Dragonite|Wrap|p1a: depths of my soul
|-damage|p1a: depths of my soul|661\/703
|-activate|p1a: depths of my soul|move: Wrap|[of] p2a: Dragonite
|cant|p1a: depths of my soul|partiallytrapped
|
|turn|25
|choice|switch 4|move 1
|
|switch|p1a: diabolical beauty|Starmie|216\/323
|move|p2a: Dragonite|Wrap|p1a: diabolical beauty
|-damage|p1a: diabolical beauty|199\/323
|-activate|p1a: diabolical beauty|move: Wrap|[of] p2a: Dragonite
|
|turn|26
|choice|switch 4|move 1
|
|switch|p1a: depths of my soul|Chansey|661\/703
|move|p2a: Dragonite|Wrap|p1a: depths of my soul
|-damage|p1a: depths of my soul|622\/703
|-activate|p1a: depths of my soul|move: Wrap|[of] p2a: Dragonite
|
|turn|27
|choice|switch 4|move 1
|
|switch|p1a: diabolical beauty|Starmie|199\/323
|move|p2a: Dragonite|Wrap|p1a: diabolical beauty
|-damage|p1a: diabolical beauty|181\/323
|-activate|p1a: diabolical beauty|move: Wrap|[of] p2a: Dragonite
|
|turn|28
|choice|switch 4|move 1
|
|switch|p1a: depths of my soul|Chansey|622\/703
|move|p2a: Dragonite|Wrap|p1a: depths of my soul|[miss]
|-miss|p2a: Dragonite
|
|turn|29
|choice|move 4|move 1
|
|move|p2a: Dragonite|Wrap|p1a: depths of my soul
|-damage|p1a: depths of my soul|581\/703
|-activate|p1a: depths of my soul|move: Wrap|[of] p2a: Dragonite
|cant|p1a: depths of my soul|partiallytrapped
|
|turn|30
|choice|switch 4|move 1
|
|switch|p1a: diabolical beauty|Starmie|181\/323
|move|p2a: Dragonite|Wrap|p1a: diabolical beauty
|-crit|p1a: diabolical beauty
|-damage|p1a: diabolical beauty|150\/323
|-activate|p1a: diabolical beauty|move: Wrap|[of] p2a: Dragonite
|
|turn|31
|choice|move 3|move 1
|
|move|p2a: Dragonite|Wrap|p1a: diabolical beauty|[from]Wrap
|-damage|p1a: diabolical beauty|119\/323
|cant|p1a: diabolical beauty|partiallytrapped
|
|turn|32
|choice|switch 4|move 1
|
|switch|p1a: depths of my soul|Chansey|581\/703
|move|p2a: Dragonite|Wrap|p1a: depths of my soul
|-damage|p1a: depths of my soul|539\/703
|-activate|p1a: depths of my soul|move: Wrap|[of] p2a: Dragonite
|
|turn|33
|choice|switch 4|move 1
|
|switch|p1a: diabolical beauty|Starmie|119\/323
|move|p2a: Dragonite|Wrap|p1a: diabolical beauty|[miss]
|-miss|p2a: Dragonite
|
|turn|34
|choice|move 1|move 1
|
|move|p2a: Dragonite|Wrap|p1a: diabolical beauty
|-damage|p1a: diabolical beauty|103\/323
|-activate|p1a: diabolical beauty|move: Wrap|[of] p2a: Dragonite
|cant|p1a: diabolical beauty|partiallytrapped
|
|turn|35
|choice|switch 4|move 1
|
|switch|p1a: depths of my soul|Chansey|539\/703
|move|p2a: Dragonite|Wrap|p1a: depths of my soul
|-damage|p1a: depths of my soul|499\/703
|-activate|p1a: depths of my soul|move: Wrap|[of] p2a: Dragonite
|
|turn|36
|choice|switch 4|move 1
|
|switch|p1a: diabolical beauty|Starmie|103\/323
|move|p2a: Dragonite|Wrap|p1a: diabolical beauty
|-damage|p1a: diabolical beauty|87\/323
|-activate|p1a: diabolical beauty|move: Wrap|[of] p2a: Dragonite
|
|turn|37
|choice|switch 4|move 1
|
|switch|p1a: depths of my soul|Chansey|499\/703
|move|p2a: Dragonite|Wrap|p1a: depths of my soul
|-damage|p1a: depths of my soul|459\/703
|-activate|p1a: depths of my soul|move: Wrap|[of] p2a: Dragonite
|
|turn|38
|choice|switch 4|move 1
|
|switch|p1a: diabolical beauty|Starmie|87\/323
|move|p2a: Dragonite|Wrap|p1a: diabolical beauty
|-damage|p1a: diabolical beauty|70\/323
|-activate|p1a: diabolical beauty|move: Wrap|[of] p2a: Dragonite
|
|turn|39
|choice|switch 4|move 1
|
|switch|p1a: depths of my soul|Chansey|459\/703
|move|p2a: Dragonite|Wrap|p1a: depths of my soul
|-damage|p1a: depths of my soul|419\/703
|-activate|p1a: depths of my soul|move: Wrap|[of] p2a: Dragonite
|
|turn|40
|choice|switch 4|move 1
|
|switch|p1a: diabolical beauty|Starmie|70\/323
|move|p2a: Dragonite|Wrap|p1a: diabolical beauty
|-crit|p1a: diabolical beauty
|-damage|p1a: diabolical beauty|36\/323
|-activate|p1a: diabolical beauty|move: Wrap|[of] p2a: Dragonite
|
|turn|41
|choice|switch 4|move 1
|
|switch|p1a: depths of my soul|Chansey|419\/703
|move|p2a: Dragonite|Wrap|p1a: depths of my soul|[miss]
|-miss|p2a: Dragonite
|
|turn|42
|choice|move 4|move 1
|
|move|p2a: Dragonite|Wrap|p1a: depths of my soul
|-damage|p1a: depths of my soul|379\/703
|-activate|p1a: depths of my soul|move: Wrap|[of] p2a: Dragonite
|cant|p1a: depths of my soul|partiallytrapped
|
|turn|43
|choice|switch 4|move 1
|
|switch|p1a: diabolical beauty|Starmie|36\/323
|move|p2a: Dragonite|Wrap|p1a: diabolical beauty
|-damage|p1a: diabolical beauty|18\/323
|-activate|p1a: diabolical beauty|move: Wrap|[of] p2a: Dragonite
|
|turn|44
|choice|switch 4|move 1
|
|switch|p1a: depths of my soul|Chansey|379\/703
|move|p2a: Dragonite|Wrap|p1a: depths of my soul
|-damage|p1a: depths of my soul|338\/703
|-activate|p1a: depths of my soul|move: Wrap|[of] p2a: Dragonite
|
|turn|45
|choice|switch 4|move 1
|
|switch|p1a: diabolical beauty|Starmie|18\/323
|move|p2a: Dragonite|Wrap|p1a: diabolical beauty
|-damage|p1a: diabolical beauty|0 fnt
|faint|p1a: diabolical beauty
|choice|switch 4|
|
|switch|p1a: depths of my soul|Chansey|338\/703
|turn|46
|choice|move 4|move 3
|
|move|p2a: Dragonite|Hyper Beam|p1a: depths of my soul
|-crit|p1a: depths of my soul
|-damage|p1a: depths of my soul|0 fnt
|faint|p1a: depths of my soul
|choice|switch 5|
|
|switch|p1a: as the tears fall|Snorlax, M|523\/523
|turn|47
|choice|move 1|move 1
|
|move|p2a: Dragonite|Wrap|p1a: as the tears fall
|-damage|p1a: as the tears fall|504\/523
|-activate|p1a: as the tears fall|move: Wrap|[of] p2a: Dragonite
|cant|p1a: as the tears fall|partiallytrapped
|
|turn|48
|choice|switch 3|move 1
|
|switch|p1a: everflaming|Tauros|353\/353
|move|p2a: Dragonite|Wrap|p1a: everflaming
|-damage|p1a: everflaming|337\/353
|-activate|p1a: everflaming|move: Wrap|[of] p2a: Dragonite
|
|turn|49
|choice|switch 3|switch 4
|
|switch|p2a: Victreebel|Victreebel, M|93\/363
|switch|p1a: as the tears fall|Snorlax, M|504\/523
|
|turn|50
|c|★B& KC|nietchze move fren :] too bad you lose now, lol
|choice|move 1|move 3
|
|move|p2a: Victreebel|Sleep Powder|p1a: as the tears fall
|-status|p1a: as the tears fall|slp
|cant|p1a: as the tears fall|slp
|
|turn|51
|choice|move 1|switch 4
|
|switch|p2a: Dragonite|Dragonite|21\/385
|cant|p1a: as the tears fall|slp
|
|turn|52
|choice|move 1|move 2
|
|move|p2a: Dragonite|Agility|p2a: Dragonite
|-boost|p2a: Dragonite|spe|2
|-curestatus|p1a: as the tears fall|slp
|
|turn|53
|c|★Dice|nooo
|choice|move 1|move 1
|
|move|p2a: Dragonite|Wrap|p1a: as the tears fall
|-damage|p1a: as the tears fall|485\/523
|-activate|p1a: as the tears fall|move: Wrap|[of] p2a: Dragonite
|cant|p1a: as the tears fall|partiallytrapped
|
|turn|54
|choice|switch 3|move 1
|
|switch|p1a: everflaming|Tauros|337\/353
|move|p2a: Dragonite|Wrap|p1a: everflaming|[miss]
|-miss|p2a: Dragonite
|
|turn|55
|choice|switch 3|move 1
|
|switch|p1a: as the tears fall|Snorlax, M|485\/523
|move|p2a: Dragonite|Wrap|p1a: as the tears fall
|-damage|p1a: as the tears fall|465\/523
|-activate|p1a: as the tears fall|move: Wrap|[of] p2a: Dragonite
|
|turn|56
|choice|switch 3|move 1
|
|switch|p1a: everflaming|Tauros|337\/353
|move|p2a: Dragonite|Wrap|p1a: everflaming
|-crit|p1a: everflaming
|-damage|p1a: everflaming|305\/353
|-activate|p1a: everflaming|move: Wrap|[of] p2a: Dragonite
|
|turn|57
|choice|switch 3|switch 4
|
|switch|p2a: Victreebel|Victreebel, M|93\/363
|switch|p1a: as the tears fall|Snorlax, M|465\/523
|
|turn|58
|choice|move 1|move 3
|
|move|p2a: Victreebel|Sleep Powder|p1a: as the tears fall
|-status|p1a: as the tears fall|slp
|cant|p1a: as the tears fall|slp
|
|turn|59
|choice|move 3|switch 4
|
|switch|p2a: Dragonite|Dragonite|21\/385
|-curestatus|p1a: as the tears fall|slp
|
|turn|60
|choice|move 1|move 3
|
|move|p2a: Dragonite|Hyper Beam|p1a: as the tears fall
|-damage|p1a: as the tears fall|265\/523
|move|p1a: as the tears fall|Body Slam|p2a: Dragonite
|-damage|p2a: Dragonite|0 fnt
|faint|p2a: Dragonite
|choice||switch 4
|
|switch|p2a: Victreebel|Victreebel, M|93\/363
|turn|61
|c|★B& KC|gg. lol
|choice|move 1|move 3
|
|move|p2a: Victreebel|Sleep Powder|p1a: as the tears fall
|-status|p1a: as the tears fall|slp
|-curestatus|p1a: as the tears fall|slp
|
|turn|62
|choice|move 1|move 3
|
|move|p2a: Victreebel|Sleep Powder|p1a: as the tears fall
|-status|p1a: as the tears fall|slp
|cant|p1a: as the tears fall|slp
|
|turn|63
|choice|move 1|move 4
|
|move|p2a: Victreebel|Wrap|p1a: as the tears fall|[miss]
|-miss|p2a: Victreebel
|cant|p1a: as the tears fall|slp
|
|turn|64
|choice|move 1|move 4
|
|move|p2a: Victreebel|Wrap|p1a: as the tears fall
|-damage|p1a: as the tears fall|247\/523 slp
|-activate|p1a: as the tears fall|move: Wrap|[of] p2a: Victreebel
|cant|p1a: as the tears fall|slp
|
|turn|65
|choice|move 1|move 4
|
|move|p2a: Victreebel|Wrap|p1a: as the tears fall|[from]Wrap
|-damage|p1a: as the tears fall|229\/523 slp
|cant|p1a: as the tears fall|slp
|
|turn|66
|choice|move 1|move 4
|
|move|p2a: Victreebel|Wrap|p1a: as the tears fall|[from]Wrap
|-damage|p1a: as the tears fall|211\/523 slp
|cant|p1a: as the tears fall|slp
|
|turn|67
|choice|move 1|move 4
|
|move|p2a: Victreebel|Wrap|p1a: as the tears fall|[from]Wrap
|-damage|p1a: as the tears fall|193\/523 slp
|-curestatus|p1a: as the tears fall|slp
|
|turn|68
|choice|move 1|move 4
|
|move|p2a: Victreebel|Wrap|p1a: as the tears fall|[from]Wrap
|-damage|p1a: as the tears fall|175\/523
|cant|p1a: as the tears fall|partiallytrapped
|
|-end|p1a: as the tears fall|Wrap|[partiallytrapped]
|turn|69
|choice|move 1|move 3
|
|move|p2a: Victreebel|Sleep Powder|p1a: as the tears fall
|-status|p1a: as the tears fall|slp
|-curestatus|p1a: as the tears fall|slp
|
|turn|70
|choice|move 1|move 3
|
|move|p2a: Victreebel|Sleep Powder|p1a: as the tears fall|[miss]
|-miss|p2a: Victreebel
|move|p1a: as the tears fall|Body Slam|p2a: Victreebel
|-damage|p2a: Victreebel|0 fnt
|faint|p2a: Victreebel
|
|win|B& KC