|J|Nails
|J|Tesung
|player|p1|Nails|282
|player|p2|Tesung|102
|gametype|singles
|gen|1
|tier|[Gen 1] OU
|seed|6797,1736,41278,16001
|rule|Sleep Clause Mod: Limit one foe put to sleep
|rule|Freeze Clause Mod: Limit one foe frozen
|rule|Species Clause: Limit one of each Pokémon
|rule|OHKO Clause: OHKO moves are banned
|rule|Evasion Moves Clause: Evasion moves are banned
|rule|HP Percentage Mod: HP is shown in percentages
|
|start
|switch|p1a: Jynx|Jynx|333\/333
|switch|p2a: Alakazam|Alakazam|313\/313
|turn|1
|choice|move 1|move 4
|
|move|p2a: Alakazam|Thunder Wave|p1a: Jynx
|-status|p1a: Jynx|par
|move|p1a: Jynx|Lovely Kiss|p2a: Alakazam
|-status|p2a: Alakazam|slp
|
|turn|2
|choice|move 2|move 2
|
|cant|p2a: Alakazam|slp
|move|p1a: Jynx|Blizzard|p2a: Alakazam|[miss]
|-miss|p1a: Jynx
|
|turn|3
|choice|move 2|move 2
|
|cant|p2a: Alakazam|slp
|move|p1a: Jynx|Blizzard|p2a: Alakazam
|-damage|p2a: Alakazam|196\/313 slp
|
|turn|4
|J|B& KC
|choice|move 2|switch 4
|
|switch|p2a: Chansey|Chansey|703\/703
|move|p1a: Jynx|Blizzard|p2a: Chansey
|-damage|p2a: Chansey|562\/703
|
|turn|5
|c|%B& KC|god
|c|%B& KC|how do you guys
|c|%B& KC|not get fucking bored of chansey
|choice|switch 3|move 2
|
|switch|p1a: Chansey|Chansey|703\/703
|move|p2a: Chansey|Thunderbolt|p1a: Chansey
|-damage|p1a: Chansey|634\/703
|
|turn|6
|c|★Nails|i do.
|choice|move 2|move 3
|
|move|p1a: Chansey|Ice Beam|p2a: Chansey
|-damage|p2a: Chansey|489\/703
|move|p2a: Chansey|Ice Beam|p1a: Chansey
|-damage|p1a: Chansey|563\/703
|
|turn|7
|c|★Tesung|i dont built my teams
|c|★Tesung|i like chanseyless  teams tho
|c|★Tesung|i got a couple of em
|choice|move 2|move 3
|
|move|p1a: Chansey|Ice Beam|p2a: Chansey
|-damage|p2a: Chansey|418\/703
|move|p2a: Chansey|Ice Beam|p1a: Chansey
|-damage|p1a: Chansey|492\/703
|
|turn|8
|c|★Nails|i didnt build this team
|c|%B& KC|ps lets get wrap banned
|choice|move 2|move 3
|
|move|p2a: Chansey|Ice Beam|p1a: Chansey
|-damage|p1a: Chansey|423\/703
|move|p1a: Chansey|Ice Beam|p2a: Chansey
|-damage|p2a: Chansey|346\/703
|
|turn|9
|c|★Tesung|i agree
|c|★Tesung|its retarded
|choice|move 2|move 4
|
|move|p1a: Chansey|Ice Beam|p2a: Chansey
|-damage|p2a: Chansey|266\/703
|move|p2a: Chansey|Soft-Boiled|p2a: Chansey
|-heal|p2a: Chansey|617\/703
|
|turn|10
|c|★Nails|i support a wrap ban
|choice|move 2|move 3
|
|move|p2a: Chansey|Ice Beam|p1a: Chansey
|-crit|p1a: Chansey
|-damage|p1a: Chansey|279\/703
|move|p1a: Chansey|Ice Beam|p2a: Chansey
|-damage|p2a: Chansey|544\/703
|
|turn|11
|choice|move 4|move 3
|
|move|p1a: Chansey|Soft-Boiled|p1a: Chansey
|-heal|p1a: Chansey|630\/703
|move|p2a: Chansey|Ice Beam|p1a: Chansey
|-damage|p1a: Chansey|551\/703
|
|turn|12
|J|LT2 Fly Away
|choice|move 2|move 3
|
|move|p2a: Chansey|Ice Beam|p1a: Chansey
|-damage|p1a: Chansey|480\/703
|move|p1a: Chansey|Ice Beam|p2a: Chansey
|-crit|p2a: Chansey
|-damage|p2a: Chansey|402\/703
|
|turn|13
|choice|move 2|move 3
|
|move|p1a: Chansey|Ice Beam|p2a: Chansey
|-damage|p2a: Chansey|326\/703
|move|p2a: Chansey|Ice Beam|p1a: Chansey
|-crit|p1a: Chansey
|-damage|p1a: Chansey|344\/703
|
|turn|14
|choice|move 2|switch 6
|
|switch|p2a: Tauros|Tauros|353\/353
|move|p1a: Chansey|Ice Beam|p2a: Tauros
|-damage|p2a: Tauros|256\/353
|
|turn|15
|choice|switch 6|move 1
|
|switch|p1a: Slowbro|Slowbro, M|393\/393
|move|p2a: Tauros|Body Slam|p1a: Slowbro
|-damage|p1a: Slowbro|298\/393
|
|turn|16
|c|%B& KC|http:\/\/www.smogon.com\/forums\/threads\/partial-trapping-moves-in-rby.3558609\/
|c|%B& KC|post Bs
|choice|move 3|move 1
|
|move|p2a: Tauros|Body Slam|p1a: Slowbro
|-crit|p1a: Slowbro
|-damage|p1a: Slowbro|123\/393
|-status|p1a: Slowbro|par
|move|p1a: Slowbro|Psychic|p2a: Tauros
|-damage|p2a: Tauros|140\/353
|
|turn|17
|choice|switch 5|move 1
|
|switch|p1a: Cloyster|Cloyster, M|303\/303
|move|p2a: Tauros|Body Slam|p1a: Cloyster
|-damage|p1a: Cloyster|242\/303
|-status|p1a: Cloyster|par
|
|turn|18
|c|★Tesung|good bou
|c|★Nails|hate tesunger..
|choice|move 1|switch 6
|
|switch|p2a: Chansey|Chansey|326\/703
|move|p1a: Cloyster|Blizzard|p2a: Chansey|[miss]
|-miss|p1a: Cloyster
|
|turn|19
|choice|move 1|move 4
|
|move|p2a: Chansey|Soft-Boiled|p2a: Chansey
|-heal|p2a: Chansey|677\/703
|move|p1a: Cloyster|Blizzard|p2a: Chansey|[miss]
|-miss|p1a: Cloyster
|
|turn|20
|choice|switch 6|switch 4
|
|switch|p2a: Alakazam|Alakazam|196\/313 slp
|switch|p1a: Chansey|Chansey|344\/703
|
|turn|21
|choice|move 4|move 1
|
|cant|p2a: Alakazam|slp
|move|p1a: Chansey|Soft-Boiled|p1a: Chansey
|-heal|p1a: Chansey|695\/703
|
|turn|22
|choice|switch 2|move 1
|
|switch|p1a: Exeggutor|Exeggutor, M|393\/393
|cant|p2a: Alakazam|slp
|
|turn|23
|choice|move 1|switch 5
|
|switch|p2a: Exeggutor|Exeggutor|393\/393
|move|p1a: Exeggutor|Sleep Powder|p2a: Exeggutor|[miss]
|-miss|p1a: Exeggutor
|
|turn|24
|choice|switch 3|move 2
|
|switch|p1a: Jynx|Jynx|333\/333 par
|move|p2a: Exeggutor|Psychic|p1a: Jynx
|-resisted|p1a: Jynx
|-damage|p1a: Jynx|266\/333 par
|
|turn|25
|choice|move 2|switch 4
|
|switch|p2a: Chansey|Chansey|677\/703
|move|p1a: Jynx|Blizzard|p2a: Chansey
|-damage|p2a: Chansey|548\/703
|
|turn|26
|choice|move 2|move 2
|
|move|p2a: Chansey|Thunderbolt|p1a: Jynx
|-damage|p1a: Jynx|185\/333 par
|move|p1a: Jynx|Blizzard|p2a: Chansey
|-damage|p2a: Chansey|409\/703
|
|turn|27
|choice|switch 2|move 4
|
|switch|p1a: Chansey|Chansey|695\/703
|move|p2a: Chansey|Soft-Boiled|p2a: Chansey
|-heal|p2a: Chansey|703\/703
|
|turn|28
|choice|move 2|move 3
|
|move|p1a: Chansey|Ice Beam|p2a: Chansey
|-damage|p2a: Chansey|634\/703
|move|p2a: Chansey|Ice Beam|p1a: Chansey
|-damage|p1a: Chansey|619\/703
|
|turn|29
|choice|move 2|move 3
|
|move|p1a: Chansey|Ice Beam|p2a: Chansey
|-damage|p2a: Chansey|565\/703
|move|p2a: Chansey|Ice Beam|p1a: Chansey
|-damage|p1a: Chansey|542\/703
|
|turn|30
|choice|move 2|move 3
|
|move|p1a: Chansey|Ice Beam|p2a: Chansey
|-damage|p2a: Chansey|496\/703
|move|p2a: Chansey|Ice Beam|p1a: Chansey
|-damage|p1a: Chansey|462\/703
|
|turn|31
|choice|move 2|move 3
|
|move|p1a: Chansey|Ice Beam|p2a: Chansey
|-damage|p2a: Chansey|421\/703
|-status|p2a: Chansey|frz
|cant|p2a: Chansey|frz
|
|turn|32
|c|★Nails|ty
|choice|move 1|switch 5
|
|switch|p2a: Alakazam|Alakazam|196\/313 slp
|move|p1a: Chansey|Thunder Wave|p2a: Alakazam
|-fail|p2a: Alakazam
|
|turn|33
|choice|move 4|move 1
|
|cant|p2a: Alakazam|slp
|move|p1a: Chansey|Soft-Boiled|p1a: Chansey
|-heal|p1a: Chansey|703\/703
|
|turn|34
|choice|switch 3|move 2
|
|switch|p1a: Exeggutor|Exeggutor, M|393\/393
|-curestatus|p2a: Alakazam|slp
|
|turn|35
|choice|move 1|switch 5
|
|switch|p2a: Chansey|Chansey|421\/703 frz
|move|p1a: Exeggutor|Sleep Powder|p2a: Chansey
|-fail|p2a: Chansey
|
|turn|36
|choice|move 1|move 3
|
|move|p1a: Exeggutor|Sleep Powder|p2a: Chansey
|-fail|p2a: Chansey
|cant|p2a: Chansey|frz
|
|turn|37
|choice|move 1|move 3
|
|move|p1a: Exeggutor|Sleep Powder|p2a: Chansey
|-fail|p2a: Chansey
|cant|p2a: Chansey|frz
|
|turn|38
|choice|move 1|move 3
|
|move|p1a: Exeggutor|Sleep Powder|p2a: Chansey
|-fail|p2a: Chansey
|cant|p2a: Chansey|frz
|
|turn|39
|choice|move 3|move 3
|
|move|p1a: Exeggutor|Psychic|p2a: Chansey
|-damage|p2a: Chansey|298\/703 frz
|cant|p2a: Chansey|frz
|
|turn|40
|choice|move 3|move 3
|
|move|p1a: Exeggutor|Psychic|p2a: Chansey
|-damage|p2a: Chansey|177\/703 frz
|cant|p2a: Chansey|frz
|
|turn|41
|choice|move 3|move 3
|
|move|p1a: Exeggutor|Psychic|p2a: Chansey
|-damage|p2a: Chansey|51\/703 frz
|cant|p2a: Chansey|frz
|
|turn|42
|choice|move 3|move 3
|
|move|p1a: Exeggutor|Psychic|p2a: Chansey
|-damage|p2a: Chansey|0 fnt
|faint|p2a: Chansey
|choice||switch 4
|
|switch|p2a: Exeggutor|Exeggutor|393\/393
|turn|43
|choice|switch 2|move 1
|
|switch|p1a: Jynx|Jynx|185\/333 par
|move|p2a: Exeggutor|Sleep Powder|p1a: Jynx
|-fail|p1a: Jynx
|
|turn|44
|choice|move 1|move 3
|
|move|p2a: Exeggutor|Hyper Beam|p1a: Jynx
|-damage|p1a: Jynx|0 fnt
|faint|p1a: Jynx
|choice|switch 2|
|
|switch|p1a: Exeggutor|Exeggutor, M|393\/393
|turn|45
|choice|move 1|move 1
|
|move|p1a: Exeggutor|Sleep Powder|p2a: Exeggutor
|-status|p2a: Exeggutor|slp
|cant|p2a: Exeggutor|slp
|
|turn|46
|choice|move 3|move 1
|
|move|p1a: Exeggutor|Psychic|p2a: Exeggutor
|-resisted|p2a: Exeggutor
|-damage|p2a: Exeggutor|340\/393 slp
|cant|p2a: Exeggutor|slp
|
|turn|47
|choice|move 3|move 1
|
|move|p1a: Exeggutor|Psychic|p2a: Exeggutor
|-resisted|p2a: Exeggutor
|-damage|p2a: Exeggutor|287\/393 slp
|-unboost|p2a: Exeggutor|spd|1
|-unboost|p2a: Exeggutor|spa|1
|cant|p2a: Exeggutor|slp
|
|turn|48
|choice|move 3|switch 5
|
|switch|p2a: Alakazam|Alakazam|196\/313
|move|p1a: Exeggutor|Psychic|p2a: Alakazam
|-resisted|p2a: Alakazam
|-damage|p2a: Alakazam|143\/313
|
|turn|49
|choice|move 2|move 3
|
|move|p2a: Alakazam|Recover|p2a: Alakazam
|-heal|p2a: Alakazam|299\/313
|move|p1a: Exeggutor|Stun Spore|p2a: Alakazam
|-status|p2a: Alakazam|par
|
|turn|50
|choice|switch 3|move 4
|
|switch|p1a: Chansey|Chansey|703\/703
|cant|p2a: Alakazam|par
|
|turn|51
|choice|move 3|move 4
|
|move|p1a: Chansey|Thunderbolt|p2a: Alakazam
|-crit|p2a: Alakazam
|-damage|p2a: Alakazam|170\/313 par
|cant|p2a: Alakazam|par
|
|turn|52
|choice|move 3|move 3
|
|move|p1a: Chansey|Thunderbolt|p2a: Alakazam
|-damage|p2a: Alakazam|110\/313 par
|move|p2a: Alakazam|Recover|p2a: Alakazam
|-heal|p2a: Alakazam|266\/313 par
|
|turn|53
|choice|move 3|move 4
|
|move|p1a: Chansey|Thunderbolt|p2a: Alakazam
|-damage|p2a: Alakazam|204\/313 par
|move|p2a: Alakazam|Thunder Wave|p1a: Chansey
|-status|p1a: Chansey|par
|
|turn|54
|choice|move 3|move 3
|
|cant|p2a: Alakazam|par
|move|p1a: Chansey|Thunderbolt|p2a: Alakazam
|-damage|p2a: Alakazam|140\/313 par
|
|turn|55
|choice|move 3|move 3
|
|move|p2a: Alakazam|Recover|p2a: Alakazam
|-heal|p2a: Alakazam|296\/313 par
|move|p1a: Chansey|Thunderbolt|p2a: Alakazam
|-damage|p2a: Alakazam|238\/313 par
|
|turn|56
|choice|move 3|move 3
|
|cant|p2a: Alakazam|par
|move|p1a: Chansey|Thunderbolt|p2a: Alakazam
|-damage|p2a: Alakazam|171\/313 par
|
|turn|57
|choice|move 3|move 3
|
|move|p2a: Alakazam|Recover|p2a: Alakazam
|-heal|p2a: Alakazam|313\/313 par
|move|p1a: Chansey|Thunderbolt|p2a: Alakazam
|-damage|p2a: Alakazam|248\/313 par
|
|turn|58
|choice|move 3|move 1
|
|move|p2a: Alakazam|Psychic|p1a: Chansey
|-damage|p1a: Chansey|580\/703 par
|-unboost|p1a: Chansey|spd|1
|-unboost|p1a: Chansey|spa|1
|move|p1a: Chansey|Thunderbolt|p2a: Alakazam
|-damage|p2a: Alakazam|208\/313 par
|
|turn|59
|choice|move 3|move 3
|
|cant|p2a: Alakazam|par
|cant|p1a: Chansey|par
|
|turn|60
|choice|move 3|move 1
|
|cant|p2a: Alakazam|par
|move|p1a: Chansey|Thunderbolt|p2a: Alakazam
|-damage|p2a: Alakazam|168\/313 par
|
|turn|61
|choice|switch 5|move 3
|
|switch|p1a: Slowbro|Slowbro, M|123\/393 par
|move|p2a: Alakazam|Recover|p2a: Alakazam
|-heal|p2a: Alakazam|313\/313 par
|
|turn|62
|choice|move 4|move 2
|
|move|p2a: Alakazam|Seismic Toss|p1a: Slowbro
|-damage|p1a: Slowbro|23\/393 par
|move|p1a: Slowbro|Rest|p1a: Slowbro
|-status|p1a: Slowbro|slp
|-heal|p1a: Slowbro|393\/393 slp|[silent]
|-status|p1a: Slowbro|slp|[from] move: Rest
|
|turn|63
|choice|move 3|switch 3
|
|switch|p2a: Rhydon|Rhydon|413\/413
|cant|p1a: Slowbro|slp
|
|turn|64
|choice|switch 3|move 3
|
|switch|p1a: Exeggutor|Exeggutor, M|393\/393
|move|p2a: Rhydon|Earthquake|p1a: Exeggutor
|-resisted|p1a: Exeggutor
|-damage|p1a: Exeggutor|313\/393
|
|turn|65
|choice|move 3|switch 3
|
|switch|p2a: Alakazam|Alakazam|313\/313 par
|move|p1a: Exeggutor|Psychic|p2a: Alakazam
|-resisted|p2a: Alakazam
|-damage|p2a: Alakazam|264\/313 par
|
|turn|66
|choice|move 4|move 2
|
|move|p1a: Exeggutor|Explosion|p2a: Alakazam
|-damage|p2a: Alakazam|0 fnt
|faint|p2a: Alakazam
|faint|p1a: Exeggutor
|choice|switch 6|switch 2
|
|switch|p2a: Slowbro|Slowbro|393\/393
|switch|p1a: Cloyster|Cloyster, M|242\/303 par
|turn|67
|choice|switch 5|move 3
|
|switch|p1a: Chansey|Chansey|580\/703 par
|move|p2a: Slowbro|Amnesia|p2a: Slowbro
|-boost|p2a: Slowbro|spd|2
|-boost|p2a: Slowbro|spa|2
|
|turn|68
|choice|move 1|move 3
|
|move|p2a: Slowbro|Amnesia|p2a: Slowbro
|-boost|p2a: Slowbro|spd|2
|-boost|p2a: Slowbro|spa|2
|move|p1a: Chansey|Thunder Wave|p2a: Slowbro
|-status|p2a: Slowbro|par
|
|turn|69
|choice|switch 3|move 3
|
|switch|p1a: Slowbro|Slowbro, M|393\/393 slp
|cant|p2a: Slowbro|par
|
|turn|70
|choice|move 3|move 3
|
|-curestatus|p1a: Slowbro|slp
|cant|p2a: Slowbro|par
|
|turn|71
|choice|move 2|move 1
|
|move|p1a: Slowbro|Amnesia|p1a: Slowbro
|-boost|p1a: Slowbro|spd|2
|-boost|p1a: Slowbro|spa|2
|cant|p2a: Slowbro|par
|
|turn|72
|choice|move 2|move 3
|
|move|p1a: Slowbro|Amnesia|p1a: Slowbro
|-boost|p1a: Slowbro|spd|2
|-boost|p1a: Slowbro|spa|2
|cant|p2a: Slowbro|par
|
|turn|73
|choice|move 2|move 3
|
|move|p1a: Slowbro|Amnesia|p1a: Slowbro
|-boost|p1a: Slowbro|spd|2
|-boost|p1a: Slowbro|spa|2
|move|p2a: Slowbro|Amnesia|p2a: Slowbro
|-boost|p2a: Slowbro|spd|2
|-boost|p2a: Slowbro|spa|2
|
|turn|74
|choice|move 3|move 2
|
|move|p1a: Slowbro|Psychic|p2a: Slowbro
|-resisted|p2a: Slowbro
|-damage|p2a: Slowbro|343\/393 par
|move|p2a: Slowbro|Surf|p1a: Slowbro
|-resisted|p1a: Slowbro
|-damage|p1a: Slowbro|338\/393
|
|turn|75
|choice|move 3|move 2
|
|move|p1a: Slowbro|Psychic|p2a: Slowbro
|-resisted|p2a: Slowbro
|-damage|p2a: Slowbro|290\/393 par
|cant|p2a: Slowbro|par
|
|turn|76
|choice|move 3|move 3
|
|move|p1a: Slowbro|Psychic|p2a: Slowbro
|-resisted|p2a: Slowbro
|-damage|p2a: Slowbro|239\/393 par
|move|p2a: Slowbro|Amnesia|p2a: Slowbro
|-boost|p2a: Slowbro|spd|2
|-boost|p2a: Slowbro|spa|2
|
|turn|77
|choice|move 3|move 3
|
|move|p1a: Slowbro|Psychic|p2a: Slowbro
|-crit|p2a: Slowbro
|-resisted|p2a: Slowbro
|-damage|p2a: Slowbro|131\/393 par
|cant|p2a: Slowbro|par
|
|turn|78
|choice|move 3|move 4
|
|move|p1a: Slowbro|Psychic|p2a: Slowbro
|-resisted|p2a: Slowbro
|-damage|p2a: Slowbro|81\/393 par
|move|p2a: Slowbro|Rest|p2a: Slowbro
|-status|p2a: Slowbro|slp
|-heal|p2a: Slowbro|393\/393 slp|[silent]
|-status|p2a: Slowbro|slp|[from] move: Rest
|
|turn|79
|choice|switch 5|move 3
|
|switch|p1a: Cloyster|Cloyster, M|242\/303 par
|cant|p2a: Slowbro|slp
|
|turn|80
|choice|move 4|move 2
|
|move|p1a: Cloyster|Explosion|p2a: Slowbro
|-damage|p2a: Slowbro|140\/393 slp
|faint|p1a: Cloyster
|choice|switch 4|
|
|switch|p1a: Golem|Golem, M|363\/363
|turn|81
|choice|move 1|switch 5
|
|switch|p2a: Exeggutor|Exeggutor|287\/393 slp
|move|p1a: Golem|Earthquake|p2a: Exeggutor
|-resisted|p2a: Exeggutor
|-damage|p2a: Exeggutor|213\/393 slp
|
|turn|82
|c|★Nails|why does this team have no tauros
|c|★Tesung|lol
|choice|move 3|move 2
|
|cant|p2a: Exeggutor|slp
|move|p1a: Golem|Rock Slide|p2a: Exeggutor|[miss]
|-miss|p1a: Golem
|
|turn|83
|choice|move 3|move 2
|
|-curestatus|p2a: Exeggutor|slp
|move|p1a: Golem|Rock Slide|p2a: Exeggutor
|-damage|p2a: Exeggutor|102\/393
|
|turn|84
|choice|switch 3|move 4
|
|switch|p1a: Chansey|Chansey|580\/703 par
|move|p2a: Exeggutor|Explosion|p1a: Chansey
|-damage|p1a: Chansey|0 fnt
|faint|p1a: Chansey
|faint|p2a: Exeggutor
|choice|switch 5|switch 6
|
|switch|p2a: Tauros|Tauros|140\/353
|switch|p1a: Slowbro|Slowbro, M|338\/393
|turn|85
|choice|move 1|move 1
|
|move|p2a: Tauros|Body Slam|p1a: Slowbro
|-damage|p1a: Slowbro|244\/393
|-status|p1a: Slowbro|par
|cant|p1a: Slowbro|par
|
|turn|86
|choice|move 1|switch 3
|
|switch|p2a: Rhydon|Rhydon|413\/413
|move|p1a: Slowbro|Thunder Wave|p2a: Rhydon
|-immune|p2a: Rhydon|[msg]
|
|turn|87
|choice|move 3|move 3
|
|move|p2a: Rhydon|Earthquake|p1a: Slowbro
|-damage|p1a: Slowbro|120\/393 par
|move|p1a: Slowbro|Psychic|p2a: Rhydon
|-damage|p2a: Rhydon|266\/413
|
|turn|88
|choice|move 3|move 3
|
|move|p2a: Rhydon|Earthquake|p1a: Slowbro
|-damage|p1a: Slowbro|0 fnt
|faint|p1a: Slowbro
|choice|switch 3|
|
|switch|p1a: Golem|Golem, M|363\/363
|turn|89
|choice|move 1|move 3
|
|move|p1a: Golem|Earthquake|p2a: Rhydon
|-supereffective|p2a: Rhydon
|-damage|p2a: Rhydon|29\/413
|move|p2a: Rhydon|Earthquake|p1a: Golem
|-supereffective|p1a: Golem
|-damage|p1a: Golem|115\/363
|
|turn|90
|choice|move 1|move 3
|
|move|p1a: Golem|Earthquake|p2a: Rhydon
|-supereffective|p2a: Rhydon
|-damage|p2a: Rhydon|0 fnt
|faint|p2a: Rhydon
|c|★Tesung|got lucky in that endgame
|c|★Tesung|gg
|c|★Nails|hate marco
|choice||switch 3
|
|switch|p2a: Tauros|Tauros|140\/353
|turn|91
|choice|move 1|move 3
|
|move|p2a: Tauros|Earthquake|p1a: Golem
|-supereffective|p1a: Golem
|-damage|p1a: Golem|0 fnt
|faint|p1a: Golem
|
|win|Tesung