|J|Nails
|J|Fortune
|player|p1|Nails|170
|player|p2|Fortune|275
|gametype|singles
|gen|1
|tier|[Gen 1] OU
|seed|37879,19331,27903,42072
|rule|Sleep Clause Mod: Limit one foe put to sleep
|rule|Freeze Clause Mod: Limit one foe frozen
|rule|Species Clause: Limit one of each Pokémon
|rule|OHKO Clause: OHKO moves are banned
|rule|Evasion Moves Clause: Evasion moves are banned
|rule|HP Percentage Mod: HP is shown in percentages
|
|start
|switch|p1a: Jynx|Jynx|333\/333
|switch|p2a: Jynx|Jynx|333\/333
|turn|1
|J|ggggd
|choice|move 3|move 1
|
|move|p1a: Jynx|Lovely Kiss|p2a: Jynx
|-status|p2a: Jynx|slp
|cant|p2a: Jynx|slp
|
|turn|2
|choice|move 2|switch 4
|
|switch|p2a: Chansey|Chansey|703\/703
|move|p1a: Jynx|Psychic|p2a: Chansey
|-damage|p2a: Chansey|598\/703
|-unboost|p2a: Chansey|spd|1
|-unboost|p2a: Chansey|spa|1
|
|turn|3
|c|★Fortune|dont freeze me bro
|choice|switch 3|move 4
|
|switch|p1a: Chansey|Chansey|703\/703
|move|p2a: Chansey|Thunder Wave|p1a: Chansey
|-status|p1a: Chansey|par
|
|turn|4
|J|Dice
|choice|move 1|move 2
|
|move|p2a: Chansey|Ice Beam|p1a: Chansey
|-damage|p1a: Chansey|652\/703 par
|move|p1a: Chansey|Ice Beam|p2a: Chansey
|-damage|p2a: Chansey|491\/703
|
|turn|5
|choice|move 1|move 3
|
|move|p2a: Chansey|Soft-Boiled|p2a: Chansey
|-heal|p2a: Chansey|703\/703
|move|p1a: Chansey|Ice Beam|p2a: Chansey
|-crit|p2a: Chansey
|-damage|p2a: Chansey|564\/703
|
|turn|6
|choice|move 1|switch 3
|
|switch|p2a: Snorlax|Snorlax|523\/523
|cant|p1a: Chansey|par
|
|turn|7
|J|Seeergi
|L|Seeergi
|choice|move 3|move 2
|
|move|p2a: Snorlax|Body Slam|p1a: Chansey
|-damage|p1a: Chansey|368\/703 par
|move|p1a: Chansey|Thunder Wave|p2a: Snorlax
|-status|p2a: Snorlax|par
|
|turn|8
|choice|switch 5|move 2
|
|switch|p1a: Snorlax|Snorlax|523\/523
|cant|p2a: Snorlax|par
|
|turn|9
|choice|move 2|switch 6
|
|switch|p2a: Exeggutor|Exeggutor|393\/393
|move|p1a: Snorlax|Counter|p2a: Exeggutor
|-damage|p2a: Exeggutor|0 fnt
|faint|p2a: Exeggutor
|c|★Fortune|oh
|J|Vileman
|choice||switch 3
|
|switch|p2a: Chansey|Chansey|564\/703
|turn|10
|c|+Vileman|nails can i get ubers tryouts after this
|c|+Vileman|please
|J|Bomber
|c|+Vileman|Dx
|J|BKC
|J|Lusch
|c|★Nails|bkc
|c|%BKC|i think thats correct
|J|Ary
|c|★Nails|is that how
|c|★Nails|counter works
|L|Ary
|c|★Nails|oh
|c|+Dice|yes
|c|+Dice|u can counter opposing counters too
|c|★Nails|i mean
|c|★Nails|just
|c|★Nails|i thought it had to be taken by the mon
|c|★Nails|interesting
|L|Bomber
|choice|switch 5|move 1
|
|switch|p1a: Chansey|Chansey|368\/703 par
|move|p2a: Chansey|Reflect|p2a: Chansey
|-start|p2a: Chansey|Reflect
|
|turn|11
|c|+Dice|counter gengar works coz
|choice|move 4|switch 6
|
|switch|p2a: Snorlax|Snorlax|523\/523 par
|cant|p1a: Chansey|par
|
|turn|12
|c|+Dice|u sack a mon
|c|+Dice|then send gar
|c|+Dice|and use counter
|c|+Dice|as they switch
|c|★Nails|oic
|choice|move 4|move 1
|
|move|p1a: Chansey|Soft-Boiled|p1a: Chansey
|-heal|p1a: Chansey|703\/703 par
|move|p2a: Snorlax|Amnesia|p2a: Snorlax
|-boost|p2a: Snorlax|spd|2
|-boost|p2a: Snorlax|spa|2
|
|turn|13
|choice|switch 5|move 4
|
|switch|p1a: Snorlax|Snorlax|523\/523
|move|p2a: Snorlax|Ice Beam|p1a: Snorlax
|-damage|p1a: Snorlax|376\/523
|
|turn|14
|choice|move 1|move 2
|
|move|p1a: Snorlax|Body Slam|p2a: Snorlax
|-damage|p2a: Snorlax|375\/523 par
|move|p2a: Snorlax|Body Slam|p1a: Snorlax
|-damage|p1a: Snorlax|231\/523
|
|turn|15
|choice|move 1|move 4
|
|move|p1a: Snorlax|Body Slam|p2a: Snorlax
|-damage|p2a: Snorlax|227\/523 par
|move|p2a: Snorlax|Ice Beam|p1a: Snorlax
|-damage|p1a: Snorlax|89\/523
|
|turn|16
|choice|move 4|move 2
|
|move|p1a: Snorlax|Self-Destruct|p2a: Snorlax
|-damage|p2a: Snorlax|0 fnt
|faint|p2a: Snorlax
|faint|p1a: Snorlax
|choice|switch 5|switch 5
|
|switch|p2a: Jolteon|Jolteon|333\/333
|switch|p1a: Chansey|Chansey|703\/703 par
|turn|17
|choice|move 3|move 2
|
|move|p2a: Jolteon|Double Kick|p1a: Chansey
|-supereffective|p1a: Chansey
|-damage|p1a: Chansey|597\/703 par
|-damage|p1a: Chansey|491\/703 par
|-hitcount|p1a: Chansey|2
|cant|p1a: Chansey|par
|
|turn|18
|c|★Fortune|i have volt absorb
|c|★Fortune|you cant twave me
|choice|switch 2|move 2
|
|switch|p1a: Exeggutor|Exeggutor|393\/393
|move|p2a: Jolteon|Double Kick|p1a: Exeggutor
|-crit|p1a: Exeggutor
|-resisted|p1a: Exeggutor
|-damage|p1a: Exeggutor|373\/393
|-damage|p1a: Exeggutor|353\/393
|-hitcount|p1a: Exeggutor|2
|
|turn|19
|c|★Nails|tru
|c|%BKC|facts B
|choice|move 1|move 4
|
|move|p2a: Jolteon|Thunder Wave|p1a: Exeggutor
|-status|p1a: Exeggutor|par
|move|p1a: Exeggutor|Psychic|p2a: Jolteon
|-damage|p2a: Jolteon|222\/333
|-unboost|p2a: Jolteon|spd|1
|-unboost|p2a: Jolteon|spa|1
|
|turn|20
|choice|move 1|move 3
|
|move|p2a: Jolteon|Pin Missile|p1a: Exeggutor
|-supereffective|p1a: Exeggutor
|-damage|p1a: Exeggutor|309\/393 par
|-damage|p1a: Exeggutor|265\/393 par
|-damage|p1a: Exeggutor|221\/393 par
|-hitcount|p1a: Exeggutor|3
|move|p1a: Exeggutor|Psychic|p2a: Jolteon
|-damage|p2a: Jolteon|37\/333
|-unboost|p2a: Jolteon|spd|1
|-unboost|p2a: Jolteon|spa|1
|
|turn|21
|J|Yellow Temperance
|choice|move 1|move 3
|
|move|p2a: Jolteon|Pin Missile|p1a: Exeggutor
|-crit|p1a: Exeggutor
|-supereffective|p1a: Exeggutor
|-damage|p1a: Exeggutor|138\/393 par
|-damage|p1a: Exeggutor|55\/393 par
|-damage|p1a: Exeggutor|0 fnt
|-hitcount|p1a: Exeggutor|3
|faint|p1a: Exeggutor
|J|Finchinator
|choice|switch 3|
|
|switch|p1a: Jynx|Jynx|333\/333
|turn|22
|L|Finchinator
|J|Crash Your Face
|choice|move 2|move 4
|
|move|p2a: Jolteon|Thunder Wave|p1a: Jynx
|-status|p1a: Jynx|par
|move|p1a: Jynx|Psychic|p2a: Jolteon
|-damage|p2a: Jolteon|0 fnt
|faint|p2a: Jolteon
|J|felaligatel
|choice||switch 2
|
|switch|p2a: Tauros|Tauros|353\/353
|turn|23
|L|Crash Your Face
|choice|switch 4|move 1
|
|switch|p1a: Cloyster|Cloyster|303\/303
|move|p2a: Tauros|Body Slam|p1a: Cloyster
|-damage|p1a: Cloyster|232\/303
|
|turn|24
|choice|move 1|move 1
|
|move|p2a: Tauros|Body Slam|p1a: Cloyster
|-damage|p1a: Cloyster|163\/303
|move|p1a: Cloyster|Blizzard|p2a: Tauros
|-damage|p2a: Tauros|191\/353
|
|turn|25
|J|HONOR
|c|+Vileman|its been 3 turns and no hax, whats going on
|choice|move 1|move 1
|
|move|p2a: Tauros|Body Slam|p1a: Cloyster
|-damage|p1a: Cloyster|92\/303
|move|p1a: Cloyster|Blizzard|p2a: Tauros
|-damage|p2a: Tauros|26\/353
|
|turn|26
|choice|switch 2|move 2
|
|switch|p1a: Chansey|Chansey|491\/703 par
|move|p2a: Tauros|Hyper Beam|p1a: Chansey
|-damage|p1a: Chansey|0 fnt
|faint|p1a: Chansey
|choice|switch 6|
|
|switch|p1a: Tauros|Tauros|353\/353
|turn|27
|L|Lusch
|c|★Fortune|hmm
|choice|move 1|move 4
|
|move|p1a: Tauros|Body Slam|p2a: Tauros
|-damage|p2a: Tauros|0 fnt
|faint|p2a: Tauros
|choice||switch 6
|
|switch|p2a: Chansey|Chansey|564\/703
|turn|28
|choice|switch 4|move 3
|
|switch|p1a: Jynx|Jynx|333\/333 par
|move|p2a: Chansey|Soft-Boiled|p2a: Chansey
|-heal|p2a: Chansey|703\/703
|
|turn|29
|choice|move 2|switch 4
|
|switch|p2a: Jynx|Jynx|333\/333 slp
|cant|p1a: Jynx|par
|
|turn|30
|choice|switch 2|switch 4
|
|switch|p2a: Chansey|Chansey|703\/703
|switch|p1a: Cloyster|Cloyster|92\/303
|
|turn|31
|J|Kiyo
|c|★Nails|no miss pls
|choice|move 4|move 4
|
|move|p1a: Cloyster|Explosion|p2a: Chansey
|-damage|p2a: Chansey|11\/703
|faint|p1a: Cloyster
|choice|switch 4|
|
|switch|p1a: Tauros|Tauros|353\/353
|turn|32
|c|★Nails|nice it hit
|c|★Fortune|gg
|c|★Nails|gg
|choice|move 1|switch 4
|
|switch|p2a: Jynx|Jynx|333\/333 slp
|move|p1a: Tauros|Body Slam|p2a: Jynx
|-damage|p2a: Jynx|146\/333 slp
|
|turn|33
|-message|Fortune forfeited.
|
|win|Nails