|J|Dear Ophelia
|J|CrapAtRBY
|player|p1|Dear Ophelia|70
|player|p2|CrapAtRBY|102
|gametype|singles
|gen|1
|tier|[Gen 1] OU
|rule|Sleep Clause Mod: Limit one foe put to sleep
|rule|Freeze Clause Mod: Limit one foe frozen
|rule|Species Clause: Limit one of each Pokémon
|rule|OHKO Clause: OHKO moves are banned
|rule|Evasion Moves Clause: Evasion moves are banned
|rule|HP Percentage Mod: HP is shown in percentages
|
|start
|switch|p1a: Jace|Alakazam|313\/313
|switch|p2a: Jynx|Jynx|333\/333
|turn|1
|J|SingleThunder
|J|Wesleyxd
|
|move|p1a: Jace|Seismic Toss|p2a: Jynx
|-damage|p2a: Jynx|233\/333
|move|p2a: Jynx|Lovely Kiss|p1a: Jace
|-status|p1a: Jace|slp
|
|turn|2
|L|SingleThunder
|
|switch|p1a: Bufudyne|Lapras|463\/463
|move|p2a: Jynx|Blizzard|p1a: Bufudyne
|-resisted|p1a: Bufudyne
|-damage|p1a: Bufudyne|430\/463
|
|turn|3
|
|switch|p2a: Chansey|Chansey|703\/703
|switch|p1a: CHONSEY|Chansey|703\/703
|
|turn|4
|
|move|p1a: CHONSEY|Ice Beam|p2a: Chansey
|-damage|p2a: Chansey|628\/703
|-status|p2a: Chansey|frz
|cant|p2a: Chansey|frz
|
|turn|5
|
|switch|p2a: Snorlax|Snorlax|523\/523
|move|p1a: CHONSEY|Thunderbolt|p2a: Snorlax
|-damage|p2a: Snorlax|424\/523
|
|turn|6
|
|switch|p2a: Jynx|Jynx|233\/333
|move|p1a: CHONSEY|Thunder Wave|p2a: Jynx
|-status|p2a: Jynx|par
|
|turn|7
|
|move|p1a: CHONSEY|Thunderbolt|p2a: Jynx
|-damage|p2a: Jynx|149\/333 par
|cant|p2a: Jynx|par
|
|turn|8
|
|move|p1a: CHONSEY|Thunderbolt|p2a: Jynx
|-damage|p2a: Jynx|69\/333 par
|move|p2a: Jynx|Blizzard|p1a: CHONSEY
|-damage|p1a: CHONSEY|574\/703
|
|turn|9
|
|move|p1a: CHONSEY|Thunderbolt|p2a: Jynx
|-damage|p2a: Jynx|0 fnt
|faint|p2a: Jynx
|
|switch|p2a: Exeggutor|Exeggutor|393\/393
|turn|10
|
|switch|p1a: Jace|Alakazam|313\/313 slp
|move|p2a: Exeggutor|Stun Spore|p1a: Jace
|-fail|p1a: Jace
|
|turn|11
|
|switch|p1a: Megidolaon|Exeggutor|393\/393
|switch|p2a: Tauros|Tauros|353\/353
|
|turn|12
|
|switch|p2a: Exeggutor|Exeggutor|393\/393
|move|p1a: Megidolaon|Sleep Powder|p2a: Exeggutor
|-status|p2a: Exeggutor|slp
|
|turn|13
|
|switch|p1a: Bufudyne|Lapras|430\/463
|switch|p2a: Snorlax|Snorlax|424\/523
|
|turn|14
|
|move|p1a: Bufudyne|Blizzard|p2a: Snorlax
|-damage|p2a: Snorlax|251\/523
|move|p2a: Snorlax|Amnesia|p2a: Snorlax
|-boost|p2a: Snorlax|spd|2
|-boost|p2a: Snorlax|spa|2
|
|turn|15
|
|switch|p1a: BORIS|Snorlax|523\/523
|move|p2a: Snorlax|Reflect|p2a: Snorlax
|-start|p2a: Snorlax|Reflect
|
|turn|16
|
|move|p1a: BORIS|Body Slam|p2a: Snorlax
|-damage|p2a: Snorlax|175\/523
|move|p2a: Snorlax|Amnesia|p2a: Snorlax
|-boost|p2a: Snorlax|spd|2
|-boost|p2a: Snorlax|spa|2
|
|turn|17
|
|move|p1a: BORIS|Body Slam|p2a: Snorlax
|-damage|p2a: Snorlax|104\/523
|move|p2a: Snorlax|Amnesia|p2a: Snorlax
|-boost|p2a: Snorlax|spd|2
|-boost|p2a: Snorlax|spa|2
|
|turn|18
|
|move|p2a: Snorlax|Rest|p2a: Snorlax
|-status|p2a: Snorlax|slp
|-heal|p2a: Snorlax|523\/523 slp|[silent]
|-status|p2a: Snorlax|slp|[from] move: Rest
|move|p1a: BORIS|Hyper Beam|p2a: Snorlax|[miss]
|-miss|p1a: BORIS
|
|turn|19
|
|switch|p1a: Bufudyne|Lapras|430\/463
|cant|p2a: Snorlax|slp
|
|turn|20
|J|Mr.378
|L|Mr.378
|
|move|p1a: Bufudyne|Blizzard|p2a: Snorlax
|-damage|p2a: Snorlax|476\/523 slp
|cant|p2a: Snorlax|slp
|-curestatus|p2a: Snorlax|slp
|
|turn|21
|
|move|p1a: Bufudyne|Blizzard|p2a: Snorlax
|-damage|p2a: Snorlax|432\/523
|move|p2a: Snorlax|Ice Beam|p1a: Bufudyne
|-resisted|p1a: Bufudyne
|-damage|p1a: Bufudyne|369\/463
|
|turn|22
|
|move|p1a: Bufudyne|Blizzard|p2a: Snorlax
|-damage|p2a: Snorlax|386\/523
|move|p2a: Snorlax|Ice Beam|p1a: Bufudyne
|-resisted|p1a: Bufudyne
|-damage|p1a: Bufudyne|309\/463
|
|turn|23
|
|move|p1a: Bufudyne|Blizzard|p2a: Snorlax
|-damage|p2a: Snorlax|342\/523
|move|p2a: Snorlax|Ice Beam|p1a: Bufudyne
|-resisted|p1a: Bufudyne
|-damage|p1a: Bufudyne|248\/463
|
|turn|24
|
|move|p1a: Bufudyne|Blizzard|p2a: Snorlax
|-damage|p2a: Snorlax|295\/523
|move|p2a: Snorlax|Ice Beam|p1a: Bufudyne
|-resisted|p1a: Bufudyne
|-damage|p1a: Bufudyne|187\/463
|
|turn|25
|
|move|p1a: Bufudyne|Blizzard|p2a: Snorlax
|-damage|p2a: Snorlax|253\/523
|move|p2a: Snorlax|Ice Beam|p1a: Bufudyne
|-resisted|p1a: Bufudyne
|-damage|p1a: Bufudyne|132\/463
|
|turn|26
|
|move|p1a: Bufudyne|Blizzard|p2a: Snorlax
|-damage|p2a: Snorlax|211\/523
|move|p2a: Snorlax|Ice Beam|p1a: Bufudyne
|-resisted|p1a: Bufudyne
|-damage|p1a: Bufudyne|78\/463
|
|turn|27
|
|move|p1a: Bufudyne|Thunderbolt|p2a: Snorlax
|-damage|p2a: Snorlax|186\/523
|move|p2a: Snorlax|Rest|p2a: Snorlax
|-status|p2a: Snorlax|slp
|-heal|p2a: Snorlax|523\/523 slp|[silent]
|-status|p2a: Snorlax|slp|[from] move: Rest
|
|turn|28
|
|switch|p1a: MASTERMUNE|Tauros|353\/353
|cant|p2a: Snorlax|slp
|
|turn|29
|
|move|p1a: MASTERMUNE|Body Slam|p2a: Snorlax
|-damage|p2a: Snorlax|459\/523 slp
|cant|p2a: Snorlax|slp
|-curestatus|p2a: Snorlax|slp
|
|turn|30
|
|switch|p1a: Bufudyne|Lapras|78\/463
|move|p2a: Snorlax|Ice Beam|p1a: Bufudyne
|-resisted|p1a: Bufudyne
|-damage|p1a: Bufudyne|22\/463
|
|turn|31
|
|move|p1a: Bufudyne|Thunderbolt|p2a: Snorlax
|-damage|p2a: Snorlax|437\/523
|-status|p2a: Snorlax|par
|move|p2a: Snorlax|Ice Beam|p1a: Bufudyne
|-resisted|p1a: Bufudyne
|-damage|p1a: Bufudyne|0 fnt
|faint|p1a: Bufudyne
|
|switch|p1a: CHONSEY|Chansey|574\/703
|turn|32
|
|move|p1a: CHONSEY|Thunderbolt|p2a: Snorlax
|-crit|p2a: Snorlax
|-damage|p2a: Snorlax|251\/523 par
|move|p2a: Snorlax|Ice Beam|p1a: CHONSEY
|-damage|p1a: CHONSEY|361\/703
|
|turn|33
|
|move|p1a: CHONSEY|Soft-Boiled|p1a: CHONSEY
|-heal|p1a: CHONSEY|703\/703
|move|p2a: Snorlax|Rest|p2a: Snorlax
|-status|p2a: Snorlax|slp
|-heal|p2a: Snorlax|523\/523 slp|[silent]
|-status|p2a: Snorlax|slp|[from] move: Rest
|
|turn|34
|
|switch|p1a: MASTERMUNE|Tauros|353\/353
|cant|p2a: Snorlax|slp
|
|turn|35
|
|move|p1a: MASTERMUNE|Body Slam|p2a: Snorlax
|-damage|p2a: Snorlax|462\/523 slp
|cant|p2a: Snorlax|slp
|-curestatus|p2a: Snorlax|slp
|
|turn|36
|
|switch|p1a: CHONSEY|Chansey|703\/703
|move|p2a: Snorlax|Ice Beam|p1a: CHONSEY
|-damage|p1a: CHONSEY|469\/703
|-status|p1a: CHONSEY|frz
|
|turn|37
|
|cant|p1a: CHONSEY|frz
|move|p2a: Snorlax|Ice Beam|p1a: CHONSEY
|-damage|p1a: CHONSEY|250\/703 frz
|
|turn|38
|
|cant|p1a: CHONSEY|frz
|move|p2a: Snorlax|Ice Beam|p1a: CHONSEY
|-damage|p1a: CHONSEY|19\/703 frz
|
|turn|39
|
|cant|p1a: CHONSEY|frz
|move|p2a: Snorlax|Ice Beam|p1a: CHONSEY
|-crit|p1a: CHONSEY
|-damage|p1a: CHONSEY|0 fnt
|faint|p1a: CHONSEY
|J|soulraiser
|
|switch|p1a: Megidolaon|Exeggutor|393\/393
|turn|40
|
|move|p1a: Megidolaon|Stun Spore|p2a: Snorlax
|-status|p2a: Snorlax|par
|move|p2a: Snorlax|Ice Beam|p1a: Megidolaon
|-supereffective|p1a: Megidolaon
|-damage|p1a: Megidolaon|0 fnt
|faint|p1a: Megidolaon
|
|switch|p1a: BORIS|Snorlax|523\/523
|turn|41
|
|move|p1a: BORIS|Body Slam|p2a: Snorlax
|-damage|p2a: Snorlax|388\/523 par
|cant|p2a: Snorlax|par
|
|turn|42
|
|move|p1a: BORIS|Body Slam|p2a: Snorlax
|-damage|p2a: Snorlax|317\/523 par
|move|p2a: Snorlax|Ice Beam|p1a: BORIS
|-damage|p1a: BORIS|218\/523
|
|turn|43
|
|move|p1a: BORIS|Self-Destruct|p2a: Snorlax
|-damage|p2a: Snorlax|89\/523 par
|faint|p1a: BORIS
|
|switch|p1a: MASTERMUNE|Tauros|353\/353
|turn|44
|
|move|p1a: MASTERMUNE|Hyper Beam|p2a: Snorlax
|-crit|p2a: Snorlax
|-damage|p2a: Snorlax|0 fnt
|faint|p2a: Snorlax
|
|switch|p2a: Tauros|Tauros|353\/353
|turn|45
|
|move|p2a: Tauros|Body Slam|p1a: MASTERMUNE
|-crit|p1a: MASTERMUNE
|-damage|p1a: MASTERMUNE|148\/353
|move|p1a: MASTERMUNE|Body Slam|p2a: Tauros
|-damage|p2a: Tauros|250\/353
|
|turn|46
|
|move|p1a: MASTERMUNE|Hyper Beam|p2a: Tauros
|-damage|p2a: Tauros|70\/353
|move|p2a: Tauros|Hyper Beam|p1a: MASTERMUNE
|-damage|p1a: MASTERMUNE|0 fnt
|faint|p1a: MASTERMUNE
|
|switch|p1a: Jace|Alakazam|313\/313 slp
|turn|47
|
|cant|p1a: Jace|slp
|move|p2a: Tauros|Body Slam|p1a: Jace
|-damage|p1a: Jace|150\/313 slp
|
|turn|48
|
|cant|p1a: Jace|slp
|move|p2a: Tauros|Body Slam|p1a: Jace
|-damage|p1a: Jace|0 fnt
|faint|p1a: Jace
|
|win|CrapAtRBY