|J|Golden Gyarados
|J|Lutra
|player|p1|Golden Gyarados|2
|player|p2|Lutra|281
|gametype|singles
|gen|1
|tier|[Gen 1] OU
|seed|45457,6986,9894,1750
|rule|Sleep Clause Mod: Limit one foe put to sleep
|rule|Freeze Clause Mod: Limit one foe frozen
|rule|Species Clause: Limit one of each Pokémon
|rule|OHKO Clause: OHKO moves are banned
|rule|Evasion Moves Clause: Evasion moves are banned
|rule|HP Percentage Mod: HP is shown in percentages
|
|start
|switch|p1a: Alakazam|Alakazam, M|313\/313
|switch|p2a: Alakazam|Alakazam, M|313\/313
|turn|1
|J|TrailBlazer77
|J|Teddeh
|J|CrashinBoomBang
|J|dekzeh
|J|atomicllamas
|J|KratosMana
|J|Starmaster
|J|lt2 sunset jesus
|J|Hikari
|c|+Teddeh|gooooo lutra
|J|Shadestep
|J|Valentine
|J|Sweep
|choice|switch 3|move 4
|
|switch|p1a: Exeggutor|Exeggutor, M|393\/393
|move|p2a: Alakazam|Thunder Wave|p1a: Exeggutor
|-status|p1a: Exeggutor|par
|
|turn|2
|J|Soulgazer
|J|Dear Ophelia
|J|Icey Tea
|J|BKC
|J|Esteemed User
|J|trap dustshoot
|c|+Starmaster|go lutra!
|L|Soulgazer
|J|jira
|J|party on a sunday
|choice|move 2|move 3
|
|move|p2a: Alakazam|Seismic Toss|p1a: Exeggutor
|-damage|p1a: Exeggutor|293\/393 par
|move|p1a: Exeggutor|Sleep Powder|p2a: Alakazam|[miss]
|-miss|p1a: Exeggutor
|
|turn|3
|J|SparksBlade
|choice|move 2|move 3
|
|move|p2a: Alakazam|Seismic Toss|p1a: Exeggutor
|-damage|p1a: Exeggutor|193\/393 par
|move|p1a: Exeggutor|Sleep Powder|p2a: Alakazam
|-status|p2a: Alakazam|slp
|
|turn|4
|J|Praj.pran
|J|BlueSkiddoWeCanToo
|J|Hygie
|J|Standard RBY Bro
|J|Ciele
|J|GunnerRohan
|choice|move 4|switch 6
|
|switch|p2a: Lapras|Lapras, M|463\/463
|move|p1a: Exeggutor|Stun Spore|p2a: Lapras
|-status|p2a: Lapras|par
|
|turn|5
|choice|switch 2|move 1
|
|switch|p1a: Chansey|Chansey|703\/703
|move|p2a: Lapras|Blizzard|p1a: Chansey
|-damage|p1a: Chansey|580\/703
|
|turn|6
|J|Nunno
|J|shaneghoul
|choice|move 2|switch 4
|
|switch|p2a: Exeggutor|Exeggutor, M|393\/393
|move|p1a: Chansey|Thunderbolt|p2a: Exeggutor
|-resisted|p2a: Exeggutor
|-damage|p2a: Exeggutor|358\/393
|
|turn|7
|J|littlelucario
|L|shaneghoul
|c|+littlelucario|gl
|choice|switch 2|move 4
|
|switch|p1a: Exeggutor|Exeggutor, M|193\/393 par
|move|p2a: Exeggutor|Sleep Powder|p1a: Exeggutor
|-fail|p1a: Exeggutor
|
|turn|8
|J|smilzo
|J|lt2 esme
|raw|<div class="broadcast-red"><b>Moderated chat was set to @!<\/b><br \/>Only users of rank @ and higher can talk.<\/div>
|choice|move 4|switch 6
|
|switch|p2a: Alakazam|Alakazam, M|313\/313 slp
|cant|p1a: Exeggutor|par
|
|turn|9
|J|Silver97
|J|Kingler12345
|choice|switch 6|switch 6
|
|switch|p2a: Exeggutor|Exeggutor, M|358\/393
|switch|p1a: Tauros|Tauros|353\/353
|
|turn|10
|J|slurmz
|choice|switch 6|move 3
|
|switch|p1a: Exeggutor|Exeggutor, M|193\/393 par
|move|p2a: Exeggutor|Psychic|p1a: Exeggutor
|-resisted|p1a: Exeggutor
|-damage|p1a: Exeggutor|137\/393 par
|
|turn|11
|J|GOD MARTH
|J|jvl101993
|L|Hygie
|J|Hygie
|choice|move 4|switch 6
|
|switch|p2a: Alakazam|Alakazam, M|313\/313 slp
|move|p1a: Exeggutor|Stun Spore|p2a: Alakazam
|-fail|p2a: Alakazam
|
|turn|12
|choice|move 4|move 1
|
|cant|p2a: Alakazam|slp
|move|p1a: Exeggutor|Stun Spore|p2a: Alakazam
|-fail|p2a: Alakazam
|
|turn|13
|J|Astounded
|choice|move 4|switch 6
|
|switch|p2a: Exeggutor|Exeggutor, M|358\/393
|cant|p1a: Exeggutor|par
|
|turn|14
|choice|move 4|switch 6
|
|switch|p2a: Alakazam|Alakazam, M|313\/313 slp
|cant|p1a: Exeggutor|par
|
|turn|15
|choice|switch 6|move 3
|
|switch|p1a: Tauros|Tauros|353\/353
|cant|p2a: Alakazam|slp
|
|turn|16
|choice|move 1|switch 3
|
|switch|p2a: Snorlax|Snorlax, M|523\/523
|move|p1a: Tauros|Body Slam|p2a: Snorlax
|-damage|p2a: Snorlax|386\/523
|
|turn|17
|choice|move 4|move 1
|
|move|p1a: Tauros|Blizzard|p2a: Snorlax
|-crit|p2a: Snorlax
|-damage|p2a: Snorlax|205\/523
|-status|p2a: Snorlax|frz
|cant|p2a: Snorlax|frz
|
|turn|18
|choice|move 1|move 1
|
|move|p1a: Tauros|Body Slam|p2a: Snorlax
|-crit|p2a: Snorlax
|-damage|p2a: Snorlax|0 fnt
|faint|p2a: Snorlax
|J|seeme
|choice||switch 4
|
|switch|p2a: Lapras|Lapras, M|463\/463 par
|turn|19
|choice|switch 2|move 3
|
|switch|p1a: Chansey|Chansey|580\/703
|move|p2a: Lapras|Sing|p1a: Chansey
|-status|p1a: Chansey|slp
|
|turn|20
|J|Alexander
|choice|switch 3|move 1
|
|switch|p1a: Alakazam|Alakazam, M|313\/313
|move|p2a: Lapras|Blizzard|p1a: Alakazam
|-damage|p1a: Alakazam|198\/313
|
|turn|21
|choice|move 1|switch 2
|
|switch|p2a: Chansey|Chansey|703\/703
|move|p1a: Alakazam|Psychic|p2a: Chansey
|-damage|p2a: Chansey|568\/703
|
|turn|22
|J|Villa
|J|Bdhdjdkdj
|J|Based Scythe
|choice|switch 3|move 4
|
|switch|p1a: Chansey|Chansey|580\/703 slp
|move|p2a: Chansey|Thunder Wave|p1a: Chansey
|-fail|p1a: Chansey
|
|turn|23
|choice|switch 3|switch 5
|
|switch|p2a: Tauros|Tauros|353\/353
|switch|p1a: Alakazam|Alakazam, M|198\/313
|
|turn|24
|choice|switch 4|switch 3
|
|switch|p1a: Golem|Golem, M|363\/363
|switch|p2a: Alakazam|Alakazam, M|313\/313 slp
|
|turn|25
|choice|move 4|switch 6
|
|switch|p2a: Exeggutor|Exeggutor, M|358\/393
|move|p1a: Golem|Rock Slide|p2a: Exeggutor
|-damage|p2a: Exeggutor|246\/393
|
|turn|26
|L|Bdhdjdkdj
|choice|switch 3|move 2
|
|switch|p1a: Chansey|Chansey|580\/703 slp
|move|p2a: Exeggutor|Double-Edge|p1a: Chansey
|-damage|p1a: Chansey|354\/703 slp
|-damage|p2a: Exeggutor|190\/393|[from] recoil|[of] p1a: Chansey
|
|turn|27
|J|Hgddvjnbbv
|L|Starmaster
|J|Cranham
|J|marcoasd
|choice|switch 6|move 3
|
|switch|p1a: Exeggutor|Exeggutor, M|137\/393 par
|move|p2a: Exeggutor|Psychic|p1a: Exeggutor
|-resisted|p1a: Exeggutor
|-damage|p1a: Exeggutor|83\/393 par
|
|turn|28
|J|magsyy
|choice|move 3|switch 6
|
|switch|p2a: Alakazam|Alakazam, M|313\/313 slp
|cant|p1a: Exeggutor|par
|
|turn|29
|J|Mr.378
|choice|move 3|switch 6
|
|switch|p2a: Exeggutor|Exeggutor, M|190\/393
|cant|p1a: Exeggutor|par
|
|turn|30
|J|Starmaster
|choice|move 3|switch 6
|
|switch|p2a: Alakazam|Alakazam, M|313\/313 slp
|move|p1a: Exeggutor|Explosion|p2a: Alakazam
|-damage|p2a: Alakazam|0 fnt
|faint|p2a: Alakazam
|faint|p1a: Exeggutor
|L|Sweep
|J|Sweep
|choice|switch 4|switch 5
|
|switch|p1a: Alakazam|Alakazam, M|198\/313
|switch|p2a: Chansey|Chansey|568\/703
|turn|31
|choice|switch 6|move 4
|
|switch|p1a: Chansey|Chansey|354\/703 slp
|move|p2a: Chansey|Thunder Wave|p1a: Chansey
|-fail|p1a: Chansey
|
|turn|32
|choice|switch 5|switch 3
|
|switch|p1a: Lapras|Lapras, M|463\/463
|switch|p2a: Tauros|Tauros|353\/353
|
|turn|33
|choice|move 1|switch 3
|
|switch|p2a: Chansey|Chansey|568\/703
|move|p1a: Lapras|Blizzard|p2a: Chansey
|-damage|p2a: Chansey|445\/703
|
|turn|34
|choice|switch 5|move 3
|
|switch|p1a: Chansey|Chansey|354\/703 slp
|move|p2a: Chansey|Thunderbolt|p1a: Chansey
|-damage|p1a: Chansey|278\/703 slp
|
|turn|35
|choice|switch 6|switch 3
|
|switch|p1a: Alakazam|Alakazam, M|198\/313
|switch|p2a: Tauros|Tauros|353\/353
|
|turn|36
|choice|move 4|switch 3
|
|switch|p2a: Chansey|Chansey|445\/703
|move|p1a: Alakazam|Thunder Wave|p2a: Chansey
|-status|p2a: Chansey|par
|
|turn|37
|J|nbf per la gente
|choice|switch 3|move 1
|
|switch|p1a: Golem|Golem, M|363\/363
|cant|p2a: Chansey|par
|
|turn|38
|J|Not Troller
|J|reeeeeeeeeweeeee
|choice|move 1|switch 6
|
|switch|p2a: Exeggutor|Exeggutor, M|190\/393
|move|p1a: Golem|Body Slam|p2a: Exeggutor
|-damage|p2a: Exeggutor|112\/393
|-status|p2a: Exeggutor|par
|
|turn|39
|choice|switch 6|move 3
|
|switch|p1a: Chansey|Chansey|278\/703 slp
|move|p2a: Exeggutor|Psychic|p1a: Chansey
|-damage|p1a: Chansey|153\/703 slp
|
|turn|40
|L|reeeeeeeeeweeeee
|choice|move 3|move 2
|
|cant|p1a: Chansey|slp
|move|p2a: Exeggutor|Double-Edge|p1a: Chansey
|-damage|p1a: Chansey|0 fnt
|-damage|p2a: Exeggutor|74\/393 par|[from] recoil|[of] p1a: Chansey
|faint|p1a: Chansey
|choice|switch 2|
|
|switch|p1a: Tauros|Tauros|353\/353
|turn|41
|choice|move 1|move 1
|
|move|p1a: Tauros|Body Slam|p2a: Exeggutor
|-damage|p2a: Exeggutor|0 fnt
|faint|p2a: Exeggutor
|choice||switch 2
|
|switch|p2a: Lapras|Lapras, M|463\/463 par
|turn|42
|choice|switch 3|move 3
|
|switch|p1a: Alakazam|Alakazam, M|198\/313
|cant|p2a: Lapras|par
|
|turn|43
|choice|move 1|move 3
|
|move|p1a: Alakazam|Psychic|p2a: Lapras
|-damage|p2a: Lapras|319\/463 par
|-unboost|p2a: Lapras|spd|1
|-unboost|p2a: Lapras|spa|1
|move|p2a: Lapras|Sing|p1a: Alakazam
|-status|p1a: Alakazam|slp
|
|turn|44
|choice|switch 5|move 4
|
|switch|p1a: Lapras|Lapras, M|463\/463
|move|p2a: Lapras|Thunderbolt|p1a: Lapras
|-supereffective|p1a: Lapras
|-damage|p1a: Lapras|368\/463
|
|turn|45
|choice|move 2|switch 6
|
|switch|p2a: Chansey|Chansey|445\/703 par
|move|p1a: Lapras|Body Slam|p2a: Chansey
|-damage|p2a: Chansey|266\/703 par
|
|turn|46
|choice|move 2|move 2
|
|move|p1a: Lapras|Body Slam|p2a: Chansey
|-damage|p2a: Chansey|102\/703 par
|move|p2a: Chansey|Soft-Boiled|p2a: Chansey
|-heal|p2a: Chansey|453\/703 par
|
|turn|47
|choice|move 3|move 2
|
|move|p1a: Lapras|Confuse Ray|p2a: Chansey
|-start|p2a: Chansey|confusion
|-activate|p2a: Chansey|confusion
|move|p2a: Chansey|Soft-Boiled|p2a: Chansey
|-heal|p2a: Chansey|703\/703 par
|
|turn|48
|choice|switch 6|move 1
|
|switch|p1a: Golem|Golem, M|363\/363
|-activate|p2a: Chansey|confusion
|cant|p2a: Chansey|par
|
|turn|49
|J|choollio
|choice|move 2|move 1
|
|move|p1a: Golem|Earthquake|p2a: Chansey
|-damage|p2a: Chansey|352\/703 par
|-end|p2a: Chansey|confusion
|move|p2a: Chansey|Ice Beam|p1a: Golem
|-supereffective|p1a: Golem
|-damage|p1a: Golem|155\/363
|
|turn|50
|L|KratosMana
|choice|move 2|move 1
|
|move|p1a: Golem|Earthquake|p2a: Chansey
|-damage|p2a: Chansey|0 fnt
|faint|p2a: Chansey
|choice||switch 3
|
|switch|p2a: Tauros|Tauros|353\/353
|turn|51
|J|Fastfsssy
|J|hiwiegehtsso
|choice|move 3|move 1
|
|move|p2a: Tauros|Blizzard|p1a: Golem
|-supereffective|p1a: Golem
|-damage|p1a: Golem|0 fnt
|faint|p1a: Golem
|choice|switch 6|
|
|switch|p1a: Lapras|Lapras, M|368\/463
|turn|52
|J|Undying Dream
|choice|move 1|move 2
|
|move|p2a: Tauros|Body Slam|p1a: Lapras
|-damage|p1a: Lapras|244\/463
|move|p1a: Lapras|Blizzard|p2a: Tauros
|-damage|p2a: Tauros|169\/353
|
|turn|53
|choice|move 1|switch 6
|
|switch|p2a: Lapras|Lapras, M|319\/463 par
|move|p1a: Lapras|Blizzard|p2a: Lapras
|-resisted|p2a: Lapras
|-damage|p2a: Lapras|285\/463 par
|
|turn|54
|choice|move 4|move 4
|
|move|p1a: Lapras|Thunderbolt|p2a: Lapras
|-supereffective|p2a: Lapras
|-damage|p2a: Lapras|129\/463 par
|move|p2a: Lapras|Thunderbolt|p1a: Lapras
|-supereffective|p1a: Lapras
|-damage|p1a: Lapras|83\/463
|
|turn|55
|choice|move 4|move 4
|
|move|p1a: Lapras|Thunderbolt|p2a: Lapras
|-supereffective|p2a: Lapras
|-damage|p2a: Lapras|0 fnt
|faint|p2a: Lapras
|choice||switch 6
|
|switch|p2a: Tauros|Tauros|169\/353
|turn|56
|choice|move 1|move 2
|
|move|p2a: Tauros|Body Slam|p1a: Lapras
|-damage|p1a: Lapras|0 fnt
|faint|p1a: Lapras
|choice|switch 3|
|
|switch|p1a: Tauros|Tauros|353\/353
|turn|57
|J|SOMALIA
|J|Disenchanted
|choice|move 3|move 4
|
|move|p2a: Tauros|Hyper Beam|p1a: Tauros
|-damage|p1a: Tauros|177\/353
|move|p1a: Tauros|Hyper Beam|p2a: Tauros
|-damage|p2a: Tauros|2\/353
|
|turn|58
|-mustrecharge|p1a: Tauros
|-mustrecharge|p2a: Tauros
|-mustrecharge|p1a: Tauros
|-mustrecharge|p2a: Tauros
|choice|move 1|move 1
|
|cant|p2a: Tauros|recharge
|cant|p1a: Tauros|recharge
|
|turn|59
|J|KratosMana
|choice|move 1|move 4
|
|move|p2a: Tauros|Hyper Beam|p1a: Tauros
|-crit|p1a: Tauros
|-damage|p1a: Tauros|0 fnt
|faint|p1a: Tauros
|L|Disenchanted
|choice|switch 5|
|
|switch|p1a: Alakazam|Alakazam, M|198\/313 slp
|turn|60
|choice|move 1|move 4
|
|cant|p1a: Alakazam|slp
|move|p2a: Tauros|Hyper Beam|p1a: Alakazam
|-damage|p1a: Alakazam|0 fnt
|faint|p1a: Alakazam
|
|win|Lutra
|player|p1
|player|p2
|L|choollio
|L|Sweep
|L|Starmaster
|L|TrailBlazer77
|L|Icey Tea
|L|Esteemed User
|L|Golden Gyarados
|L|lt2 sunset jesus
|L|dekzeh
|L|lt2 esme
|L|GOD MARTH
|L|Astounded
|L|Ciele
|L|nbf per la gente
|L|Alexander
|L|smilzo
|L|BKC
|L|Mr.378
|L|party on a sunday
|L|atomicllamas
|L|Dear Ophelia
|L|Fastfsssy
|L|Nunno
|L|SparksBlade
|L|littlelucario
|L|Teddeh
|L|KratosMana
|L|Based Scythe
|J|Disenchanted
|L|Undying Dream
|L|Praj.pran
|J|Undying Dream