|J|Tesung
|J|Dice
|player|p1|Tesung|170
|player|p2|Dice|134
|gametype|singles
|gen|1
|tier|[Gen 1] OU
|seed|
|rule|Sleep Clause Mod: Limit one foe put to sleep
|rule|Freeze Clause Mod: Limit one foe frozen
|rule|Species Clause: Limit one of each Pokémon
|rule|OHKO Clause: OHKO moves are banned
|rule|Evasion Moves Clause: Evasion moves are banned
|rule|HP Percentage Mod: HP is shown in percentages
|
|start
|switch|p1a: Alakazam|Alakazam|100\/100
|switch|p2a: Starmie|Starmie|100\/100
|turn|1
|c|★Tesung|gl
|J|EG Posho
|J|Triangles RSE
|L|EG Posho
|choice||
|
|switch|p2a: Exeggutor|Exeggutor|100\/100
|move|p1a: Alakazam|Psychic|p2a: Exeggutor
|-crit|p2a: Exeggutor
|-resisted|p2a: Exeggutor
|-damage|p2a: Exeggutor|74\/100
|
|turn|2
|J|Quite Quiet
|J|KratosMana
|choice||
|
|move|p1a: Alakazam|Psychic|p2a: Exeggutor
|-crit|p2a: Exeggutor
|-resisted|p2a: Exeggutor
|-damage|p2a: Exeggutor|45\/100
|move|p2a: Exeggutor|Sleep Powder|p1a: Alakazam
|-status|p1a: Alakazam|slp
|
|turn|3
|choice||
|
|cant|p1a: Alakazam|slp
|move|p2a: Exeggutor|Psychic|p1a: Alakazam
|-resisted|p1a: Alakazam
|-damage|p1a: Alakazam|84\/100 slp
|-unboost|p1a: Alakazam|spd|1
|-unboost|p1a: Alakazam|spa|1
|
|turn|4
|choice||
|
|switch|p1a: Exeggutor|Exeggutor|100\/100
|move|p2a: Exeggutor|Psychic|p1a: Exeggutor
|-resisted|p1a: Exeggutor
|-damage|p1a: Exeggutor|88\/100
|
|turn|5
|choice||
|
|move|p1a: Exeggutor|Sleep Powder|p2a: Exeggutor
|-status|p2a: Exeggutor|slp
|cant|p2a: Exeggutor|slp
|
|turn|6
|J|tamahome
|choice||
|
|switch|p2a: Starmie|Starmie|100\/100
|move|p1a: Exeggutor|Psychic|p2a: Starmie
|-resisted|p2a: Starmie
|-damage|p2a: Starmie|81\/100
|-unboost|p2a: Starmie|spd|1
|-unboost|p2a: Starmie|spa|1
|
|turn|7
|L|KratosMana
|choice||
|
|move|p2a: Starmie|Recover|p2a: Starmie
|-heal|p2a: Starmie|100\/100
|move|p1a: Exeggutor|Psychic|p2a: Starmie
|-resisted|p2a: Starmie
|-damage|p2a: Starmie|73\/100
|
|turn|8
|choice||
|
|move|p2a: Starmie|Thunder Wave|p1a: Exeggutor
|-status|p1a: Exeggutor|par
|move|p1a: Exeggutor|Psychic|p2a: Starmie
|-resisted|p2a: Starmie
|-damage|p2a: Starmie|42\/100
|
|turn|9
|choice||
|
|move|p2a: Starmie|Recover|p2a: Starmie
|-heal|p2a: Starmie|92\/100
|move|p1a: Exeggutor|Explosion|p2a: Starmie
|-damage|p2a: Starmie|8\/100
|faint|p1a: Exeggutor
|choice||
|
|switch|p1a: Chansey|Chansey|100\/100
|turn|10
|choice||
|
|switch|p2a: Snorlax|Snorlax|100\/100
|move|p1a: Chansey|Thunderbolt|p2a: Snorlax
|-damage|p2a: Snorlax|83\/100
|
|turn|11
|choice||
|
|switch|p1a: Snorlax|Snorlax|100\/100
|move|p2a: Snorlax|Body Slam|p1a: Snorlax
|-damage|p1a: Snorlax|72\/100
|
|turn|12
|J|Sugar K Leonard
|choice||
|
|move|p1a: Snorlax|Reflect|p1a: Snorlax
|-start|p1a: Snorlax|Reflect
|move|p2a: Snorlax|Body Slam|p1a: Snorlax
|-damage|p1a: Snorlax|60\/100
|
|turn|13
|choice||
|
|switch|p2a: Golem|Golem|100\/100
|move|p1a: Snorlax|Body Slam|p2a: Golem
|-resisted|p2a: Golem
|-damage|p2a: Golem|89\/100
|-status|p2a: Golem|par
|
|turn|14
|choice||
|
|move|p1a: Snorlax|Earthquake|p2a: Golem
|-supereffective|p2a: Golem
|-damage|p2a: Golem|48\/100 par
|move|p2a: Golem|Earthquake|p1a: Snorlax
|-damage|p1a: Snorlax|43\/100
|
|turn|15
|choice||
|
|move|p1a: Snorlax|Earthquake|p2a: Golem
|-supereffective|p2a: Golem
|-damage|p2a: Golem|8\/100 par
|move|p2a: Golem|Explosion|p1a: Snorlax
|-damage|p1a: Snorlax|6\/100
|faint|p2a: Golem
|choice||
|
|switch|p2a: Lapras|Lapras|100\/100
|turn|16
|choice||
|
|switch|p1a: Chansey|Chansey|100\/100
|move|p2a: Lapras|Blizzard|p1a: Chansey
|-damage|p1a: Chansey|82\/100
|
|turn|17
|choice||
|
|switch|p2a: Snorlax|Snorlax|83\/100
|switch|p1a: Snorlax|Snorlax|6\/100
|
|turn|18
|choice||
|
|move|p1a: Snorlax|Rest|p1a: Snorlax
|-status|p1a: Snorlax|slp
|-heal|p1a: Snorlax|100\/100 slp|[silent]
|-status|p1a: Snorlax|slp|[from] move: Rest
|move|p2a: Snorlax|Body Slam|p1a: Snorlax
|-damage|p1a: Snorlax|76\/100 slp
|
|turn|19
|choice||
|
|cant|p1a: Snorlax|slp
|move|p2a: Snorlax|Body Slam|p1a: Snorlax
|-damage|p1a: Snorlax|47\/100 slp
|
|turn|20
|choice||
|
|move|p2a: Snorlax|Body Slam|p1a: Snorlax
|-damage|p1a: Snorlax|23\/100 slp
|-curestatus|p1a: Snorlax|slp
|
|turn|21
|choice||
|
|move|p2a: Snorlax|Body Slam|p1a: Snorlax
|-crit|p1a: Snorlax
|-damage|p1a: Snorlax|0 fnt
|faint|p1a: Snorlax
|choice||
|
|switch|p1a: Chansey|Chansey|82\/100
|turn|22
|choice||
|
|move|p1a: Chansey|Thunder Wave|p2a: Snorlax
|-status|p2a: Snorlax|par
|cant|p2a: Snorlax|par
|
|turn|23
|choice||
|
|move|p1a: Chansey|Ice Beam|p2a: Snorlax
|-damage|p2a: Snorlax|63\/100 par
|move|p2a: Snorlax|Self-Destruct|p1a: Chansey
|-damage|p1a: Chansey|0 fnt
|faint|p1a: Chansey
|faint|p2a: Snorlax
|choice||
|
|switch|p1a: Persian|Persian|100\/100
|switch|p2a: Lapras|Lapras|100\/100
|turn|24
|choice||
|
|move|p1a: Persian|Slash|p2a: Lapras
|-crit|p2a: Lapras
|-damage|p2a: Lapras|70\/100
|move|p2a: Lapras|Blizzard|p1a: Persian|[miss]
|-miss|p2a: Lapras
|
|turn|25
|choice||
|
|move|p1a: Persian|Slash|p2a: Lapras
|-crit|p2a: Lapras
|-damage|p2a: Lapras|40\/100
|move|p2a: Lapras|Blizzard|p1a: Persian|[miss]
|-miss|p2a: Lapras
|
|turn|26
|J|autolocked phrases
|c|★Tesung|-
|choice||
|
|move|p1a: Persian|Thunderbolt|p2a: Lapras
|-supereffective|p2a: Lapras
|-damage|p2a: Lapras|15\/100
|move|p2a: Lapras|Blizzard|p1a: Persian
|-damage|p1a: Persian|48\/100
|
|turn|27
|choice||
|
|move|p1a: Persian|Slash|p2a: Lapras
|-crit|p2a: Lapras
|-damage|p2a: Lapras|0 fnt
|faint|p2a: Lapras
|choice||
|
|switch|p2a: Tauros|Tauros|100\/100
|turn|28
|J|Praj.pran
|choice||
|
|move|p1a: Persian|Hyper Beam|p2a: Tauros
|-crit|p2a: Tauros
|-damage|p2a: Tauros|17\/100
|move|p2a: Tauros|Hyper Beam|p1a: Persian
|-crit|p1a: Persian
|-damage|p1a: Persian|0 fnt
|faint|p1a: Persian
|choice||
|
|switch|p1a: Tauros|Tauros|100\/100
|turn|29
|J|benbe
|choice||
|
|switch|p2a: Exeggutor|Exeggutor|45\/100 slp
|move|p1a: Tauros|Body Slam|p2a: Exeggutor
|-crit|p2a: Exeggutor
|-damage|p2a: Exeggutor|0 fnt
|faint|p2a: Exeggutor
|choice||
|
|switch|p2a: Starmie|Starmie|8\/100
|turn|30
|choice||
|
|move|p2a: Starmie|Psychic|p1a: Tauros
|-crit|p1a: Tauros
|-damage|p1a: Tauros|28\/100
|-unboost|p1a: Tauros|spd|1
|-unboost|p1a: Tauros|spa|1
|move|p1a: Tauros|Body Slam|p2a: Starmie
|-damage|p2a: Starmie|0 fnt
|faint|p2a: Starmie
|choice||
|
|switch|p2a: Tauros|Tauros|17\/100
|turn|31
|choice||
|
|move|p1a: Tauros|Body Slam|p2a: Tauros
|-crit|p2a: Tauros
|-damage|p2a: Tauros|0 fnt
|faint|p2a: Tauros
|
|win|Tesung