|J|Nails
|J|papai noel
|player|p1|Nails|170
|player|p2|papai noel|161
|gametype|singles
|gen|1
|tier|[Gen 1] OU
|seed|8434,29217,6462,60426
|rule|Sleep Clause Mod: Limit one foe put to sleep
|rule|Freeze Clause Mod: Limit one foe frozen
|rule|Species Clause: Limit one of each Pokémon
|rule|OHKO Clause: OHKO moves are banned
|rule|Evasion Moves Clause: Evasion moves are banned
|rule|HP Percentage Mod: HP is shown in percentages
|
|start
|switch|p1a: Starmie|Starmie|323\/323
|switch|p2a: Jynx|Jynx|333\/333
|turn|1
|J|Time Stall
|choice|move 3|move 2
|
|move|p1a: Starmie|Thunder Wave|p2a: Jynx
|-status|p2a: Jynx|par
|cant|p2a: Jynx|par
|
|turn|2
|c|★papai noel|interesting.
|c|★Nails|nice got the outplay
|choice|move 2|move 3
|
|move|p1a: Starmie|Psychic|p2a: Jynx
|-resisted|p2a: Jynx
|-damage|p2a: Jynx|279\/333 par
|-unboost|p2a: Jynx|spd|1
|-unboost|p2a: Jynx|spa|1
|move|p2a: Jynx|Lovely Kiss|p1a: Starmie
|-status|p1a: Starmie|slp
|
|turn|3
|choice|switch 2|move 2
|
|switch|p1a: Snorlax|Snorlax|523\/523
|move|p2a: Jynx|Psychic|p1a: Snorlax
|-damage|p1a: Snorlax|437\/523
|
|turn|4
|choice|move 1|switch 4
|
|switch|p2a: Snorlax|Snorlax|523\/523
|move|p1a: Snorlax|Body Slam|p2a: Snorlax
|-damage|p2a: Snorlax|374\/523
|
|turn|5
|choice|move 2|move 1
|
|move|p2a: Snorlax|Body Slam|p1a: Snorlax
|-damage|p1a: Snorlax|289\/523
|move|p1a: Snorlax|Counter|p2a: Snorlax
|-damage|p2a: Snorlax|78\/523
|
|turn|6
|choice|switch 5|move 1
|
|switch|p1a: Golem|Golem|363\/363
|move|p2a: Snorlax|Body Slam|p1a: Golem
|-resisted|p1a: Golem
|-damage|p1a: Golem|321\/363
|
|turn|7
|choice|move 3|switch 5
|
|switch|p2a: Exeggutor|Exeggutor|393\/393
|move|p1a: Golem|Body Slam|p2a: Exeggutor
|-damage|p2a: Exeggutor|308\/393
|
|turn|8
|choice|switch 3|move 1
|
|switch|p1a: Chansey|Chansey|703\/703
|move|p2a: Exeggutor|Psychic|p1a: Chansey
|-crit|p1a: Chansey
|-damage|p1a: Chansey|469\/703
|
|turn|9
|choice|move 1|switch 4
|
|switch|p2a: Jynx|Jynx|279\/333 par
|move|p1a: Chansey|Ice Beam|p2a: Jynx
|-resisted|p2a: Jynx
|-damage|p2a: Jynx|239\/333 par
|
|turn|10
|choice|move 4|move 1
|
|move|p1a: Chansey|Soft-Boiled|p1a: Chansey
|-heal|p1a: Chansey|703\/703
|move|p2a: Jynx|Blizzard|p1a: Chansey
|-damage|p1a: Chansey|564\/703
|
|turn|11
|choice|switch 4|move 2
|
|switch|p1a: Cloyster|Cloyster|303\/303
|cant|p2a: Jynx|par
|
|turn|12
|choice|move 2|move 2
|
|move|p1a: Cloyster|Clamp|p2a: Jynx
|-damage|p2a: Jynx|199\/333 par
|-activate|p2a: Jynx|move: Clamp|[of] p1a: Cloyster
|cant|p2a: Jynx|partiallytrapped
|
|turn|13
|choice|move 2|switch 5
|
|switch|p2a: Snorlax|Snorlax|78\/523
|move|p1a: Cloyster|Clamp|p2a: Snorlax
|-crit|p2a: Snorlax
|-damage|p2a: Snorlax|0 fnt
|faint|p2a: Snorlax
|choice||switch 6
|
|switch|p2a: Zapdos|Zapdos|383\/383
|turn|14
|choice|move 1|switch 4
|
|switch|p2a: Exeggutor|Exeggutor|308\/393
|move|p1a: Cloyster|Blizzard|p2a: Exeggutor|[miss]
|-miss|p1a: Cloyster
|
|turn|15
|c|★Nails|rude
|c|★papai noel|nice
|c|★papai noel|got the outplay
|c|★Nails|tru
|choice|switch 2|switch 5
|
|switch|p1a: Starmie|Starmie|323\/323 slp
|switch|p2a: Jynx|Jynx|199\/333 par
|
|turn|16
|choice|move 2|move 2
|
|cant|p1a: Starmie|slp
|move|p2a: Jynx|Psychic|p1a: Starmie
|-resisted|p1a: Starmie
|-damage|p1a: Starmie|269\/323 slp
|
|turn|17
|choice|switch 5|move 2
|
|switch|p1a: Snorlax|Snorlax|289\/523
|move|p2a: Jynx|Psychic|p1a: Snorlax
|-damage|p1a: Snorlax|147\/523
|
|turn|18
|choice|move 4|switch 5
|
|switch|p2a: Exeggutor|Exeggutor|308\/393
|move|p1a: Snorlax|Self-Destruct|p2a: Exeggutor
|-damage|p2a: Exeggutor|0 fnt
|faint|p2a: Exeggutor
|faint|p1a: Snorlax
|choice|switch 3|switch 4
|
|switch|p2a: Zapdos|Zapdos|383\/383
|switch|p1a: Golem|Golem|321\/363
|turn|19
|choice|move 3|switch 2
|
|switch|p2a: Chansey|Chansey|703\/703
|move|p1a: Golem|Body Slam|p2a: Chansey
|-damage|p2a: Chansey|520\/703
|
|turn|20
|choice|switch 4|move 3
|
|switch|p1a: Chansey|Chansey|564\/703
|move|p2a: Chansey|Soft-Boiled|p2a: Chansey
|-heal|p2a: Chansey|703\/703
|
|turn|21
|choice|move 1|move 1
|
|move|p2a: Chansey|Ice Beam|p1a: Chansey
|-damage|p1a: Chansey|491\/703
|-status|p1a: Chansey|frz
|cant|p1a: Chansey|frz
|
|turn|22
|c|★Nails|drats
|c|★papai noel|outplayed bitch
|c|★Nails|yea
|choice|switch 5|move 2
|
|switch|p1a: Starmie|Starmie|269\/323 slp
|move|p2a: Chansey|Thunderbolt|p1a: Starmie
|-supereffective|p1a: Starmie
|-damage|p1a: Starmie|117\/323 slp
|
|turn|23
|choice|switch 6|move 2
|
|switch|p1a: Tauros|Tauros|353\/353
|move|p2a: Chansey|Thunderbolt|p1a: Tauros
|-damage|p1a: Tauros|248\/353
|
|turn|24
|choice|move 3|move 4
|
|move|p1a: Tauros|Earthquake|p2a: Chansey
|-damage|p2a: Chansey|481\/703
|move|p2a: Chansey|Thunder Wave|p1a: Tauros
|-status|p1a: Tauros|par
|
|turn|25
|choice|move 1|move 3
|
|move|p2a: Chansey|Soft-Boiled|p2a: Chansey
|-heal|p2a: Chansey|703\/703
|move|p1a: Tauros|Body Slam|p2a: Chansey
|-damage|p2a: Chansey|424\/703
|
|turn|26
|choice|move 1|move 3
|
|move|p2a: Chansey|Soft-Boiled|p2a: Chansey
|-heal|p2a: Chansey|703\/703
|move|p1a: Tauros|Body Slam|p2a: Chansey
|-damage|p2a: Chansey|417\/703
|
|turn|27
|choice|move 1|move 3
|
|move|p2a: Chansey|Soft-Boiled|p2a: Chansey
|-heal|p2a: Chansey|703\/703
|cant|p1a: Tauros|par
|
|turn|28
|choice|move 1|move 2
|
|move|p2a: Chansey|Thunderbolt|p1a: Tauros
|-damage|p1a: Tauros|158\/353 par
|cant|p1a: Tauros|par
|
|turn|29
|choice|move 2|move 2
|
|move|p2a: Chansey|Thunderbolt|p1a: Tauros
|-crit|p1a: Tauros
|-damage|p1a: Tauros|0 fnt
|faint|p1a: Tauros
|choice|switch 2|
|
|switch|p1a: Cloyster|Cloyster|303\/303
|turn|30
|c|★papai noel|chansey is
|c|★papai noel|the best mon
|choice|move 2|move 4
|
|move|p1a: Cloyster|Clamp|p2a: Chansey|[miss]
|-miss|p1a: Cloyster
|move|p2a: Chansey|Thunder Wave|p1a: Cloyster
|-status|p1a: Cloyster|par
|
|turn|31
|choice|move 4|move 2
|
|move|p2a: Chansey|Thunderbolt|p1a: Cloyster
|-supereffective|p1a: Cloyster
|-damage|p1a: Cloyster|134\/303 par
|move|p1a: Cloyster|Explosion|p2a: Chansey
|-damage|p2a: Chansey|0 fnt
|faint|p2a: Chansey
|faint|p1a: Cloyster
|choice|switch 4|switch 3
|
|switch|p2a: Tauros|Tauros|353\/353
|switch|p1a: Golem|Golem|321\/363
|turn|32
|choice|move 1|move 4
|
|move|p2a: Tauros|Blizzard|p1a: Golem
|-crit|p1a: Golem
|-supereffective|p1a: Golem
|-damage|p1a: Golem|0 fnt
|faint|p1a: Golem
|c|★Nails|rip
|-message|Nails forfeited.
|
|win|papai noel