|J|Stratos
|J|Dice
|player|p1|Stratos|1
|player|p2|Dice|168
|gametype|singles
|gen|1
|tier|[Gen 1] OU
|seed|28558,63214,19700,3271
|rule|Sleep Clause Mod: Limit one foe put to sleep
|rule|Freeze Clause Mod: Limit one foe frozen
|rule|Species Clause: Limit one of each Pokémon
|rule|OHKO Clause: OHKO moves are banned
|rule|Evasion Moves Clause: Evasion moves are banned
|rule|HP Percentage Mod: HP is shown in percentages
|
|start
|switch|p1a: Alakazam|Alakazam|313\/313
|switch|p2a: Alakazam|Alakazam|313\/313
|turn|1
|J|Imanalt
|J|Flying JAYme
|J|r0ady
|c|+Imanalt|stratos plays pokemon?
|J|River Martini
|J|ReshiRampage
|J|Anty
|L|ReshiRampage
|choice|switch 3|move 2
|
|switch|p1a: Exeggutor|Exeggutor|393\/393
|move|p2a: Alakazam|Thunder Wave|p1a: Exeggutor
|-status|p1a: Exeggutor|par
|
|turn|2
|choice|move 2|move 3
|
|move|p2a: Alakazam|Seismic Toss|p1a: Exeggutor
|-damage|p1a: Exeggutor|293\/393 par
|cant|p1a: Exeggutor|par
|
|turn|3
|L|Anty
|choice|move 1|move 3
|
|move|p2a: Alakazam|Seismic Toss|p1a: Exeggutor
|-damage|p1a: Exeggutor|193\/393 par
|move|p1a: Exeggutor|Sleep Powder|p2a: Alakazam
|-status|p2a: Alakazam|slp
|
|turn|4
|J|wish klller
|J|choollio
|J|Updated Kanto
|L|Updated Kanto
|choice|move 4|move 3
|
|cant|p2a: Alakazam|slp
|cant|p1a: Exeggutor|par
|
|turn|5
|choice|move 4|switch 2
|
|switch|p2a: Rhydon|Rhydon|413\/413
|cant|p1a: Exeggutor|par
|
|turn|6
|c|★Stratos|:\ i used psychic
|choice|move 4|move 1
|
|move|p2a: Rhydon|Body Slam|p1a: Exeggutor
|-damage|p1a: Exeggutor|107\/393 par
|move|p1a: Exeggutor|Psychic|p2a: Rhydon
|-damage|p2a: Rhydon|212\/413
|-unboost|p2a: Rhydon|spd|1
|-unboost|p2a: Rhydon|spa|1
|
|turn|7
|L|r0ady
|J|Time Stall
|choice|switch 4|switch 5
|
|switch|p2a: Snorlax|Snorlax|523\/523
|switch|p1a: Chansey|Chansey|703\/703
|
|turn|8
|J|Written Emotions
|choice|move 3|switch 6
|
|switch|p2a: Chansey|Chansey|703\/703
|move|p1a: Chansey|Thunder Wave|p2a: Chansey
|-status|p2a: Chansey|par
|
|turn|9
|choice|switch 4|move 1
|
|switch|p1a: Exeggutor|Exeggutor|107\/393 par
|move|p2a: Chansey|Seismic Toss|p1a: Exeggutor
|-damage|p1a: Exeggutor|7\/393 par
|
|turn|10
|choice|move 3|switch 5
|
|switch|p2a: Rhydon|Rhydon|212\/413
|move|p1a: Exeggutor|Explosion|p2a: Rhydon
|-resisted|p2a: Rhydon
|-damage|p2a: Rhydon|101\/413
|faint|p1a: Exeggutor
|J|Alexander
|choice|switch 5|
|
|switch|p1a: Tauros|Tauros|353\/353
|turn|11
|choice|move 1|switch 3
|
|switch|p2a: Slowbro|Slowbro|393\/393
|move|p1a: Tauros|Blizzard|p2a: Slowbro
|-resisted|p2a: Slowbro
|-damage|p2a: Slowbro|354\/393
|
|turn|12
|choice|switch 4|switch 5
|
|switch|p1a: Chansey|Chansey|703\/703
|switch|p2a: Chansey|Chansey|703\/703 par
|
|turn|13
|L|Time Stall
|choice|switch 6|move 4
|
|switch|p1a: Snorlax|Snorlax|523\/523
|move|p2a: Chansey|Sing|p1a: Snorlax
|-status|p1a: Snorlax|slp
|
|turn|14
|choice|move 2|move 3
|
|cant|p1a: Snorlax|slp
|cant|p2a: Chansey|par
|
|turn|15
|J|peli
|choice|move 1|switch 3
|
|switch|p2a: Rhydon|Rhydon|101\/413
|-curestatus|p1a: Snorlax|slp
|
|turn|16
|L|Alexander
|choice|switch 2|move 3
|
|switch|p1a: Lapras|Lapras|463\/463
|move|p2a: Rhydon|Earthquake|p1a: Lapras
|-damage|p1a: Lapras|304\/463
|
|turn|17
|choice|move 1|switch 3
|
|switch|p2a: Chansey|Chansey|703\/703 par
|move|p1a: Lapras|Blizzard|p2a: Chansey
|-damage|p2a: Chansey|578\/703 par
|
|turn|18
|choice|move 1|move 3
|
|move|p1a: Lapras|Blizzard|p2a: Chansey
|-damage|p2a: Chansey|447\/703 par
|move|p2a: Chansey|Thunder Wave|p1a: Lapras
|-status|p1a: Lapras|par
|
|turn|19
|choice|move 1|move 2
|
|move|p1a: Lapras|Blizzard|p2a: Chansey
|-crit|p2a: Chansey
|-damage|p2a: Chansey|209\/703 par
|move|p2a: Chansey|Soft-Boiled|p2a: Chansey
|-heal|p2a: Chansey|560\/703 par
|
|turn|20
|choice|switch 2|move 2
|
|switch|p1a: Snorlax|Snorlax|523\/523
|move|p2a: Chansey|Soft-Boiled|p2a: Chansey
|-heal|p2a: Chansey|703\/703 par
|
|turn|21
|choice|switch 3|move 4
|
|switch|p1a: Alakazam|Alakazam|313\/313
|move|p2a: Chansey|Sing|p1a: Alakazam|[miss]
|-miss|p2a: Chansey
|
|turn|22
|c|★Stratos|fuck me
|choice|switch 2|move 4
|
|switch|p1a: Lapras|Lapras|304\/463 par
|move|p2a: Chansey|Sing|p1a: Lapras|[miss]
|-miss|p2a: Chansey
|
|turn|23
|c|★Dice|no thx G.
|choice|switch 2|move 1
|
|switch|p1a: Alakazam|Alakazam|313\/313
|move|p2a: Chansey|Seismic Toss|p1a: Alakazam
|-damage|p1a: Alakazam|213\/313
|
|turn|24
|c|★Stratos|fair enough
|L|wish klller
|choice|switch 3|move 4
|
|switch|p1a: Snorlax|Snorlax|523\/523
|move|p2a: Chansey|Sing|p1a: Snorlax
|-status|p1a: Snorlax|slp
|
|turn|25
|c|★Stratos|:(
|-message|Stratos forfeited.
|
|win|Dice