|J|xJoelituh
|J|Ortheore
|player|p1|xJoelituh|134
|player|p2|Ortheore|170
|gametype|singles
|gen|1
|tier|[Gen 1] Custom Game
|seed|3206,16946,8430,19578
|rule|HP Percentage Mod: HP is shown in percentages
|
|start
|switch|p1a: Haunter|Haunter|293\/293
|switch|p2a: Kadabra|Kadabra|283\/283
|turn|1
|choice|move 1|move 4
|
|move|p2a: Kadabra|Thunder Wave|p1a: Haunter
|debug|randBW(256) = 189
|-status|p1a: Haunter|par
|debug|randBW(256) = 194
|move|p1a: Haunter|Hypnosis|p2a: Kadabra
|debug|randBW(256) = 94
|-status|p2a: Kadabra|slp
|debug|randBW(1, 7) = 5
|
|turn|2
|choice|move 2|move 1
|
|cant|p2a: Kadabra|slp
|debug|randBW(256) = 64
|move|p1a: Haunter|Thunderbolt|p2a: Kadabra
|debug|randBW(256) = 35
|debug|randBW(256) = 169
|debug|randBW(217, 256) = 251
|-damage|p2a: Kadabra|206\/283 slp
|debug|randBW(256) = 175
|
|turn|3
|choice|move 2|move 1
|
|cant|p2a: Kadabra|slp
|debug|randBW(256) = 102
|move|p1a: Haunter|Thunderbolt|p2a: Kadabra
|debug|randBW(256) = 208
|debug|randBW(256) = 219
|debug|randBW(217, 256) = 223
|-damage|p2a: Kadabra|137\/283 slp
|debug|randBW(256) = 203
|
|turn|4
|choice|move 2|move 1
|
|cant|p2a: Kadabra|slp
|debug|randBW(256) = 146
|move|p1a: Haunter|Thunderbolt|p2a: Kadabra
|debug|randBW(256) = 60
|debug|randBW(256) = 63
|debug|randBW(217, 256) = 219
|-damage|p2a: Kadabra|70\/283 slp
|debug|randBW(256) = 119
|
|turn|5
|choice|move 2|switch 4
|
|switch|p2a: Hypno|Hypno|373\/373
|debug|randBW(256) = 55
|cant|p1a: Haunter|par
|
|turn|6
|choice|move 4|move 3
|
|move|p2a: Hypno|Psychic|p1a: Haunter
|debug|randBW(256) = 3
|debug|randBW(256) = 42
|-supereffective|p1a: Haunter
|debug|randBW(217, 256) = 246
|-damage|p1a: Haunter|72\/293 par
|debug|randBW(256) = 239
|debug|randBW(256) = 195
|move|p1a: Haunter|Explosion|p2a: Hypno
|debug|randBW(256) = 158
|debug|randBW(256) = 245
|debug|randBW(217, 256) = 247
|-damage|p2a: Hypno|142\/373
|faint|p1a: Haunter
|choice|switch 5|
|
|switch|p1a: Dodrio|Dodrio|323\/323
|turn|7
|J|Kingler12345
|choice|move 3|switch 6
|
|switch|p2a: Nidoking|Nidoking|365\/365
|move|p1a: Dodrio|Hyper Beam|p2a: Nidoking
|debug|randBW(256) = 28
|debug|randBW(256) = 180
|debug|randBW(217, 256) = 252
|-damage|p2a: Nidoking|128\/365
|
|turn|8
|-mustrecharge|p1a: Dodrio
|L|Kingler12345
|-mustrecharge|p1a: Dodrio
|choice|move 1|move 3
|
|cant|p1a: Dodrio|recharge
|move|p2a: Nidoking|Blizzard|p1a: Dodrio
|debug|randBW(256) = 105
|debug|randBW(256) = 46
|-supereffective|p1a: Dodrio
|debug|randBW(217, 256) = 242
|-damage|p1a: Dodrio|103\/323
|debug|randBW(256) = 15
|-status|p1a: Dodrio|frz
|
|turn|9
|c|★xJoelituh|sigh
|choice|switch 2|move 1
|
|switch|p1a: Golduck|Golduck|363\/363
|move|p2a: Nidoking|Earthquake|p1a: Golduck
|debug|randBW(256) = 57
|debug|randBW(256) = 226
|debug|randBW(217, 256) = 239
|-damage|p1a: Golduck|230\/363
|
|turn|10
|choice|move 3|move 2
|
|move|p1a: Golduck|Surf|p2a: Nidoking
|debug|randBW(256) = 146
|debug|randBW(256) = 67
|-supereffective|p2a: Nidoking
|debug|randBW(217, 256) = 247
|-damage|p2a: Nidoking|0 fnt
|faint|p2a: Nidoking
|choice||switch 5
|
|switch|p2a: Raichu|Raichu|323\/323
|turn|11
|choice|switch 6|move 1
|
|switch|p1a: Victreebel|Victreebel|363\/363
|move|p2a: Raichu|Thunderbolt|p1a: Victreebel
|debug|randBW(256) = 24
|debug|randBW(256) = 64
|-resisted|p1a: Victreebel
|debug|randBW(217, 256) = 236
|-damage|p1a: Victreebel|311\/363
|debug|randBW(256) = 143
|
|turn|12
|choice|switch 2|switch 4
|
|switch|p2a: Kadabra|Kadabra|70\/283 slp
|switch|p1a: Dodrio|Dodrio|103\/323 frz
|
|turn|13
|choice|switch 3|move 1
|
|switch|p1a: Rhydon|Rhydon|413\/413
|cant|p2a: Kadabra|slp
|
|turn|14
|choice|move 2|switch 2
|
|switch|p2a: Gyarados|Gyarados|393\/393
|move|p1a: Rhydon|Earthquake|p2a: Gyarados
|debug|natural immunity
|-immune|p2a: Gyarados|[msg]
|
|turn|15
|choice|move 1|move 2
|
|move|p2a: Gyarados|Body Slam|p1a: Rhydon
|debug|randBW(256) = 51
|debug|randBW(256) = 217
|-resisted|p1a: Rhydon
|debug|randBW(217, 256) = 217
|-damage|p1a: Rhydon|382\/413
|debug|randBW(256) = 164
|move|p1a: Rhydon|Body Slam|p2a: Gyarados
|debug|randBW(256) = 129
|debug|randBW(256) = 21
|debug|randBW(217, 256) = 234
|-damage|p2a: Gyarados|301\/393
|debug|randBW(256) = 112
|
|turn|16
|choice|switch 4|move 1
|
|switch|p1a: Clefable|Clefable|393\/393
|move|p2a: Gyarados|Hydro Pump|p1a: Clefable
|debug|randBW(256) = 98
|debug|randBW(256) = 130
|debug|randBW(217, 256) = 224
|-damage|p1a: Clefable|245\/393
|
|turn|17
|choice|move 2|switch 2
|
|switch|p2a: Kadabra|Kadabra|70\/283 slp
|move|p1a: Clefable|Thunder Wave|p2a: Kadabra|[miss]
|debug|randBW(256) = 255
|-miss|p1a: Clefable
|
|turn|18
|choice|move 4|switch 3
|
|switch|p2a: Victreebel|Victreebel|363\/363
|move|p1a: Clefable|Thunderbolt|p2a: Victreebel
|debug|randBW(256) = 145
|debug|randBW(256) = 242
|-resisted|p2a: Victreebel
|debug|randBW(217, 256) = 254
|-damage|p2a: Victreebel|327\/363
|debug|randBW(256) = 71
|
|turn|19
|choice|move 2|move 2
|
|move|p2a: Victreebel|Wrap|p1a: Clefable|[miss]
|debug|randBW(256) = 229
|-miss|p2a: Victreebel
|move|p1a: Clefable|Thunder Wave|p2a: Victreebel
|debug|randBW(256) = 221
|-status|p2a: Victreebel|par
|
|turn|20
|choice|move 1|move 2
|
|move|p1a: Clefable|Blizzard|p2a: Victreebel
|debug|randBW(256) = 12
|debug|randBW(256) = 180
|-supereffective|p2a: Victreebel
|debug|randBW(217, 256) = 230
|-damage|p2a: Victreebel|160\/363 par
|debug|randBW(256) = 123
|debug|randBW(256) = 11
|cant|p2a: Victreebel|par
|
|turn|21
|choice|move 1|move 3
|
|move|p1a: Clefable|Blizzard|p2a: Victreebel
|debug|randBW(256) = 208
|debug|randBW(256) = 127
|-supereffective|p2a: Victreebel
|debug|randBW(217, 256) = 253
|-damage|p2a: Victreebel|0 fnt
|debug|randBW(256) = 51
|faint|p2a: Victreebel
|choice||switch 6
|
|switch|p2a: Hypno|Hypno|142\/373
|turn|22
|choice|switch 3|move 1
|
|switch|p1a: Dodrio|Dodrio|103\/323 frz
|move|p2a: Hypno|Hypnosis|p1a: Dodrio
|debug|randBW(256) = 60
|-fail|p1a: Dodrio
|
|turn|23
|choice|move 1|move 4
|
|cant|p1a: Dodrio|frz
|move|p2a: Hypno|Rest|p2a: Hypno
|-status|p2a: Hypno|slp
|debug|randBW(1, 7) = 1
|-heal|p2a: Hypno|373\/373 slp|[silent]
|-status|p2a: Hypno|slp|[from] move: Rest
|
|turn|24
|choice|switch 2|move 3
|
|switch|p1a: Victreebel|Victreebel|311\/363
|cant|p2a: Hypno|slp
|
|turn|25
|choice|move 1|move 1
|
|move|p1a: Victreebel|Swords Dance|p1a: Victreebel
|-boost|p1a: Victreebel|atk|2
|-curestatus|p2a: Hypno|slp
|
|turn|26
|choice|move 2|move 1
|
|move|p1a: Victreebel|Wrap|p2a: Hypno
|debug|randBW(256) = 43
|debug|randBW(256) = 49
|debug|randBW(217, 256) = 253
|-damage|p2a: Hypno|340\/373
|-activate|p2a: Hypno|move: Wrap|[of] p1a: Victreebel
|debug|randBW(8) = 5
|cant|p2a: Hypno|partiallytrapped
|
|turn|27
|choice|move 2|move 1
|
|move|p1a: Victreebel|Wrap|p2a: Hypno
|-damage|p2a: Hypno|307\/373
|cant|p2a: Hypno|partiallytrapped
|
|turn|28
|choice|move 2|move 1
|
|move|p1a: Victreebel|Wrap|p2a: Hypno
|-damage|p2a: Hypno|274\/373
|cant|p2a: Hypno|partiallytrapped
|
|-end|p2a: Hypno|Wrap|[partiallytrapped]
|turn|29
|choice|move 3|move 2
|
|move|p1a: Victreebel|Hyper Beam|p2a: Hypno
|debug|randBW(256) = 118
|debug|randBW(256) = 199
|debug|randBW(217, 256) = 223
|-damage|p2a: Hypno|0 fnt
|faint|p2a: Hypno
|choice||switch 4
|
|switch|p2a: Raichu|Raichu|323\/323
|turn|30
|choice|move 3|move 3
|
|move|p2a: Raichu|Thunder Wave|p1a: Victreebel
|debug|randBW(256) = 148
|-status|p1a: Victreebel|par
|debug|randBW(256) = 199
|move|p1a: Victreebel|Hyper Beam|p2a: Raichu
|debug|randBW(256) = 191
|debug|randBW(256) = 226
|debug|randBW(217, 256) = 242
|-damage|p2a: Raichu|0 fnt
|faint|p2a: Raichu
|choice||switch 2
|
|switch|p2a: Gyarados|Gyarados|301\/393
|turn|31
|choice|move 3|move 2
|
|move|p2a: Gyarados|Body Slam|p1a: Victreebel
|debug|randBW(256) = 205
|debug|randBW(256) = 77
|debug|randBW(217, 256) = 230
|-damage|p1a: Victreebel|212\/363 par
|debug|randBW(256) = 98
|debug|randBW(256) = 168
|move|p1a: Victreebel|Hyper Beam|p2a: Gyarados
|debug|randBW(256) = 82
|debug|randBW(256) = 120
|debug|randBW(217, 256) = 219
|-damage|p2a: Gyarados|40\/393
|
|turn|32
|-mustrecharge|p1a: Victreebel
|-mustrecharge|p1a: Victreebel
|choice|move 1|move 2
|
|move|p2a: Gyarados|Body Slam|p1a: Victreebel
|debug|randBW(256) = 110
|debug|randBW(256) = 9
|-crit|p1a: Victreebel
|debug|Negating (sp)atk boost\/penalty.
|debug|Negating (sp)def boost\/penalty.
|debug|randBW(217, 256) = 241
|-damage|p1a: Victreebel|10\/363 par
|debug|randBW(256) = 33
|cant|p1a: Victreebel|recharge
|
|turn|33
|choice|move 3|move 2
|
|move|p2a: Gyarados|Body Slam|p1a: Victreebel
|debug|randBW(256) = 161
|debug|randBW(256) = 175
|debug|randBW(217, 256) = 222
|-damage|p1a: Victreebel|0 fnt
|debug|randBW(256) = 111
|faint|p1a: Victreebel
|choice|switch 3|
|
|switch|p1a: Clefable|Clefable|245\/393
|turn|34
|choice|move 3|move 3
|
|debug|before turn callback: counter
|move|p2a: Gyarados|Hyper Beam|p1a: Clefable
|debug|randBW(256) = 171
|debug|randBW(256) = 249
|debug|randBW(217, 256) = 222
|-damage|p1a: Clefable|88\/393
|move|p1a: Clefable|Counter|p2a: Gyarados
|debug|randBW(256) = 190
|-damage|p2a: Gyarados|0 fnt
|faint|p2a: Gyarados
|choice||switch 3
|
|switch|p2a: Kadabra|Kadabra|70\/283 slp
|turn|35
|c|★Ortheore|gg
|choice|move 3|move 1
|
|debug|before turn callback: counter
|-curestatus|p2a: Kadabra|slp
|move|p1a: Clefable|Counter|p2a: Kadabra
|debug|randBW(256) = 6
|-damage|p2a: Kadabra|0 fnt
|faint|p2a: Kadabra
|
|win|xJoelituh
|c|★xJoelituh|gg
|L|xJoelituh
|player|p1