|J|Enigami
|J|Disaster Area
|player|p1|Enigami|101
|player|p2|Disaster Area|32
|gametype|singles
|gen|1
|tier|[Gen 1] OU
|seed|19484,26354,31980,20922
|rule|Sleep Clause Mod: Limit one foe put to sleep
|rule|Freeze Clause Mod: Limit one foe frozen
|rule|Species Clause: Limit one of each Pokémon
|rule|OHKO Clause: OHKO moves are banned
|rule|Evasion Moves Clause: Evasion moves are banned
|rule|HP Percentage Mod: HP is shown in percentages
|
|start
|switch|p1a: Gastly|Gastly, L30|85\/85
|switch|p2a: Paras|Paras, L30|88\/88
|turn|1
|c|★Disaster Area|gl hf
|choice|move 1|move 1
|
|move|p1a: Gastly|Hypnosis|p2a: Paras|[miss]
|-miss|p1a: Gastly
|move|p2a: Paras|Spore|p1a: Gastly
|-status|p1a: Gastly|slp
|
|turn|2
|choice|move 1|switch 4
|
|switch|p2a: Staryu|Staryu, L30|85\/85
|-curestatus|p1a: Gastly|slp
|
|turn|3
|choice|move 1|switch 5
|
|switch|p2a: Diglett|Diglett, L30|73\/73
|move|p1a: Gastly|Hypnosis|p2a: Diglett|[miss]
|-miss|p1a: Gastly
|
|turn|4
|c|★Enigami|Derp.
|choice|switch 6|move 1
|
|switch|p1a: Drowzee|Drowzee, L30|103\/103
|move|p2a: Diglett|Earthquake|p1a: Drowzee
|-crit|p1a: Drowzee
|-damage|p1a: Drowzee|29\/103
|
|turn|5
|c|★Enigami|rip
|choice|move 1|move 1
|
|move|p2a: Diglett|Earthquake|p1a: Drowzee
|-damage|p1a: Drowzee|0 fnt
|faint|p1a: Drowzee
|choice|switch 4|
|
|switch|p1a: Staryu|Staryu, L30|85\/85
|turn|6
|choice|move 1|switch 4
|
|switch|p2a: Paras|Paras, L30|88\/88
|move|p1a: Staryu|Blizzard|p2a: Paras
|-supereffective|p2a: Paras
|-damage|p2a: Paras|16\/88
|
|turn|7
|c|★Disaster Area|wow
|c|★Disaster Area|everything really
|c|★Disaster Area|hits hard
|c|★Disaster Area|thought it wasn't as storng as regular LC frmo the calcs
|c|★Disaster Area|maybe paras is just shit tho
|choice|move 1|switch 3
|
|switch|p2a: Pikachu|Pikachu, L30|88\/88
|move|p1a: Staryu|Blizzard|p2a: Pikachu|[miss]
|-miss|p1a: Staryu
|
|turn|8
|J|amg
|c|★Disaster Area|lol pika's backsprite sucks
|choice|move 3|move 1
|
|move|p2a: Pikachu|Thunderbolt|p1a: Staryu
|-supereffective|p1a: Staryu
|-damage|p1a: Staryu|22\/85
|move|p1a: Staryu|Thunder Wave|p2a: Pikachu
|-status|p2a: Pikachu|par
|
|turn|9
|L|amg
|c|★Enigami|Paras is pretty squishy, Staryu has decent power, and I hit with a SE attack.
|choice|switch 5|move 4
|
|switch|p1a: Geodude|Geodude, L30|91\/91
|move|p2a: Pikachu|Body Slam|p1a: Geodude
|-resisted|p1a: Geodude
|-damage|p1a: Geodude|83\/91
|
|turn|10
|choice|move 3|switch 3
|
|switch|p2a: Paras|Paras, L30|16\/88
|move|p1a: Geodude|Fire Blast|p2a: Paras
|-supereffective|p2a: Paras
|-damage|p2a: Paras|0 fnt
|faint|p2a: Paras
|c|★Disaster Area|lol
|c|★Disaster Area|ofc
|c|★Disaster Area|u would
|choice||switch 6
|
|switch|p2a: Dratini|Dratini, L30|92\/92
|turn|11
|choice|switch 6|move 1
|
|switch|p1a: Gastly|Gastly, L30|85\/85
|move|p2a: Dratini|Dragon Rage|p1a: Gastly
|-damage|p1a: Gastly|45\/85
|
|turn|12
|choice|move 1|switch 3
|
|switch|p2a: Pikachu|Pikachu, L30|88\/88 par
|move|p1a: Gastly|Hypnosis|p2a: Pikachu
|-fail|p2a: Pikachu
|
|turn|13
|choice|move 2|move 2
|
|move|p1a: Gastly|Night Shade|p2a: Pikachu
|-damage|p2a: Pikachu|58\/88 par
|move|p2a: Pikachu|Surf|p1a: Gastly
|-damage|p1a: Gastly|28\/85
|
|turn|14
|choice|move 3|switch 4
|
|switch|p2a: Diglett|Diglett, L30|73\/73
|move|p1a: Gastly|Psychic|p2a: Diglett
|-damage|p2a: Diglett|39\/73
|-unboost|p2a: Diglett|spd|1
|-unboost|p2a: Diglett|spa|1
|
|turn|15
|choice|switch 5|move 1
|
|switch|p1a: Staryu|Staryu, L30|22\/85
|move|p2a: Diglett|Earthquake|p1a: Staryu
|-damage|p1a: Staryu|0 fnt
|faint|p1a: Staryu
|choice|switch 6|
|
|switch|p1a: Geodude|Geodude, L30|83\/91
|turn|16
|choice|move 1|switch 3
|
|switch|p2a: Dratini|Dratini, L30|92\/92
|move|p1a: Geodude|Earthquake|p2a: Dratini
|-damage|p2a: Dratini|43\/92
|
|turn|17
|choice|move 1|move 4
|
|move|p2a: Dratini|Surf|p1a: Geodude
|-supereffective|p1a: Geodude
|-damage|p1a: Geodude|0 fnt
|faint|p1a: Geodude
|choice|switch 5|
|
|switch|p1a: Gastly|Gastly, L30|28\/85
|turn|18
|choice|move 3|move 2
|
|move|p1a: Gastly|Psychic|p2a: Dratini
|-damage|p2a: Dratini|5\/92
|move|p2a: Dratini|Agility|p2a: Dratini
|-boost|p2a: Dratini|spe|2
|
|turn|19
|choice|move 2|move 1
|
|move|p2a: Dratini|Dragon Rage|p1a: Gastly
|-damage|p1a: Gastly|0 fnt
|faint|p1a: Gastly
|choice|switch 3|
|
|switch|p1a: Growlithe|Growlithe, L30|100\/100
|turn|20
|choice|move 3|move 4
|
|move|p2a: Dratini|Surf|p1a: Growlithe
|-crit|p1a: Growlithe
|-supereffective|p1a: Growlithe
|-damage|p1a: Growlithe|10\/100
|move|p1a: Growlithe|Dragon Rage|p2a: Dratini
|-damage|p2a: Dratini|0 fnt
|faint|p2a: Dratini
|choice||switch 3
|
|switch|p2a: Diglett|Diglett, L30|39\/73
|turn|21
|c|★Enigami|Really sucked. I somehow forgot to pack a Diglett check despite trying to make sure I had one for my teams.
|choice|move 1|move 1
|
|move|p2a: Diglett|Earthquake|p1a: Growlithe
|-supereffective|p1a: Growlithe
|-damage|p1a: Growlithe|0 fnt
|faint|p1a: Growlithe
|choice|switch 2|
|
|switch|p1a: Voltorb|Voltorb, L30|91\/91
|turn|22
|choice|move 2|move 1
|
|move|p1a: Voltorb|Sonic Boom|p2a: Diglett
|-damage|p2a: Diglett|19\/73
|move|p2a: Diglett|Earthquake|p1a: Voltorb
|-supereffective|p1a: Voltorb
|-damage|p1a: Voltorb|3\/91
|
|turn|23
|c|★Disaster Area|gg
|choice|move 2|move 2
|
|move|p1a: Voltorb|Sonic Boom|p2a: Diglett
|-damage|p2a: Diglett|0 fnt
|faint|p2a: Diglett
|choice||switch 2
|
|switch|p2a: Drowzee|Drowzee, L30|103\/103
|turn|24
|choice|move 3|move 4
|
|move|p1a: Voltorb|Explosion|p2a: Drowzee
|-damage|p2a: Drowzee|23\/103
|faint|p1a: Voltorb
|
|win|Disaster Area
|c|★Enigami|gg
|L|Enigami
|player|p1
|J|Enigami