|J|Disaster Area
|J|Peasounay
|player|p1|Disaster Area|32
|player|p2|Peasounay|80
|gametype|singles
|gen|1
|tier|[Gen 1] RU
|seed|25905,61285,38716,42404
|rule|Sleep Clause Mod: Limit one foe put to sleep
|rule|Freeze Clause Mod: Limit one foe frozen
|rule|Species Clause: Limit one of each Pokémon
|rule|OHKO Clause: OHKO moves are banned
|rule|Evasion Moves Clause: Evasion moves are banned
|rule|HP Percentage Mod: HP is shown in percentages
|
|start
|switch|p1a: Flareon|Flareon|333\/333
|switch|p2a: Exeggcute|Exeggcute|323\/323
|turn|1
|c|★Disaster Area|gl hf
|c|★Disaster Area|flareon time :D
|choice|move 2|switch 5
|
|switch|p2a: Vaporeon|Vaporeon|463\/463
|move|p1a: Flareon|Fire Blast|p2a: Vaporeon
|-resisted|p2a: Vaporeon
|-damage|p2a: Vaporeon|393\/463
|
|turn|2
|c|★Peasounay|u2
|choice|switch 2|move 2
|
|switch|p1a: Mr. Mime|Mr. Mime|283\/283
|move|p2a: Vaporeon|Ice Beam|p1a: Mr. Mime
|-damage|p1a: Mr. Mime|206\/283
|
|turn|3
|choice|switch 3|move 1
|
|switch|p1a: Venusaur|Venusaur|363\/363
|move|p2a: Vaporeon|Surf|p1a: Venusaur
|-resisted|p1a: Venusaur
|-damage|p1a: Venusaur|308\/363
|
|turn|4
|choice|move 1|switch 5
|
|switch|p2a: Exeggcute|Exeggcute|323\/323
|move|p1a: Venusaur|Sleep Powder|p2a: Exeggcute|[miss]
|-miss|p1a: Venusaur
|
|turn|5
|choice|move 1|move 1
|
|move|p1a: Venusaur|Sleep Powder|p2a: Exeggcute
|-status|p2a: Exeggcute|slp
|cant|p2a: Exeggcute|slp
|
|turn|6
|choice|move 4|switch 6
|
|switch|p2a: Gastly|Gastly|263\/263
|move|p1a: Venusaur|Body Slam|p2a: Gastly
|-immune|p2a: Gastly|[msg]
|
|turn|7
|choice|move 3|move 3
|
|move|p2a: Gastly|Night Shade|p1a: Venusaur
|-damage|p1a: Venusaur|208\/363
|move|p1a: Venusaur|Razor Leaf|p2a: Gastly
|-crit|p2a: Gastly
|-resisted|p2a: Gastly
|-damage|p2a: Gastly|203\/263
|
|turn|8
|choice|switch 3|move 3
|
|switch|p1a: Mr. Mime|Mr. Mime|206\/283
|move|p2a: Gastly|Night Shade|p1a: Mr. Mime
|-damage|p1a: Mr. Mime|106\/283
|
|turn|9
|choice|move 3|switch 6
|
|switch|p2a: Exeggcute|Exeggcute|323\/323 slp
|move|p1a: Mr. Mime|Seismic Toss|p2a: Exeggcute
|-damage|p2a: Exeggcute|223\/323 slp
|
|turn|10
|choice|move 3|switch 2
|
|switch|p2a: Clefable|Clefable|393\/393
|move|p1a: Mr. Mime|Seismic Toss|p2a: Clefable
|-damage|p2a: Clefable|293\/393
|
|turn|11
|choice|switch 4|move 4
|
|switch|p1a: Clefable|Clefable|393\/393
|move|p2a: Clefable|Body Slam|p1a: Clefable
|-damage|p1a: Clefable|292\/393
|
|turn|12
|choice|move 3|move 2
|
|move|p1a: Clefable|Thunder Wave|p2a: Clefable
|-status|p2a: Clefable|par
|cant|p2a: Clefable|par
|
|turn|13
|choice|move 1|move 2
|
|move|p1a: Clefable|Blizzard|p2a: Clefable
|-damage|p2a: Clefable|196\/393 par
|move|p2a: Clefable|Thunder Wave|p1a: Clefable
|-status|p1a: Clefable|par
|
|turn|14
|choice|move 1|move 4
|
|move|p1a: Clefable|Blizzard|p2a: Clefable
|-damage|p2a: Clefable|99\/393 par
|move|p2a: Clefable|Body Slam|p1a: Clefable
|-damage|p1a: Clefable|194\/393 par
|
|turn|15
|choice|move 1|move 4
|
|move|p1a: Clefable|Blizzard|p2a: Clefable
|-damage|p2a: Clefable|6\/393 par
|move|p2a: Clefable|Body Slam|p1a: Clefable
|-damage|p1a: Clefable|92\/393 par
|
|turn|16
|choice|move 1|move 4
|
|move|p1a: Clefable|Blizzard|p2a: Clefable
|-damage|p2a: Clefable|0 fnt
|faint|p2a: Clefable
|choice||switch 6
|
|switch|p2a: Gastly|Gastly|203\/263
|turn|17
|choice|move 3|move 3
|
|move|p2a: Gastly|Night Shade|p1a: Clefable
|-damage|p1a: Clefable|0 fnt
|faint|p1a: Clefable
|choice|switch 4|
|
|switch|p1a: Mr. Mime|Mr. Mime|106\/283
|turn|18
|choice|move 2|switch 2
|
|switch|p2a: Exeggcute|Exeggcute|223\/323 slp
|move|p1a: Mr. Mime|Psychic|p2a: Exeggcute
|-resisted|p2a: Exeggcute
|-damage|p2a: Exeggcute|157\/323 slp
|-unboost|p2a: Exeggcute|spd|1
|-unboost|p2a: Exeggcute|spa|1
|
|turn|19
|choice|move 3|switch 5
|
|switch|p2a: Vaporeon|Vaporeon|393\/463
|move|p1a: Mr. Mime|Seismic Toss|p2a: Vaporeon
|-damage|p2a: Vaporeon|293\/463
|
|turn|20
|choice|switch 5|move 1
|
|switch|p1a: Kingler|Kingler|313\/313
|move|p2a: Vaporeon|Surf|p1a: Kingler
|-resisted|p1a: Kingler
|-damage|p1a: Kingler|224\/313
|
|turn|21
|choice|move 3|switch 2
|
|switch|p2a: Gastly|Gastly|203\/263
|move|p1a: Kingler|Crabhammer|p2a: Gastly
|-crit|p2a: Gastly
|-damage|p2a: Gastly|65\/263
|
|turn|22
|c|★Disaster Area|holy shit
|c|★Disaster Area|that's powerful
|c|★Disaster Area|lmao
|choice|switch 3|move 2
|
|switch|p1a: Venusaur|Venusaur|208\/363
|move|p2a: Gastly|Thunderbolt|p1a: Venusaur
|-resisted|p1a: Venusaur
|-damage|p1a: Venusaur|171\/363
|
|turn|23
|J|Enigami
|choice|move 3|move 1
|
|move|p2a: Gastly|Psychic|p1a: Venusaur
|-supereffective|p1a: Venusaur
|-damage|p1a: Venusaur|28\/363
|-unboost|p1a: Venusaur|spd|1
|-unboost|p1a: Venusaur|spa|1
|move|p1a: Venusaur|Razor Leaf|p2a: Gastly
|-crit|p2a: Gastly
|-resisted|p2a: Gastly
|-damage|p2a: Gastly|0 fnt
|faint|p2a: Gastly
|choice||switch 3
|
|switch|p2a: Mr. Mime|Mr. Mime|283\/283
|turn|24
|choice|switch 2|move 4
|
|switch|p1a: Flareon|Flareon|333\/333
|move|p2a: Mr. Mime|Seismic Toss|p1a: Flareon|[miss]
|-miss|p2a: Mr. Mime
|
|turn|25
|c|★Disaster Area|sry!!
|c|★Peasounay|np lol
|choice|move 1|switch 2
|
|switch|p2a: Vaporeon|Vaporeon|293\/463
|move|p1a: Flareon|Body Slam|p2a: Vaporeon
|-damage|p2a: Vaporeon|190\/463
|
|turn|26
|c|★Disaster Area|np: [[Fox Stevenson - Comeback]]
|choice|switch 3|move 3
|
|switch|p1a: Kingler|Kingler|224\/313
|move|p2a: Vaporeon|Hydro Pump|p1a: Kingler
|-resisted|p1a: Kingler
|-damage|p1a: Kingler|114\/313
|
|turn|27
|choice|move 2|switch 5
|
|switch|p2a: Exeggcute|Exeggcute|157\/323 slp
|move|p1a: Kingler|Hyper Beam|p2a: Exeggcute
|-damage|p2a: Exeggcute|5\/323 slp
|
|turn|28
|-mustrecharge|p1a: Kingler
|c|★Disaster Area|thoughts on the rank of flareon?
|-mustrecharge|p1a: Kingler
|choice|move 1|move 2
|
|cant|p1a: Kingler|recharge
|-curestatus|p2a: Exeggcute|slp
|
|turn|29
|choice|move 1|move 2
|
|move|p1a: Kingler|Body Slam|p2a: Exeggcute
|-damage|p2a: Exeggcute|0 fnt
|faint|p2a: Exeggcute
|choice||switch 2
|
|switch|p2a: Mr. Mime|Mr. Mime|283\/283
|turn|30
|choice|move 1|move 3
|
|move|p2a: Mr. Mime|Psychic|p1a: Kingler
|-damage|p1a: Kingler|0 fnt
|faint|p1a: Kingler
|choice|switch 3|
|
|switch|p1a: Flareon|Flareon|333\/333
|turn|31
|c|★Peasounay|d seems fine
|c|★Disaster Area|:[
|c|★Disaster Area|130 atk tho
|c|★Disaster Area|and 110 special
|c|★Peasounay|fires are akward in this meta
|c|★Disaster Area|it's kind of a bitch to vap tho
|c|★Disaster Area|like i can body slam here for
|c|★Disaster Area|absolutely free
|c|★Peasounay|well this flareon is gonna cause me trouble
|c|★Disaster Area|lol
|c|★Disaster Area|yeah
|choice|move 1|move 1
|
|move|p2a: Mr. Mime|Thunder Wave|p1a: Flareon
|-status|p1a: Flareon|par
|move|p1a: Flareon|Body Slam|p2a: Mr. Mime
|-damage|p2a: Mr. Mime|178\/283
|-status|p2a: Mr. Mime|par
|
|turn|32
|c|★Disaster Area|evne tho u had
|c|★Disaster Area|vap and gastly
|choice|switch 5|switch 5
|
|switch|p2a: Vaporeon|Vaporeon|190\/463
|switch|p1a: Mr. Mime|Mr. Mime|106\/283
|
|turn|33
|choice|move 2|move 1
|
|move|p1a: Mr. Mime|Psychic|p2a: Vaporeon
|-damage|p2a: Vaporeon|85\/463
|move|p2a: Vaporeon|Surf|p1a: Mr. Mime
|-damage|p1a: Mr. Mime|0 fnt
|faint|p1a: Mr. Mime
|choice|switch 2|
|
|switch|p1a: Venusaur|Venusaur|28\/363
|turn|34
|choice|move 3|move 2
|
|move|p1a: Venusaur|Razor Leaf|p2a: Vaporeon
|-crit|p2a: Vaporeon
|-supereffective|p2a: Vaporeon
|-damage|p2a: Vaporeon|0 fnt
|faint|p2a: Vaporeon
|choice||switch 5
|
|switch|p2a: Mr. Mime|Mr. Mime|178\/283 par
|turn|35
|choice|switch 5|move 4
|
|switch|p1a: Flareon|Flareon|333\/333 par
|move|p2a: Mr. Mime|Seismic Toss|p1a: Flareon
|-damage|p1a: Flareon|233\/333 par
|
|turn|36
|choice|move 1|switch 4
|
|switch|p2a: Sandslash|Sandslash|353\/353
|move|p1a: Flareon|Body Slam|p2a: Sandslash
|-damage|p2a: Sandslash|284\/353
|
|turn|37
|choice|switch 6|move 2
|
|switch|p1a: Sandslash|Sandslash|353\/353
|move|p2a: Sandslash|Earthquake|p1a: Sandslash
|-damage|p1a: Sandslash|247\/353
|
|turn|38
|choice|move 1|move 2
|
|move|p2a: Sandslash|Earthquake|p1a: Sandslash
|-damage|p1a: Sandslash|138\/353
|move|p1a: Sandslash|Earthquake|p2a: Sandslash
|-damage|p2a: Sandslash|170\/353
|
|turn|39
|c|★Disaster Area|christ this has been a close one
|c|★Disaster Area|xD
|choice|move 1|move 2
|
|move|p1a: Sandslash|Earthquake|p2a: Sandslash
|-crit|p2a: Sandslash
|-damage|p2a: Sandslash|0 fnt
|faint|p2a: Sandslash
|c|★Peasounay|gg
|c|★Disaster Area|wow sorry
|choice||switch 4
|
|switch|p2a: Mr. Mime|Mr. Mime|178\/283 par
|turn|40
|c|★Disaster Area|gg
|choice|move 1|move 3
|
|move|p1a: Sandslash|Earthquake|p2a: Mr. Mime
|-damage|p2a: Mr. Mime|37\/283 par
|move|p2a: Mr. Mime|Psychic|p1a: Sandslash
|-damage|p1a: Sandslash|0 fnt
|faint|p1a: Sandslash
|choice|switch 5|
|
|switch|p1a: Venusaur|Venusaur|28\/363
|turn|41
|choice|move 4|move 3
|
|move|p1a: Venusaur|Body Slam|p2a: Mr. Mime
|-damage|p2a: Mr. Mime|0 fnt
|faint|p2a: Mr. Mime
|
|win|Disaster Area
|L|Peasounay
|player|p2