|J|smilzo
|J|I love pochama
|player|p1|smilzo|157
|player|p2|I love pochama|32
|gametype|singles
|gen|1
|tier|[Gen 1] OU
|seed|31932,17867,41355,32493
|rule|Sleep Clause Mod: Limit one foe put to sleep
|rule|Freeze Clause Mod: Limit one foe frozen
|rule|Species Clause: Limit one of each Pokémon
|rule|OHKO Clause: OHKO moves are banned
|rule|Evasion Moves Clause: Evasion moves are banned
|rule|HP Percentage Mod: HP is shown in percentages
|
|start
|switch|p1a: Alakazam|Alakazam|313\/313
|switch|p2a: Starmie|Starmie|323\/323
|turn|1
|c|★smilzo|hf
|c|★I love pochama|u2
|choice|move 1|switch 5
|
|switch|p2a: Exeggutor|Exeggutor|393\/393
|move|p1a: Alakazam|Thunder Wave|p2a: Exeggutor
|-status|p2a: Exeggutor|par
|
|turn|2
|J|TheInsanity
|choice|move 3|move 1
|
|move|p1a: Alakazam|Seismic Toss|p2a: Exeggutor
|-damage|p2a: Exeggutor|293\/393 par
|move|p2a: Exeggutor|Sleep Powder|p1a: Alakazam
|-status|p1a: Alakazam|slp
|
|turn|3
|choice|move 3|switch 2
|
|switch|p2a: Snorlax|Snorlax|523\/523
|cant|p1a: Alakazam|slp
|
|turn|4
|J|Hatmehit
|choice|switch 3|move 2
|
|switch|p1a: Chansey|Chansey|703\/703
|move|p2a: Snorlax|Body Slam|p1a: Chansey
|-damage|p1a: Chansey|393\/703
|
|turn|5
|choice|move 4|move 3
|
|move|p1a: Chansey|Soft-Boiled|p1a: Chansey
|-heal|p1a: Chansey|703\/703
|move|p2a: Snorlax|Earthquake|p1a: Chansey
|-damage|p1a: Chansey|490\/703
|
|turn|6
|c| Asuya|crit crit
|choice|move 4|move 2
|
|move|p1a: Chansey|Soft-Boiled|p1a: Chansey
|-heal|p1a: Chansey|703\/703
|move|p2a: Snorlax|Body Slam|p1a: Chansey
|-damage|p1a: Chansey|430\/703
|
|turn|7
|J|Lutra
|J|Jellicent
|choice|move 2|move 3
|
|move|p1a: Chansey|Reflect|p1a: Chansey
|-start|p1a: Chansey|Reflect
|move|p2a: Snorlax|Earthquake|p1a: Chansey
|-damage|p1a: Chansey|311\/703
|
|turn|8
|choice|move 4|move 2
|
|move|p1a: Chansey|Soft-Boiled|p1a: Chansey
|-heal|p1a: Chansey|662\/703
|move|p2a: Snorlax|Body Slam|p1a: Chansey
|-damage|p1a: Chansey|513\/703
|
|turn|9
|c|★I love pochama|hmm I misplayed
|c|★I love pochama|I should have
|c|★I love pochama|countered on the softboiled
|c|★I love pochama|turns out that
|c|★I love pochama|softboiled doesn't reset damaeg address
|c|★I love pochama|so I think it works
|c|★I love pochama|oh well
|J|ZNain
|c|★smilzo|mm
|c|★smilzo|im not sure about that
|choice|move 1|switch 6
|
|switch|p2a: Chansey|Chansey|703\/703
|move|p1a: Chansey|Thunder Wave|p2a: Chansey
|-status|p2a: Chansey|par
|
|turn|10
|c|★I love pochama|since my team's up 5-0 I don't mind revealing that lol
|c| Asuya|...
|c|★I love pochama|it just adds
|c|★I love pochama|to the mindgames anyway
|c|★I love pochama|:P
|c| TheInsanity|why u didn't use dragonite :c 
|choice|switch 3|switch 6
|
|switch|p1a: Alakazam|Alakazam|313\/313 slp
|switch|p2a: Snorlax|Snorlax|523\/523
|
|turn|11
|c| TheInsanity|we are the dragon claws
|c|★I love pochama|I can use dnite another week
|c| Asuya|in finals
|c|★I love pochama|trust me I love dnite in general tho. I innovated a cool set with it in an ADV lower tier on PP
|c|★I love pochama|it's so innovative i named it after myself :>
|c|★I love pochama|trust me I'm a dnite lover =]
|c|★I love pochama|and it has dragon claw ^-^
|choice|switch 3|move 2
|
|switch|p1a: Chansey|Chansey|513\/703
|move|p2a: Snorlax|Body Slam|p1a: Chansey
|-damage|p1a: Chansey|233\/703
|
|turn|12
|choice|move 4|move 2
|
|move|p1a: Chansey|Soft-Boiled|p1a: Chansey
|-heal|p1a: Chansey|584\/703
|move|p2a: Snorlax|Body Slam|p1a: Chansey
|-damage|p1a: Chansey|316\/703
|
|turn|13
|choice|move 4|move 2
|
|move|p1a: Chansey|Soft-Boiled|p1a: Chansey
|-heal|p1a: Chansey|667\/703
|move|p2a: Snorlax|Body Slam|p1a: Chansey
|-damage|p1a: Chansey|386\/703
|
|turn|14
|choice|move 1|switch 6
|
|switch|p2a: Chansey|Chansey|703\/703 par
|move|p1a: Chansey|Thunder Wave|p2a: Chansey
|-fail|p2a: Chansey|par
|
|turn|15
|choice|switch 6|move 4
|
|switch|p1a: Snorlax|Snorlax|523\/523
|cant|p2a: Chansey|par
|
|turn|16
|choice|move 1|switch 6
|
|switch|p2a: Snorlax|Snorlax|523\/523
|move|p1a: Snorlax|Body Slam|p2a: Snorlax
|-damage|p2a: Snorlax|386\/523
|
|turn|17
|choice|move 2|move 2
|
|move|p1a: Snorlax|Reflect|p1a: Snorlax
|-start|p1a: Snorlax|Reflect
|move|p2a: Snorlax|Body Slam|p1a: Snorlax
|-damage|p1a: Snorlax|453\/523
|
|turn|18
|choice|move 1|move 2
|
|move|p2a: Snorlax|Body Slam|p1a: Snorlax
|-damage|p1a: Snorlax|385\/523
|move|p1a: Snorlax|Body Slam|p2a: Snorlax
|-damage|p2a: Snorlax|242\/523
|
|turn|19
|choice|move 4|move 1
|
|move|p1a: Snorlax|Rest|p1a: Snorlax
|-status|p1a: Snorlax|slp
|-heal|p1a: Snorlax|523\/523 slp|[silent]
|-status|p1a: Snorlax|slp|[from] move: Rest
|move|p2a: Snorlax|Counter|p1a: Snorlax
|-fail|p2a: Snorlax
|
|turn|20
|c|★smilzo|c:
|c|★I love pochama|hmm
|choice|move 1|switch 5
|
|switch|p2a: Starmie|Starmie|323\/323
|cant|p1a: Snorlax|slp
|
|turn|21
|choice|switch 3|move 1
|
|switch|p1a: Alakazam|Alakazam|313\/313 slp
|move|p2a: Starmie|Psychic|p1a: Alakazam
|-crit|p1a: Alakazam
|-resisted|p1a: Alakazam
|-damage|p1a: Alakazam|231\/313 slp
|
|turn|22
|choice|switch 2|switch 4
|
|switch|p1a: Exeggutor|Exeggutor|393\/393
|switch|p2a: Koopacow|Tauros|353\/353
|
|turn|23
|choice|move 3|switch 6
|
|switch|p2a: Chansey|Chansey|703\/703 par
|move|p1a: Exeggutor|Psychic|p2a: Chansey
|-damage|p2a: Chansey|579\/703 par
|
|turn|24
|choice|switch 3|switch 5
|
|switch|p1a: Snorlax|Snorlax|523\/523 slp
|switch|p2a: Snorlax|Snorlax|242\/523
|
|turn|25
|choice|move 1|move 4
|
|-curestatus|p1a: Snorlax|slp
|move|p2a: Snorlax|Self-Destruct|p1a: Snorlax
|-damage|p1a: Snorlax|124\/523
|faint|p2a: Snorlax
|choice||switch 6
|
|switch|p2a: Koopacow|Tauros|353\/353
|turn|26
|choice|move 3|move 1
|
|move|p2a: Koopacow|Body Slam|p1a: Snorlax
|-damage|p1a: Snorlax|0 fnt
|faint|p1a: Snorlax
|choice|switch 3|
|
|switch|p1a: Exeggutor|Exeggutor|393\/393
|turn|27
|J|Dark_Devil
|choice|move 1|switch 2
|
|switch|p2a: Exeggutor|Exeggutor|293\/393 par
|move|p1a: Exeggutor|Sleep Powder|p2a: Exeggutor|[miss]
|-miss|p1a: Exeggutor
|
|turn|28
|choice|switch 2|switch 5
|
|switch|p1a: Alakazam|Alakazam|231\/313 slp
|switch|p2a: Chansey|Chansey|579\/703 par
|
|turn|29
|choice|switch 2|move 4
|
|switch|p1a: Exeggutor|Exeggutor|393\/393
|move|p2a: Chansey|Ice Beam|p1a: Exeggutor
|-supereffective|p1a: Exeggutor
|-damage|p1a: Exeggutor|263\/393
|
|turn|30
|J|alexander-
|J|Enigami
|choice|switch 6|switch 4
|
|switch|p1a: Chansey|Chansey|386\/703
|switch|p2a: Starmie|Starmie|323\/323
|
|turn|31
|choice|move 1|switch 4
|
|switch|p2a: Chansey|Chansey|579\/703 par
|move|p1a: Chansey|Thunder Wave|p2a: Chansey
|-fail|p2a: Chansey|par
|
|turn|32
|choice|move 4|move 4
|
|move|p1a: Chansey|Soft-Boiled|p1a: Chansey
|-heal|p1a: Chansey|703\/703
|move|p2a: Chansey|Ice Beam|p1a: Chansey
|-damage|p1a: Chansey|633\/703
|
|turn|33
|choice|switch 2|switch 2
|
|switch|p1a: Alakazam|Alakazam|231\/313 slp
|switch|p2a: Koopacow|Tauros|353\/353
|
|turn|34
|choice|move 2|move 1
|
|cant|p1a: Alakazam|slp
|move|p2a: Koopacow|Body Slam|p1a: Alakazam
|-damage|p1a: Alakazam|69\/313 slp
|
|turn|35
|choice|move 2|move 1
|
|cant|p1a: Alakazam|slp
|move|p2a: Koopacow|Body Slam|p1a: Alakazam
|-damage|p1a: Alakazam|0 fnt
|faint|p1a: Alakazam
|choice|switch 6|
|
|switch|p1a: Exeggutor|Exeggutor|263\/393
|turn|36
|choice|move 1|switch 2
|
|switch|p2a: Chansey|Chansey|579\/703 par
|move|p1a: Exeggutor|Sleep Powder|p2a: Chansey
|-fail|p2a: Chansey
|
|turn|37
|c|★I love pochama|hmm I should use nicknames..
|c|★I love pochama|that would be more fun
|c|★I love pochama|:]
|choice|move 2|move 4
|
|move|p1a: Exeggutor|Double-Edge|p2a: Chansey
|-damage|p2a: Chansey|376\/703 par
|-damage|p1a: Exeggutor|213\/393|[from] recoil|[of] p2a: Chansey
|cant|p2a: Chansey|par
|
|turn|38
|choice|switch 5|move 3
|
|switch|p1a: Tauros|Tauros|353\/353
|cant|p2a: Chansey|par
|
|turn|39
|choice|move 1|switch 4
|
|switch|p2a: Starmie|Starmie|323\/323
|move|p1a: Tauros|Body Slam|p2a: Starmie
|-crit|p2a: Starmie
|-damage|p2a: Starmie|117\/323
|-status|p2a: Starmie|par
|
|turn|40
|c|★smilzo|lol
|c| Asuya|shit
|c|★I love pochama|hmm so
|c|★I love pochama|bslam is a high roll here if u want to KO with it
|c|★I love pochama|so
|c|★I love pochama|are you gonna risk the HB?
|c|★smilzo|who can tell
|c|★smilzo|:o
|c|★I love pochama|:o
|c|★I love pochama|I could go egg on it
|c|★I love pochama|and
|c|★I love pochama|sleep you
|J|Naoki Miki
|c|★smilzo|ik
|c|★I love pochama|so what you're actually gonna do
|c|★I love pochama|is go chansey
|c|★I love pochama|isn't it?
|c|★I love pochama|which is why I'm gonna double to tauros here
|c|★smilzo|ok
|c|★I love pochama|jk obv i'm bluffing
|c|★I love pochama|:^)
|c|★smilzo|:]
|c|★I love pochama|i'm gonna sack this and then go to egg and force the sleep aren't I?
|c|★I love pochama|unless ofc I absorb the HB
|c|★I love pochama|with my last~
|choice|switch 5|move 2
|
|switch|p1a: Exeggutor|Exeggutor|213\/393
|cant|p2a: Starmie|par
|
|turn|41
|choice|switch 2|move 2
|
|switch|p1a: Chansey|Chansey|633\/703
|cant|p2a: Starmie|par
|
|turn|42
|L|Lutra
|choice|move 3|move 2
|
|move|p1a: Chansey|Seismic Toss|p2a: Starmie
|-damage|p2a: Starmie|17\/323 par
|move|p2a: Starmie|Recover|p2a: Starmie
|-heal|p2a: Starmie|178\/323 par
|
|turn|43
|choice|move 3|move 2
|
|move|p1a: Chansey|Seismic Toss|p2a: Starmie
|-damage|p2a: Starmie|78\/323 par
|cant|p2a: Starmie|par
|
|turn|44
|choice|move 3|move 3
|
|move|p1a: Chansey|Seismic Toss|p2a: Starmie
|-damage|p2a: Starmie|0 fnt
|faint|p2a: Starmie
|choice||switch 5
|
|switch|p2a: Exeggutor|Exeggutor|293\/393 par
|turn|45
|choice|move 3|move 1
|
|move|p1a: Chansey|Seismic Toss|p2a: Exeggutor
|-damage|p2a: Exeggutor|193\/393 par
|cant|p2a: Exeggutor|par
|
|turn|46
|choice|move 3|move 1
|
|move|p1a: Chansey|Seismic Toss|p2a: Exeggutor
|-damage|p2a: Exeggutor|93\/393 par
|cant|p2a: Exeggutor|par
|
|turn|47
|c|★I love pochama|ugh cmon
|c|★I love pochama|those ones matter more :[
|c|★smilzo|e,e
|c| Asuya|-.-
|choice|move 3|switch 4
|
|switch|p2a: Chansey|Chansey|376\/703 par
|move|p1a: Chansey|Seismic Toss|p2a: Chansey
|-damage|p2a: Chansey|276\/703 par
|
|turn|48
|c| Darkdevil|bel meta
|c|★I love pochama|+ fping on the softboiled on this earlier
|c|★I love pochama|was annoying
|c|★I love pochama|:[
|choice|switch 2|move 3
|
|switch|p1a: Exeggutor|Exeggutor|213\/393
|move|p2a: Chansey|Soft-Boiled|p2a: Chansey
|-heal|p2a: Chansey|627\/703 par
|
|turn|49
|choice|move 3|move 4
|
|move|p1a: Exeggutor|Psychic|p2a: Chansey
|-damage|p2a: Chansey|507\/703 par
|move|p2a: Chansey|Ice Beam|p1a: Exeggutor
|-supereffective|p1a: Exeggutor
|-damage|p1a: Exeggutor|86\/393
|
|turn|50
|choice|move 2|switch 4
|
|switch|p2a: Exeggutor|Exeggutor|93\/393 par
|move|p1a: Exeggutor|Double-Edge|p2a: Exeggutor
|-damage|p2a: Exeggutor|10\/393 par
|-damage|p1a: Exeggutor|66\/393|[from] recoil|[of] p2a: Exeggutor
|
|turn|51
|choice|move 3|move 4
|
|move|p1a: Exeggutor|Psychic|p2a: Exeggutor
|-resisted|p2a: Exeggutor
|-damage|p2a: Exeggutor|0 fnt
|faint|p2a: Exeggutor
|choice||switch 2
|
|switch|p2a: Koopacow|Tauros|353\/353
|turn|52
|L|Jellicent
|c|★I love pochama|well I'm glad this game doesn't matter cos not getting my sleep with that egg
|c|★I love pochama|was pretty annoying
|c|★I love pochama|think I played pretty damn well so far :> but losing that's made it a bit more
|c|★I love pochama|of an uphill battle
|L|TheInsanity
|c| Asuya|yeah dude i feel your pain
|choice|switch 4|move 1
|
|switch|p1a: Zapdos|Zapdos|383\/383
|move|p2a: Koopacow|Body Slam|p1a: Zapdos
|-crit|p1a: Zapdos
|-damage|p1a: Zapdos|169\/383
|-status|p1a: Zapdos|par
|
|turn|53
|c| Asuya|you played in a godly manner
|c| Darkdevil|not bad
|c|★I love pochama|well I guess that's nice..
|choice|move 4|switch 3
|
|switch|p2a: Golem|Golem|363\/363
|move|p1a: Zapdos|Agility|p1a: Zapdos
|-boost|p1a: Zapdos|spe|2
|
|turn|54
|c|★I love pochama|but I already knew
|c|★I love pochama|you had it
|c| Asuya|this is the only game they should have won you know ;D
|c|★I love pochama|and I already kept this safe
|c|★smilzo|yeah
|c|★I love pochama|just cos I knew
|choice|move 2|move 1
|
|move|p1a: Zapdos|Drill Peck|p2a: Golem
|-resisted|p2a: Golem
|-damage|p2a: Golem|325\/363
|move|p2a: Golem|Earthquake|p1a: Zapdos
|-immune|p1a: Zapdos|[msg]
|
|turn|55
|choice|move 2|move 4
|
|move|p1a: Zapdos|Drill Peck|p2a: Golem
|-resisted|p2a: Golem
|-damage|p2a: Golem|290\/363
|move|p2a: Golem|Rock Slide|p1a: Zapdos
|-supereffective|p1a: Zapdos
|-damage|p1a: Zapdos|0 fnt
|faint|p1a: Zapdos
|choice|switch 4|
|
|switch|p1a: Exeggutor|Exeggutor|66\/393
|turn|56
|c|★I love pochama|so this egg
|c|★I love pochama|is in body slam range
|c|★I love pochama|from my golem
|c|★I love pochama|how nice
|c|★I love pochama|sleep here obviously annoys me
|c|★I love pochama|and I can block with chansey
|c|★I love pochama|but maybe you'll boom chansey..
|c|★I love pochama|*boom on chansey
|c|★I love pochama|obv I'm packing self-destruct chansey so
|c|★I love pochama|just be careful of that
|c|★I love pochama|:^)
|c|★smilzo|top threats
|c|★I love pochama|i think this prolly comes down to
|c|★I love pochama|tauros ditto
|c|★I love pochama|whatever happens
|choice|move 1|move 3
|
|move|p1a: Exeggutor|Sleep Powder|p2a: Golem
|-status|p2a: Golem|slp
|cant|p2a: Golem|slp
|
|turn|57
|c|★smilzo|y
|choice|move 3|move 3
|
|move|p1a: Exeggutor|Psychic|p2a: Golem
|-damage|p2a: Golem|117\/363 slp
|cant|p2a: Golem|slp
|
|turn|58
|choice|move 3|move 3
|
|move|p1a: Exeggutor|Psychic|p2a: Golem
|-damage|p2a: Golem|0 fnt
|faint|p2a: Golem
|c| Alexander|scrive poco il ragazzo
|c|★I love pochama|also ur play on that turn
|c|★I love pochama|was go tauros
|c|★I love pochama|rather than KO golem
|c|★I love pochama|with psychic
|c|★I love pochama|cos then I don't
|c|★I love pochama|revenge kill eggy
|choice||switch 3
|
|switch|p2a: Koopacow|Tauros|353\/353
|turn|59
|c|★smilzo|at this point
|c|★I love pochama|well no
|c|★I love pochama|it's an explosion
|c|★I love pochama|could help a ton
|c|★I love pochama|if I end up
|c|★smilzo|ik but w\/e
|c|★I love pochama|well
|c|★I love pochama|ye it woulda been nice lol
|choice|move 3|move 1
|
|move|p2a: Koopacow|Body Slam|p1a: Exeggutor
|-damage|p1a: Exeggutor|0 fnt
|faint|p1a: Exeggutor
|choice|switch 5|
|
|switch|p1a: Tauros|Tauros|353\/353
|turn|60
|c|★I love pochama|hmm this reminds me
|c|★I love pochama|I need to work out the odds of
|c|★I love pochama|blizz+bslam vs
|c|★I love pochama|bslam bslam
|c|★I love pochama|in tauros ditto
|choice|move 1|move 1
|
|move|p1a: Tauros|Body Slam|p2a: Koopacow
|-damage|p2a: Koopacow|241\/353
|move|p2a: Koopacow|Body Slam|p1a: Tauros
|-damage|p1a: Tauros|251\/353
|
|turn|61
|choice|move 1|move 1
|
|move|p1a: Tauros|Body Slam|p2a: Koopacow
|-damage|p2a: Koopacow|133\/353
|move|p2a: Koopacow|Body Slam|p1a: Tauros
|-damage|p1a: Tauros|154\/353
|
|turn|62
|c|★I love pochama|again, at least this doesn't matter
|choice|move 3|switch 4
|
|switch|p2a: Chansey|Chansey|507\/703 par
|move|p1a: Tauros|Hyper Beam|p2a: Chansey
|-damage|p2a: Chansey|41\/703 par
|
|turn|63
|-mustrecharge|p1a: Tauros
|-mustrecharge|p1a: Tauros
|choice|move 1|move 2
|
|cant|p1a: Tauros|recharge
|move|p2a: Chansey|Thunder Wave|p1a: Tauros
|-status|p1a: Tauros|par
|
|turn|64
|choice|move 1|move 4
|
|move|p1a: Tauros|Body Slam|p2a: Chansey
|-damage|p2a: Chansey|0 fnt
|faint|p2a: Chansey
|choice||switch 4
|
|switch|p2a: Koopacow|Tauros|133\/353
|turn|65
|choice|move 3|move 3
|
|move|p2a: Koopacow|Hyper Beam|p1a: Tauros
|-damage|p1a: Tauros|0 fnt
|faint|p1a: Tauros
|c|★I love pochama|gg
|choice|switch 2|
|
|switch|p1a: Chansey|Chansey|633\/703
|turn|66
|c| Asuya|nottt  yettt
|c|★smilzo|gg whatever the case
|c|★I love pochama|i think i misplayed sacking that chansey actually oh well
|c|★I love pochama|I think I was just asserting some dominance there
|c|★I love pochama|xD
|c| Enigami|Yup, that was atleast a 50\/50.
|c|★I love pochama|ok so
|c|★I love pochama|i can bslam then hb here which is
|c|★I love pochama|fine if u stoss
|c|★I love pochama|but if u twave
|c|★I love pochama|i wanna hb
|c|★I love pochama|pray for crit
|choice|move 1|move 3
|
|move|p2a: Koopacow|Hyper Beam|p1a: Chansey
|-damage|p1a: Chansey|191\/703
|move|p1a: Chansey|Thunder Wave|p2a: Koopacow
|-status|p2a: Koopacow|par
|
|turn|67
|-mustrecharge|p2a: Koopacow
|c|★I love pochama|and ofc
|c|★I love pochama|that's what u do
|-mustrecharge|p2a: Koopacow
|choice|move 3|move 1
|
|move|p1a: Chansey|Seismic Toss|p2a: Koopacow
|-damage|p2a: Koopacow|33\/353 par
|cant|p2a: Koopacow|recharge
|
|turn|68
|c|★I love pochama|gg
|c| Asuya|MISS
|choice|move 3|move 1
|
|move|p1a: Chansey|Seismic Toss|p2a: Koopacow
|-damage|p2a: Koopacow|0 fnt
|faint|p2a: Koopacow
|
|win|smilzo
|c|★smilzo|gg
|L|Asuya
|L|Enigami
|L|Naoki Miki
|L|Darkdevil
|c|★I love pochama|ur team needed a win
|c|★I love pochama|;]
|c|★I love pochama|fun match fren!
|c|★I love pochama|^-^
|J|TheInsanity
|L|ZNain
|L|Alexander
|L|TheInsanity
|L|smilzo
|player|p1
|L|I love pochama
|player|p2
|J|I love pochama
|player|p2|I love pochama|32