|J|Enigami
|J|I love pochama
|player|p1|Enigami|130
|player|p2|I love pochama|32
|gametype|singles
|gen|1
|tier|[Gen 1] RU
|seed|12570,28367,17524,16468
|rule|Sleep Clause Mod: Limit one foe put to sleep
|rule|Freeze Clause Mod: Limit one foe frozen
|rule|Species Clause: Limit one of each Pokémon
|rule|OHKO Clause: OHKO moves are banned
|rule|Evasion Moves Clause: Evasion moves are banned
|rule|HP Percentage Mod: HP is shown in percentages
|
|start
|switch|p1a: Charizard|Charizard|359\/359
|switch|p2a: Clefable|Clefable|393\/393
|turn|1
|J|Peasounay
|choice|switch 4|move 3
|
|switch|p1a: Venusaur|Venusaur|363\/363
|move|p2a: Clefable|Thunder Wave|p1a: Venusaur
|-status|p1a: Venusaur|par
|
|turn|2
|choice|move 1|switch 6
|
|switch|p2a: Fearow|Fearow|333\/333
|move|p1a: Venusaur|Sleep Powder|p2a: Fearow
|-status|p2a: Fearow|slp
|
|turn|3
|choice|switch 4|switch 2
|
|switch|p2a: Mr. Mime|Mr. Mime|283\/283
|switch|p1a: Charizard|Charizard|359\/359
|
|turn|4
|choice|switch 3|move 2
|
|switch|p1a: Clefable|Clefable|393\/393
|move|p2a: Mr. Mime|Thunder Wave|p1a: Clefable
|-status|p1a: Clefable|par
|
|turn|5
|choice|move 1|move 1
|
|move|p2a: Mr. Mime|Psychic|p1a: Clefable
|-damage|p1a: Clefable|278\/393 par
|move|p1a: Clefable|Body Slam|p2a: Mr. Mime
|-damage|p2a: Mr. Mime|182\/283
|
|turn|6
|choice|move 4|move 1
|
|move|p2a: Mr. Mime|Psychic|p1a: Clefable
|-damage|p1a: Clefable|162\/393 par
|-unboost|p1a: Clefable|spd|1
|-unboost|p1a: Clefable|spa|1
|move|p1a: Clefable|Thunder Wave|p2a: Mr. Mime
|-status|p2a: Mr. Mime|par
|
|turn|7
|choice|move 1|move 2
|
|move|p2a: Mr. Mime|Thunder Wave|p1a: Clefable
|-fail|p1a: Clefable|par
|cant|p1a: Clefable|par
|
|turn|8
|choice|move 2|move 1
|
|cant|p2a: Mr. Mime|par
|move|p1a: Clefable|Hyper Beam|p2a: Mr. Mime
|-damage|p2a: Mr. Mime|0 fnt
|faint|p2a: Mr. Mime
|c|★Enigami|rip
|choice||switch 5
|
|switch|p2a: Vaporeon|Vaporeon|463\/463
|turn|9
|choice|switch 6|move 2
|
|switch|p1a: Vaporeon|Vaporeon|463\/463
|move|p2a: Vaporeon|Blizzard|p1a: Vaporeon
|-resisted|p1a: Vaporeon
|-damage|p1a: Vaporeon|420\/463
|
|turn|10
|choice|move 2|move 4
|
|move|p1a: Vaporeon|Ice Beam|p2a: Vaporeon
|-resisted|p2a: Vaporeon
|-damage|p2a: Vaporeon|425\/463
|move|p2a: Vaporeon|Sand Attack|p1a: Vaporeon
|-unboost|p1a: Vaporeon|accuracy|1
|
|turn|11
|c|★Enigami|You would kick sand in my eyes. -_-
|c|★I love pochama|:]
|c| Peasounay|Dirtysaster Area
|c|★I love pochama|if it's legal I can use it
|choice|switch 5|move 3
|
|switch|p1a: Mr. Mime|Mr. Mime|283\/283
|move|p2a: Vaporeon|Body Slam|p1a: Mr. Mime
|-crit|p1a: Mr. Mime
|-damage|p1a: Mr. Mime|151\/283
|
|turn|12
|c|★I love pochama|:>
|choice|move 3|move 1
|
|move|p2a: Vaporeon|Hydro Pump|p1a: Mr. Mime
|-damage|p1a: Mr. Mime|0 fnt
|faint|p1a: Mr. Mime
|c|★Enigami|Blegh
|c|★I love pochama|nice counter
|c|★Enigami|Didn't check calcs, so I thought BS would do more.
|choice|switch 5|
|
|switch|p1a: Vaporeon|Vaporeon|420\/463
|turn|13
|c|★I love pochama|vaporeon's insane tho dude
|choice|move 3|switch 6
|
|switch|p2a: Clefable|Clefable|393\/393
|move|p1a: Vaporeon|Body Slam|p2a: Clefable
|-damage|p2a: Clefable|328\/393
|
|turn|14
|choice|move 1|move 2
|
|move|p1a: Vaporeon|Surf|p2a: Clefable
|-damage|p2a: Clefable|194\/393
|move|p2a: Clefable|Thunderbolt|p1a: Vaporeon
|-supereffective|p1a: Vaporeon
|-damage|p1a: Vaporeon|288\/463
|
|turn|15
|choice|move 1|move 3
|
|move|p1a: Vaporeon|Surf|p2a: Clefable
|-damage|p2a: Clefable|56\/393
|move|p2a: Clefable|Thunder Wave|p1a: Vaporeon
|-status|p1a: Vaporeon|par
|
|turn|16
|choice|switch 6|move 2
|
|switch|p1a: Clefable|Clefable|162\/393 par
|move|p2a: Clefable|Thunderbolt|p1a: Clefable
|-damage|p1a: Clefable|90\/393 par
|
|turn|17
|choice|move 1|move 1
|
|move|p2a: Clefable|Body Slam|p1a: Clefable
|-damage|p1a: Clefable|0 fnt
|faint|p1a: Clefable
|choice|switch 3|
|
|switch|p1a: Charizard|Charizard|359\/359
|turn|18
|choice|move 4|switch 6
|
|switch|p2a: Vaporeon|Vaporeon|425\/463
|move|p1a: Charizard|Swords Dance|p1a: Charizard
|-boost|p1a: Charizard|atk|2
|
|turn|19
|choice|move 3|move 1
|
|move|p1a: Charizard|Mega Kick|p2a: Vaporeon
|-damage|p2a: Vaporeon|178\/463
|move|p2a: Vaporeon|Hydro Pump|p1a: Charizard
|-supereffective|p1a: Charizard
|-damage|p1a: Charizard|21\/359
|
|turn|20
|choice|move 2|switch 6
|
|switch|p2a: Clefable|Clefable|56\/393
|move|p1a: Charizard|Hyper Beam|p2a: Clefable
|-damage|p2a: Clefable|0 fnt
|faint|p2a: Clefable
|choice||switch 4
|
|switch|p2a: Dugtrio|Dugtrio|273\/273
|turn|21
|c| Peasounay|Oo
|c| Peasounay|Nice set
|c|★Enigami|Kickzard is stronk
|c| Peasounay|Walled by graveler though
|c|★I love pochama|show off those sexy legs :>
|choice|switch 4|move 4
|
|switch|p1a: Venusaur|Venusaur|363\/363 par
|move|p2a: Dugtrio|Slash|p1a: Venusaur
|-crit|p1a: Venusaur
|-damage|p1a: Venusaur|255\/363 par
|
|turn|22
|choice|move 2|switch 3
|
|switch|p2a: Venusaur|Venusaur|363\/363
|cant|p1a: Venusaur|par
|
|turn|23
|choice|move 3|move 3
|
|move|p2a: Venusaur|Swords Dance|p2a: Venusaur
|-boost|p2a: Venusaur|atk|2
|move|p1a: Venusaur|Body Slam|p2a: Venusaur
|-crit|p2a: Venusaur
|-damage|p2a: Venusaur|226\/363
|
|turn|24
|choice|move 3|move 2
|
|move|p2a: Venusaur|Hyper Beam|p1a: Venusaur|[miss]
|-miss|p2a: Venusaur
|move|p1a: Venusaur|Body Slam|p2a: Venusaur
|-crit|p2a: Venusaur
|-damage|p2a: Venusaur|101\/363
|
|turn|25
|c|★Enigami|Critin for days
|c|★I love pochama|ouch
|c|★I love pochama|:[
|c| Peasounay|Venusaur is more on fire than zard
|choice|switch 2|move 2
|
|switch|p1a: Nidoking|Nidoking|365\/365
|move|p2a: Venusaur|Hyper Beam|p1a: Nidoking
|-damage|p1a: Nidoking|108\/365
|
|turn|26
|-mustrecharge|p2a: Venusaur
|c|★I love pochama|rofl
|c|★I love pochama|also wow that takes that
|c|★I love pochama|really well nice
|-mustrecharge|p2a: Venusaur
|choice|move 2|move 1
|
|move|p1a: Nidoking|Fire Blast|p2a: Venusaur|[miss]
|-miss|p1a: Nidoking
|cant|p2a: Venusaur|recharge
|
|turn|27
|c|★Enigami|Uh ho
|choice|move 1|switch 6
|
|switch|p2a: Vaporeon|Vaporeon|178\/463
|move|p1a: Nidoking|Earthquake|p2a: Vaporeon
|-damage|p2a: Vaporeon|18\/463
|
|turn|28
|c|★Enigami|Wait, EQ would've ko'd. D'oh.
|choice|move 1|move 3
|
|move|p1a: Nidoking|Earthquake|p2a: Vaporeon
|-damage|p2a: Vaporeon|0 fnt
|faint|p2a: Vaporeon
|choice||switch 3
|
|switch|p2a: Dugtrio|Dugtrio|273\/273
|turn|29
|choice|switch 4|move 1
|
|switch|p1a: Charizard|Charizard|21\/359
|move|p2a: Dugtrio|Earthquake|p1a: Charizard
|-immune|p1a: Charizard|[msg]
|
|turn|30
|choice|move 2|move 4
|
|move|p2a: Dugtrio|Slash|p1a: Charizard
|-crit|p1a: Charizard
|-damage|p1a: Charizard|0 fnt
|faint|p1a: Charizard
|choice|switch 2|
|
|switch|p1a: Venusaur|Venusaur|255\/363 par
|turn|31
|choice|move 4|move 3
|
|move|p2a: Dugtrio|Substitute|p2a: Dugtrio
|-start|p2a: Dugtrio|Substitute
|-damage|p2a: Dugtrio|205\/273
|move|p1a: Venusaur|Hyper Beam|p2a: Dugtrio
|-end|p2a: Dugtrio|Substitute
|
|turn|32
|choice|move 4|move 3
|
|move|p2a: Dugtrio|Substitute|p2a: Dugtrio
|-start|p2a: Dugtrio|Substitute
|-damage|p2a: Dugtrio|137\/273
|cant|p1a: Venusaur|par
|
|turn|33
|c|★I love pochama|hehe bwoi
|choice|move 4|move 1
|
|move|p2a: Dugtrio|Earthquake|p1a: Venusaur
|-crit|p1a: Venusaur
|-damage|p1a: Venusaur|32\/363 par
|move|p1a: Venusaur|Hyper Beam|p2a: Dugtrio
|-end|p2a: Dugtrio|Substitute
|
|turn|34
|c|★I love pochama|thele it is
|choice|move 4|move 1
|
|move|p2a: Dugtrio|Earthquake|p1a: Venusaur
|-damage|p1a: Venusaur|0 fnt
|faint|p1a: Venusaur
|choice|switch 6|
|
|switch|p1a: Vaporeon|Vaporeon|288\/463 par
|turn|35
|choice|move 2|switch 2
|
|switch|p2a: Fearow|Fearow|333\/333 slp
|move|p1a: Vaporeon|Ice Beam|p2a: Fearow
|-supereffective|p2a: Fearow
|-damage|p2a: Fearow|129\/333 slp
|
|turn|36
|choice|switch 4|move 2
|
|switch|p1a: Nidoking|Nidoking|108\/365
|-curestatus|p2a: Fearow|slp
|
|turn|37
|c|★Enigami|Argh
|c|★I love pochama|rip
|c|★I love pochama|made my win guaranteed oo
|c|★Enigami|gg
|choice|move 4|move 1
|
|move|p2a: Fearow|Drill Peck|p1a: Nidoking
|-damage|p1a: Nidoking|8\/365
|move|p1a: Nidoking|Rock Slide|p2a: Fearow
|-supereffective|p2a: Fearow
|-damage|p2a: Fearow|0 fnt
|faint|p2a: Fearow
|c|★I love pochama|gg
|c|★I love pochama|;p;.
|c|★Enigami|I was screwed either way
|c|★I love pochama|*lol
|choice||switch 2
|
|switch|p2a: Dugtrio|Dugtrio|137\/273
|turn|38
|c|★I love pochama|there u go now it didn't matter
|c|★Enigami|Needed Vap in on Dug, and King in on Venu
|c|★Enigami|255 miss!
|choice|move 1|move 1
|
|move|p2a: Dugtrio|Earthquake|p1a: Nidoking
|-supereffective|p1a: Nidoking
|-damage|p1a: Nidoking|0 fnt
|faint|p1a: Nidoking
|choice|switch 4|
|
|switch|p1a: Vaporeon|Vaporeon|288\/463 par
|turn|39
|choice|move 1|move 3
|
|move|p2a: Dugtrio|Substitute|p2a: Dugtrio
|-start|p2a: Dugtrio|Substitute
|-damage|p2a: Dugtrio|69\/273
|cant|p1a: Vaporeon|par
|
|turn|40
|choice|move 1|move 1
|
|move|p2a: Dugtrio|Earthquake|p1a: Vaporeon
|-damage|p1a: Vaporeon|144\/463 par
|move|p1a: Vaporeon|Surf|p2a: Dugtrio
|-supereffective|p2a: Dugtrio
|-end|p2a: Dugtrio|Substitute
|
|turn|41
|choice|move 4|move 3
|
|move|p2a: Dugtrio|Substitute|p2a: Dugtrio
|-start|p2a: Dugtrio|Substitute
|-damage|p2a: Dugtrio|1\/273
|cant|p1a: Vaporeon|par
|
|turn|42
|choice|move 4|move 1
|
|move|p2a: Dugtrio|Earthquake|p1a: Vaporeon
|-damage|p1a: Vaporeon|0 fnt
|faint|p1a: Vaporeon
|
|win|I love pochama
|L|Enigami
|player|p1