|J|marcoasd
|J|I love pochama
|player|p1|marcoasd|265
|player|p2|I love pochama|32
|gametype|singles
|gen|1
|tier|[Gen 1] RU
|seed|54751,63203,25184,51500
|rule|Sleep Clause Mod: Limit one foe put to sleep
|rule|Freeze Clause Mod: Limit one foe frozen
|rule|Species Clause: Limit one of each Pokémon
|rule|OHKO Clause: OHKO moves are banned
|rule|Evasion Moves Clause: Evasion moves are banned
|rule|HP Percentage Mod: HP is shown in percentages
|
|start
|switch|p1a: Clefable|Clefable|393\/393
|switch|p2a: Mr. Mime|Mr. Mime|283\/283
|turn|1
|J|Peasounay
|J|Enigami
|choice|move 1|move 4
|
|move|p2a: Mr. Mime|Thunder Wave|p1a: Clefable
|-status|p1a: Clefable|par
|move|p1a: Clefable|Thunder Wave|p2a: Mr. Mime
|-status|p2a: Mr. Mime|par
|
|turn|2
|choice|move 4|switch 2
|
|switch|p2a: Vaporeon|Vaporeon|463\/463
|cant|p1a: Clefable|par
|
|turn|3
|choice|move 1|move 4
|
|move|p2a: Vaporeon|Acid Armor|p2a: Vaporeon
|-boost|p2a: Vaporeon|def|2
|move|p1a: Clefable|Thunder Wave|p2a: Vaporeon
|-status|p2a: Vaporeon|par
|
|turn|4
|choice|switch 4|move 1
|
|switch|p1a: Golduck|Golduck|363\/363
|cant|p2a: Vaporeon|par
|
|turn|5
|c|★I love pochama|ngl these teams are old because
|c|★I love pochama|I have
|c|★I love pochama|acid armor vap
|c|★I love pochama|xD
|c|★I love pochama|I normally use
|c|★I love pochama|sand attack now
|c|★I love pochama|for golduck
|choice|move 3|move 1
|
|move|p1a: Golduck|Amnesia|p1a: Golduck
|-boost|p1a: Golduck|spd|2
|-boost|p1a: Golduck|spa|2
|move|p2a: Vaporeon|Blizzard|p1a: Golduck
|-resisted|p1a: Golduck
|-damage|p1a: Golduck|335\/363
|
|turn|6
|choice|move 3|move 1
|
|move|p1a: Golduck|Amnesia|p1a: Golduck
|-boost|p1a: Golduck|spd|2
|-boost|p1a: Golduck|spa|2
|move|p2a: Vaporeon|Blizzard|p1a: Golduck
|-crit|p1a: Golduck
|-resisted|p1a: Golduck
|-damage|p1a: Golduck|219\/363
|
|turn|7
|c|★I love pochama|i need to build more teams i've not
|c|★I love pochama|built in like
|c|★I love pochama|a few days
|choice|move 1|move 1
|
|move|p1a: Golduck|Surf|p2a: Vaporeon
|-crit|p2a: Vaporeon
|-resisted|p2a: Vaporeon
|-damage|p2a: Vaporeon|371\/463 par
|cant|p2a: Vaporeon|par
|
|turn|8
|choice|move 1|move 1
|
|move|p1a: Golduck|Surf|p2a: Vaporeon
|-resisted|p2a: Vaporeon
|-damage|p2a: Vaporeon|228\/463 par
|cant|p2a: Vaporeon|par
|
|turn|9
|choice|move 1|move 3
|
|move|p1a: Golduck|Surf|p2a: Vaporeon
|-resisted|p2a: Vaporeon
|-damage|p2a: Vaporeon|92\/463 par
|cant|p2a: Vaporeon|par
|
|turn|10
|c|★marcoasd|rip
|c|★I love pochama|rip rest.
|choice|move 1|move 4
|
|move|p1a: Golduck|Surf|p2a: Vaporeon
|-crit|p2a: Vaporeon
|-resisted|p2a: Vaporeon
|-damage|p2a: Vaporeon|2\/463 par
|cant|p2a: Vaporeon|par
|
|turn|11
|choice|move 1|move 3
|
|move|p1a: Golduck|Surf|p2a: Vaporeon
|-resisted|p2a: Vaporeon
|-damage|p2a: Vaporeon|0 fnt
|faint|p2a: Vaporeon
|c| Enigami|Wow
|choice||switch 3
|
|switch|p2a: Clefable|Clefable|393\/393
|turn|12
|choice|move 1|move 4
|
|move|p1a: Golduck|Surf|p2a: Clefable
|-crit|p2a: Clefable
|-damage|p2a: Clefable|168\/393
|move|p2a: Clefable|Thunder Wave|p1a: Golduck
|-status|p1a: Golduck|par
|
|turn|13
|choice|move 1|switch 4
|
|switch|p2a: Venusaur|Venusaur|363\/363
|move|p1a: Golduck|Surf|p2a: Venusaur
|-crit|p2a: Venusaur
|-resisted|p2a: Venusaur
|-damage|p2a: Venusaur|276\/363
|
|turn|14
|choice|switch 3|move 3
|
|switch|p1a: Venusaur|Venusaur|363\/363
|move|p2a: Venusaur|Razor Leaf|p1a: Venusaur
|-crit|p1a: Venusaur
|-resisted|p1a: Venusaur
|-damage|p1a: Venusaur|333\/363
|
|turn|15
|choice|switch 4|switch 2
|
|switch|p2a: Mr. Mime|Mr. Mime|283\/283 par
|switch|p1a: Clefable|Clefable|393\/393 par
|
|turn|16
|choice|move 4|switch 4
|
|switch|p2a: Clefable|Clefable|168\/393
|move|p1a: Clefable|Hyper Beam|p2a: Clefable
|-damage|p2a: Clefable|0 fnt
|faint|p2a: Clefable
|choice||switch 2
|
|switch|p2a: Venusaur|Venusaur|276\/363
|turn|17
|c|★I love pochama|god i'm playing so horribly
|choice|move 2|move 4
|
|move|p2a: Venusaur|Leech Seed|p1a: Clefable
|-start|p1a: Clefable|move: Leech Seed
|move|p1a: Clefable|Blizzard|p2a: Venusaur
|-supereffective|p2a: Venusaur
|-damage|p2a: Venusaur|113\/363
|-damage|p1a: Clefable|369\/393 par|[from] Leech Seed|[of] p2a: Venusaur
|-heal|p2a: Venusaur|137\/363|[silent]
|
|turn|18
|c|★marcoasd|lol
|c|★marcoasd|leech seed pls
|c|★I love pochama|best move asd xDDDDDDDDDDDDDDDD
|choice|move 2|move 3
|
|move|p2a: Venusaur|Razor Leaf|p1a: Clefable
|-crit|p1a: Clefable
|-damage|p1a: Clefable|233\/393 par
|move|p1a: Clefable|Blizzard|p2a: Venusaur
|-supereffective|p2a: Venusaur
|-damage|p2a: Venusaur|0 fnt
|faint|p2a: Venusaur
|choice||switch 6
|
|switch|p2a: Porygon|Porygon|333\/333
|turn|19
|choice|move 1|move 1
|
|move|p2a: Porygon|Blizzard|p1a: Clefable
|-damage|p1a: Clefable|141\/393 par
|move|p1a: Clefable|Thunder Wave|p2a: Porygon
|-status|p2a: Porygon|par
|-damage|p1a: Clefable|117\/393 par|[from] Leech Seed|[of] p2a: Porygon
|
|turn|20
|choice|switch 3|move 2
|
|switch|p1a: Golduck|Golduck|219\/363 par
|cant|p2a: Porygon|par
|
|turn|21
|choice|move 3|move 3
|
|cant|p1a: Golduck|par
|move|p2a: Porygon|Thunderbolt|p1a: Golduck
|-supereffective|p1a: Golduck
|-damage|p1a: Golduck|63\/363 par
|
|turn|22
|choice|move 1|switch 4
|
|switch|p2a: Mr. Mime|Mr. Mime|283\/283 par
|cant|p1a: Golduck|par
|
|turn|23
|choice|move 3|move 1
|
|cant|p2a: Mr. Mime|par
|cant|p1a: Golduck|par
|
|turn|24
|choice|move 3|move 1
|
|move|p2a: Mr. Mime|Psychic|p1a: Golduck
|-damage|p1a: Golduck|0 fnt
|faint|p1a: Golduck
|choice|switch 5|
|
|switch|p1a: Mr. Mime|Mr. Mime|283\/283
|turn|25
|choice|move 4|move 4
|
|move|p1a: Mr. Mime|Seismic Toss|p2a: Mr. Mime
|-damage|p2a: Mr. Mime|183\/283 par
|move|p2a: Mr. Mime|Thunder Wave|p1a: Mr. Mime
|-status|p1a: Mr. Mime|par
|
|turn|26
|choice|move 4|move 3
|
|move|p1a: Mr. Mime|Seismic Toss|p2a: Mr. Mime
|-damage|p2a: Mr. Mime|83\/283 par
|move|p2a: Mr. Mime|Seismic Toss|p1a: Mr. Mime
|-damage|p1a: Mr. Mime|183\/283 par
|
|turn|27
|choice|move 4|move 3
|
|move|p2a: Mr. Mime|Seismic Toss|p1a: Mr. Mime
|-damage|p1a: Mr. Mime|83\/283 par
|move|p1a: Mr. Mime|Seismic Toss|p2a: Mr. Mime
|-damage|p2a: Mr. Mime|0 fnt
|faint|p2a: Mr. Mime
|choice||switch 5
|
|switch|p2a: Dugtrio|Dugtrio|273\/273
|turn|28
|choice|move 2|move 1
|
|move|p2a: Dugtrio|Earthquake|p1a: Mr. Mime
|-crit|p1a: Mr. Mime
|-damage|p1a: Mr. Mime|0 fnt
|faint|p1a: Mr. Mime
|c|★marcoasd|gg
|c|★I love pochama|gg
|choice|switch 2|
|
|switch|p1a: Exeggcute|Exeggcute|323\/323
|turn|29
|choice|move 3|move 2
|
|move|p2a: Dugtrio|Body Slam|p1a: Exeggcute
|-damage|p1a: Exeggcute|259\/323
|-status|p1a: Exeggcute|par
|move|p1a: Exeggcute|Psychic|p2a: Dugtrio
|-damage|p2a: Dugtrio|173\/273
|
|turn|30
|choice|move 3|move 4
|
|move|p2a: Dugtrio|Slash|p1a: Exeggcute
|-crit|p1a: Exeggcute
|-damage|p1a: Exeggcute|157\/323 par
|cant|p1a: Exeggcute|par
|
|turn|31
|choice|move 4|move 4
|
|move|p2a: Dugtrio|Slash|p1a: Exeggcute
|-crit|p1a: Exeggcute
|-damage|p1a: Exeggcute|59\/323 par
|move|p1a: Exeggcute|Explosion|p2a: Dugtrio
|-damage|p2a: Dugtrio|0 fnt
|faint|p2a: Dugtrio
|faint|p1a: Exeggcute
|choice|switch 6|switch 4
|
|switch|p1a: Electabuzz|Electabuzz|333\/333
|switch|p2a: Porygon|Porygon|333\/333 par
|turn|32
|choice|move 1|move 4
|
|move|p1a: Electabuzz|Thunderbolt|p2a: Porygon
|-damage|p2a: Porygon|221\/333 par
|move|p2a: Porygon|Thunder Wave|p1a: Electabuzz
|-status|p1a: Electabuzz|par
|
|turn|33
|choice|move 1|move 2
|
|cant|p1a: Electabuzz|par
|move|p2a: Porygon|Recover|p2a: Porygon
|-heal|p2a: Porygon|333\/333 par
|
|turn|34
|choice|move 3|move 1
|
|move|p1a: Electabuzz|Psychic|p2a: Porygon
|-damage|p2a: Porygon|258\/333 par
|-unboost|p2a: Porygon|spd|1
|-unboost|p2a: Porygon|spa|1
|move|p2a: Porygon|Blizzard|p1a: Electabuzz|[miss]
|-miss|p2a: Porygon
|
|turn|35
|c|★I love pochama|if i win with porygon last it would be nice
|c|★I love pochama|but it's not gonna happen
|c|★I love pochama|especially since
|c|★I love pochama|i should trade tbolt for
|c|★I love pochama|some normal type attack probably
|choice|move 1|move 2
|
|move|p1a: Electabuzz|Thunderbolt|p2a: Porygon
|-damage|p2a: Porygon|80\/333 par
|cant|p2a: Porygon|par
|
|turn|36
|choice|move 1|move 2
|
|move|p1a: Electabuzz|Thunderbolt|p2a: Porygon
|-damage|p2a: Porygon|0 fnt
|faint|p2a: Porygon
|
|win|marcoasd
|c|★marcoasd|reep
|c|★marcoasd|ggs