|J|Peasounay
|J|I love pochama
|player|p1|Peasounay|80
|player|p2|I love pochama|32
|gametype|singles
|gen|1
|tier|[Gen 1] UU
|seed|54667,56108,28583,57358
|rule|Sleep Clause Mod: Limit one foe put to sleep
|rule|Freeze Clause Mod: Limit one foe frozen
|rule|Species Clause: Limit one of each Pokémon
|rule|OHKO Clause: OHKO moves are banned
|rule|Evasion Moves Clause: Evasion moves are banned
|rule|HP Percentage Mod: HP is shown in percentages
|
|start
|switch|p1a: Mr. Mime|Mr. Mime|283\/283
|switch|p2a: Mr. Mime|Mr. Mime|283\/283
|turn|1
|c|★Peasounay|so bo3 ?
|c|★I love pochama|yep.
|choice|move 1|move 4
|
|move|p2a: Mr. Mime|Thunder Wave|p1a: Mr. Mime
|-status|p1a: Mr. Mime|par
|move|p1a: Mr. Mime|Thunder Wave|p2a: Mr. Mime
|-status|p2a: Mr. Mime|par
|
|turn|2
|c|★Peasounay|ok gl hf
|choice|move 4|move 3
|
|move|p2a: Mr. Mime|Seismic Toss|p1a: Mr. Mime
|-damage|p1a: Mr. Mime|183\/283 par
|move|p1a: Mr. Mime|Seismic Toss|p2a: Mr. Mime
|-damage|p2a: Mr. Mime|183\/283 par
|
|turn|3
|choice|move 4|move 3
|
|cant|p1a: Mr. Mime|par
|move|p2a: Mr. Mime|Seismic Toss|p1a: Mr. Mime
|-damage|p1a: Mr. Mime|83\/283 par
|
|turn|4
|choice|move 4|switch 5
|
|switch|p2a: Clefable|Clefable|393\/393
|move|p1a: Mr. Mime|Seismic Toss|p2a: Clefable
|-damage|p2a: Clefable|293\/393
|
|turn|5
|choice|switch 2|move 1
|
|switch|p1a: Clefable|Clefable|393\/393
|move|p2a: Clefable|Body Slam|p1a: Clefable
|-damage|p1a: Clefable|299\/393
|
|turn|6
|J|marcoasd
|choice|move 4|move 2
|
|move|p2a: Clefable|Thunder Wave|p1a: Clefable
|-status|p1a: Clefable|par
|move|p1a: Clefable|Body Slam|p2a: Clefable
|-damage|p2a: Clefable|189\/393
|
|turn|7
|choice|move 4|move 1
|
|move|p2a: Clefable|Body Slam|p1a: Clefable
|-damage|p1a: Clefable|205\/393 par
|cant|p1a: Clefable|par
|
|turn|8
|choice|move 4|switch 5
|
|switch|p2a: Mr. Mime|Mr. Mime|183\/283 par
|move|p1a: Clefable|Body Slam|p2a: Mr. Mime
|-damage|p2a: Mr. Mime|80\/283 par
|
|turn|9
|c| marcoasd|you got pr0dicted
|choice|move 4|move 1
|
|move|p2a: Mr. Mime|Psychic|p1a: Clefable
|-crit|p1a: Clefable
|-damage|p1a: Clefable|0 fnt
|faint|p1a: Clefable
|choice|switch 4|
|
|switch|p1a: Dugtrio|Dugtrio|273\/273
|turn|10
|choice|move 1|switch 6
|
|switch|p2a: Venusaur|Venusaur|363\/363
|move|p1a: Dugtrio|Earthquake|p2a: Venusaur
|-damage|p2a: Venusaur|242\/363
|
|turn|11
|choice|switch 3|move 1
|
|switch|p1a: Venusaur|Venusaur|363\/363
|move|p2a: Venusaur|Sleep Powder|p1a: Venusaur|[miss]
|-miss|p2a: Venusaur
|
|turn|12
|choice|move 1|move 1
|
|move|p1a: Venusaur|Sleep Powder|p2a: Venusaur
|-status|p2a: Venusaur|slp
|cant|p2a: Venusaur|slp
|
|turn|13
|choice|move 4|switch 2
|
|switch|p2a: Scyther|Scyther|343\/343
|move|p1a: Venusaur|Body Slam|p2a: Scyther
|-damage|p2a: Scyther|276\/343
|-status|p2a: Scyther|par
|
|turn|14
|choice|switch 6|move 4
|
|switch|p1a: Electabuzz|Electabuzz|333\/333
|cant|p2a: Scyther|par
|
|turn|15
|c|★I love pochama|rip powerful slash
|choice|move 1|switch 4
|
|switch|p2a: Sandslash|Sandslash|353\/353
|move|p1a: Electabuzz|Thunderbolt|p2a: Sandslash
|-immune|p2a: Sandslash|[msg]
|
|turn|16
|choice|switch 6|move 2
|
|switch|p1a: Venusaur|Venusaur|363\/363
|move|p2a: Sandslash|Earthquake|p1a: Venusaur
|-damage|p1a: Venusaur|221\/363
|
|turn|17
|choice|switch 5|switch 6
|
|switch|p1a: Fearow|Fearow|333\/333
|switch|p2a: Mr. Mime|Mr. Mime|80\/283 par
|
|turn|18
|choice|move 2|move 1
|
|move|p1a: Fearow|Drill Peck|p2a: Mr. Mime
|-damage|p2a: Mr. Mime|0 fnt
|faint|p2a: Mr. Mime
|choice||switch 3
|
|switch|p2a: Golduck|Golduck|363\/363
|turn|19
|c|★Peasounay|this thing is gonna be a pain
|c|★I love pochama|:]
|c|★I love pochama|i hope so :O
|choice|switch 6|move 1
|
|switch|p1a: Electabuzz|Electabuzz|333\/333
|move|p2a: Golduck|Amnesia|p2a: Golduck
|-boost|p2a: Golduck|spd|2
|-boost|p2a: Golduck|spa|2
|
|turn|20
|choice|move 1|move 2
|
|move|p1a: Electabuzz|Thunderbolt|p2a: Golduck
|-supereffective|p2a: Golduck
|-damage|p2a: Golduck|243\/363
|move|p2a: Golduck|Surf|p1a: Electabuzz
|-crit|p1a: Electabuzz
|-damage|p1a: Electabuzz|116\/333
|
|turn|21
|choice|move 1|move 2
|
|move|p1a: Electabuzz|Thunderbolt|p2a: Golduck
|-supereffective|p2a: Golduck
|-damage|p2a: Golduck|123\/363
|move|p2a: Golduck|Surf|p1a: Electabuzz
|-damage|p1a: Electabuzz|0 fnt
|faint|p1a: Electabuzz
|choice|switch 6|
|
|switch|p1a: Fearow|Fearow|333\/333
|turn|22
|choice|move 3|move 3
|
|move|p1a: Fearow|Hyper Beam|p2a: Golduck
|-damage|p2a: Golduck|0 fnt
|faint|p2a: Golduck
|choice||switch 6
|
|switch|p2a: Sandslash|Sandslash|353\/353
|turn|23
|choice|switch 5|move 3
|
|switch|p1a: Venusaur|Venusaur|221\/363
|move|p2a: Sandslash|Rock Slide|p1a: Venusaur
|-damage|p1a: Venusaur|157\/363
|
|turn|24
|J|Lutra
|choice|switch 5|switch 4
|
|switch|p1a: Fearow|Fearow|333\/333
|switch|p2a: Scyther|Scyther|276\/343 par
|
|turn|25
|choice|move 2|switch 2
|
|switch|p2a: Venusaur|Venusaur|242\/363 slp
|move|p1a: Fearow|Drill Peck|p2a: Venusaur
|-supereffective|p2a: Venusaur
|-damage|p2a: Venusaur|28\/363 slp
|
|turn|26
|choice|move 2|move 2
|
|move|p1a: Fearow|Drill Peck|p2a: Venusaur
|-supereffective|p2a: Venusaur
|-damage|p2a: Venusaur|0 fnt
|faint|p2a: Venusaur
|choice||switch 4
|
|switch|p2a: Sandslash|Sandslash|353\/353
|turn|27
|choice|switch 2|move 3
|
|switch|p1a: Mr. Mime|Mr. Mime|83\/283 par
|move|p2a: Sandslash|Rock Slide|p1a: Mr. Mime
|-damage|p1a: Mr. Mime|2\/283 par
|
|turn|28
|c|★I love pochama|think i shoulda played golduck differently
|choice|move 2|move 2
|
|move|p2a: Sandslash|Earthquake|p1a: Mr. Mime
|-damage|p1a: Mr. Mime|0 fnt
|faint|p1a: Mr. Mime
|choice|switch 5|
|
|switch|p1a: Venusaur|Venusaur|157\/363
|turn|29
|choice|move 2|move 2
|
|move|p1a: Venusaur|Razor Leaf|p2a: Sandslash
|-crit|p2a: Sandslash
|-supereffective|p2a: Sandslash
|-damage|p2a: Sandslash|3\/353
|move|p2a: Sandslash|Earthquake|p1a: Venusaur
|-crit|p1a: Venusaur
|-damage|p1a: Venusaur|0 fnt
|faint|p1a: Venusaur
|c|★I love pochama|lol.
|choice|switch 2|
|
|switch|p1a: Fearow|Fearow|333\/333
|turn|30
|choice|move 2|move 3
|
|move|p1a: Fearow|Drill Peck|p2a: Sandslash
|-damage|p2a: Sandslash|0 fnt
|faint|p2a: Sandslash
|choice||switch 2
|
|switch|p2a: Scyther|Scyther|276\/343 par
|turn|31
|choice|move 2|move 2
|
|move|p1a: Fearow|Drill Peck|p2a: Scyther
|-crit|p2a: Scyther
|-supereffective|p2a: Scyther
|-damage|p2a: Scyther|0 fnt
|faint|p2a: Scyther
|c|★I love pochama|rip
|c|★I love pochama|crit mattered
|c|★Peasounay|yup
|c|★I love pochama|either way i was in a losing position tho
|c|★I love pochama|predicted ONE double at the wrong time and rip'd
|c|★I love pochama|shoulda gone scyther lol. 
|c|★I love pochama|oh well
|choice||switch 5
|
|switch|p2a: Clefable|Clefable|189\/393
|turn|32
|choice|move 3|move 2
|
|move|p1a: Fearow|Hyper Beam|p2a: Clefable
|-damage|p2a: Clefable|2\/393
|move|p2a: Clefable|Thunder Wave|p1a: Fearow
|-status|p1a: Fearow|par
|
|turn|33
|-mustrecharge|p1a: Fearow
|-mustrecharge|p1a: Fearow
|choice|move 1|move 4
|
|move|p2a: Clefable|Thunderbolt|p1a: Fearow
|-supereffective|p1a: Fearow
|-damage|p1a: Fearow|142\/333 par
|cant|p1a: Fearow|recharge
|
|turn|34
|c|★I love pochama|gg
|choice|move 2|move 3
|
|move|p2a: Clefable|Blizzard|p1a: Fearow
|-supereffective|p1a: Fearow
|-damage|p1a: Fearow|0 fnt
|faint|p1a: Fearow
|c|★I love pochama|255 to win tho
|c|★Peasounay|gg
|choice|switch 3|
|
|switch|p1a: Dugtrio|Dugtrio|273\/273
|turn|35
|choice|move 3|move 1
|
|move|p1a: Dugtrio|Slash|p2a: Clefable
|-crit|p2a: Clefable
|-damage|p2a: Clefable|0 fnt
|faint|p2a: Clefable
|
|win|Peasounay
|L|marcoasd