|J|Disaster Area
|J|Ortheore
|player|p1|Disaster Area|216
|player|p2|Ortheore|101
|gametype|singles
|gen|1
|tier|[Gen 1] Green
|seed|58981,49182,70,30447
|rule|Sleep Clause Mod: Limit one foe put to sleep
|rule|Species Clause: Limit one of each Pokémon
|rule|OHKO Clause: OHKO moves are banned
|rule|Evasion Moves Clause: Evasion moves are banned
|rule|HP Percentage Mod: HP is shown in percentages
|
|start
|switch|p1a: Jolteon|Jolteon|333\/333
|switch|p2a: Jynx|Jynx|333\/333
|turn|1
|choice|move 2|move 2
|
|move|p1a: Jolteon|Thunder Wave|p2a: Jynx
|-status|p2a: Jynx|par
|cant|p2a: Jynx|par
|
|turn|2
|choice|move 1|move 2
|
|move|p1a: Jolteon|Thunderbolt|p2a: Jynx
|-damage|p2a: Jynx|207\/333 par
|move|p2a: Jynx|Lovely Kiss|p1a: Jolteon|[miss]
|-miss|p2a: Jynx
|
|turn|3
|choice|move 1|move 2
|
|move|p1a: Jolteon|Thunderbolt|p2a: Jynx
|-damage|p2a: Jynx|82\/333 par
|cant|p2a: Jynx|par
|
|turn|4
|c|★Disaster Area|sry x_x
|choice|move 1|switch 3
|
|switch|p2a: Golem|Golem|363\/363
|move|p1a: Jolteon|Thunderbolt|p2a: Golem
|-immune|p2a: Golem|[msg]
|
|turn|5
|choice|switch 2|switch 3
|
|switch|p1a: Tauros|Tauros|353\/353
|switch|p2a: Jynx|Jynx|82\/333 par
|
|turn|6
|choice|move 1|move 1
|
|move|p1a: Tauros|Body Slam|p2a: Jynx
|-damage|p2a: Jynx|0 fnt
|faint|p2a: Jynx
|choice||switch 6
|
|switch|p2a: Articuno|Articuno|383\/383
|turn|7
|choice|switch 4|move 1
|
|switch|p1a: Lapras|Lapras|463\/463
|move|p2a: Articuno|Blizzard|p1a: Lapras
|-resisted|p1a: Lapras
|-damage|p1a: Lapras|423\/463
|
|turn|8
|choice|move 2|switch 4
|
|switch|p2a: Chansey|Chansey|703\/703
|move|p1a: Lapras|Thunderbolt|p2a: Chansey
|-damage|p2a: Chansey|639\/703
|
|turn|9
|choice|move 4|move 2
|
|move|p1a: Lapras|Sing|p2a: Chansey|[miss]
|-miss|p1a: Lapras
|move|p2a: Chansey|Thunderbolt|p1a: Lapras
|-supereffective|p1a: Lapras
|-damage|p1a: Lapras|273\/463
|
|turn|10
|choice|move 4|move 2
|
|move|p1a: Lapras|Sing|p2a: Chansey
|-status|p2a: Chansey|slp
|cant|p2a: Chansey|slp
|
|turn|11
|choice|switch 4|move 2
|
|switch|p1a: Tauros|Tauros|353\/353
|cant|p2a: Chansey|slp
|
|turn|12
|choice|move 1|switch 2
|
|switch|p2a: Exeggutor|Exeggutor|393\/393
|move|p1a: Tauros|Body Slam|p2a: Exeggutor|[miss]
|-miss|p1a: Tauros
|
|turn|13
|c|★Disaster Area|nice
|choice|switch 2|move 4
|
|switch|p1a: Jolteon|Jolteon|333\/333
|move|p2a: Exeggutor|Sleep Powder|p1a: Jolteon
|-status|p1a: Jolteon|slp
|
|turn|14
|choice|switch 3|move 3
|
|switch|p1a: Jynx|Jynx|333\/333
|move|p2a: Exeggutor|Psychic|p1a: Jynx
|-resisted|p1a: Jynx
|-damage|p1a: Jynx|267\/333
|
|turn|15
|choice|move 4|switch 2
|
|switch|p2a: Chansey|Chansey|639\/703 slp
|move|p1a: Jynx|Substitute|p1a: Jynx
|-start|p1a: Jynx|Substitute
|-damage|p1a: Jynx|184\/333
|
|turn|16
|choice|move 3|move 3
|
|move|p1a: Jynx|Psychic|p2a: Chansey
|-damage|p2a: Chansey|537\/703 slp
|cant|p2a: Chansey|slp
|
|turn|17
|choice|move 3|move 4
|
|move|p1a: Jynx|Psychic|p2a: Chansey
|-damage|p2a: Chansey|430\/703 slp
|-curestatus|p2a: Chansey|slp
|
|turn|18
|choice|move 2|switch 4
|
|switch|p2a: Articuno|Articuno|383\/383
|move|p1a: Jynx|Lovely Kiss|p2a: Articuno
|-status|p2a: Articuno|slp
|
|turn|19
|choice|move 3|switch 4
|
|switch|p2a: Chansey|Chansey|430\/703
|move|p1a: Jynx|Psychic|p2a: Chansey
|-damage|p2a: Chansey|327\/703
|-unboost|p2a: Chansey|spd|1
|-unboost|p2a: Chansey|spa|1
|
|turn|20
|choice|move 1|move 4
|
|move|p1a: Jynx|Blizzard|p2a: Chansey
|-damage|p2a: Chansey|124\/703
|move|p2a: Chansey|Thunder Wave|p1a: Jynx
|-status|p1a: Jynx|par
|
|turn|21
|choice|move 1|move 3
|
|move|p2a: Chansey|Soft-Boiled|p2a: Chansey
|-heal|p2a: Chansey|475\/703
|move|p1a: Jynx|Blizzard|p2a: Chansey
|-damage|p2a: Chansey|278\/703
|-status|p2a: Chansey|frz
|
|turn|22
|choice|move 3|move 3
|
|cant|p2a: Chansey|frz
|move|p1a: Jynx|Psychic|p2a: Chansey
|-damage|p2a: Chansey|115\/703 frz
|-unboost|p2a: Chansey|spd|1
|-unboost|p2a: Chansey|spa|1
|
|turn|23
|choice|move 3|move 3
|
|cant|p2a: Chansey|frz
|move|p1a: Jynx|Psychic|p2a: Chansey
|-crit|p2a: Chansey
|-damage|p2a: Chansey|0 fnt
|faint|p2a: Chansey
|c|★Disaster Area|sub jynx brutal :p
|choice||switch 5
|
|switch|p2a: Tauros|Tauros|353\/353
|turn|24
|choice|move 1|move 1
|
|move|p2a: Tauros|Body Slam|p1a: Jynx
|-end|p1a: Jynx|Substitute
|move|p1a: Jynx|Blizzard|p2a: Tauros
|-damage|p2a: Tauros|179\/353
|
|turn|25
|choice|switch 3|move 1
|
|switch|p1a: Jolteon|Jolteon|333\/333 slp
|move|p2a: Tauros|Body Slam|p1a: Jolteon
|-damage|p1a: Jolteon|195\/333 slp
|
|turn|26
|choice|move 3|switch 3
|
|switch|p2a: Golem|Golem|363\/363
|-curestatus|p1a: Jolteon|slp
|
|turn|27
|choice|move 3|move 1
|
|move|p1a: Jolteon|Double Kick|p2a: Golem
|-crit|p2a: Golem
|-supereffective|p2a: Golem
|-damage|p2a: Golem|301\/363
|-damage|p2a: Golem|239\/363
|-hitcount|p2a: Golem|2
|move|p2a: Golem|Earthquake|p1a: Jolteon
|-supereffective|p1a: Jolteon
|-damage|p1a: Jolteon|0 fnt
|faint|p1a: Jolteon
|choice|switch 4|
|
|switch|p1a: Lapras|Lapras|273\/463
|turn|28
|choice|move 1|switch 4
|
|switch|p2a: Articuno|Articuno|383\/383 slp
|move|p1a: Lapras|Blizzard|p2a: Articuno
|-damage|p2a: Articuno|264\/383 slp
|
|turn|29
|choice|move 1|move 3
|
|cant|p2a: Articuno|slp
|move|p1a: Lapras|Blizzard|p2a: Articuno
|-damage|p2a: Articuno|138\/383 slp
|
|turn|30
|choice|move 1|move 3
|
|cant|p2a: Articuno|slp
|move|p1a: Lapras|Blizzard|p2a: Articuno
|-damage|p2a: Articuno|28\/383 slp
|
|turn|31
|choice|move 2|move 2
|
|cant|p2a: Articuno|slp
|move|p1a: Lapras|Thunderbolt|p2a: Articuno
|-supereffective|p2a: Articuno
|-damage|p2a: Articuno|0 fnt
|faint|p2a: Articuno
|choice||switch 3
|
|switch|p2a: Tauros|Tauros|179\/353
|turn|32
|choice|move 1|move 4
|
|move|p2a: Tauros|Hyper Beam|p1a: Lapras
|-damage|p1a: Lapras|81\/463
|move|p1a: Lapras|Blizzard|p2a: Tauros
|-damage|p2a: Tauros|0 fnt
|faint|p2a: Tauros
|c|★Disaster Area|gg
|c|★Ortheore|gg
|c|★Disaster Area|my last 2 were starmie and gengar btw lol
|choice||switch 2
|
|switch|p2a: Exeggutor|Exeggutor|393\/393
|turn|33
|choice|move 1|move 3
|
|move|p1a: Lapras|Blizzard|p2a: Exeggutor
|-supereffective|p2a: Exeggutor
|-damage|p2a: Exeggutor|152\/393
|move|p2a: Exeggutor|Psychic|p1a: Lapras
|-damage|p1a: Lapras|0 fnt
|faint|p1a: Lapras
|choice|switch 5|
|
|switch|p1a: Starmie|Starmie|323\/323
|turn|34
|choice|move 1|move 4
|
|move|p1a: Starmie|Blizzard|p2a: Exeggutor
|-supereffective|p2a: Exeggutor
|-damage|p2a: Exeggutor|0 fnt
|faint|p2a: Exeggutor
|choice||switch 4
|
|switch|p2a: Golem|Golem|239\/363
|turn|35
|choice|move 2|move 2
|
|move|p1a: Starmie|Psychic|p2a: Golem
|-damage|p2a: Golem|94\/363
|-unboost|p2a: Golem|spd|1
|-unboost|p2a: Golem|spa|1
|move|p2a: Golem|Body Slam|p1a: Starmie
|-damage|p1a: Starmie|247\/323
|-status|p1a: Starmie|par
|
|turn|36
|choice|move 2|move 1
|
|move|p2a: Golem|Earthquake|p1a: Starmie
|-damage|p1a: Starmie|103\/323 par
|move|p1a: Starmie|Psychic|p2a: Golem
|-damage|p2a: Golem|0 fnt
|faint|p2a: Golem
|
|win|Disaster Area