|J|marcoasd
|J|Peasounay
|player|p1|marcoasd|265
|player|p2|Peasounay|80
|gametype|singles
|gen|1
|tier|[Gen 1] RU
|seed|38183,54586,41972,25985
|rule|Sleep Clause Mod: Limit one foe put to sleep
|rule|Freeze Clause Mod: Limit one foe frozen
|rule|Species Clause: Limit one of each Pokémon
|rule|OHKO Clause: OHKO moves are banned
|rule|Evasion Moves Clause: Evasion moves are banned
|rule|HP Percentage Mod: HP is shown in percentages
|
|start
|switch|p1a: Seadra|Seadra|313\/313
|switch|p2a: Poliwag|Poliwag|283\/283
|turn|1
|choice|move 3|move 1
|
|move|p2a: Poliwag|Hypnosis|p1a: Seadra|[miss]
|-miss|p2a: Poliwag
|move|p1a: Seadra|Hydro Pump|p2a: Poliwag|[miss]
|-miss|p1a: Seadra
|
|turn|2
|J|Enigami
|c|★Peasounay|ties with king ?
|c|★marcoasd|mmm 85?
|choice|move 3|move 1
|
|move|p2a: Poliwag|Hypnosis|p1a: Seadra
|-status|p1a: Seadra|slp
|cant|p1a: Seadra|slp
|
|turn|3
|c|★Peasounay|they do tie
|J|Disaster Area
|c|★Peasounay|why seadra over staryu ? bulk ?
|choice|switch 2|move 2
|
|switch|p1a: Venomoth|Venomoth|343\/343
|move|p2a: Poliwag|Amnesia|p2a: Poliwag
|-boost|p2a: Poliwag|spd|2
|-boost|p2a: Poliwag|spa|2
|
|turn|4
|c|★marcoasd|isn't kingler 75
|c|★marcoasd|this should be 85
|c|★Peasounay|i meant nidoking
|c|★marcoasd|y
|c|★marcoasd|85 they do
|c| Enigami|Seadra is 85, ties with Nidoking
|choice|move 1|move 4
|
|move|p2a: Poliwag|Psychic|p1a: Venomoth
|-supereffective|p1a: Venomoth
|-damage|p1a: Venomoth|175\/343
|move|p1a: Venomoth|Sleep Powder|p2a: Poliwag|[miss]
|-miss|p1a: Venomoth
|
|turn|5
|c|★marcoasd|uh o
|choice|move 1|move 4
|
|move|p2a: Poliwag|Psychic|p1a: Venomoth
|-crit|p1a: Venomoth
|-supereffective|p1a: Venomoth
|-damage|p1a: Venomoth|0 fnt
|faint|p1a: Venomoth
|c|★Peasounay|rekt
|c| Enigami|Go wag go!
|c|★marcoasd|lol i'm officially ded
|choice|switch 5|
|
|switch|p1a: Staryu|Staryu|263\/263
|turn|6
|c|@Disaster Area|porygon = a good check tho
|c|@Disaster Area|if u have it
|c|@Disaster Area|i mean
|c|@Disaster Area|well
|c|★marcoasd|seadra's not a good lead
|c|@Disaster Area|doesn't win 1v1
|c|@Disaster Area|but para's reliably
|c|★marcoasd|poliwag is a good lead
|choice|move 1|move 2
|
|move|p2a: Poliwag|Amnesia|p2a: Poliwag
|-boost|p2a: Poliwag|spd|2
|-boost|p2a: Poliwag|spa|2
|move|p1a: Staryu|Thunder Wave|p2a: Poliwag
|-status|p2a: Poliwag|par
|
|turn|7
|c|★marcoasd|fire types\/poliwag\/staryu\/venomoth
|choice|move 2|move 2
|
|move|p1a: Staryu|Thunderbolt|p2a: Poliwag
|-supereffective|p2a: Poliwag
|-damage|p2a: Poliwag|218\/283 par
|move|p2a: Poliwag|Amnesia|p2a: Poliwag
|-boost|p2a: Poliwag|spd|2
|-boost|p2a: Poliwag|spa|2
|
|turn|8
|choice|move 2|move 4
|
|move|p1a: Staryu|Thunderbolt|p2a: Poliwag
|-supereffective|p2a: Poliwag
|-damage|p2a: Poliwag|169\/283 par
|move|p2a: Poliwag|Psychic|p1a: Staryu
|-damage|p1a: Staryu|49\/263
|-unboost|p1a: Staryu|spd|1
|-unboost|p1a: Staryu|spa|1
|
|turn|9
|c|★Peasounay|wag u the man
|choice|move 2|move 4
|
|move|p1a: Staryu|Thunderbolt|p2a: Poliwag
|-supereffective|p2a: Poliwag
|-damage|p2a: Poliwag|137\/283 par
|move|p2a: Poliwag|Psychic|p1a: Staryu
|-damage|p1a: Staryu|0 fnt
|faint|p1a: Staryu
|choice|switch 3|
|
|switch|p1a: Nidoking|Nidoking|365\/365
|turn|10
|c| Enigami|Slept Seadra and KO'd two mons by itself. Yeah, I'd say so.
|choice|move 1|move 3
|
|move|p1a: Nidoking|Earthquake|p2a: Poliwag
|-damage|p2a: Poliwag|0 fnt
|faint|p2a: Poliwag
|c|★marcoasd|well, i went too soft on it
|choice||switch 5
|
|switch|p2a: Machamp|Machamp|383\/383
|turn|11
|c| Enigami|rip Wag
|c|★marcoasd|but it works, definitely
|choice|switch 4|move 1
|
|switch|p1a: Blastoise|Blastoise|361\/361
|move|p2a: Machamp|Body Slam|p1a: Blastoise
|-damage|p1a: Blastoise|282\/361
|
|turn|12
|choice|move 3|switch 4
|
|switch|p2a: Porygon|Porygon|333\/333
|move|p1a: Blastoise|Body Slam|p2a: Porygon
|-damage|p2a: Porygon|256\/333
|
|turn|13
|c|★Peasounay|i like this tier lol
|c|★Peasounay|staryu poliwag 
|choice|move 1|move 1
|
|move|p1a: Blastoise|Hydro Pump|p2a: Porygon|[miss]
|-miss|p1a: Blastoise
|move|p2a: Porygon|Blizzard|p1a: Blastoise
|-crit|p1a: Blastoise
|-resisted|p1a: Blastoise
|-damage|p1a: Blastoise|196\/361
|
|turn|14
|c| Enigami|The LCs are finally coming!
|choice|move 1|move 2
|
|move|p1a: Blastoise|Hydro Pump|p2a: Porygon
|-damage|p2a: Porygon|97\/333
|move|p2a: Porygon|Thunder Wave|p1a: Blastoise
|-status|p1a: Blastoise|par
|
|turn|15
|choice|move 1|move 4
|
|move|p2a: Porygon|Recover|p2a: Porygon
|-heal|p2a: Porygon|263\/333
|move|p1a: Blastoise|Hydro Pump|p2a: Porygon
|-damage|p2a: Porygon|123\/333
|
|turn|16
|c| Enigami|Well, there was Eggs, but still
|choice|move 1|move 4
|
|move|p2a: Porygon|Recover|p2a: Porygon
|-heal|p2a: Porygon|289\/333
|cant|p1a: Blastoise|par
|
|turn|17
|c|★marcoasd|oh this blastoise doesn't rest
|c|★marcoasd|this team lol
|choice|move 1|move 1
|
|move|p2a: Porygon|Blizzard|p1a: Blastoise
|-resisted|p1a: Blastoise
|-damage|p1a: Blastoise|153\/361 par
|move|p1a: Blastoise|Hydro Pump|p2a: Porygon
|-damage|p2a: Porygon|128\/333
|
|turn|18
|c|★Peasounay|i have to put rest on my blastoises
|choice|switch 4|move 4
|
|switch|p1a: Nidoking|Nidoking|365\/365
|move|p2a: Porygon|Recover|p2a: Porygon
|-heal|p2a: Porygon|294\/333
|
|turn|19
|choice|move 1|switch 4
|
|switch|p2a: Machamp|Machamp|383\/383
|move|p1a: Nidoking|Earthquake|p2a: Machamp
|-damage|p2a: Machamp|264\/383
|
|turn|20
|choice|move 3|move 3
|
|move|p1a: Nidoking|Blizzard|p2a: Machamp
|-damage|p2a: Machamp|160\/383
|move|p2a: Machamp|Earthquake|p1a: Nidoking
|-supereffective|p1a: Nidoking
|-damage|p1a: Nidoking|155\/365
|
|turn|21
|choice|move 3|move 3
|
|move|p1a: Nidoking|Blizzard|p2a: Machamp
|-damage|p2a: Machamp|58\/383
|move|p2a: Machamp|Earthquake|p1a: Nidoking
|-supereffective|p1a: Nidoking
|-damage|p1a: Nidoking|0 fnt
|faint|p1a: Nidoking
|choice|switch 6|
|
|switch|p1a: Porygon|Porygon|333\/333
|turn|22
|c|★marcoasd|gg
|choice|move 2|move 4
|
|move|p2a: Machamp|Submission|p1a: Porygon
|-supereffective|p1a: Porygon
|-damage|p1a: Porygon|56\/333
|-damage|p2a: Machamp|0 fnt|[from] recoil|[of] p1a: Porygon
|faint|p2a: Machamp
|c|★Peasounay|gg
|choice||switch 2
|
|switch|p2a: Nidoking|Nidoking|365\/365
|turn|23
|choice|move 3|move 2
|
|move|p2a: Nidoking|Earthquake|p1a: Porygon
|-crit|p1a: Porygon
|-damage|p1a: Porygon|0 fnt
|faint|p1a: Porygon
|c| Enigami|Triple waters? O.o
|choice|switch 4|
|
|switch|p1a: Blastoise|Blastoise|153\/361 par
|turn|24
|choice|move 3|move 4
|
|move|p2a: Nidoking|Thunderbolt|p1a: Blastoise
|-supereffective|p1a: Blastoise
|-damage|p1a: Blastoise|21\/361 par
|move|p1a: Blastoise|Body Slam|p2a: Nidoking
|-damage|p2a: Nidoking|294\/365
|
|turn|25
|c|★marcoasd|this team is my first team
|c|★marcoasd|it sucks
|choice|move 1|move 4
|
|move|p2a: Nidoking|Thunderbolt|p1a: Blastoise
|-supereffective|p1a: Blastoise
|-damage|p1a: Blastoise|0 fnt
|faint|p1a: Blastoise
|choice|switch 2|
|
|switch|p1a: Seadra|Seadra|313\/313 slp
|turn|26
|choice|move 3|move 4
|
|move|p2a: Nidoking|Thunderbolt|p1a: Seadra
|-supereffective|p1a: Seadra
|-damage|p1a: Seadra|192\/313 slp
|-curestatus|p1a: Seadra|slp
|
|turn|27
|choice|move 3|move 4
|
|move|p1a: Seadra|Hydro Pump|p2a: Nidoking
|-supereffective|p2a: Nidoking
|-damage|p2a: Nidoking|0 fnt
|faint|p2a: Nidoking
|choice||switch 6
|
|switch|p2a: Staryu|Staryu|263\/263
|turn|28
|choice|move 2|move 2
|
|move|p2a: Staryu|Thunder Wave|p1a: Seadra
|-status|p1a: Seadra|par
|move|p1a: Seadra|Blizzard|p2a: Staryu
|-resisted|p2a: Staryu
|-damage|p2a: Staryu|207\/263
|
|turn|29
|choice|move 4|move 3
|
|move|p2a: Staryu|Thunderbolt|p1a: Seadra
|-supereffective|p1a: Seadra
|-damage|p1a: Seadra|61\/313 par
|cant|p1a: Seadra|par
|
|turn|30
|choice|move 2|move 3
|
|move|p2a: Staryu|Thunderbolt|p1a: Seadra
|-supereffective|p1a: Seadra
|-damage|p1a: Seadra|0 fnt
|faint|p1a: Seadra
|
|win|Peasounay
|c|★Peasounay|gg
|L|marcoasd
|player|p1
|L|Peasounay
|player|p2
|J|Peasounay
|player|p2|Peasounay|80