|J|Peasounay
|J|Disaster Area
|player|p1|Peasounay|80
|player|p2|Disaster Area|32
|gametype|singles
|gen|1
|tier|[Gen 1] RU
|seed|38867,10185,14371,48124
|rule|Sleep Clause Mod: Limit one foe put to sleep
|rule|Freeze Clause Mod: Limit one foe frozen
|rule|Species Clause: Limit one of each Pokémon
|rule|OHKO Clause: OHKO moves are banned
|rule|Evasion Moves Clause: Evasion moves are banned
|rule|HP Percentage Mod: HP is shown in percentages
|
|start
|switch|p1a: Poliwhirl|Poliwhirl|333\/333
|switch|p2a: Clefable|Clefable|393\/393
|turn|1
|c|★Peasounay|gl hf :)
|c|★Disaster Area|gl hf
|choice|move 1|switch 4
|
|switch|p2a: Mr. Mime|Mr. Mime|283\/283
|move|p1a: Poliwhirl|Hypnosis|p2a: Mr. Mime
|-status|p2a: Mr. Mime|slp
|
|turn|2
|choice|move 2|switch 5
|
|switch|p2a: Electabuzz|Electabuzz|333\/333
|move|p1a: Poliwhirl|Amnesia|p1a: Poliwhirl
|-boost|p1a: Poliwhirl|spd|2
|-boost|p1a: Poliwhirl|spa|2
|
|turn|3
|choice|move 3|move 2
|
|move|p2a: Electabuzz|Thunder Wave|p1a: Poliwhirl
|-status|p1a: Poliwhirl|par
|cant|p1a: Poliwhirl|par
|
|turn|4
|choice|move 3|move 1
|
|move|p2a: Electabuzz|Thunderbolt|p1a: Poliwhirl
|-supereffective|p1a: Poliwhirl
|-damage|p1a: Poliwhirl|181\/333 par
|move|p1a: Poliwhirl|Hydro Pump|p2a: Electabuzz
|-damage|p2a: Electabuzz|131\/333
|
|turn|5
|choice|move 3|switch 3
|
|switch|p2a: Venusaur|Venusaur|363\/363
|move|p1a: Poliwhirl|Hydro Pump|p2a: Venusaur
|-resisted|p2a: Venusaur
|-damage|p2a: Venusaur|268\/363
|
|turn|6
|choice|switch 5|move 2
|
|switch|p1a: Gastly|Gastly|263\/263
|move|p2a: Venusaur|Razor Leaf|p1a: Gastly
|-crit|p1a: Gastly
|-resisted|p1a: Gastly
|-damage|p1a: Gastly|202\/263
|
|turn|7
|choice|move 2|move 1
|
|move|p2a: Venusaur|Sleep Powder|p1a: Gastly|[miss]
|-miss|p2a: Venusaur
|move|p1a: Gastly|Night Shade|p2a: Venusaur
|-damage|p2a: Venusaur|168\/363
|
|turn|8
|choice|move 2|move 1
|
|move|p2a: Venusaur|Sleep Powder|p1a: Gastly
|-status|p1a: Gastly|slp
|cant|p1a: Gastly|slp
|
|turn|9
|choice|move 2|switch 3
|
|switch|p2a: Electabuzz|Electabuzz|131\/333
|cant|p1a: Gastly|slp
|
|turn|10
|choice|switch 6|move 3
|
|switch|p1a: Wigglytuff|Wigglytuff|483\/483
|move|p2a: Electabuzz|Psychic|p1a: Wigglytuff
|-damage|p1a: Wigglytuff|393\/483
|
|turn|11
|choice|move 2|switch 2
|
|switch|p2a: Pinsir|Pinsir|333\/333
|move|p1a: Wigglytuff|Thunder Wave|p2a: Pinsir
|-status|p2a: Pinsir|par
|
|turn|12
|choice|move 4|move 1
|
|move|p1a: Wigglytuff|Body Slam|p2a: Pinsir
|-damage|p2a: Pinsir|248\/333 par
|cant|p2a: Pinsir|par
|
|turn|13
|choice|move 4|move 4
|
|move|p1a: Wigglytuff|Body Slam|p2a: Pinsir
|-damage|p2a: Pinsir|173\/333 par
|move|p2a: Pinsir|Hyper Beam|p1a: Wigglytuff
|-damage|p1a: Wigglytuff|190\/483
|
|turn|14
|-mustrecharge|p2a: Pinsir
|-mustrecharge|p2a: Pinsir
|choice|move 4|move 1
|
|move|p1a: Wigglytuff|Body Slam|p2a: Pinsir
|-damage|p2a: Pinsir|92\/333 par
|cant|p2a: Pinsir|recharge
|
|turn|15
|choice|move 3|move 4
|
|move|p1a: Wigglytuff|Hyper Beam|p2a: Pinsir
|-damage|p2a: Pinsir|0 fnt
|faint|p2a: Pinsir
|choice||switch 6
|
|switch|p2a: Vaporeon|Vaporeon|463\/463
|turn|16
|choice|switch 3|move 4
|
|switch|p1a: Vaporeon|Vaporeon|463\/463
|move|p2a: Vaporeon|Hydro Pump|p1a: Vaporeon
|-resisted|p1a: Vaporeon
|-damage|p1a: Vaporeon|388\/463
|
|turn|17
|choice|move 3|move 3
|
|move|p1a: Vaporeon|Body Slam|p2a: Vaporeon
|-damage|p2a: Vaporeon|392\/463
|move|p2a: Vaporeon|Ice Beam|p1a: Vaporeon
|-resisted|p1a: Vaporeon
|-damage|p1a: Vaporeon|352\/463
|
|turn|18
|choice|move 3|move 3
|
|move|p2a: Vaporeon|Ice Beam|p1a: Vaporeon
|-resisted|p1a: Vaporeon
|-damage|p1a: Vaporeon|314\/463
|move|p1a: Vaporeon|Body Slam|p2a: Vaporeon
|-crit|p2a: Vaporeon
|-damage|p2a: Vaporeon|253\/463
|
|turn|19
|choice|move 3|move 3
|
|move|p2a: Vaporeon|Ice Beam|p1a: Vaporeon
|-resisted|p1a: Vaporeon
|-damage|p1a: Vaporeon|275\/463
|move|p1a: Vaporeon|Body Slam|p2a: Vaporeon
|-crit|p2a: Vaporeon
|-damage|p2a: Vaporeon|127\/463
|
|turn|20
|choice|move 3|move 3
|
|move|p1a: Vaporeon|Body Slam|p2a: Vaporeon
|-damage|p2a: Vaporeon|52\/463
|move|p2a: Vaporeon|Ice Beam|p1a: Vaporeon
|-resisted|p1a: Vaporeon
|-damage|p1a: Vaporeon|235\/463
|
|turn|21
|choice|move 3|move 1
|
|move|p2a: Vaporeon|Rest|p2a: Vaporeon
|-status|p2a: Vaporeon|slp
|-heal|p2a: Vaporeon|463\/463 slp|[silent]
|-status|p2a: Vaporeon|slp|[from] move: Rest
|move|p1a: Vaporeon|Body Slam|p2a: Vaporeon
|-damage|p2a: Vaporeon|388\/463 slp
|
|turn|22
|choice|move 1|move 2
|
|cant|p2a: Vaporeon|slp
|move|p1a: Vaporeon|Hydro Pump|p2a: Vaporeon
|-resisted|p2a: Vaporeon
|-damage|p2a: Vaporeon|314\/463 slp
|
|turn|23
|choice|move 3|move 3
|
|move|p1a: Vaporeon|Body Slam|p2a: Vaporeon
|-damage|p2a: Vaporeon|241\/463 slp
|-curestatus|p2a: Vaporeon|slp
|
|turn|24
|choice|move 3|move 2
|
|move|p2a: Vaporeon|Body Slam|p1a: Vaporeon
|-damage|p1a: Vaporeon|160\/463
|-status|p1a: Vaporeon|par
|move|p1a: Vaporeon|Body Slam|p2a: Vaporeon
|-damage|p2a: Vaporeon|172\/463
|-status|p2a: Vaporeon|par
|
|turn|25
|c|★Disaster Area|hehe
|c|★Peasounay|better trained vap
|c|★Disaster Area|^
|choice|move 3|move 1
|
|cant|p1a: Vaporeon|par
|cant|p2a: Vaporeon|par
|
|turn|26
|choice|move 3|move 1
|
|move|p2a: Vaporeon|Rest|p2a: Vaporeon
|-status|p2a: Vaporeon|slp
|-heal|p2a: Vaporeon|463\/463 slp|[silent]
|-status|p2a: Vaporeon|slp|[from] move: Rest
|move|p1a: Vaporeon|Body Slam|p2a: Vaporeon
|-damage|p2a: Vaporeon|390\/463 slp
|
|turn|27
|choice|move 3|move 2
|
|move|p1a: Vaporeon|Body Slam|p2a: Vaporeon
|-damage|p2a: Vaporeon|316\/463 slp
|cant|p2a: Vaporeon|slp
|
|turn|28
|choice|move 3|move 4
|
|-curestatus|p2a: Vaporeon|slp
|move|p1a: Vaporeon|Body Slam|p2a: Vaporeon
|-damage|p2a: Vaporeon|249\/463
|
|turn|29
|choice|move 3|move 2
|
|move|p2a: Vaporeon|Body Slam|p1a: Vaporeon
|-damage|p1a: Vaporeon|90\/463 par
|move|p1a: Vaporeon|Body Slam|p2a: Vaporeon
|-damage|p2a: Vaporeon|183\/463
|
|turn|30
|choice|move 3|switch 4
|
|switch|p2a: Clefable|Clefable|393\/393
|move|p1a: Vaporeon|Body Slam|p2a: Clefable
|-damage|p2a: Clefable|331\/393
|
|turn|31
|choice|move 1|move 2
|
|move|p2a: Clefable|Body Slam|p1a: Vaporeon
|-damage|p1a: Vaporeon|0 fnt
|faint|p1a: Vaporeon
|choice|switch 2|
|
|switch|p1a: Clefable|Clefable|393\/393
|turn|32
|choice|move 2|move 1
|
|move|p1a: Clefable|Thunder Wave|p2a: Clefable
|-status|p2a: Clefable|par
|move|p2a: Clefable|Thunder Wave|p1a: Clefable
|-status|p1a: Clefable|par
|
|turn|33
|choice|move 4|move 3
|
|cant|p2a: Clefable|par
|move|p1a: Clefable|Body Slam|p2a: Clefable
|-damage|p2a: Clefable|230\/393 par
|
|turn|34
|choice|move 4|move 3
|
|cant|p1a: Clefable|par
|move|p2a: Clefable|Blizzard|p1a: Clefable
|-damage|p1a: Clefable|299\/393 par
|
|turn|35
|choice|move 4|move 3
|
|cant|p2a: Clefable|par
|move|p1a: Clefable|Body Slam|p2a: Clefable
|-damage|p2a: Clefable|133\/393 par
|
|turn|36
|choice|move 3|move 3
|
|cant|p1a: Clefable|par
|move|p2a: Clefable|Blizzard|p1a: Clefable|[miss]
|-miss|p2a: Clefable
|
|turn|37
|choice|move 3|move 3
|
|move|p2a: Clefable|Blizzard|p1a: Clefable
|-damage|p1a: Clefable|202\/393 par
|move|p1a: Clefable|Hyper Beam|p2a: Clefable
|-damage|p2a: Clefable|0 fnt
|faint|p2a: Clefable
|choice||switch 4
|
|switch|p2a: Vaporeon|Vaporeon|183\/463
|turn|38
|choice|move 2|move 4
|
|move|p2a: Vaporeon|Hydro Pump|p1a: Clefable
|-damage|p1a: Clefable|24\/393 par
|move|p1a: Clefable|Thunder Wave|p2a: Vaporeon
|-status|p2a: Vaporeon|par
|
|turn|39
|choice|move 4|move 2
|
|move|p2a: Vaporeon|Body Slam|p1a: Clefable
|-crit|p1a: Clefable
|-damage|p1a: Clefable|0 fnt
|faint|p1a: Clefable
|choice|switch 4|
|
|switch|p1a: Electabuzz|Electabuzz|333\/333
|turn|40
|choice|move 2|move 4
|
|move|p1a: Electabuzz|Thunderbolt|p2a: Vaporeon
|-supereffective|p2a: Vaporeon
|-damage|p2a: Vaporeon|0 fnt
|faint|p2a: Vaporeon
|choice||switch 2
|
|switch|p2a: Electabuzz|Electabuzz|131\/333
|turn|41
|choice|switch 5|move 2
|
|switch|p1a: Poliwhirl|Poliwhirl|181\/333 par
|move|p2a: Electabuzz|Thunder Wave|p1a: Poliwhirl
|-fail|p1a: Poliwhirl|par
|
|turn|42
|choice|move 4|move 1
|
|move|p2a: Electabuzz|Thunderbolt|p1a: Poliwhirl
|-supereffective|p1a: Poliwhirl
|-damage|p1a: Poliwhirl|0 fnt
|faint|p1a: Poliwhirl
|choice|switch 3|
|
|switch|p1a: Wigglytuff|Wigglytuff|190\/483
|turn|43
|choice|move 2|switch 3
|
|switch|p2a: Venusaur|Venusaur|168\/363
|move|p1a: Wigglytuff|Thunder Wave|p2a: Venusaur
|-status|p2a: Venusaur|par
|
|turn|44
|choice|move 4|move 2
|
|move|p1a: Wigglytuff|Body Slam|p2a: Venusaur
|-damage|p2a: Venusaur|78\/363 par
|move|p2a: Venusaur|Razor Leaf|p1a: Wigglytuff
|-crit|p1a: Wigglytuff
|-damage|p1a: Wigglytuff|3\/483
|
|turn|45
|choice|move 4|move 3
|
|move|p1a: Wigglytuff|Body Slam|p2a: Venusaur
|-damage|p2a: Venusaur|0 fnt
|faint|p2a: Venusaur
|J|Anna says hi
|choice||switch 3
|
|switch|p2a: Electabuzz|Electabuzz|131\/333
|turn|46
|choice|switch 6|move 4
|
|switch|p1a: Gastly|Gastly|202\/263 slp
|move|p2a: Electabuzz|Seismic Toss|p1a: Gastly
|-damage|p1a: Gastly|102\/263 slp
|
|turn|47
|choice|move 2|move 4
|
|move|p2a: Electabuzz|Seismic Toss|p1a: Gastly
|-damage|p1a: Gastly|2\/263 slp
|-curestatus|p1a: Gastly|slp
|
|turn|48
|choice|move 4|move 3
|
|move|p2a: Electabuzz|Psychic|p1a: Gastly
|-supereffective|p1a: Gastly
|-damage|p1a: Gastly|0 fnt
|faint|p1a: Gastly
|choice|switch 5|
|
|switch|p1a: Electabuzz|Electabuzz|333\/333
|turn|49
|choice|move 1|move 2
|
|move|p2a: Electabuzz|Thunder Wave|p1a: Electabuzz
|-status|p1a: Electabuzz|par
|move|p1a: Electabuzz|Thunder Wave|p2a: Electabuzz
|-status|p2a: Electabuzz|par
|
|turn|50
|choice|move 4|move 4
|
|move|p1a: Electabuzz|Seismic Toss|p2a: Electabuzz
|-damage|p2a: Electabuzz|31\/333 par
|cant|p2a: Electabuzz|par
|
|turn|51
|choice|move 4|move 4
|
|move|p1a: Electabuzz|Seismic Toss|p2a: Electabuzz
|-damage|p2a: Electabuzz|0 fnt
|faint|p2a: Electabuzz
|choice||switch 5
|
|switch|p2a: Mr. Mime|Mr. Mime|283\/283 slp
|turn|52
|c|★Disaster Area|rip
|choice|move 4|move 1
|
|-curestatus|p2a: Mr. Mime|slp
|move|p1a: Electabuzz|Seismic Toss|p2a: Mr. Mime
|-damage|p2a: Mr. Mime|183\/283
|
|turn|53
|c|★Peasounay|indeed
|c|★Disaster Area|g
|c|★Disaster Area|:O
|c|★Disaster Area|g
|choice|move 1|move 1
|
|move|p2a: Mr. Mime|Psychic|p1a: Electabuzz
|-crit|p1a: Electabuzz
|-damage|p1a: Electabuzz|91\/333 par
|-unboost|p1a: Electabuzz|spd|1
|-unboost|p1a: Electabuzz|spa|1
|move|p1a: Electabuzz|Thunder Wave|p2a: Mr. Mime
|-status|p2a: Mr. Mime|par
|
|turn|54
|choice|move 4|move 1
|
|move|p2a: Mr. Mime|Psychic|p1a: Electabuzz
|-damage|p1a: Electabuzz|0 fnt
|faint|p1a: Electabuzz
|c|★Disaster Area|can you
|c|★Disaster Area|KO?
|choice|switch 6|
|
|switch|p1a: Wigglytuff|Wigglytuff|3\/483
|turn|55
|c| Anna says hi|mimez comback?
|c|★Disaster Area|is the q.
|c|★Disaster Area|maaaaybe
|c|★Disaster Area|maybe
|c| Anna says hi|i think he does with hyper beam
|c|★Disaster Area|idk
|c|★Peasounay|Wigglytuff Hyper Beam vs. Mr. Mime: 169-199 (59.7 - 70.3%) -- guaranteed 2HKO
|c|★Disaster Area|:O
|choice|move 3|move 2
|
|move|p1a: Wigglytuff|Hyper Beam|p2a: Mr. Mime
|-damage|p2a: Mr. Mime|0 fnt
|faint|p2a: Mr. Mime
|
|win|Peasounay
|c|★Peasounay|got it
|c|★Peasounay|gg
|c|★Disaster Area|gg
|c|★Disaster Area|close one
|L|Anna says hi
|c|★Peasounay|yup
|c|★Peasounay|nice game