|J|Peasounay
|J|Enigami
|player|p1|Peasounay|80
|player|p2|Enigami|101
|gametype|singles
|gen|1
|tier|[Gen 1] RU
|seed|49275,32343,18518,48054
|rule|Sleep Clause Mod: Limit one foe put to sleep
|rule|Freeze Clause Mod: Limit one foe frozen
|rule|Species Clause: Limit one of each Pokémon
|rule|OHKO Clause: OHKO moves are banned
|rule|Evasion Moves Clause: Evasion moves are banned
|rule|HP Percentage Mod: HP is shown in percentages
|
|start
|switch|p1a: Poliwhirl|Poliwhirl|333\/333
|switch|p2a: Ninetales|Ninetales|349\/349
|turn|1
|choice|move 1|move 4
|
|move|p2a: Ninetales|Body Slam|p1a: Poliwhirl
|-crit|p1a: Poliwhirl
|-damage|p1a: Poliwhirl|187\/333
|move|p1a: Poliwhirl|Hypnosis|p2a: Ninetales
|-status|p2a: Ninetales|slp
|
|turn|2
|choice|move 2|switch 6
|
|switch|p2a: Electabuzz|Electabuzz|333\/333
|move|p1a: Poliwhirl|Amnesia|p1a: Poliwhirl
|-boost|p1a: Poliwhirl|spd|2
|-boost|p1a: Poliwhirl|spa|2
|
|turn|3
|choice|move 3|switch 4
|
|switch|p2a: Exeggcute|Exeggcute|323\/323
|move|p1a: Poliwhirl|Hydro Pump|p2a: Exeggcute
|-crit|p2a: Exeggcute
|-resisted|p2a: Exeggcute
|-damage|p2a: Exeggcute|204\/323
|
|turn|4
|choice|move 3|move 1
|
|move|p1a: Poliwhirl|Hydro Pump|p2a: Exeggcute
|-resisted|p2a: Exeggcute
|-damage|p2a: Exeggcute|85\/323
|move|p2a: Exeggcute|Sleep Powder|p1a: Poliwhirl
|-status|p1a: Poliwhirl|slp
|
|turn|5
|choice|move 3|move 3
|
|cant|p1a: Poliwhirl|slp
|move|p2a: Exeggcute|Psychic|p1a: Poliwhirl
|-damage|p1a: Poliwhirl|130\/333 slp
|
|turn|6
|choice|switch 2|move 3
|
|switch|p1a: Mr. Mime|Mr. Mime|283\/283
|move|p2a: Exeggcute|Psychic|p1a: Mr. Mime
|-resisted|p1a: Mr. Mime
|-damage|p1a: Mr. Mime|244\/283
|
|turn|7
|choice|move 4|switch 3
|
|switch|p2a: Vaporeon|Vaporeon|463\/463
|move|p1a: Mr. Mime|Seismic Toss|p2a: Vaporeon
|-damage|p2a: Vaporeon|363\/463
|
|turn|8
|choice|switch 4|move 3
|
|switch|p1a: Kingler|Kingler|313\/313
|move|p2a: Vaporeon|Body Slam|p1a: Kingler
|-damage|p1a: Kingler|266\/313
|
|turn|9
|choice|move 2|switch 4
|
|switch|p2a: Electabuzz|Electabuzz|333\/333
|move|p1a: Kingler|Body Slam|p2a: Electabuzz
|-damage|p2a: Electabuzz|231\/333
|
|turn|10
|choice|switch 3|move 2
|
|switch|p1a: Clefable|Clefable|393\/393
|move|p2a: Electabuzz|Psychic|p1a: Clefable
|-damage|p1a: Clefable|325\/393
|
|turn|11
|J|Pika Xreme
|choice|move 4|switch 6
|
|switch|p2a: Ninetales|Ninetales|349\/349 slp
|move|p1a: Clefable|Body Slam|p2a: Ninetales
|-damage|p2a: Ninetales|255\/349 slp
|
|turn|12
|choice|switch 3|move 1
|
|switch|p1a: Kingler|Kingler|266\/313
|cant|p2a: Ninetales|slp
|
|turn|13
|choice|move 2|switch 2
|
|switch|p2a: Clefable|Clefable|393\/393
|move|p1a: Kingler|Body Slam|p2a: Clefable
|-damage|p2a: Clefable|287\/393
|
|turn|14
|choice|switch 3|move 4
|
|switch|p1a: Clefable|Clefable|325\/393
|move|p2a: Clefable|Thunder Wave|p1a: Clefable
|-status|p1a: Clefable|par
|
|turn|15
|J|Disaster Area
|choice|move 4|switch 2
|
|switch|p2a: Ninetales|Ninetales|255\/349 slp
|move|p1a: Clefable|Body Slam|p2a: Ninetales
|-damage|p2a: Ninetales|153\/349 slp
|
|turn|16
|choice|move 4|switch 3
|
|switch|p2a: Exeggcute|Exeggcute|85\/323
|move|p1a: Clefable|Body Slam|p2a: Exeggcute
|-damage|p2a: Exeggcute|0 fnt
|faint|p2a: Exeggcute
|choice||switch 4
|
|switch|p2a: Vaporeon|Vaporeon|363\/463
|turn|17
|choice|move 3|move 3
|
|move|p2a: Vaporeon|Body Slam|p1a: Clefable
|-damage|p1a: Clefable|259\/393 par
|move|p1a: Clefable|Light Screen|p1a: Clefable
|-start|p1a: Clefable|Light Screen
|
|turn|18
|choice|move 2|move 1
|
|move|p2a: Vaporeon|Hydro Pump|p1a: Clefable
|-damage|p1a: Clefable|175\/393 par
|move|p1a: Clefable|Reflect|p1a: Clefable
|-start|p1a: Clefable|Reflect
|
|turn|19
|choice|move 4|move 2
|
|move|p2a: Vaporeon|Blizzard|p1a: Clefable
|-damage|p1a: Clefable|118\/393 par
|move|p1a: Clefable|Body Slam|p2a: Vaporeon
|-damage|p2a: Vaporeon|252\/463
|
|turn|20
|choice|move 1|move 2
|
|move|p2a: Vaporeon|Blizzard|p1a: Clefable
|-damage|p1a: Clefable|61\/393 par
|cant|p1a: Clefable|par
|
|turn|21
|choice|move 1|move 1
|
|move|p2a: Vaporeon|Hydro Pump|p1a: Clefable
|-damage|p1a: Clefable|0 fnt
|faint|p1a: Clefable
|c|★Enigami|rip
|c|★Peasounay|indeed
|choice|switch 4|
|
|switch|p1a: Mr. Mime|Mr. Mime|244\/283
|turn|22
|choice|move 2|move 3
|
|move|p1a: Mr. Mime|Thunderbolt|p2a: Vaporeon
|-supereffective|p2a: Vaporeon
|-damage|p2a: Vaporeon|105\/463
|move|p2a: Vaporeon|Body Slam|p1a: Mr. Mime
|-damage|p1a: Mr. Mime|176\/283
|
|turn|23
|choice|move 2|switch 5
|
|switch|p2a: Mr. Mime|Mr. Mime|283\/283
|move|p1a: Mr. Mime|Thunderbolt|p2a: Mr. Mime
|-damage|p2a: Mr. Mime|205\/283
|
|turn|24
|choice|move 1|move 3
|
|move|p1a: Mr. Mime|Thunder Wave|p2a: Mr. Mime
|-status|p2a: Mr. Mime|par
|cant|p2a: Mr. Mime|par
|
|turn|25
|choice|move 4|move 2
|
|move|p1a: Mr. Mime|Seismic Toss|p2a: Mr. Mime
|-damage|p2a: Mr. Mime|105\/283 par
|cant|p2a: Mr. Mime|par
|
|turn|26
|choice|switch 2|move 3
|
|switch|p1a: Poliwhirl|Poliwhirl|130\/333 slp
|cant|p2a: Mr. Mime|par
|
|turn|27
|choice|move 3|move 3
|
|cant|p1a: Poliwhirl|slp
|move|p2a: Mr. Mime|Counter|p1a: Poliwhirl
|-damage|p1a: Poliwhirl|0 fnt
|faint|p1a: Poliwhirl
|c|★Peasounay|strong rip
|choice|switch 3|
|
|switch|p1a: Kingler|Kingler|266\/313
|turn|28
|choice|move 4|move 3
|
|move|p1a: Kingler|Crabhammer|p2a: Mr. Mime
|-crit|p2a: Mr. Mime
|-damage|p2a: Mr. Mime|0 fnt
|faint|p2a: Mr. Mime
|choice||switch 6
|
|switch|p2a: Electabuzz|Electabuzz|231\/333
|turn|29
|choice|switch 6|move 2
|
|switch|p1a: Electrode|Electrode|323\/323
|move|p2a: Electabuzz|Psychic|p1a: Electrode
|-damage|p1a: Electrode|251\/323
|
|turn|30
|choice|move 1|move 4
|
|move|p1a: Electrode|Thunder Wave|p2a: Electabuzz
|-status|p2a: Electabuzz|par
|cant|p2a: Electabuzz|par
|
|turn|31
|L|Pika Xreme
|choice|move 3|move 4
|
|move|p1a: Electrode|Take Down|p2a: Electabuzz|[miss]
|-miss|p1a: Electrode
|cant|p2a: Electabuzz|par
|
|turn|32
|choice|move 3|move 4
|
|move|p1a: Electrode|Take Down|p2a: Electabuzz
|-damage|p2a: Electabuzz|170\/333 par
|-damage|p1a: Electrode|236\/323|[from] recoil|[of] p2a: Electabuzz
|move|p2a: Electabuzz|Thunder Wave|p1a: Electrode
|-status|p1a: Electrode|par
|
|turn|33
|choice|move 4|switch 3
|
|switch|p2a: Ninetales|Ninetales|153\/349 slp
|move|p1a: Electrode|Explosion|p2a: Ninetales
|-damage|p2a: Ninetales|0 fnt
|faint|p2a: Ninetales
|faint|p1a: Electrode
|choice|switch 2|switch 2
|
|switch|p1a: Mr. Mime|Mr. Mime|176\/283
|switch|p2a: Clefable|Clefable|287\/393
|turn|34
|choice|move 3|move 2
|
|move|p1a: Mr. Mime|Psychic|p2a: Clefable
|-damage|p2a: Clefable|170\/393
|move|p2a: Clefable|Hyper Beam|p1a: Mr. Mime
|-damage|p1a: Mr. Mime|0 fnt
|faint|p1a: Mr. Mime
|choice|switch 5|
|
|switch|p1a: Fearow|Fearow|333\/333
|turn|35
|choice|move 3|move 4
|
|move|p1a: Fearow|Hyper Beam|p2a: Clefable
|-crit|p2a: Clefable
|-damage|p2a: Clefable|0 fnt
|faint|p2a: Clefable
|c|★Enigami|gg I think
|choice||switch 3
|
|switch|p2a: Electabuzz|Electabuzz|170\/333 par
|turn|36
|c|★Peasounay|gg
|choice|move 3|move 1
|
|move|p1a: Fearow|Hyper Beam|p2a: Electabuzz
|-damage|p2a: Electabuzz|0 fnt
|faint|p2a: Electabuzz
|-message|Enigami forfeited.
|
|win|Peasounay
|L|Enigami
|player|p2