|J|Disaster Area
|J|Ortheore
|player|p1|Disaster Area|32
|player|p2|Ortheore|266
|gametype|singles
|gen|1
|tier|[Gen 1] OU
|seed|36156,23829,58337,35401
|rule|Sleep Clause Mod: Limit one foe put to sleep
|rule|Freeze Clause Mod: Limit one foe frozen
|rule|Species Clause: Limit one of each Pokémon
|rule|OHKO Clause: OHKO moves are banned
|rule|Evasion Moves Clause: Evasion moves are banned
|rule|HP Percentage Mod: HP is shown in percentages
|
|start
|switch|p1a: Paras|Paras, L30|88\/88
|switch|p2a: Gastly|Gastly, L30|85\/85
|turn|1
|choice|move 1|move 1
|
|move|p2a: Gastly|Hypnosis|p1a: Paras
|-status|p1a: Paras|slp
|-curestatus|p1a: Paras|slp
|
|turn|2
|choice|move 1|move 1
|
|move|p2a: Gastly|Hypnosis|p1a: Paras|[miss]
|-miss|p2a: Gastly
|move|p1a: Paras|Spore|p2a: Gastly
|-status|p2a: Gastly|slp
|
|turn|3
|J|PlanckLength
|choice|switch 6|switch 3
|
|switch|p2a: Drowzee|Drowzee, L30|103\/103
|switch|p1a: Diglett|Diglett, L30|73\/73
|
|turn|4
|choice|switch 6|move 1
|
|switch|p1a: Paras|Paras, L30|88\/88
|move|p2a: Drowzee|Hypnosis|p1a: Paras
|-status|p1a: Paras|slp
|
|turn|5
|choice|switch 3|move 3
|
|switch|p1a: Drowzee|Drowzee, L30|103\/103
|move|p2a: Drowzee|Psychic|p1a: Drowzee
|-resisted|p1a: Drowzee
|-damage|p1a: Drowzee|84\/103
|
|turn|6
|c|★Disaster Area|FUCK I PUT SUBMISSION NTO STOSS ROFL
|choice|move 4|move 2
|
|move|p1a: Drowzee|Thunder Wave|p2a: Drowzee
|-status|p2a: Drowzee|par
|cant|p2a: Drowzee|par
|
|turn|7
|choice|move 3|move 2
|
|move|p1a: Drowzee|Psychic|p2a: Drowzee
|-resisted|p2a: Drowzee
|-damage|p2a: Drowzee|84\/103 par
|cant|p2a: Drowzee|par
|
|turn|8
|choice|move 3|move 2
|
|move|p1a: Drowzee|Psychic|p2a: Drowzee
|-resisted|p2a: Drowzee
|-damage|p2a: Drowzee|65\/103 par
|-unboost|p2a: Drowzee|spd|1
|-unboost|p2a: Drowzee|spa|1
|move|p2a: Drowzee|Thunder Wave|p1a: Drowzee
|-status|p1a: Drowzee|par
|
|turn|9
|choice|move 3|switch 2
|
|switch|p2a: Exeggcute|Exeggcute, L30|103\/103
|move|p1a: Drowzee|Psychic|p2a: Exeggcute
|-resisted|p2a: Exeggcute
|-damage|p2a: Exeggcute|80\/103
|
|turn|10
|choice|move 4|switch 2
|
|switch|p2a: Drowzee|Drowzee, L30|65\/103 par
|move|p1a: Drowzee|Thunder Wave|p2a: Drowzee
|-fail|p2a: Drowzee|par
|
|turn|11
|choice|move 3|move 4
|
|move|p2a: Drowzee|Seismic Toss|p1a: Drowzee
|-damage|p1a: Drowzee|54\/103 par
|move|p1a: Drowzee|Psychic|p2a: Drowzee
|-resisted|p2a: Drowzee
|-damage|p2a: Drowzee|46\/103 par
|
|turn|12
|choice|move 3|move 4
|
|move|p1a: Drowzee|Psychic|p2a: Drowzee
|-resisted|p2a: Drowzee
|-damage|p2a: Drowzee|29\/103 par
|move|p2a: Drowzee|Seismic Toss|p1a: Drowzee
|-damage|p1a: Drowzee|24\/103 par
|
|turn|13
|choice|move 3|move 4
|
|cant|p1a: Drowzee|par
|move|p2a: Drowzee|Seismic Toss|p1a: Drowzee
|-damage|p1a: Drowzee|0 fnt
|faint|p1a: Drowzee
|choice|switch 5|
|
|switch|p1a: Dragonair|Dragonair, L30|104\/104
|turn|14
|choice|move 1|move 2
|
|move|p1a: Dragonair|Dragon Rage|p2a: Drowzee
|-damage|p2a: Drowzee|0 fnt
|faint|p2a: Drowzee
|c|★Ortheore|Isn't that meant to be dratini?
|c|★Disaster Area|oh
|c| PlanckLength|I think it is
|c|★Disaster Area|fuck
|c|★Disaster Area|yeah it is
|c|★Disaster Area|lmao
|c|★Disaster Area|everything has gone wrong
|c|★Disaster Area|this match
|c|★Disaster Area|redo clean slate
|-message|Disaster Area forfeited.
|
|win|Ortheore
|L|Disaster Area
|player|p1
|L|PlanckLength
|L|Ortheore
|player|p2
|J|PlanckLength
|L|PlanckLength
|J|PlanckLength