|J|KristophV
|J|marcoasd
|player|p1|KristophV|kristophv.png
|player|p2|marcoasd|102
|gametype|singles
|gen|1
|tier|[Gen 1] Green
|seed|57593,49638,29368,53352
|rule|Sleep Clause Mod: Limit one foe put to sleep
|rule|Species Clause: Limit one of each Pokémon
|rule|OHKO Clause: OHKO moves are banned
|rule|Evasion Moves Clause: Evasion moves are banned
|rule|HP Percentage Mod: HP is shown in percentages
|
|start
|switch|p1a: Jynx|Jynx|333\/333
|switch|p2a: Alakazam|Alakazam|313\/313
|turn|1
|choice|move 3|move 1
|
|move|p2a: Alakazam|Thunder Wave|p1a: Jynx
|-status|p1a: Jynx|par
|move|p1a: Jynx|Lovely Kiss|p2a: Alakazam
|-status|p2a: Alakazam|slp
|
|turn|2
|choice|move 2|switch 3
|
|switch|p2a: Jynx|Jynx|333\/333
|cant|p1a: Jynx|par
|
|turn|3
|choice|move 1|move 3
|
|move|p2a: Jynx|Psychic|p1a: Jynx
|-crit|p1a: Jynx
|-resisted|p1a: Jynx
|-damage|p1a: Jynx|237\/333 par
|-unboost|p1a: Jynx|spd|1
|-unboost|p1a: Jynx|spa|1
|cant|p1a: Jynx|par
|
|turn|4
|choice|switch 2|move 2
|
|switch|p1a: Cloyster|Cloyster|303\/303
|move|p2a: Jynx|Blizzard|p1a: Cloyster
|-resisted|p1a: Cloyster
|-damage|p1a: Cloyster|264\/303
|
|turn|5
|choice|move 2|move 1
|
|move|p2a: Jynx|Lovely Kiss|p1a: Cloyster
|-status|p1a: Cloyster|slp
|cant|p1a: Cloyster|slp
|
|turn|6
|choice|switch 3|move 3
|
|switch|p1a: Lapras|Lapras|463\/463
|move|p2a: Jynx|Psychic|p1a: Lapras
|-damage|p1a: Lapras|360\/463
|-unboost|p1a: Lapras|spd|1
|-unboost|p1a: Lapras|spa|1
|
|turn|7
|choice|move 1|move 3
|
|move|p2a: Jynx|Psychic|p1a: Lapras
|-damage|p1a: Lapras|210\/463
|move|p1a: Lapras|Body Slam|p2a: Jynx
|-damage|p2a: Jynx|226\/333
|
|turn|8
|choice|switch 2|move 3
|
|switch|p1a: Jynx|Jynx|237\/333 par
|move|p2a: Jynx|Psychic|p1a: Jynx
|-resisted|p1a: Jynx
|-damage|p1a: Jynx|185\/333 par
|
|turn|9
|choice|move 1|move 3
|
|move|p2a: Jynx|Psychic|p1a: Jynx
|-resisted|p1a: Jynx
|-damage|p1a: Jynx|130\/333 par
|move|p1a: Jynx|Psychic|p2a: Jynx
|-crit|p2a: Jynx
|-resisted|p2a: Jynx
|-damage|p2a: Jynx|116\/333
|
|turn|10
|choice|switch 6|move 3
|
|switch|p1a: Tauros|Tauros|353\/353
|move|p2a: Jynx|Psychic|p1a: Tauros
|-damage|p1a: Tauros|221\/353
|
|turn|11
|choice|move 1|switch 5
|
|switch|p2a: Snorlax|Snorlax|523\/523
|move|p1a: Tauros|Body Slam|p2a: Snorlax
|-damage|p2a: Snorlax|389\/523
|
|turn|12
|choice|move 1|move 3
|
|move|p1a: Tauros|Body Slam|p2a: Snorlax
|-damage|p2a: Snorlax|266\/523
|move|p2a: Snorlax|Body Slam|p1a: Tauros
|-damage|p1a: Tauros|116\/353
|
|turn|13
|choice|switch 3|move 3
|
|switch|p1a: Cloyster|Cloyster|264\/303 slp
|move|p2a: Snorlax|Body Slam|p1a: Cloyster
|-damage|p1a: Cloyster|197\/303 slp
|
|turn|14
|choice|move 2|move 1
|
|-curestatus|p1a: Cloyster|slp
|move|p2a: Snorlax|Amnesia|p2a: Snorlax
|-boost|p2a: Snorlax|spd|2
|-boost|p2a: Snorlax|spa|2
|
|turn|15
|choice|move 2|move 2
|
|move|p1a: Cloyster|Clamp|p2a: Snorlax|[miss]
|-miss|p1a: Cloyster
|move|p2a: Snorlax|Thunderbolt|p1a: Cloyster
|-crit|p1a: Cloyster
|-supereffective|p1a: Cloyster
|-damage|p1a: Cloyster|0 fnt
|faint|p1a: Cloyster
|choice|switch 5|
|
|switch|p1a: Snorlax|Snorlax|523\/523
|turn|16
|choice|move 3|move 4
|
|move|p2a: Snorlax|Self-Destruct|p1a: Snorlax
|-damage|p1a: Snorlax|124\/523
|faint|p2a: Snorlax
|choice||switch 2
|
|switch|p2a: Starmie|Starmie|323\/323
|turn|17
|choice|move 4|move 2
|
|move|p2a: Starmie|Psychic|p1a: Snorlax
|-damage|p1a: Snorlax|0 fnt
|faint|p1a: Snorlax
|choice|switch 2|
|
|switch|p1a: Lapras|Lapras|210\/463
|turn|18
|choice|move 4|switch 5
|
|switch|p2a: Jynx|Jynx|116\/333
|move|p1a: Lapras|Thunderbolt|p2a: Jynx
|-damage|p2a: Jynx|46\/333
|
|turn|19
|choice|switch 6|move 3
|
|switch|p1a: Jynx|Jynx|130\/333 par
|move|p2a: Jynx|Psychic|p1a: Jynx
|-resisted|p1a: Jynx
|-damage|p1a: Jynx|74\/333 par
|
|turn|20
|choice|move 1|move 2
|
|move|p2a: Jynx|Blizzard|p1a: Jynx
|-resisted|p1a: Jynx
|-damage|p1a: Jynx|8\/333 par
|move|p1a: Jynx|Psychic|p2a: Jynx
|-resisted|p2a: Jynx
|-damage|p2a: Jynx|0 fnt
|faint|p2a: Jynx
|choice||switch 4
|
|switch|p2a: Lapras|Lapras|463\/463
|turn|21
|choice|move 1|move 2
|
|move|p2a: Lapras|Thunderbolt|p1a: Jynx
|-damage|p1a: Jynx|0 fnt
|faint|p1a: Jynx
|choice|switch 6|
|
|switch|p1a: Lapras|Lapras|210\/463
|turn|22
|choice|move 4|move 2
|
|move|p2a: Lapras|Thunderbolt|p1a: Lapras
|-supereffective|p1a: Lapras
|-damage|p1a: Lapras|50\/463
|move|p1a: Lapras|Thunderbolt|p2a: Lapras
|-supereffective|p2a: Lapras
|-damage|p2a: Lapras|321\/463
|
|turn|23
|choice|move 4|move 2
|
|move|p2a: Lapras|Thunderbolt|p1a: Lapras
|-supereffective|p1a: Lapras
|-damage|p1a: Lapras|0 fnt
|faint|p1a: Lapras
|choice|switch 4|
|
|switch|p1a: Jolteon|Jolteon|333\/333
|turn|24
|choice|move 1|move 1
|
|move|p1a: Jolteon|Thunderbolt|p2a: Lapras
|-crit|p2a: Lapras
|-supereffective|p2a: Lapras
|-damage|p2a: Lapras|0 fnt
|faint|p2a: Lapras
|choice||switch 5
|
|switch|p2a: Starmie|Starmie|323\/323
|turn|25
|choice|move 1|move 3
|
|move|p1a: Jolteon|Thunderbolt|p2a: Starmie
|-supereffective|p2a: Starmie
|-damage|p2a: Starmie|68\/323
|move|p2a: Starmie|Thunder Wave|p1a: Jolteon
|-status|p1a: Jolteon|par
|
|turn|26
|choice|move 1|move 2
|
|move|p2a: Starmie|Psychic|p1a: Jolteon
|-damage|p1a: Jolteon|228\/333 par
|-unboost|p1a: Jolteon|spd|1
|-unboost|p1a: Jolteon|spa|1
|cant|p1a: Jolteon|par
|
|turn|27
|choice|move 2|move 2
|
|move|p2a: Starmie|Psychic|p1a: Jolteon
|-damage|p1a: Jolteon|78\/333 par
|move|p1a: Jolteon|Thunder Wave|p2a: Starmie
|-status|p2a: Starmie|par
|
|turn|28
|choice|move 1|move 2
|
|move|p2a: Starmie|Psychic|p1a: Jolteon
|-damage|p1a: Jolteon|0 fnt
|faint|p1a: Jolteon
|c|★KristophV|oh right that weird mechanic
|choice|switch 3|
|
|switch|p1a: Tauros|Tauros|116\/353
|turn|29
|choice|move 1|move 2
|
|move|p1a: Tauros|Body Slam|p2a: Starmie
|-damage|p2a: Starmie|0 fnt
|faint|p2a: Starmie
|choice||switch 6
|
|switch|p2a: Cloyster|Cloyster|303\/303
|turn|30
|c|★marcoasd|ggs
|choice|move 1|move 4
|
|move|p1a: Tauros|Body Slam|p2a: Cloyster
|-damage|p2a: Cloyster|239\/303
|move|p2a: Cloyster|Explosion|p1a: Tauros
|-damage|p1a: Tauros|0 fnt
|faint|p1a: Tauros
|faint|p2a: Cloyster
|
|win|marcoasd
|c|★KristophV|ggs