|J|Lusch
|J|Disaster Area
|player|p1|Lusch|153
|player|p2|Disaster Area|32
|gametype|singles
|gen|1
|tier|[Gen 1] RU
|seed|19719,3961,53551,49267
|rule|Sleep Clause Mod: Limit one foe put to sleep
|rule|Freeze Clause Mod: Limit one foe frozen
|rule|Species Clause: Limit one of each Pokémon
|rule|OHKO Clause: OHKO moves are banned
|rule|Evasion Moves Clause: Evasion moves are banned
|rule|HP Percentage Mod: HP is shown in percentages
|
|start
|switch|p1a: Clefable|Clefable|393\/393
|switch|p2a: Clefable|Clefable|393\/393
|turn|1
|J|Peasounay
|J|Enigami
|choice|move 3|move 1
|
|move|p2a: Clefable|Blizzard|p1a: Clefable
|-damage|p1a: Clefable|294\/393
|-status|p1a: Clefable|frz
|cant|p1a: Clefable|frz
|
|turn|2
|c|★Disaster Area|gl hf
|c|★Disaster Area|ok looks like
|c|★Disaster Area|we might go 1-1 that's nice
|c|★Lusch|having fun already ;P
|c| Peasounay|"gl hf" after the freeze hahahaha
|c|★Disaster Area|looks like
|c|★Disaster Area|rip idea of
|choice|move 1|switch 2
|
|switch|p2a: Gastly|Gastly|263\/263
|cant|p1a: Clefable|frz
|
|turn|3
|c|★Disaster Area|clean series
|c|★Disaster Area|xd
|choice|move 1|move 3
|
|move|p2a: Gastly|Psychic|p1a: Clefable
|-damage|p1a: Clefable|221\/393 frz
|cant|p1a: Clefable|frz
|
|turn|4
|choice|move 1|move 3
|
|move|p2a: Gastly|Psychic|p1a: Clefable
|-damage|p1a: Clefable|145\/393 frz
|-unboost|p1a: Clefable|spd|1
|-unboost|p1a: Clefable|spa|1
|cant|p1a: Clefable|frz
|
|turn|5
|choice|move 1|move 3
|
|move|p2a: Gastly|Psychic|p1a: Clefable
|-crit|p1a: Clefable
|-damage|p1a: Clefable|0 fnt
|faint|p1a: Clefable
|choice|switch 2|
|
|switch|p1a: Venusaur|Venusaur|363\/363
|turn|6
|choice|move 4|switch 5
|
|switch|p2a: Electrode|Electrode|323\/323
|move|p1a: Venusaur|Sleep Powder|p2a: Electrode
|-status|p2a: Electrode|slp
|
|turn|7
|choice|switch 4|switch 2
|
|switch|p2a: Clefable|Clefable|393\/393
|switch|p1a: Charizard|Charizard|359\/359
|
|turn|8
|choice|switch 3|move 1
|
|switch|p1a: Vaporeon|Vaporeon|463\/463
|move|p2a: Clefable|Blizzard|p1a: Vaporeon
|-resisted|p1a: Vaporeon
|-damage|p1a: Vaporeon|426\/463
|
|turn|9
|c|★Disaster Area|gotta brb in a min btw
|choice|move 4|move 3
|
|move|p1a: Vaporeon|Surf|p2a: Clefable
|-damage|p2a: Clefable|269\/393
|move|p2a: Clefable|Body Slam|p1a: Vaporeon
|-damage|p1a: Vaporeon|323\/463
|
|turn|10
|choice|move 4|switch 5
|
|switch|p2a: Gastly|Gastly|263\/263
|move|p1a: Vaporeon|Surf|p2a: Gastly
|-crit|p2a: Gastly
|-damage|p2a: Gastly|46\/263
|
|turn|11
|c|★Disaster Area|c.h.r.i.s.t.
|choice|switch 5|move 2
|
|switch|p1a: Gastly|Gastly|263\/263
|move|p2a: Gastly|Hypnosis|p1a: Gastly
|-status|p1a: Gastly|slp
|
|turn|12
|c|★Disaster Area|nice
|c| Peasounay|hypnosis + psychic 
|c| Peasounay|surprising
|c| Peasounay|no boom ?
|c|★Lusch|hmhm
|c|★Lusch|was hoping for the boom
|choice|switch 3|move 3
|
|switch|p1a: Charizard|Charizard|359\/359
|move|p2a: Gastly|Psychic|p1a: Charizard
|-damage|p1a: Charizard|275\/359
|
|turn|13
|c|★Disaster Area|ok brb now
|choice|move 2|switch 6
|
|switch|p2a: Aerodactyl|Aerodactyl|363\/363
|move|p1a: Charizard|Fire Blast|p2a: Aerodactyl
|-resisted|p2a: Aerodactyl
|-damage|p2a: Aerodactyl|281\/363
|
|turn|14
|c|★Disaster Area|back
|c|★Disaster Area|i love italy
|c|★Disaster Area|united states of pizza
|c|★Lusch|bon appetite
|choice|switch 3|move 1
|
|switch|p1a: Gastly|Gastly|263\/263 slp
|move|p2a: Aerodactyl|Double-Edge|p1a: Gastly
|-immune|p1a: Gastly|[msg]
|
|turn|15
|c|★Disaster Area|ty
|choice|switch 5|move 1
|
|switch|p1a: Vaporeon|Vaporeon|323\/463
|move|p2a: Aerodactyl|Double-Edge|p1a: Vaporeon
|-damage|p1a: Vaporeon|203\/463
|-damage|p2a: Aerodactyl|251\/363|[from] recoil|[of] p1a: Vaporeon
|
|turn|16
|choice|switch 5|switch 4
|
|switch|p2a: Kingler|Kingler|313\/313
|switch|p1a: Gastly|Gastly|263\/263 slp
|
|turn|17
|choice|move 2|switch 3
|
|switch|p2a: Mr. Mime|Mr. Mime|283\/283
|cant|p1a: Gastly|slp
|
|turn|18
|choice|switch 3|move 3
|
|switch|p1a: Charizard|Charizard|275\/359
|move|p2a: Mr. Mime|Psychic|p1a: Charizard
|-crit|p1a: Charizard
|-damage|p1a: Charizard|36\/359
|-unboost|p1a: Charizard|spd|1
|-unboost|p1a: Charizard|spa|1
|
|turn|19
|choice|move 2|switch 4
|
|switch|p2a: Aerodactyl|Aerodactyl|251\/363
|move|p1a: Charizard|Fire Blast|p2a: Aerodactyl
|-resisted|p2a: Aerodactyl
|-damage|p2a: Aerodactyl|192\/363
|
|turn|20
|c|★Disaster Area|rip no burn
|c|★Lusch|yeah... was playing for brn...
|choice|switch 3|move 4
|
|switch|p1a: Gastly|Gastly|263\/263 slp
|move|p2a: Aerodactyl|Sky Attack|p1a: Gastly|[still]
|-prepare|p2a: Aerodactyl|Sky Attack|p1a: Gastly
|
|turn|21
|choice|switch 3|move 1
|
|switch|p1a: Charizard|Charizard|36\/359
|move|p2a: Aerodactyl|Sky Attack|p1a: Charizard
|-damage|p1a: Charizard|0 fnt
|faint|p1a: Charizard
|choice|switch 5|
|
|switch|p1a: Vaporeon|Vaporeon|203\/463
|turn|22
|choice|move 4|switch 3
|
|switch|p2a: Kingler|Kingler|313\/313
|move|p1a: Vaporeon|Surf|p2a: Kingler
|-resisted|p2a: Kingler
|-damage|p2a: Kingler|228\/313
|
|turn|23
|choice|switch 3|switch 6
|
|switch|p2a: Gastly|Gastly|46\/263
|switch|p1a: Gastly|Gastly|263\/263 slp
|
|turn|24
|choice|move 2|move 3
|
|cant|p1a: Gastly|slp
|move|p2a: Gastly|Psychic|p1a: Gastly
|-supereffective|p1a: Gastly
|-damage|p1a: Gastly|119\/263 slp
|-unboost|p1a: Gastly|spd|1
|-unboost|p1a: Gastly|spa|1
|
|turn|25
|choice|switch 4|move 3
|
|switch|p1a: Venusaur|Venusaur|363\/363
|move|p2a: Gastly|Psychic|p1a: Venusaur
|-supereffective|p1a: Venusaur
|-damage|p1a: Venusaur|215\/363
|
|turn|26
|choice|move 3|move 3
|
|move|p1a: Venusaur|Razor Leaf|p2a: Gastly
|-crit|p2a: Gastly
|-resisted|p2a: Gastly
|-damage|p2a: Gastly|0 fnt
|faint|p2a: Gastly
|choice||switch 4
|
|switch|p2a: Mr. Mime|Mr. Mime|283\/283
|turn|27
|choice|switch 4|move 1
|
|switch|p1a: Gastly|Gastly|119\/263 slp
|move|p2a: Mr. Mime|Thunder Wave|p1a: Gastly
|-fail|p1a: Gastly
|
|turn|28
|choice|move 2|move 3
|
|move|p2a: Mr. Mime|Psychic|p1a: Gastly
|-supereffective|p1a: Gastly
|-damage|p1a: Gastly|0 fnt
|faint|p1a: Gastly
|choice|switch 6|
|
|switch|p1a: Sandslash|Sandslash|353\/353
|turn|29
|choice|move 4|switch 6
|
|switch|p2a: Kingler|Kingler|228\/313
|move|p1a: Sandslash|Swords Dance|p1a: Sandslash
|-boost|p1a: Sandslash|atk|2
|
|turn|30
|choice|switch 4|move 4
|
|switch|p1a: Venusaur|Venusaur|215\/363
|move|p2a: Kingler|Crabhammer|p1a: Venusaur
|-crit|p1a: Venusaur
|-resisted|p1a: Venusaur
|-damage|p1a: Venusaur|147\/363
|
|turn|31
|choice|move 1|switch 3
|
|switch|p2a: Aerodactyl|Aerodactyl|192\/363
|move|p1a: Venusaur|Body Slam|p2a: Aerodactyl
|-resisted|p2a: Aerodactyl
|-damage|p2a: Aerodactyl|157\/363
|
|turn|32
|choice|move 3|move 2
|
|move|p2a: Aerodactyl|Fire Blast|p1a: Venusaur
|-supereffective|p1a: Venusaur
|-damage|p1a: Venusaur|8\/363
|move|p1a: Venusaur|Razor Leaf|p2a: Aerodactyl
|-crit|p2a: Aerodactyl
|-damage|p2a: Aerodactyl|0 fnt
|faint|p2a: Aerodactyl
|choice||switch 6
|
|switch|p2a: Mr. Mime|Mr. Mime|283\/283
|turn|33
|choice|move 1|move 3
|
|move|p2a: Mr. Mime|Psychic|p1a: Venusaur
|-crit|p1a: Venusaur
|-supereffective|p1a: Venusaur
|-damage|p1a: Venusaur|0 fnt
|faint|p1a: Venusaur
|choice|switch 4|
|
|switch|p1a: Sandslash|Sandslash|353\/353
|turn|34
|choice|move 2|move 3
|
|move|p2a: Mr. Mime|Psychic|p1a: Sandslash
|-damage|p1a: Sandslash|199\/353
|move|p1a: Sandslash|Earthquake|p2a: Mr. Mime
|-damage|p2a: Mr. Mime|127\/283
|
|turn|35
|c|★Disaster Area|gg
|c|★Disaster Area|sory about
|c|★Disaster Area|bshax
|c|★Disaster Area|etc
|choice|move 2|move 3
|
|move|p2a: Mr. Mime|Psychic|p1a: Sandslash
|-damage|p1a: Sandslash|49\/353
|-unboost|p1a: Sandslash|spd|1
|-unboost|p1a: Sandslash|spa|1
|move|p1a: Sandslash|Earthquake|p2a: Mr. Mime
|-damage|p2a: Mr. Mime|0 fnt
|faint|p2a: Mr. Mime
|choice||switch 3
|
|switch|p2a: Kingler|Kingler|228\/313
|turn|36
|c|★Disaster Area|also that is why
|c|★Disaster Area|bslam>hb
|c|★Disaster Area|on sandslash
|c|★Disaster Area|oo
|c|★Lusch|what are u talking about?^^
|c|★Disaster Area|cos u can
|c|★Disaster Area|para mime
|c|★Disaster Area|which is a weirdly common MU
|c|★Lusch|yeah...
|c|★Disaster Area|for slash
|c|★Disaster Area|lol
|choice|move 2|move 1
|
|move|p2a: Kingler|Body Slam|p1a: Sandslash
|-crit|p1a: Sandslash
|-damage|p1a: Sandslash|0 fnt
|faint|p1a: Sandslash
|choice|switch 3|
|
|switch|p1a: Vaporeon|Vaporeon|203\/463
|turn|37
|choice|move 2|move 1
|
|move|p2a: Kingler|Body Slam|p1a: Vaporeon
|-damage|p1a: Vaporeon|97\/463
|-status|p1a: Vaporeon|par
|move|p1a: Vaporeon|Body Slam|p2a: Kingler
|-damage|p2a: Kingler|181\/313
|
|turn|38
|c|★Lusch|gg
|choice|move 2|move 1
|
|move|p2a: Kingler|Body Slam|p1a: Vaporeon
|-damage|p1a: Vaporeon|0 fnt
|faint|p1a: Vaporeon
|
|win|Disaster Area
|L|Enigami