|J|Enigami
|J|I love pochama
|player|p1|Enigami|130
|player|p2|I love pochama|32
|gametype|singles
|gen|1
|tier|[Gen 1] RU
|seed|7799,48132,59929,41079
|rule|Sleep Clause Mod: Limit one foe put to sleep
|rule|Freeze Clause Mod: Limit one foe frozen
|rule|Species Clause: Limit one of each Pokémon
|rule|OHKO Clause: OHKO moves are banned
|rule|Evasion Moves Clause: Evasion moves are banned
|rule|HP Percentage Mod: HP is shown in percentages
|
|start
|switch|p1a: Wigglytuff|Wigglytuff|483\/483
|switch|p2a: Tangela|Tangela|333\/333
|turn|1
|J|Peasounay
|choice|switch 4|move 1
|
|switch|p1a: Vaporeon|Vaporeon|463\/463
|move|p2a: Tangela|Sleep Powder|p1a: Vaporeon|[miss]
|-miss|p2a: Tangela
|
|turn|2
|c| Peasounay|Mmmmh could we mention buzz in possible leads ?
|c|★I love pochama|well
|c|★I love pochama|it brings in grounds like magnets
|c|★I love pochama|loses to grassers
|c|★I love pochama|doesn't wanna be para'd vs mime or clef
|c|★I love pochama|and it's not even that great vs waters
|choice|move 2|switch 5
|
|switch|p2a: Kingler|Kingler|313\/313
|move|p1a: Vaporeon|Ice Beam|p2a: Kingler
|-resisted|p2a: Kingler
|-damage|p2a: Kingler|253\/313
|
|turn|3
|c| Peasounay|yeah fair enough
|choice|move 3|move 1
|
|move|p2a: Kingler|Body Slam|p1a: Vaporeon
|-damage|p1a: Vaporeon|358\/463
|move|p1a: Vaporeon|Body Slam|p2a: Kingler
|-damage|p2a: Kingler|207\/313
|
|turn|4
|choice|switch 4|move 4
|
|switch|p1a: Wigglytuff|Wigglytuff|483\/483
|move|p2a: Kingler|Swords Dance|p2a: Kingler
|-boost|p2a: Kingler|atk|2
|
|turn|5
|choice|move 4|switch 4
|
|switch|p2a: Nidoking|Nidoking|365\/365
|move|p1a: Wigglytuff|Thunder Wave|p2a: Nidoking
|-immune|p2a: Nidoking|[msg]
|
|turn|6
|choice|move 1|move 1
|
|move|p2a: Nidoking|Earthquake|p1a: Wigglytuff
|-damage|p1a: Wigglytuff|296\/483
|move|p1a: Wigglytuff|Body Slam|p2a: Nidoking
|-damage|p2a: Nidoking|273\/365
|
|turn|7
|choice|move 1|move 1
|
|move|p2a: Nidoking|Earthquake|p1a: Wigglytuff
|-damage|p1a: Wigglytuff|127\/483
|move|p1a: Wigglytuff|Body Slam|p2a: Nidoking
|-damage|p2a: Nidoking|172\/365
|
|turn|8
|c|★Enigami|Nuts, no Para
|choice|switch 3|move 1
|
|switch|p1a: Venusaur|Venusaur|363\/363
|move|p2a: Nidoking|Earthquake|p1a: Venusaur
|-damage|p1a: Venusaur|229\/363
|
|turn|9
|choice|switch 4|switch 5
|
|switch|p2a: Tangela|Tangela|333\/333
|switch|p1a: Vaporeon|Vaporeon|358\/463
|
|turn|10
|choice|move 2|move 1
|
|move|p1a: Vaporeon|Ice Beam|p2a: Tangela
|-supereffective|p2a: Tangela
|-damage|p2a: Tangela|176\/333
|move|p2a: Tangela|Sleep Powder|p1a: Vaporeon|[miss]
|-miss|p2a: Tangela
|
|turn|11
|choice|move 2|move 1
|
|move|p1a: Vaporeon|Ice Beam|p2a: Tangela
|-supereffective|p2a: Tangela
|-damage|p2a: Tangela|27\/333
|move|p2a: Tangela|Sleep Powder|p1a: Vaporeon
|-status|p1a: Vaporeon|slp
|
|turn|12
|choice|switch 2|switch 3
|
|switch|p1a: Clefable|Clefable|393\/393
|switch|p2a: Clefable|Clefable|393\/393
|
|turn|13
|choice|move 4|move 3
|
|move|p1a: Clefable|Thunder Wave|p2a: Clefable
|-status|p2a: Clefable|par
|move|p2a: Clefable|Thunder Wave|p1a: Clefable
|-status|p1a: Clefable|par
|
|turn|14
|choice|move 1|move 4
|
|move|p1a: Clefable|Body Slam|p2a: Clefable
|-damage|p2a: Clefable|292\/393 par
|move|p2a: Clefable|Blizzard|p1a: Clefable|[miss]
|-miss|p2a: Clefable
|
|turn|15
|choice|move 1|move 1
|
|move|p2a: Clefable|Body Slam|p1a: Clefable
|-damage|p1a: Clefable|302\/393 par
|move|p1a: Clefable|Body Slam|p2a: Clefable
|-damage|p2a: Clefable|192\/393 par
|
|turn|16
|choice|move 1|move 4
|
|move|p2a: Clefable|Blizzard|p1a: Clefable
|-damage|p1a: Clefable|212\/393 par
|move|p1a: Clefable|Body Slam|p2a: Clefable
|-damage|p2a: Clefable|87\/393 par
|
|turn|17
|choice|move 1|move 4
|
|cant|p2a: Clefable|par
|move|p1a: Clefable|Body Slam|p2a: Clefable
|-damage|p2a: Clefable|0 fnt
|faint|p2a: Clefable
|choice||switch 3
|
|switch|p2a: Tangela|Tangela|27\/333
|turn|18
|choice|switch 4|move 4
|
|switch|p1a: Venusaur|Venusaur|229\/363
|move|p2a: Tangela|Mega Drain|p1a: Venusaur
|-resisted|p1a: Venusaur
|-damage|p1a: Venusaur|218\/363
|-heal|p2a: Tangela|32\/333|[from] drain|[of] p1a: Venusaur
|
|turn|19
|choice|move 3|move 2
|
|move|p1a: Venusaur|Body Slam|p2a: Tangela
|-crit|p2a: Tangela
|-damage|p2a: Tangela|0 fnt
|faint|p2a: Tangela
|choice||switch 2
|
|switch|p2a: Mr. Mime|Mr. Mime|283\/283
|turn|20
|choice|switch 2|move 1
|
|switch|p1a: Vaporeon|Vaporeon|358\/463 slp
|move|p2a: Mr. Mime|Psychic|p1a: Vaporeon
|-damage|p1a: Vaporeon|267\/463 slp
|-unboost|p1a: Vaporeon|spd|1
|-unboost|p1a: Vaporeon|spa|1
|
|turn|21
|choice|move 4|move 1
|
|move|p2a: Mr. Mime|Psychic|p1a: Vaporeon
|-damage|p1a: Vaporeon|115\/463 slp
|-unboost|p1a: Vaporeon|spd|1
|-unboost|p1a: Vaporeon|spa|1
|cant|p1a: Vaporeon|slp
|
|turn|22
|choice|move 4|switch 4
|
|switch|p2a: Kingler|Kingler|207\/313
|cant|p1a: Vaporeon|slp
|
|turn|23
|choice|move 3|move 1
|
|move|p2a: Kingler|Body Slam|p1a: Vaporeon
|-crit|p1a: Vaporeon
|-damage|p1a: Vaporeon|0 fnt
|faint|p1a: Vaporeon
|choice|switch 5|
|
|switch|p1a: Mr. Mime|Mr. Mime|283\/283
|turn|24
|choice|move 3|switch 4
|
|switch|p2a: Mr. Mime|Mr. Mime|283\/283
|move|p1a: Mr. Mime|Thunderbolt|p2a: Mr. Mime
|-damage|p2a: Mr. Mime|204\/283
|-status|p2a: Mr. Mime|par
|
|turn|25
|choice|switch 6|move 2
|
|switch|p1a: Nidoking|Nidoking|365\/365
|cant|p2a: Mr. Mime|par
|
|turn|26
|choice|move 1|move 1
|
|move|p1a: Nidoking|Earthquake|p2a: Mr. Mime
|-damage|p2a: Mr. Mime|53\/283 par
|cant|p2a: Mr. Mime|par
|
|turn|27
|c|★I love pochama|:[
|c|★Enigami|rip Mime
|choice|move 1|move 1
|
|move|p1a: Nidoking|Earthquake|p2a: Mr. Mime
|-damage|p2a: Mr. Mime|0 fnt
|faint|p2a: Mr. Mime
|c|★I love pochama|rip
|choice||switch 4
|
|switch|p2a: Kingler|Kingler|207\/313
|turn|28
|choice|switch 6|move 1
|
|switch|p1a: Mr. Mime|Mr. Mime|283\/283
|move|p2a: Kingler|Body Slam|p1a: Mr. Mime
|-crit|p1a: Mr. Mime
|-damage|p1a: Mr. Mime|91\/283
|
|turn|29
|c|★Enigami|Ouch
|choice|move 1|move 1
|
|move|p1a: Mr. Mime|Psychic|p2a: Kingler
|-damage|p2a: Kingler|49\/313
|move|p2a: Kingler|Body Slam|p1a: Mr. Mime
|-crit|p1a: Mr. Mime
|-damage|p1a: Mr. Mime|0 fnt
|faint|p1a: Mr. Mime
|choice|switch 6|
|
|switch|p1a: Nidoking|Nidoking|365\/365
|turn|30
|choice|move 1|move 2
|
|move|p1a: Nidoking|Earthquake|p2a: Kingler
|-damage|p2a: Kingler|0 fnt
|faint|p2a: Kingler
|choice||switch 5
|
|switch|p2a: Nidoking|Nidoking|172\/365
|turn|31
|choice|move 1|move 1
|
|move|p2a: Nidoking|Earthquake|p1a: Nidoking
|-crit|p1a: Nidoking
|-supereffective|p1a: Nidoking
|-damage|p1a: Nidoking|0 fnt
|faint|p1a: Nidoking
|c|★Enigami|ACK
|c|★I love pochama|:O
|c|★I love pochama|mattered a fkton
|choice|switch 4|
|
|switch|p1a: Clefable|Clefable|212\/393 par
|turn|32
|c|★Enigami|I know
|c|★I love pochama|sry dude
|c|★I love pochama|i woulda had a shot if I won the tie
|choice|move 3|move 1
|
|move|p2a: Nidoking|Earthquake|p1a: Clefable
|-damage|p1a: Clefable|74\/393 par
|move|p1a: Clefable|Blizzard|p2a: Nidoking
|-crit|p2a: Nidoking
|-supereffective|p2a: Nidoking
|-damage|p2a: Nidoking|0 fnt
|faint|p2a: Nidoking
|c|★I love pochama|but the crit gives me a much bigger chance
|c|★I love pochama|i probably still lose tho
|choice||switch 6
|
|switch|p2a: Aerodactyl|Aerodactyl|363\/363
|turn|33
|choice|move 4|move 4
|
|move|p2a: Aerodactyl|Wing Attack|p1a: Clefable
|-damage|p1a: Clefable|24\/393 par
|cant|p1a: Clefable|par
|
|turn|34
|c| Peasounay|oooh
|c|★I love pochama|what lol
|choice|move 4|move 4
|
|move|p2a: Aerodactyl|Wing Attack|p1a: Clefable
|-damage|p1a: Clefable|0 fnt
|faint|p1a: Clefable
|c|★I love pochama|ok i probably
|choice|switch 2|
|
|switch|p1a: Venusaur|Venusaur|218\/363
|turn|35
|c|★I love pochama|shouldn't
|c|★I love pochama|use that
|c|★Enigami|Seriously, what was that?
|choice|move 1|move 2
|
|move|p2a: Aerodactyl|Fire Blast|p1a: Venusaur|[miss]
|-miss|p2a: Aerodactyl
|move|p1a: Venusaur|Sleep Powder|p2a: Aerodactyl|[miss]
|-miss|p1a: Venusaur
|
|turn|36
|choice|move 1|move 2
|
|move|p2a: Aerodactyl|Fire Blast|p1a: Venusaur
|-crit|p1a: Venusaur
|-supereffective|p1a: Venusaur
|-damage|p1a: Venusaur|0 fnt
|faint|p1a: Venusaur
|c|★I love pochama|well
|c|★Enigami|D:
|c|★I love pochama|I guess it's ok vs gastly
|choice|switch 3|
|
|switch|p1a: Wigglytuff|Wigglytuff|127\/483
|turn|37
|c|★I love pochama|D:
|choice|move 3|move 1
|
|move|p2a: Aerodactyl|Double-Edge|p1a: Wigglytuff
|-crit|p1a: Wigglytuff
|-damage|p1a: Wigglytuff|0 fnt
|-damage|p2a: Aerodactyl|332\/363|[from] recoil|[of] p1a: Wigglytuff
|faint|p1a: Wigglytuff
|
|win|I love pochama
|c|★Enigami|Garbage
|L|Enigami
|player|p1
|c|★I love pochama|most extreme
|c|★I love pochama|game save
|c|★I love pochama|in wow
|c|★I love pochama|I've seen worse
|c|★I love pochama|but only in OU