|J|Lusch
|J|Disaster Area
|player|p1|Lusch|153
|player|p2|Disaster Area|32
|gametype|singles
|gen|1
|tier|[Gen 1] RU
|seed|22630,58484,64041,62071
|rule|Sleep Clause Mod: Limit one foe put to sleep
|rule|Freeze Clause Mod: Limit one foe frozen
|rule|Species Clause: Limit one of each Pokémon
|rule|OHKO Clause: OHKO moves are banned
|rule|Evasion Moves Clause: Evasion moves are banned
|rule|HP Percentage Mod: HP is shown in percentages
|
|start
|switch|p1a: Mr. Mime|Mr. Mime|283\/283
|switch|p2a: Flareon|Flareon|333\/333
|turn|1
|J|Peasounay
|J|Enigami
|c|★Lusch|gl hf
|c|★Disaster Area|u2
|choice|switch 4|move 1
|
|switch|p1a: Vaporeon|Vaporeon|463\/463
|move|p2a: Flareon|Body Slam|p1a: Vaporeon
|-damage|p1a: Vaporeon|348\/463
|-status|p1a: Vaporeon|par
|
|turn|2
|choice|switch 3|switch 3
|
|switch|p2a: Venusaur|Venusaur|363\/363
|switch|p1a: Venusaur|Venusaur|363\/363
|
|turn|3
|choice|move 2|switch 2
|
|switch|p2a: Mr. Mime|Mr. Mime|283\/283
|move|p1a: Venusaur|Sleep Powder|p2a: Mr. Mime
|-status|p2a: Mr. Mime|slp
|
|turn|4
|choice|switch 4|switch 2
|
|switch|p2a: Venusaur|Venusaur|363\/363
|switch|p1a: Mr. Mime|Mr. Mime|283\/283
|
|turn|5
|choice|move 1|move 1
|
|move|p1a: Mr. Mime|Psychic|p2a: Venusaur
|-crit|p2a: Venusaur
|-supereffective|p2a: Venusaur
|-damage|p2a: Venusaur|0 fnt
|faint|p2a: Venusaur
|c|★Disaster Area|rip
|c|★Disaster Area|x_x
|c|★Disaster Area|my fault 
|choice||switch 3
|
|switch|p2a: Flareon|Flareon|333\/333
|turn|6
|choice|switch 3|move 1
|
|switch|p1a: Vaporeon|Vaporeon|348\/463 par
|move|p2a: Flareon|Body Slam|p1a: Vaporeon
|-crit|p1a: Vaporeon
|-damage|p1a: Vaporeon|143\/463 par
|
|turn|7
|choice|switch 2|move 4
|
|switch|p1a: Aerodactyl|Aerodactyl|363\/363
|move|p2a: Flareon|Fire Spin|p1a: Aerodactyl
|-resisted|p1a: Aerodactyl
|-damage|p1a: Aerodactyl|349\/363
|-activate|p1a: Aerodactyl|move: Fire Spin|[of] p2a: Flareon
|
|turn|8
|choice|move 2|switch 5
|
|switch|p2a: Kingler|Kingler|313\/313
|cant|p1a: Aerodactyl|partiallytrapped
|
|-end|p1a: Aerodactyl|Fire Spin|[partiallytrapped]
|turn|9
|choice|move 4|move 1
|
|move|p1a: Aerodactyl|Substitute|p1a: Aerodactyl
|-start|p1a: Aerodactyl|Substitute
|-damage|p1a: Aerodactyl|259\/363
|move|p2a: Kingler|Body Slam|p1a: Aerodactyl
|-resisted|p1a: Aerodactyl
|-activate|p1a: Aerodactyl|Substitute|[damage]
|
|turn|10
|c| Peasounay|ooh
|choice|move 3|move 1
|
|move|p1a: Aerodactyl|Sky Attack|p2a: Kingler|[still]
|-prepare|p1a: Aerodactyl|Sky Attack|p2a: Kingler
|move|p2a: Kingler|Body Slam|p1a: Aerodactyl
|-resisted|p1a: Aerodactyl
|-end|p1a: Aerodactyl|Substitute
|
|turn|11
|choice|move 1|move 3
|
|move|p1a: Aerodactyl|Sky Attack|p2a: Kingler
|-crit|p2a: Kingler
|-damage|p2a: Kingler|0 fnt
|faint|p2a: Kingler
|c|★Disaster Area|christ
|choice||switch 4
|
|switch|p2a: Clefable|Clefable|393\/393
|turn|12
|choice|switch 5|move 1
|
|switch|p1a: Clefable|Clefable|393\/393
|move|p2a: Clefable|Blizzard|p1a: Clefable
|-damage|p1a: Clefable|305\/393
|
|turn|13
|choice|move 4|switch 5
|
|switch|p2a: Flareon|Flareon|333\/333
|move|p1a: Clefable|Thunder Wave|p2a: Flareon
|-status|p2a: Flareon|par
|
|turn|14
|choice|switch 2|move 2
|
|switch|p1a: Vaporeon|Vaporeon|143\/463 par
|move|p2a: Flareon|Fire Blast|p1a: Vaporeon|[miss]
|-miss|p2a: Flareon
|
|turn|15
|choice|move 3|move 3
|
|move|p1a: Vaporeon|Rest|p1a: Vaporeon
|-status|p1a: Vaporeon|slp
|-heal|p1a: Vaporeon|463\/463 slp|[silent]
|-status|p1a: Vaporeon|slp|[from] move: Rest
|move|p2a: Flareon|Hyper Beam|p1a: Vaporeon
|-damage|p1a: Vaporeon|273\/463 slp
|
|turn|16
|-mustrecharge|p2a: Flareon
|-mustrecharge|p2a: Flareon
|choice|move 2|move 1
|
|cant|p1a: Vaporeon|slp
|cant|p2a: Flareon|recharge
|
|turn|17
|c|★Disaster Area|yeesh this game is not going my way
|c|★Lusch|yeah
|c|★Disaster Area|misplaying and some poor but not gigantically so luck
|c|★Lusch|a clean series looks different 
|c|★Disaster Area|yeah lol
|c|★Disaster Area|I think luck is a big factor in this tier sorta
|c|★Disaster Area|I mean like
|choice|switch 5|move 1
|
|switch|p1a: Aerodactyl|Aerodactyl|259\/363
|move|p2a: Flareon|Body Slam|p1a: Aerodactyl
|-resisted|p1a: Aerodactyl
|-damage|p1a: Aerodactyl|210\/363
|
|turn|18
|c|★Disaster Area|if there's one or two
|c|★Disaster Area|'lucky'
|c|★Disaster Area|events
|c|★Disaster Area|it can really
|c|★Disaster Area|change the tide of the battle much more dramatically
|c|★Disaster Area|than in like 1u
|choice|move 3|switch 6
|
|switch|p2a: Sandslash|Sandslash|353\/353
|move|p1a: Aerodactyl|Sky Attack|p2a: Sandslash|[still]
|-prepare|p1a: Aerodactyl|Sky Attack|p2a: Sandslash
|
|turn|19
|choice|move 1|move 2
|
|move|p1a: Aerodactyl|Sky Attack|p2a: Sandslash
|-damage|p2a: Sandslash|204\/353
|move|p2a: Sandslash|Rock Slide|p1a: Aerodactyl
|-supereffective|p1a: Aerodactyl
|-damage|p1a: Aerodactyl|48\/363
|
|turn|20
|choice|move 2|move 2
|
|move|p1a: Aerodactyl|Hyper Beam|p2a: Sandslash
|-crit|p2a: Sandslash
|-damage|p2a: Sandslash|0 fnt
|faint|p2a: Sandslash
|c|★Lusch|lol
|c|★Lusch|sorry mate
|c|★Lusch|had to fo for it
|choice||switch 5
|
|switch|p2a: Clefable|Clefable|393\/393
|turn|21
|c|★Disaster Area|that's fine
|choice|move 2|move 2
|
|move|p1a: Aerodactyl|Hyper Beam|p2a: Clefable
|-damage|p2a: Clefable|240\/393
|move|p2a: Clefable|Thunderbolt|p1a: Aerodactyl
|-crit|p1a: Aerodactyl
|-supereffective|p1a: Aerodactyl
|-damage|p1a: Aerodactyl|0 fnt
|faint|p1a: Aerodactyl
|c|★Disaster Area|idt i was winning this anyway xD
|c|★Disaster Area|hbing with aero is right play
|choice|switch 2|
|
|switch|p1a: Clefable|Clefable|305\/393
|turn|22
|choice|move 2|switch 6
|
|switch|p2a: Flareon|Flareon|333\/333 par
|move|p1a: Clefable|Blizzard|p2a: Flareon
|-damage|p2a: Flareon|248\/333 par
|
|turn|23
|choice|move 1|move 1
|
|move|p1a: Clefable|Body Slam|p2a: Flareon
|-damage|p2a: Flareon|136\/333 par
|cant|p2a: Flareon|par
|
|turn|24
|choice|move 3|move 2
|
|move|p1a: Clefable|Hyper Beam|p2a: Flareon
|-damage|p2a: Flareon|0 fnt
|faint|p2a: Flareon
|choice||switch 6
|
|switch|p2a: Clefable|Clefable|240\/393
|turn|25
|c|★Disaster Area|ok i gotta
|c|★Disaster Area|go for
|c|★Disaster Area|the 3rd
|c|★Disaster Area|clefable freeze
|c|★Disaster Area|of the series
|c|★Disaster Area|.
|choice|move 2|move 1
|
|move|p2a: Clefable|Blizzard|p1a: Clefable
|-crit|p1a: Clefable
|-damage|p1a: Clefable|111\/393
|move|p1a: Clefable|Blizzard|p2a: Clefable
|-damage|p2a: Clefable|152\/393
|
|turn|26
|choice|move 3|move 4
|
|move|p1a: Clefable|Hyper Beam|p2a: Clefable
|-crit|p2a: Clefable
|-damage|p2a: Clefable|0 fnt
|faint|p2a: Clefable
|c|★Disaster Area|;lol.........
|choice||switch 2
|
|switch|p2a: Mr. Mime|Mr. Mime|283\/283 slp
|turn|27
|c| Peasounay|what's last lusch
|c|★Disaster Area|well
|c|★Disaster Area|gg
|c|★Disaster Area|lol
|c|★Disaster Area|last is probably like
|c|★Lusch|dugtrio
|c|★Disaster Area|duggy? or buzz?
|c|★Disaster Area|yeah
|choice|move 1|move 1
|
|cant|p2a: Mr. Mime|slp
|move|p1a: Clefable|Body Slam|p2a: Mr. Mime
|-damage|p2a: Mr. Mime|173\/283 slp
|
|turn|28
|c| Peasounay|alright
|choice|move 1|move 4
|
|cant|p2a: Mr. Mime|slp
|move|p1a: Clefable|Body Slam|p2a: Mr. Mime
|-damage|p2a: Mr. Mime|73\/283 slp
|
|turn|29
|c|★Lusch|ggs
|choice|move 1|move 4
|
|cant|p2a: Mr. Mime|slp
|move|p1a: Clefable|Body Slam|p2a: Mr. Mime
|-damage|p2a: Mr. Mime|0 fnt
|faint|p2a: Mr. Mime
|
|win|Lusch
|c|★Disaster Area|ggs