|J|marcoasd
|J|I love pochama
|player|p1|marcoasd|2
|player|p2|I love pochama|32
|gametype|singles
|gen|1
|tier|[Gen 1] RU
|seed|41027,24639,49449,20504
|rule|Sleep Clause Mod: Limit one foe put to sleep
|rule|Freeze Clause Mod: Limit one foe frozen
|rule|Species Clause: Limit one of each Pokémon
|rule|OHKO Clause: OHKO moves are banned
|rule|Evasion Moves Clause: Evasion moves are banned
|rule|HP Percentage Mod: HP is shown in percentages
|
|start
|switch|p1a: Poliwhirl|Poliwhirl|333\/333
|switch|p2a: Mr. Mime|Mr. Mime|283\/283
|turn|1
|choice|switch 6|move 3
|
|switch|p1a: Dugtrio|Dugtrio|273\/273
|move|p2a: Mr. Mime|Thunder Wave|p1a: Dugtrio
|-immune|p1a: Dugtrio|[msg]
|
|turn|2
|choice|move 1|move 1
|
|move|p1a: Dugtrio|Earthquake|p2a: Mr. Mime
|-damage|p2a: Mr. Mime|149\/283
|move|p2a: Mr. Mime|Psychic|p1a: Dugtrio
|-damage|p1a: Dugtrio|136\/273
|
|turn|3
|choice|move 1|switch 3
|
|switch|p2a: Clefable|Clefable|393\/393
|move|p1a: Dugtrio|Earthquake|p2a: Clefable
|-damage|p2a: Clefable|272\/393
|
|turn|4
|choice|switch 4|move 3
|
|switch|p1a: Vaporeon|Vaporeon|463\/463
|move|p2a: Clefable|Blizzard|p1a: Vaporeon
|-resisted|p1a: Vaporeon
|-damage|p1a: Vaporeon|426\/463
|-status|p1a: Vaporeon|frz
|
|turn|5
|c|★marcoasd|ouch
|c|★I love pochama|~~**DESTROYED**~~
|c|★I love pochama|~~**gg**~~
|c|★I love pochama|rip
|choice|switch 2|move 1
|
|switch|p1a: Clefable|Clefable|393\/393
|move|p2a: Clefable|Body Slam|p1a: Clefable
|-damage|p1a: Clefable|292\/393
|
|turn|6
|choice|move 1|move 4
|
|move|p2a: Clefable|Thunder Wave|p1a: Clefable
|-status|p1a: Clefable|par
|move|p1a: Clefable|Thunder Wave|p2a: Clefable
|-status|p2a: Clefable|par
|
|turn|7
|choice|move 2|move 3
|
|move|p1a: Clefable|Blizzard|p2a: Clefable
|-damage|p2a: Clefable|170\/393 par
|move|p2a: Clefable|Blizzard|p1a: Clefable
|-damage|p1a: Clefable|199\/393 par
|
|turn|8
|choice|move 4|move 2
|
|cant|p1a: Clefable|par
|move|p2a: Clefable|Counter|p1a: Clefable
|-fail|p2a: Clefable
|
|turn|9
|choice|move 4|move 3
|
|cant|p2a: Clefable|par
|move|p1a: Clefable|Hyper Beam|p2a: Clefable
|-damage|p2a: Clefable|0 fnt
|faint|p2a: Clefable
|J|KristophV
|c|★marcoasd|counter this lol
|J|DG9
|c|★I love pochama|wasn't calcing
|c|★I love pochama|shoulda switched there
|c|★I love pochama|rip
|choice||switch 2
|
|switch|p2a: Electabuzz|Electabuzz|333\/333
|turn|10
|choice|move 1|move 3
|
|move|p2a: Electabuzz|Psychic|p1a: Clefable
|-crit|p1a: Clefable
|-damage|p1a: Clefable|72\/393 par
|-unboost|p1a: Clefable|spd|1
|-unboost|p1a: Clefable|spa|1
|cant|p1a: Clefable|par
|
|turn|11
|c|★marcoasd|madonna troia
|choice|move 1|move 4
|
|move|p2a: Electabuzz|Hyper Beam|p1a: Clefable
|-crit|p1a: Clefable
|-damage|p1a: Clefable|0 fnt
|faint|p1a: Clefable
|choice|switch 4|
|
|switch|p1a: Dugtrio|Dugtrio|136\/273
|turn|12
|choice|move 1|switch 6
|
|switch|p2a: Aerodactyl|Aerodactyl|363\/363
|move|p1a: Dugtrio|Earthquake|p2a: Aerodactyl
|-immune|p2a: Aerodactyl|[msg]
|
|turn|13
|choice|switch 2|move 2
|
|switch|p1a: Vaporeon|Vaporeon|426\/463 frz
|move|p2a: Aerodactyl|Fire Blast|p1a: Vaporeon
|-resisted|p1a: Vaporeon
|-damage|p1a: Vaporeon|392\/463 frz
|-curestatus|p1a: Vaporeon|frz
|-status|p1a: Vaporeon|brn
|
|turn|14
|c|~KristophV|oh my god
|c|★I love pochama|what a choke
|c|★I love pochama|was too busy
|c|★I love pochama|dealing with
|c|★I love pochama|sitting on a blanket
|c|★I love pochama|and
|c|★marcoasd|lol
|c|★I love pochama|moving my laptop
|c|★I love pochama|and
|c|★I love pochama|the keyboard
|c|★I love pochama|doesn't fucking
|c|★I love pochama|stay connected
|c|★I love pochama|properly
|c|★I love pochama|and#
|c|★I love pochama|fuck it.
|c|★marcoasd|it burned lol
|c|★I love pochama|lol
|c|★I love pochama|i'll take it.
|choice|move 3|switch 6
|
|switch|p2a: Electabuzz|Electabuzz|333\/333
|move|p1a: Vaporeon|Ice Beam|p2a: Electabuzz
|-damage|p2a: Electabuzz|242\/333
|-damage|p1a: Vaporeon|364\/463 brn|[from] brn|[of] p2a: Electabuzz
|
|turn|15
|choice|switch 2|move 3
|
|switch|p1a: Dugtrio|Dugtrio|136\/273
|move|p2a: Electabuzz|Psychic|p1a: Dugtrio
|-crit|p1a: Dugtrio
|-damage|p1a: Dugtrio|0 fnt
|faint|p1a: Dugtrio
|choice|switch 3|
|
|switch|p1a: Venusaur|Venusaur|363\/363
|turn|16
|choice|move 1|move 3
|
|move|p2a: Electabuzz|Psychic|p1a: Venusaur
|-supereffective|p1a: Venusaur
|-damage|p1a: Venusaur|230\/363
|-unboost|p1a: Venusaur|spd|1
|-unboost|p1a: Venusaur|spa|1
|move|p1a: Venusaur|Sleep Powder|p2a: Electabuzz
|-status|p2a: Electabuzz|slp
|
|turn|17
|choice|switch 6|switch 4
|
|switch|p2a: Venusaur|Venusaur|363\/363
|switch|p1a: Poliwhirl|Poliwhirl|333\/333
|
|turn|18
|choice|switch 6|move 2
|
|switch|p1a: Venusaur|Venusaur|230\/363
|move|p2a: Venusaur|Razor Leaf|p1a: Venusaur
|-crit|p1a: Venusaur
|-resisted|p1a: Venusaur
|-damage|p1a: Venusaur|197\/363
|
|turn|19
|choice|move 4|move 2
|
|move|p1a: Venusaur|Body Slam|p2a: Venusaur
|-damage|p2a: Venusaur|298\/363
|move|p2a: Venusaur|Razor Leaf|p1a: Venusaur
|-crit|p1a: Venusaur
|-resisted|p1a: Venusaur
|-damage|p1a: Venusaur|168\/363
|
|turn|20
|choice|move 4|move 1
|
|move|p1a: Venusaur|Body Slam|p2a: Venusaur
|-damage|p2a: Venusaur|237\/363
|move|p2a: Venusaur|Sleep Powder|p1a: Venusaur|[miss]
|-miss|p2a: Venusaur
|
|turn|21
|choice|move 4|move 1
|
|move|p1a: Venusaur|Body Slam|p2a: Venusaur
|-crit|p2a: Venusaur
|-damage|p2a: Venusaur|98\/363
|-status|p2a: Venusaur|par
|cant|p2a: Venusaur|par
|
|turn|22
|choice|move 4|switch 6
|
|switch|p2a: Aerodactyl|Aerodactyl|363\/363
|move|p1a: Venusaur|Body Slam|p2a: Aerodactyl
|-resisted|p2a: Aerodactyl
|-damage|p2a: Aerodactyl|328\/363
|-status|p2a: Aerodactyl|par
|
|turn|23
|c|★I love pochama|ugh\/
|c|★I love pochama|my keyboard was so broke last turn
|c|★I love pochama|could not comment
|c|★I love pochama|fucking
|c|★I love pochama|ugh
|c|★I love pochama|i think this game
|c|★I love pochama|i am losing
|c|★I love pochama|one i should win
|c|★I love pochama|:[
|choice|move 2|move 1
|
|move|p1a: Venusaur|Razor Leaf|p2a: Aerodactyl
|-crit|p2a: Aerodactyl
|-damage|p2a: Aerodactyl|147\/363 par
|move|p2a: Aerodactyl|Double-Edge|p1a: Venusaur
|-crit|p1a: Venusaur
|-damage|p1a: Venusaur|0 fnt
|-damage|p2a: Aerodactyl|105\/363 par|[from] recoil|[of] p1a: Venusaur
|faint|p1a: Venusaur
|choice|switch 6|
|
|switch|p1a: Poliwhirl|Poliwhirl|333\/333
|turn|24
|choice|move 2|move 1
|
|move|p1a: Poliwhirl|Amnesia|p1a: Poliwhirl
|-boost|p1a: Poliwhirl|spd|2
|-boost|p1a: Poliwhirl|spa|2
|move|p2a: Aerodactyl|Double-Edge|p1a: Poliwhirl
|-damage|p1a: Poliwhirl|220\/333
|-damage|p2a: Aerodactyl|77\/363 par|[from] recoil|[of] p1a: Poliwhirl
|
|turn|25
|choice|move 3|move 3
|
|move|p1a: Poliwhirl|Surf|p2a: Aerodactyl
|-supereffective|p2a: Aerodactyl
|-damage|p2a: Aerodactyl|0 fnt
|faint|p2a: Aerodactyl
|choice||switch 3
|
|switch|p2a: Mr. Mime|Mr. Mime|149\/283
|turn|26
|choice|move 3|move 2
|
|move|p1a: Poliwhirl|Surf|p2a: Mr. Mime
|-damage|p2a: Mr. Mime|5\/283
|move|p2a: Mr. Mime|Seismic Toss|p1a: Poliwhirl
|-damage|p1a: Poliwhirl|120\/333
|
|turn|27
|choice|move 3|move 2
|
|move|p2a: Mr. Mime|Seismic Toss|p1a: Poliwhirl
|-damage|p1a: Poliwhirl|20\/333
|move|p1a: Poliwhirl|Surf|p2a: Mr. Mime
|-damage|p2a: Mr. Mime|0 fnt
|faint|p2a: Mr. Mime
|choice||switch 5
|
|switch|p2a: Dugtrio|Dugtrio|273\/273
|turn|28
|choice|move 3|move 1
|
|move|p2a: Dugtrio|Earthquake|p1a: Poliwhirl
|-damage|p1a: Poliwhirl|0 fnt
|faint|p1a: Poliwhirl
|choice|switch 2|
|
|switch|p1a: Vaporeon|Vaporeon|364\/463 brn
|turn|29
|choice|move 1|move 4
|
|move|p2a: Dugtrio|Substitute|p2a: Dugtrio
|-start|p2a: Dugtrio|Substitute
|-damage|p2a: Dugtrio|205\/273
|move|p1a: Vaporeon|Surf|p2a: Dugtrio
|-supereffective|p2a: Dugtrio
|-end|p2a: Dugtrio|Substitute
|-damage|p1a: Vaporeon|336\/463 brn|[from] brn|[of] p2a: Dugtrio
|
|turn|30
|choice|move 1|switch 6
|
|switch|p2a: Venusaur|Venusaur|98\/363 par
|move|p1a: Vaporeon|Surf|p2a: Venusaur
|-resisted|p2a: Venusaur
|-damage|p2a: Venusaur|34\/363 par
|-damage|p1a: Vaporeon|308\/463 brn|[from] brn|[of] p2a: Venusaur
|
|turn|31
|choice|move 1|move 2
|
|move|p1a: Vaporeon|Surf|p2a: Venusaur
|-crit|p2a: Venusaur
|-resisted|p2a: Venusaur
|-damage|p2a: Venusaur|0 fnt
|faint|p2a: Venusaur
|choice||switch 4
|
|switch|p2a: Electabuzz|Electabuzz|242\/333 slp
|turn|32
|c|★I love pochama|think i shoulda switched this into that surf
|c|★I love pochama|oh well
|choice|switch 5|move 3
|
|switch|p1a: Mr. Mime|Mr. Mime|283\/283
|-curestatus|p2a: Electabuzz|slp
|
|turn|33
|c|★I love pochama|LOL
|choice|move 1|move 2
|
|move|p2a: Electabuzz|Thunder Wave|p1a: Mr. Mime
|-status|p1a: Mr. Mime|par
|move|p1a: Mr. Mime|Thunder Wave|p2a: Electabuzz
|-status|p2a: Electabuzz|par
|
|turn|34
|choice|move 2|move 1
|
|move|p2a: Electabuzz|Thunderbolt|p1a: Mr. Mime
|-damage|p1a: Mr. Mime|177\/283 par
|cant|p1a: Mr. Mime|par
|
|turn|35
|choice|move 2|move 1
|
|move|p2a: Electabuzz|Thunderbolt|p1a: Mr. Mime
|-damage|p1a: Mr. Mime|77\/283 par
|move|p1a: Mr. Mime|Psychic|p2a: Electabuzz
|-crit|p2a: Electabuzz
|-damage|p2a: Electabuzz|0 fnt
|faint|p2a: Electabuzz
|choice||switch 6
|
|switch|p2a: Dugtrio|Dugtrio|205\/273
|turn|36
|choice|move 2|move 1
|
|move|p2a: Dugtrio|Earthquake|p1a: Mr. Mime
|-damage|p1a: Mr. Mime|0 fnt
|faint|p1a: Mr. Mime
|choice|switch 5|
|
|switch|p1a: Vaporeon|Vaporeon|308\/463 brn
|turn|37
|choice|move 1|move 4
|
|move|p2a: Dugtrio|Substitute|p2a: Dugtrio
|-start|p2a: Dugtrio|Substitute
|-damage|p2a: Dugtrio|137\/273
|move|p1a: Vaporeon|Surf|p2a: Dugtrio
|-crit|p2a: Dugtrio
|-supereffective|p2a: Dugtrio
|-end|p2a: Dugtrio|Substitute
|-damage|p1a: Vaporeon|280\/463 brn|[from] brn|[of] p2a: Dugtrio
|
|turn|38
|choice|move 1|move 4
|
|move|p2a: Dugtrio|Substitute|p2a: Dugtrio
|-start|p2a: Dugtrio|Substitute
|-damage|p2a: Dugtrio|69\/273
|move|p1a: Vaporeon|Surf|p2a: Dugtrio
|-supereffective|p2a: Dugtrio
|-end|p2a: Dugtrio|Substitute
|-damage|p1a: Vaporeon|252\/463 brn|[from] brn|[of] p2a: Dugtrio
|
|turn|39
|c|★marcoasd|buy a crit from ebay
|choice|move 1|move 4
|
|move|p2a: Dugtrio|Substitute|p2a: Dugtrio
|-start|p2a: Dugtrio|Substitute
|-damage|p2a: Dugtrio|1\/273
|move|p1a: Vaporeon|Surf|p2a: Dugtrio
|-crit|p2a: Dugtrio
|-supereffective|p2a: Dugtrio
|-end|p2a: Dugtrio|Substitute
|-damage|p1a: Vaporeon|224\/463 brn|[from] brn|[of] p2a: Dugtrio
|
|turn|40
|c|★I love pochama|well
|c|★marcoasd|gg
|c|★I love pochama|i misplayed this battle
|c|★I love pochama|horribly
|choice|move 1|move 1
|
|move|p2a: Dugtrio|Earthquake|p1a: Vaporeon
|-damage|p1a: Vaporeon|95\/463 brn
|move|p1a: Vaporeon|Surf|p2a: Dugtrio
|-supereffective|p2a: Dugtrio
|-damage|p2a: Dugtrio|0 fnt
|faint|p2a: Dugtrio
|
|win|marcoasd
|c|★I love pochama|gg
|L|marcoasd
|player|p1