|J|marcoasd
|J|Disaster Area
|player|p1|marcoasd|101
|player|p2|Disaster Area|32
|gametype|singles
|gen|1
|tier|[Gen 1] Green
|seed|33666,17616,38286,10738
|rule|Sleep Clause Mod: Limit one foe put to sleep
|rule|Species Clause: Limit one of each Pokémon
|rule|OHKO Clause: OHKO moves are banned
|rule|Evasion Moves Clause: Evasion moves are banned
|rule|HP Percentage Mod: HP is shown in percentages
|
|start
|switch|p1a: Gengar|Gengar|323\/323
|switch|p2a: Gengar|Gengar|323\/323
|turn|1
|c|★Disaster Area|gl hf pokemon etc
|c|★marcoasd|u2 with or without you etc
|choice|move 1|move 2
|
|move|p1a: Gengar|Hypnosis|p2a: Gengar
|-status|p2a: Gengar|slp
|-curestatus|p2a: Gengar|slp
|
|turn|2
|choice|move 1|move 2
|
|move|p1a: Gengar|Hypnosis|p2a: Gengar|[miss]
|-miss|p1a: Gengar
|move|p2a: Gengar|Hypnosis|p1a: Gengar
|-status|p1a: Gengar|slp
|
|turn|3
|c|★Disaster Area|outskilled
|choice|move 2|move 4
|
|move|p2a: Gengar|Psychic|p1a: Gengar
|-supereffective|p1a: Gengar
|-damage|p1a: Gengar|189\/323 slp
|cant|p1a: Gengar|slp
|
|turn|4
|J|KristophV
|J|ZNain
|choice|switch 2|switch 5
|
|switch|p2a: Snorlax|Snorlax|523\/523
|switch|p1a: Jynx|Jynx|333\/333
|
|turn|5
|J|Coti
|c| ZNain|what is this?
|c|★marcoasd|green
|c|★Disaster Area|green version so
|J|Sunding
|c|★Disaster Area|30% freeze rate
|c|★Disaster Area|on blizzard
|c|★Disaster Area|+ we're playing
|c|★Disaster Area|w\/o freeze clause
|c|★Disaster Area|this is obv not a uhh
|c|★Disaster Area|serious format
|c|~KristophV|or is it
|c|★marcoasd|lol
|choice|move 1|switch 6
|
|switch|p2a: Starmie|Starmie|323\/323
|move|p1a: Jynx|Lovely Kiss|p2a: Starmie|[miss]
|-miss|p1a: Jynx
|
|turn|6
|choice|move 2|move 3
|
|move|p2a: Starmie|Thunder Wave|p1a: Jynx
|-status|p1a: Jynx|par
|move|p1a: Jynx|Blizzard|p2a: Starmie
|-resisted|p2a: Starmie
|-damage|p2a: Starmie|257\/323
|
|turn|7
|choice|move 2|move 2
|
|move|p2a: Starmie|Psychic|p1a: Jynx
|-crit|p1a: Jynx
|-resisted|p1a: Jynx
|-damage|p1a: Jynx|230\/333 par
|cant|p1a: Jynx|par
|
|turn|8
|choice|move 2|switch 5
|
|switch|p2a: Gengar|Gengar|323\/323
|move|p1a: Jynx|Blizzard|p2a: Gengar
|-damage|p2a: Gengar|201\/323
|
|turn|9
|choice|move 3|move 1
|
|move|p2a: Gengar|Thunderbolt|p1a: Jynx
|-damage|p1a: Jynx|136\/333 par
|move|p1a: Jynx|Psychic|p2a: Gengar
|-crit|p2a: Gengar
|-supereffective|p2a: Gengar
|-damage|p2a: Gengar|0 fnt
|faint|p2a: Gengar
|choice||switch 4
|
|switch|p2a: Tauros|Tauros|353\/353
|turn|10
|choice|switch 6|move 3
|
|switch|p1a: Cloyster|Cloyster|303\/303
|move|p2a: Tauros|Earthquake|p1a: Cloyster
|-crit|p1a: Cloyster
|-damage|p1a: Cloyster|199\/303
|
|turn|11
|choice|move 1|switch 5
|
|switch|p2a: Starmie|Starmie|257\/323
|move|p1a: Cloyster|Blizzard|p2a: Starmie
|-crit|p2a: Starmie
|-resisted|p2a: Starmie
|-damage|p2a: Starmie|127\/323
|-status|p2a: Starmie|frz
|
|turn|12
|choice|move 1|switch 3
|
|switch|p2a: Chansey|Chansey|703\/703
|move|p1a: Cloyster|Blizzard|p2a: Chansey
|-damage|p2a: Chansey|573\/703
|-status|p2a: Chansey|frz
|
|turn|13
|c|★marcoasd|yeah definitely a serious tier
|c|~KristophV|so good
|choice|switch 3|switch 3
|
|switch|p1a: Snorlax|Snorlax|523\/523
|switch|p2a: Starmie|Starmie|127\/323 frz
|
|turn|14
|choice|move 1|switch 6
|
|switch|p2a: Snorlax|Snorlax|523\/523
|move|p1a: Snorlax|Amnesia|p1a: Snorlax
|-boost|p1a: Snorlax|spd|2
|-boost|p1a: Snorlax|spa|2
|
|turn|15
|choice|move 2|move 1
|
|move|p2a: Snorlax|Blizzard|p1a: Snorlax
|-damage|p1a: Snorlax|478\/523
|move|p1a: Snorlax|Thunderbolt|p2a: Snorlax
|-damage|p2a: Snorlax|376\/523
|
|turn|16
|choice|switch 3|move 1
|
|switch|p1a: Cloyster|Cloyster|199\/303
|move|p2a: Snorlax|Blizzard|p1a: Cloyster
|-resisted|p1a: Cloyster
|-damage|p1a: Cloyster|180\/303
|
|turn|17
|choice|move 1|move 3
|
|move|p1a: Cloyster|Blizzard|p2a: Snorlax
|-damage|p2a: Snorlax|215\/523
|-status|p2a: Snorlax|frz
|cant|p2a: Snorlax|frz
|
|turn|18
|c|~KristophV|yes
|c|★marcoasd|more serious
|choice|move 2|switch 6
|
|switch|p2a: Starmie|Starmie|127\/323 frz
|move|p1a: Cloyster|Clamp|p2a: Starmie
|-resisted|p2a: Starmie
|-damage|p2a: Starmie|109\/323 frz
|-activate|p2a: Starmie|move: Clamp|[of] p1a: Cloyster
|
|turn|19
|choice|move 2|switch 5
|
|switch|p2a: Tauros|Tauros|353\/353
|move|p1a: Cloyster|Clamp|p2a: Tauros
|-damage|p2a: Tauros|306\/353
|-activate|p2a: Tauros|move: Clamp|[of] p1a: Cloyster
|
|turn|20
|choice|move 2|switch 2
|
|switch|p2a: Golem|Golem|363\/363
|move|p1a: Cloyster|Clamp|p2a: Golem|[miss]
|-miss|p1a: Cloyster
|
|turn|21
|c|★Disaster Area|lol.
|-message|Disaster Area forfeited.
|
|win|marcoasd
|L|marcoasd
|player|p1
|c|★Disaster Area|g3 xD
|L|KristophV
|L|ZNain