|J|I love pochama
|J|Peasounay
|player|p1|I love pochama|32
|player|p2|Peasounay|80
|gametype|singles
|gen|1
|tier|[Gen 1] RU
|seed|2663,47079,12830,61308
|rule|Sleep Clause Mod: Limit one foe put to sleep
|rule|Freeze Clause Mod: Limit one foe frozen
|rule|Species Clause: Limit one of each Pokémon
|rule|OHKO Clause: OHKO moves are banned
|rule|Evasion Moves Clause: Evasion moves are banned
|rule|HP Percentage Mod: HP is shown in percentages
|
|start
|switch|p1a: Parasect|Parasect|323\/323
|switch|p2a: Exeggcute|Exeggcute|323\/323
|turn|1
|c|★Peasounay|this is my last one
|c|★I love pochama|alr
|c|★I love pochama|gl hf xd
|c|★Peasounay|u2 ^^
|choice|switch 4|move 1
|
|switch|p1a: Mr. Mime|Mr. Mime|283\/283
|move|p2a: Exeggcute|Sleep Powder|p1a: Mr. Mime
|-status|p1a: Mr. Mime|slp
|
|turn|2
|choice|move 3|move 3
|
|cant|p1a: Mr. Mime|slp
|move|p2a: Exeggcute|Stun Spore|p1a: Mr. Mime
|-fail|p1a: Mr. Mime
|
|turn|3
|choice|move 3|move 3
|
|cant|p1a: Mr. Mime|slp
|move|p2a: Exeggcute|Stun Spore|p1a: Mr. Mime|[miss]
|-miss|p2a: Exeggcute
|
|turn|4
|choice|move 3|move 1
|
|cant|p1a: Mr. Mime|slp
|move|p2a: Exeggcute|Sleep Powder|p1a: Mr. Mime
|-fail|p1a: Mr. Mime|slp
|
|turn|5
|choice|move 2|move 1
|
|cant|p1a: Mr. Mime|slp
|move|p2a: Exeggcute|Sleep Powder|p1a: Mr. Mime|[miss]
|-miss|p2a: Exeggcute
|
|turn|6
|choice|switch 4|move 1
|
|switch|p1a: Parasect|Parasect|323\/323
|move|p2a: Exeggcute|Sleep Powder|p1a: Parasect|[miss]
|-miss|p2a: Exeggcute
|
|turn|7
|c|★I love pochama|lol
|c|★I love pochama|why do i not have
|c|★I love pochama|leech life
|c|★I love pochama|on this :[
|choice|move 1|move 2
|
|move|p2a: Exeggcute|Psychic|p1a: Parasect
|-damage|p1a: Parasect|237\/323
|-unboost|p1a: Parasect|spd|1
|-unboost|p1a: Parasect|spa|1
|move|p1a: Parasect|Spore|p2a: Exeggcute
|-status|p2a: Exeggcute|slp
|
|turn|8
|c|★I love pochama|man leech life
|c|★I love pochama|woulda been
|c|★I love pochama|crisp here
|c|★I love pochama|lol
|choice|switch 2|switch 3
|
|switch|p2a: Clefable|Clefable|393\/393
|switch|p1a: Golduck|Golduck|363\/363
|
|turn|9
|c|★Peasounay|yea u already used it vs me
|choice|move 3|move 3
|
|move|p1a: Golduck|Amnesia|p1a: Golduck
|-boost|p1a: Golduck|spd|2
|-boost|p1a: Golduck|spa|2
|move|p2a: Clefable|Thunderbolt|p1a: Golduck
|-supereffective|p1a: Golduck
|-damage|p1a: Golduck|283\/363
|
|turn|10
|choice|move 2|switch 4
|
|switch|p2a: Golduck|Golduck|363\/363
|move|p1a: Golduck|Hydro Pump|p2a: Golduck
|-crit|p2a: Golduck
|-resisted|p2a: Golduck
|-damage|p2a: Golduck|237\/363
|
|turn|11
|c|★I love pochama|tru but egg is an
|c|★I love pochama|interesting target
|c|★I love pochama|lmao
|c|★I love pochama|srs fam
|c|★I love pochama|xD
|choice|move 3|move 1
|
|move|p2a: Golduck|Amnesia|p2a: Golduck
|-boost|p2a: Golduck|spd|2
|-boost|p2a: Golduck|spa|2
|move|p1a: Golduck|Amnesia|p1a: Golduck
|-boost|p1a: Golduck|spd|2
|-boost|p1a: Golduck|spa|2
|
|turn|12
|choice|move 3|move 1
|
|move|p2a: Golduck|Amnesia|p2a: Golduck
|-boost|p2a: Golduck|spd|2
|-boost|p2a: Golduck|spa|2
|move|p1a: Golduck|Amnesia|p1a: Golduck
|-boost|p1a: Golduck|spd|2
|-boost|p1a: Golduck|spa|2
|
|turn|13
|c|★Peasounay|mewtwo vs mewtwo
|choice|move 1|move 1
|
|move|p2a: Golduck|Amnesia|p2a: Golduck
|-boost|p2a: Golduck|spd|2
|-boost|p2a: Golduck|spa|2
|move|p1a: Golduck|Ice Beam|p2a: Golduck
|-resisted|p2a: Golduck
|-damage|p2a: Golduck|198\/363
|
|turn|14
|choice|move 1|move 3
|
|move|p1a: Golduck|Ice Beam|p2a: Golduck
|-resisted|p2a: Golduck
|-damage|p2a: Golduck|159\/363
|move|p2a: Golduck|Ice Beam|p1a: Golduck
|-resisted|p1a: Golduck
|-damage|p1a: Golduck|249\/363
|
|turn|15
|choice|move 1|move 3
|
|move|p2a: Golduck|Ice Beam|p1a: Golduck
|-resisted|p1a: Golduck
|-damage|p1a: Golduck|212\/363
|move|p1a: Golduck|Ice Beam|p2a: Golduck
|-resisted|p2a: Golduck
|-damage|p2a: Golduck|120\/363
|
|turn|16
|choice|move 1|move 3
|
|move|p2a: Golduck|Ice Beam|p1a: Golduck
|-resisted|p1a: Golduck
|-damage|p1a: Golduck|175\/363
|move|p1a: Golduck|Ice Beam|p2a: Golduck
|-resisted|p2a: Golduck
|-damage|p2a: Golduck|81\/363
|
|turn|17
|choice|move 2|move 4
|
|move|p1a: Golduck|Hydro Pump|p2a: Golduck
|-resisted|p2a: Golduck
|-damage|p2a: Golduck|16\/363
|move|p2a: Golduck|Rest|p2a: Golduck
|-status|p2a: Golduck|slp
|-heal|p2a: Golduck|363\/363 slp|[silent]
|-status|p2a: Golduck|slp|[from] move: Rest
|
|turn|18
|choice|move 2|move 3
|
|cant|p2a: Golduck|slp
|move|p1a: Golduck|Hydro Pump|p2a: Golduck|[miss]
|-miss|p1a: Golduck
|
|turn|19
|choice|move 2|move 3
|
|-curestatus|p2a: Golduck|slp
|move|p1a: Golduck|Hydro Pump|p2a: Golduck
|-resisted|p2a: Golduck
|-damage|p2a: Golduck|295\/363
|
|turn|20
|choice|move 4|move 3
|
|move|p1a: Golduck|Rest|p1a: Golduck
|-status|p1a: Golduck|slp
|-heal|p1a: Golduck|363\/363 slp|[silent]
|-status|p1a: Golduck|slp|[from] move: Rest
|move|p2a: Golduck|Ice Beam|p1a: Golduck
|-resisted|p1a: Golduck
|-damage|p1a: Golduck|329\/363 slp
|
|turn|21
|choice|move 3|move 2
|
|move|p2a: Golduck|Surf|p1a: Golduck
|-crit|p1a: Golduck
|-resisted|p1a: Golduck
|-damage|p1a: Golduck|230\/363 slp
|cant|p1a: Golduck|slp
|
|turn|22
|choice|move 2|move 2
|
|-curestatus|p1a: Golduck|slp
|move|p2a: Golduck|Surf|p1a: Golduck
|-crit|p1a: Golduck
|-resisted|p1a: Golduck
|-damage|p1a: Golduck|114\/363
|
|turn|23
|choice|move 4|move 3
|
|move|p1a: Golduck|Rest|p1a: Golduck
|-status|p1a: Golduck|slp
|-heal|p1a: Golduck|363\/363 slp|[silent]
|-status|p1a: Golduck|slp|[from] move: Rest
|move|p2a: Golduck|Ice Beam|p1a: Golduck
|-crit|p1a: Golduck
|-resisted|p1a: Golduck
|-damage|p1a: Golduck|287\/363 slp
|
|turn|24
|choice|move 2|move 2
|
|cant|p1a: Golduck|slp
|move|p2a: Golduck|Surf|p1a: Golduck
|-resisted|p1a: Golduck
|-damage|p1a: Golduck|234\/363 slp
|
|turn|25
|c|★Peasounay|lol man
|c|★Peasounay|going crazy
|choice|move 1|move 2
|
|-curestatus|p1a: Golduck|slp
|move|p2a: Golduck|Surf|p1a: Golduck
|-crit|p1a: Golduck
|-resisted|p1a: Golduck
|-damage|p1a: Golduck|120\/363
|
|turn|26
|choice|move 4|move 3
|
|move|p2a: Golduck|Ice Beam|p1a: Golduck
|-crit|p1a: Golduck
|-resisted|p1a: Golduck
|-damage|p1a: Golduck|49\/363
|-status|p1a: Golduck|frz
|cant|p1a: Golduck|frz
|
|turn|27
|c|★Peasounay|lmaoooooo
|c|★Peasounay|the rip is strong in this one
|choice|move 3|move 2
|
|cant|p1a: Golduck|frz
|move|p2a: Golduck|Surf|p1a: Golduck
|-crit|p1a: Golduck
|-resisted|p1a: Golduck
|-damage|p1a: Golduck|0 fnt
|faint|p1a: Golduck
|c|★Peasounay|call 911 for odds pls
|choice|switch 3|
|
|switch|p1a: Clefable|Clefable|393\/393
|turn|28
|choice|move 3|move 2
|
|move|p2a: Golduck|Surf|p1a: Clefable
|-damage|p1a: Clefable|0 fnt
|faint|p1a: Clefable
|c|★I love pochama|lol
|c|★I love pochama|y
|c|★I love pochama|i lose rofl
|choice|switch 5|
|
|switch|p1a: Nidoking|Nidoking|365\/365
|turn|29
|choice|move 3|move 2
|
|move|p2a: Golduck|Surf|p1a: Nidoking
|-supereffective|p1a: Nidoking
|-damage|p1a: Nidoking|0 fnt
|faint|p1a: Nidoking
|choice|switch 6|
|
|switch|p1a: Fearow|Fearow|333\/333
|turn|30
|choice|move 2|move 3
|
|move|p1a: Fearow|Hyper Beam|p2a: Golduck
|-damage|p2a: Golduck|90\/363
|move|p2a: Golduck|Ice Beam|p1a: Fearow
|-supereffective|p1a: Fearow
|-damage|p1a: Fearow|0 fnt
|faint|p1a: Fearow
|choice|switch 4|
|
|switch|p1a: Mr. Mime|Mr. Mime|283\/283 slp
|turn|31
|choice|move 1|move 2
|
|-curestatus|p1a: Mr. Mime|slp
|move|p2a: Golduck|Surf|p1a: Mr. Mime
|-damage|p1a: Mr. Mime|0 fnt
|faint|p1a: Mr. Mime
|choice|switch 2|
|
|switch|p1a: Parasect|Parasect|237\/323
|turn|32
|choice|move 4|move 3
|
|move|p2a: Golduck|Ice Beam|p1a: Parasect
|-supereffective|p1a: Parasect
|-damage|p1a: Parasect|0 fnt
|faint|p1a: Parasect
|
|win|Peasounay
|c|★I love pochama|first
|c|★I love pochama|6-0