|J|Peasounay
|J|I love pochama
|player|p1|Peasounay|80
|player|p2|I love pochama|32
|gametype|singles
|gen|1
|tier|[Gen 1] UU
|seed|22996,43957,24188,45189
|rule|Sleep Clause Mod: Limit one foe put to sleep
|rule|Freeze Clause Mod: Limit one foe frozen
|rule|Species Clause: Limit one of each Pokémon
|rule|OHKO Clause: OHKO moves are banned
|rule|Evasion Moves Clause: Evasion moves are banned
|rule|HP Percentage Mod: HP is shown in percentages
|
|start
|switch|p1a: Mr. Mime|Mr. Mime|283\/283
|switch|p2a: Mr. Mime|Mr. Mime|283\/283
|turn|1
|J|Enigami
|J|SunnyORAS
|c| SunnyORAS|damn
|choice|move 1|switch 4
|
|switch|p2a: Dugtrio|Dugtrio|273\/273
|move|p1a: Mr. Mime|Thunder Wave|p2a: Dugtrio
|-immune|p2a: Dugtrio|[msg]
|
|turn|2
|J|Lusch
|choice|switch 5|switch 4
|
|switch|p2a: Mr. Mime|Mr. Mime|283\/283
|switch|p1a: Fearow|Fearow|333\/333
|
|turn|3
|c|★Peasounay|lmao so dirty
|c|★I love pochama|my nigga
|c|★I love pochama|:]
|choice|switch 5|switch 3
|
|switch|p1a: Mr. Mime|Mr. Mime|283\/283
|switch|p2a: Kabutops|Kabutops|323\/323
|
|turn|4
|choice|move 1|switch 6
|
|switch|p2a: Electabuzz|Electabuzz|333\/333
|move|p1a: Mr. Mime|Thunder Wave|p2a: Electabuzz
|-status|p2a: Electabuzz|par
|
|turn|5
|c| SunnyORAS|all these doubles
|c| SunnyORAS|my soul is not prepared
|c| SunnyORAS|ooh peasounay
|c| SunnyORAS|hello again
|c| SunnyORAS|n_n
|choice|move 1|move 2
|
|move|p1a: Mr. Mime|Thunder Wave|p2a: Electabuzz
|-fail|p2a: Electabuzz|par
|move|p2a: Electabuzz|Thunder Wave|p1a: Mr. Mime
|-status|p1a: Mr. Mime|par
|
|turn|6
|choice|move 2|move 3
|
|move|p2a: Electabuzz|Psychic|p1a: Mr. Mime
|-resisted|p1a: Mr. Mime
|-damage|p1a: Mr. Mime|251\/283 par
|move|p1a: Mr. Mime|Psychic|p2a: Electabuzz
|-damage|p2a: Electabuzz|207\/333 par
|
|turn|7
|choice|move 2|move 1
|
|cant|p2a: Electabuzz|par
|cant|p1a: Mr. Mime|par
|
|turn|8
|choice|move 2|move 1
|
|cant|p2a: Electabuzz|par
|move|p1a: Mr. Mime|Psychic|p2a: Electabuzz
|-damage|p2a: Electabuzz|97\/333 par
|
|turn|9
|choice|switch 4|move 1
|
|switch|p1a: Dugtrio|Dugtrio|273\/273
|move|p2a: Electabuzz|Thunderbolt|p1a: Dugtrio
|-immune|p1a: Dugtrio|[msg]
|
|turn|10
|choice|move 3|switch 5
|
|switch|p2a: Venusaur|Venusaur|363\/363
|move|p1a: Dugtrio|Slash|p2a: Venusaur
|-crit|p2a: Venusaur
|-damage|p2a: Venusaur|256\/363
|
|turn|11
|choice|switch 4|move 2
|
|switch|p1a: Mr. Mime|Mr. Mime|251\/283 par
|move|p2a: Venusaur|Razor Leaf|p1a: Mr. Mime
|-crit|p1a: Mr. Mime
|-damage|p1a: Mr. Mime|116\/283 par
|
|turn|12
|c|★I love pochama|high roll :D
|c|★Peasounay|i'm not rly used to mons that just can't take hits lol
|choice|switch 3|move 2
|
|switch|p1a: Venusaur|Venusaur|363\/363
|move|p2a: Venusaur|Razor Leaf|p1a: Venusaur
|-crit|p1a: Venusaur
|-resisted|p1a: Venusaur
|-damage|p1a: Venusaur|331\/363
|
|turn|13
|choice|move 1|switch 3
|
|switch|p2a: Mr. Mime|Mr. Mime|283\/283
|move|p1a: Venusaur|Sleep Powder|p2a: Mr. Mime|[miss]
|-miss|p1a: Venusaur
|
|turn|14
|choice|move 1|move 3
|
|move|p2a: Mr. Mime|Psychic|p1a: Venusaur
|-supereffective|p1a: Venusaur
|-damage|p1a: Venusaur|117\/363
|move|p1a: Venusaur|Sleep Powder|p2a: Mr. Mime|[miss]
|-miss|p1a: Venusaur
|
|turn|15
|choice|switch 3|move 3
|
|switch|p1a: Mr. Mime|Mr. Mime|116\/283 par
|move|p2a: Mr. Mime|Psychic|p1a: Mr. Mime
|-crit|p1a: Mr. Mime
|-resisted|p1a: Mr. Mime
|-damage|p1a: Mr. Mime|15\/283 par
|-unboost|p1a: Mr. Mime|spd|1
|-unboost|p1a: Mr. Mime|spa|1
|
|turn|16
|c| SunnyORAS|damn n_n
|c| SunnyORAS|deez plays
|c|★I love pochama|didn't rly matter cos
|c|★I love pochama|stoss KOs after any damage p much
|c|★I love pochama|at that point
|choice|move 4|move 3
|
|move|p2a: Mr. Mime|Psychic|p1a: Mr. Mime
|-resisted|p1a: Mr. Mime
|-damage|p1a: Mr. Mime|0 fnt
|faint|p1a: Mr. Mime
|c|★I love pochama|i needed to not 255 xd
|choice|switch 2|
|
|switch|p1a: Clefable|Clefable|393\/393
|turn|17
|choice|move 1|switch 5
|
|switch|p2a: Electabuzz|Electabuzz|97\/333 par
|move|p1a: Clefable|Thunder Wave|p2a: Electabuzz
|-fail|p2a: Electabuzz|par
|
|turn|18
|choice|move 4|move 3
|
|move|p1a: Clefable|Body Slam|p2a: Electabuzz
|-damage|p2a: Electabuzz|0 fnt
|faint|p2a: Electabuzz
|choice||switch 3
|
|switch|p2a: Venusaur|Venusaur|256\/363
|turn|19
|choice|switch 3|move 1
|
|switch|p1a: Venusaur|Venusaur|117\/363
|move|p2a: Venusaur|Sleep Powder|p1a: Venusaur|[miss]
|-miss|p2a: Venusaur
|
|turn|20
|choice|move 1|switch 5
|
|switch|p2a: Mr. Mime|Mr. Mime|283\/283
|move|p1a: Venusaur|Sleep Powder|p2a: Mr. Mime
|-status|p2a: Mr. Mime|slp
|
|turn|21
|choice|move 4|switch 5
|
|switch|p2a: Venusaur|Venusaur|256\/363
|move|p1a: Venusaur|Body Slam|p2a: Venusaur
|-damage|p2a: Venusaur|194\/363
|
|turn|22
|choice|move 4|move 4
|
|move|p1a: Venusaur|Body Slam|p2a: Venusaur
|-damage|p2a: Venusaur|132\/363
|-status|p2a: Venusaur|par
|move|p2a: Venusaur|Hyper Beam|p1a: Venusaur|[miss]
|-miss|p2a: Venusaur
|
|turn|23
|c|★I love pochama|RIPPPPP
|choice|move 4|move 4
|
|move|p1a: Venusaur|Body Slam|p2a: Venusaur
|-damage|p2a: Venusaur|65\/363 par
|move|p2a: Venusaur|Hyper Beam|p1a: Venusaur
|-crit|p1a: Venusaur
|-damage|p1a: Venusaur|0 fnt
|faint|p1a: Venusaur
|choice|switch 3|
|
|switch|p1a: Clefable|Clefable|393\/393
|turn|24
|choice|move 4|move 1
|
|move|p1a: Clefable|Body Slam|p2a: Venusaur
|-damage|p2a: Venusaur|0 fnt
|faint|p2a: Venusaur
|choice||switch 2
|
|switch|p2a: Clefable|Clefable|393\/393
|turn|25
|choice|move 1|move 2
|
|move|p1a: Clefable|Thunder Wave|p2a: Clefable
|-status|p2a: Clefable|par
|move|p2a: Clefable|Thunder Wave|p1a: Clefable
|-status|p1a: Clefable|par
|
|turn|26
|choice|move 4|move 1
|
|cant|p1a: Clefable|par
|move|p2a: Clefable|Body Slam|p1a: Clefable
|-damage|p1a: Clefable|288\/393 par
|
|turn|27
|choice|move 4|move 1
|
|move|p2a: Clefable|Body Slam|p1a: Clefable
|-damage|p1a: Clefable|191\/393 par
|move|p1a: Clefable|Body Slam|p2a: Clefable
|-damage|p2a: Clefable|288\/393 par
|
|turn|28
|choice|move 4|move 1
|
|move|p2a: Clefable|Body Slam|p1a: Clefable
|-damage|p1a: Clefable|100\/393 par
|cant|p1a: Clefable|par
|
|turn|29
|choice|move 4|switch 6
|
|switch|p2a: Kabutops|Kabutops|323\/323
|move|p1a: Clefable|Body Slam|p2a: Kabutops
|-resisted|p2a: Kabutops
|-damage|p2a: Kabutops|287\/323
|
|turn|30
|choice|move 3|move 3
|
|move|p2a: Kabutops|Hyper Beam|p1a: Clefable
|-crit|p1a: Clefable
|-damage|p1a: Clefable|0 fnt
|faint|p1a: Clefable
|choice|switch 4|
|
|switch|p1a: Dugtrio|Dugtrio|273\/273
|turn|31
|choice|move 1|switch 5
|
|switch|p2a: Mr. Mime|Mr. Mime|283\/283 slp
|move|p1a: Dugtrio|Earthquake|p2a: Mr. Mime
|-crit|p2a: Mr. Mime
|-damage|p2a: Mr. Mime|35\/283 slp
|
|turn|32
|choice|move 1|move 2
|
|move|p1a: Dugtrio|Earthquake|p2a: Mr. Mime
|-damage|p2a: Mr. Mime|0 fnt
|faint|p2a: Mr. Mime
|choice||switch 4
|
|switch|p2a: Dugtrio|Dugtrio|273\/273
|turn|33
|choice|move 1|move 1
|
|move|p1a: Dugtrio|Earthquake|p2a: Dugtrio
|-damage|p2a: Dugtrio|118\/273
|move|p2a: Dugtrio|Earthquake|p1a: Dugtrio
|-damage|p1a: Dugtrio|126\/273
|
|turn|34
|choice|switch 5|move 1
|
|switch|p1a: Fearow|Fearow|333\/333
|move|p2a: Dugtrio|Earthquake|p1a: Fearow
|-immune|p1a: Fearow|[msg]
|
|turn|35
|choice|move 2|switch 5
|
|switch|p2a: Kabutops|Kabutops|287\/323
|move|p1a: Fearow|Drill Peck|p2a: Kabutops
|-crit|p2a: Kabutops
|-resisted|p2a: Kabutops
|-damage|p2a: Kabutops|207\/323
|
|turn|36
|choice|switch 6|move 2
|
|switch|p1a: Electabuzz|Electabuzz|333\/333
|move|p2a: Kabutops|Surf|p1a: Electabuzz
|-crit|p1a: Electabuzz
|-damage|p1a: Electabuzz|151\/333
|
|turn|37
|choice|move 1|switch 6
|
|switch|p2a: Clefable|Clefable|288\/393 par
|move|p1a: Electabuzz|Thunderbolt|p2a: Clefable
|-damage|p2a: Clefable|168\/393 par
|
|turn|38
|choice|move 1|move 2
|
|move|p1a: Electabuzz|Thunderbolt|p2a: Clefable
|-damage|p2a: Clefable|48\/393 par
|move|p2a: Clefable|Thunder Wave|p1a: Electabuzz
|-status|p1a: Electabuzz|par
|
|turn|39
|c| SunnyORAS|damn
|choice|move 4|move 3
|
|move|p1a: Electabuzz|Hyper Beam|p2a: Clefable
|-crit|p2a: Clefable
|-damage|p2a: Clefable|0 fnt
|faint|p2a: Clefable
|choice||switch 5
|
|switch|p2a: Dugtrio|Dugtrio|118\/273
|turn|40
|choice|switch 6|move 4
|
|switch|p1a: Fearow|Fearow|333\/333
|move|p2a: Dugtrio|Slash|p1a: Fearow
|-crit|p1a: Fearow
|-damage|p1a: Fearow|204\/333
|
|turn|41
|c| SunnyORAS|gl everyone
|c| SunnyORAS|this looks quite fun
|c| SunnyORAS|n_n
|choice|move 4|move 2
|
|move|p2a: Dugtrio|Rock Slide|p1a: Fearow
|-supereffective|p1a: Fearow
|-damage|p1a: Fearow|79\/333
|move|p1a: Fearow|Mirror Move|p1a: Fearow
|move|p1a: Fearow|Rock Slide|p2a: Dugtrio|[from]Mirror Move
|-crit|p2a: Dugtrio
|-resisted|p2a: Dugtrio
|-damage|p2a: Dugtrio|42\/273
|
|turn|42
|c|★I love pochama|ty
|c| SunnyORAS|damn
|c| SunnyORAS|loool
|c|★I love pochama|LOL
|c| SunnyORAS|duggy is weak SMH
|c|★I love pochama|why did you do that
|c|★I love pochama|o.o
|c| SunnyORAS|->38%
|c|★Peasounay|ithought
|c|★I love pochama|mirror move does nothing if i switched there
|c|★Peasounay|you were going kabutops
|c|★Peasounay|rly ? lol
|c|★I love pochama|yeah
|c| SunnyORAS|rip
|c| SunnyORAS|G_G
|c|★Peasounay|didn't know that
|choice|move 2|move 4
|
|move|p2a: Dugtrio|Slash|p1a: Fearow
|-crit|p1a: Fearow
|-damage|p1a: Fearow|0 fnt
|faint|p1a: Fearow
|c|★I love pochama|gg
|choice|switch 5|
|
|switch|p1a: Dugtrio|Dugtrio|126\/273
|turn|43
|c|★I love pochama|btw just like
|c|★I love pochama|double edging or whatever
|c|★I love pochama|was enough
|c|★I love pochama|rn i'm just at the edge of
|c|★I love pochama|eq range
|c|★I love pochama|so with a bit of chip
|c|★I love pochama|i prolly lose
|c|★Peasounay|ok yea true
|c|★I love pochama|i prolly shoulda gone tops tbh
|c|★I love pochama|just so i can at least have
|c|★I love pochama|duggy speed tie
|c|★I love pochama|to win but
|c|★I love pochama|gg
|choice|move 1|move 1
|
|move|p2a: Dugtrio|Earthquake|p1a: Dugtrio
|-damage|p1a: Dugtrio|0 fnt
|faint|p1a: Dugtrio
|choice|switch 6|
|
|switch|p1a: Electabuzz|Electabuzz|151\/333 par
|turn|44
|L|Lusch
|choice|move 3|move 1
|
|move|p2a: Dugtrio|Earthquake|p1a: Electabuzz
|-supereffective|p1a: Electabuzz
|-damage|p1a: Electabuzz|0 fnt
|faint|p1a: Electabuzz
|
|win|I love pochama
|L|Peasounay
|player|p1