|J|Enigami
|J|Disaster Area
|player|p1|Enigami|2
|player|p2|Disaster Area|32
|gametype|singles
|gen|1
|tier|[Gen 1] RU
|seed|15924,7683,51303,20099
|rule|Sleep Clause Mod: Limit one foe put to sleep
|rule|Freeze Clause Mod: Limit one foe frozen
|rule|Species Clause: Limit one of each Pokémon
|rule|OHKO Clause: OHKO moves are banned
|rule|Evasion Moves Clause: Evasion moves are banned
|rule|HP Percentage Mod: HP is shown in percentages
|
|start
|switch|p1a: Rapidash|Rapidash|333\/333
|switch|p2a: Ninetales|Ninetales|349\/349
|turn|1
|c|★Disaster Area|gl hf
|choice|move 4|move 2
|
|move|p1a: Rapidash|Body Slam|p2a: Ninetales
|-damage|p2a: Ninetales|274\/349
|move|p2a: Ninetales|Body Slam|p1a: Rapidash
|-crit|p1a: Rapidash
|-damage|p1a: Rapidash|205\/333
|
|turn|2
|choice|move 4|switch 6
|
|switch|p2a: Omastar|Omastar|343\/343
|move|p1a: Rapidash|Body Slam|p2a: Omastar
|-resisted|p2a: Omastar
|-damage|p2a: Omastar|316\/343
|-status|p2a: Omastar|par
|
|turn|3
|choice|switch 3|move 3
|
|switch|p1a: Blastoise|Blastoise|361\/361
|move|p2a: Omastar|Surf|p1a: Blastoise
|-resisted|p1a: Blastoise
|-damage|p1a: Blastoise|289\/361
|
|turn|4
|choice|move 3|move 1
|
|move|p1a: Blastoise|Hydro Pump|p2a: Omastar
|-crit|p2a: Omastar
|-damage|p2a: Omastar|79\/343 par
|cant|p2a: Omastar|par
|
|turn|5
|choice|move 2|switch 3
|
|switch|p2a: Tangela|Tangela|333\/333
|move|p1a: Blastoise|Earthquake|p2a: Tangela
|-resisted|p2a: Tangela
|-damage|p2a: Tangela|302\/333
|
|turn|6
|choice|move 1|move 1
|
|move|p1a: Blastoise|Blizzard|p2a: Tangela
|-supereffective|p2a: Tangela
|-damage|p2a: Tangela|127\/333
|move|p2a: Tangela|Sleep Powder|p1a: Blastoise|[miss]
|-miss|p2a: Tangela
|
|turn|7
|choice|move 1|switch 5
|
|switch|p2a: Porygon|Porygon|333\/333
|move|p1a: Blastoise|Blizzard|p2a: Porygon
|-damage|p2a: Porygon|230\/333
|
|turn|8
|choice|switch 2|move 1
|
|switch|p1a: Nidoking|Nidoking|365\/365
|move|p2a: Porygon|Thunder Wave|p1a: Nidoking
|-immune|p1a: Nidoking|[msg]
|
|turn|9
|choice|switch 5|move 2
|
|switch|p1a: Venomoth|Venomoth|343\/343
|move|p2a: Porygon|Recover|p2a: Porygon
|-heal|p2a: Porygon|333\/333
|
|turn|10
|choice|move 1|switch 3
|
|switch|p2a: Omastar|Omastar|79\/343 par
|move|p1a: Venomoth|Sleep Powder|p2a: Omastar
|-fail|p2a: Omastar
|
|turn|11
|choice|move 2|switch 6
|
|switch|p2a: Ninetales|Ninetales|274\/349
|move|p1a: Venomoth|Stun Spore|p2a: Ninetales|[miss]
|-miss|p1a: Venomoth
|
|turn|12
|choice|switch 2|move 2
|
|switch|p1a: Blastoise|Blastoise|289\/361
|move|p2a: Ninetales|Body Slam|p1a: Blastoise
|-damage|p1a: Blastoise|232\/361
|
|turn|13
|choice|move 2|move 4
|
|move|p2a: Ninetales|Fire Spin|p1a: Blastoise|[miss]
|-miss|p2a: Ninetales
|move|p1a: Blastoise|Earthquake|p2a: Ninetales
|-supereffective|p2a: Ninetales
|-damage|p2a: Ninetales|92\/349
|
|turn|14
|choice|switch 3|switch 2
|
|switch|p2a: Blastoise|Blastoise|361\/361
|switch|p1a: Rapidash|Rapidash|205\/333
|
|turn|15
|choice|move 2|move 1
|
|move|p1a: Rapidash|Fire Spin|p2a: Blastoise
|-resisted|p2a: Blastoise
|-damage|p2a: Blastoise|352\/361
|-activate|p2a: Blastoise|move: Fire Spin|[of] p1a: Rapidash
|cant|p2a: Blastoise|partiallytrapped
|
|turn|16
|choice|switch 2|move 1
|
|switch|p1a: Venomoth|Venomoth|343\/343
|cant|p2a: Blastoise|partiallytrapped
|
|-end|p2a: Blastoise|Fire Spin|[partiallytrapped]
|turn|17
|choice|move 1|switch 5
|
|switch|p2a: Tangela|Tangela|127\/333
|move|p1a: Venomoth|Sleep Powder|p2a: Tangela
|-status|p2a: Tangela|slp
|
|turn|18
|choice|move 2|switch 6
|
|switch|p2a: Omastar|Omastar|79\/343 par
|move|p1a: Venomoth|Stun Spore|p2a: Omastar|[miss]
|-miss|p1a: Venomoth
|
|turn|19
|choice|move 4|move 1
|
|move|p1a: Venomoth|Mega Drain|p2a: Omastar
|-supereffective|p2a: Omastar
|-damage|p2a: Omastar|0 fnt
|faint|p2a: Omastar
|choice||switch 2
|
|switch|p2a: Ninetales|Ninetales|92\/349
|turn|20
|choice|switch 3|move 1
|
|switch|p1a: Blastoise|Blastoise|232\/361
|move|p2a: Ninetales|Fire Blast|p1a: Blastoise
|-resisted|p1a: Blastoise
|-damage|p1a: Blastoise|159\/361
|
|turn|21
|choice|move 2|switch 5
|
|switch|p2a: Blastoise|Blastoise|352\/361
|move|p1a: Blastoise|Earthquake|p2a: Blastoise
|-damage|p2a: Blastoise|288\/361
|
|turn|22
|choice|move 1|move 1
|
|move|p1a: Blastoise|Blizzard|p2a: Blastoise
|-crit|p2a: Blastoise
|-resisted|p2a: Blastoise
|-damage|p2a: Blastoise|204\/361
|move|p2a: Blastoise|Body Slam|p1a: Blastoise
|-damage|p1a: Blastoise|98\/361
|
|turn|23
|choice|move 4|switch 3
|
|switch|p2a: Porygon|Porygon|333\/333
|move|p1a: Blastoise|Rest|p1a: Blastoise
|-status|p1a: Blastoise|slp
|-heal|p1a: Blastoise|361\/361 slp|[silent]
|-status|p1a: Blastoise|slp|[from] move: Rest
|
|turn|24
|choice|move 1|move 3
|
|cant|p1a: Blastoise|slp
|move|p2a: Porygon|Sharpen|p2a: Porygon
|-boost|p2a: Porygon|atk|1
|
|turn|25
|choice|switch 3|move 1
|
|switch|p1a: Venomoth|Venomoth|343\/343
|move|p2a: Porygon|Thunder Wave|p1a: Venomoth
|-status|p1a: Venomoth|par
|
|turn|26
|choice|move 2|move 4
|
|move|p2a: Porygon|Double-Edge|p1a: Venomoth
|-damage|p1a: Venomoth|168\/343 par
|-damage|p2a: Porygon|290\/333|[from] recoil|[of] p1a: Venomoth
|move|p1a: Venomoth|Stun Spore|p2a: Porygon
|-status|p2a: Porygon|par
|
|turn|27
|choice|move 3|move 3
|
|move|p1a: Venomoth|Psychic|p2a: Porygon
|-damage|p2a: Porygon|209\/333 par
|move|p2a: Porygon|Sharpen|p2a: Porygon
|-boost|p2a: Porygon|atk|1
|
|turn|28
|choice|move 3|move 2
|
|move|p2a: Porygon|Recover|p2a: Porygon
|-heal|p2a: Porygon|333\/333 par
|cant|p1a: Venomoth|par
|
|turn|29
|choice|move 3|move 4
|
|move|p2a: Porygon|Double-Edge|p1a: Venomoth
|-damage|p1a: Venomoth|0 fnt
|-damage|p2a: Porygon|291\/333 par|[from] recoil|[of] p1a: Venomoth
|faint|p1a: Venomoth
|c|★Disaster Area|what a beast
|c|★Disaster Area|love porygon
|c|★Disaster Area|<3
|choice|switch 5|
|
|switch|p1a: Nidoking|Nidoking|365\/365
|turn|30
|choice|move 1|move 4
|
|move|p1a: Nidoking|Earthquake|p2a: Porygon
|-damage|p2a: Porygon|155\/333 par
|move|p2a: Porygon|Double-Edge|p1a: Nidoking
|-damage|p1a: Nidoking|171\/365
|-damage|p2a: Porygon|107\/333 par|[from] recoil|[of] p1a: Nidoking
|
|turn|31
|choice|move 1|switch 5
|
|switch|p2a: Ninetales|Ninetales|92\/349
|move|p1a: Nidoking|Earthquake|p2a: Ninetales
|-supereffective|p2a: Ninetales
|-damage|p2a: Ninetales|0 fnt
|faint|p2a: Ninetales
|choice||switch 3
|
|switch|p2a: Blastoise|Blastoise|204\/361
|turn|32
|choice|switch 3|move 3
|
|switch|p1a: Blastoise|Blastoise|361\/361 slp
|move|p2a: Blastoise|Surf|p1a: Blastoise
|-resisted|p1a: Blastoise
|-damage|p1a: Blastoise|309\/361 slp
|
|turn|33
|choice|move 2|move 3
|
|move|p2a: Blastoise|Surf|p1a: Blastoise
|-resisted|p1a: Blastoise
|-damage|p1a: Blastoise|255\/361 slp
|-curestatus|p1a: Blastoise|slp
|
|turn|34
|choice|move 2|move 1
|
|move|p2a: Blastoise|Body Slam|p1a: Blastoise
|-damage|p1a: Blastoise|197\/361
|-status|p1a: Blastoise|par
|move|p1a: Blastoise|Earthquake|p2a: Blastoise
|-damage|p2a: Blastoise|140\/361
|
|turn|35
|choice|move 1|move 3
|
|move|p2a: Blastoise|Surf|p1a: Blastoise
|-resisted|p1a: Blastoise
|-damage|p1a: Blastoise|142\/361 par
|move|p1a: Blastoise|Blizzard|p2a: Blastoise
|-resisted|p2a: Blastoise
|-damage|p2a: Blastoise|94\/361
|
|turn|36
|choice|move 4|move 1
|
|move|p2a: Blastoise|Body Slam|p1a: Blastoise
|-crit|p1a: Blastoise
|-damage|p1a: Blastoise|30\/361 par
|move|p1a: Blastoise|Rest|p1a: Blastoise
|-status|p1a: Blastoise|slp
|-heal|p1a: Blastoise|361\/361 slp|[silent]
|-status|p1a: Blastoise|slp|[from] move: Rest
|
|turn|37
|choice|switch 6|move 4
|
|switch|p1a: Kabutops|Kabutops|323\/323
|move|p2a: Blastoise|Rest|p2a: Blastoise
|-status|p2a: Blastoise|slp
|-heal|p2a: Blastoise|361\/361 slp|[silent]
|-status|p2a: Blastoise|slp|[from] move: Rest
|
|turn|38
|choice|move 3|switch 4
|
|switch|p2a: Nidoking|Nidoking|365\/365
|move|p1a: Kabutops|Swords Dance|p1a: Kabutops
|-boost|p1a: Kabutops|atk|2
|
|turn|39
|choice|move 4|move 2
|
|move|p2a: Nidoking|Thunderbolt|p1a: Kabutops
|-crit|p1a: Kabutops
|-supereffective|p1a: Kabutops
|-damage|p1a: Kabutops|38\/323
|move|p1a: Kabutops|Hyper Beam|p2a: Nidoking|[miss]
|-miss|p1a: Kabutops
|
|turn|40
|c|★Disaster Area|sry
|c|★Enigami|A#%WQ6io;'w4
|choice|switch 3|move 1
|
|switch|p1a: Nidoking|Nidoking|171\/365
|move|p2a: Nidoking|Earthquake|p1a: Nidoking
|-supereffective|p1a: Nidoking
|-damage|p1a: Nidoking|0 fnt
|faint|p1a: Nidoking
|c|★Disaster Area|does it ko
|c|★Disaster Area|?
|c|★Enigami|No
|c|★Disaster Area|ok
|c|★Enigami|But does a LOT
|choice|switch 4|
|
|switch|p1a: Abra|Abra|253\/253
|turn|41
|c|★Disaster Area|yeah
|c|★Disaster Area|still, sry
|c|★Disaster Area|oO
|choice|move 1|move 1
|
|move|p1a: Abra|Psychic|p2a: Nidoking
|-supereffective|p2a: Nidoking
|-damage|p2a: Nidoking|116\/365
|-unboost|p2a: Nidoking|spd|1
|-unboost|p2a: Nidoking|spa|1
|move|p2a: Nidoking|Earthquake|p1a: Abra
|-damage|p1a: Abra|0 fnt
|faint|p1a: Abra
|choice|switch 2|
|
|switch|p1a: Rapidash|Rapidash|205\/333
|turn|42
|choice|move 4|switch 6
|
|switch|p2a: Tangela|Tangela|127\/333 slp
|move|p1a: Rapidash|Body Slam|p2a: Tangela
|-damage|p2a: Tangela|65\/333 slp
|
|turn|43
|choice|move 4|switch 4
|
|switch|p2a: Blastoise|Blastoise|361\/361 slp
|move|p1a: Rapidash|Body Slam|p2a: Blastoise
|-damage|p2a: Blastoise|295\/361 slp
|
|turn|44
|choice|move 4|move 3
|
|move|p1a: Rapidash|Body Slam|p2a: Blastoise
|-damage|p2a: Blastoise|222\/361 slp
|cant|p2a: Blastoise|slp
|
|turn|45
|choice|move 4|move 3
|
|move|p1a: Rapidash|Body Slam|p2a: Blastoise
|-damage|p2a: Blastoise|160\/361 slp
|-curestatus|p2a: Blastoise|slp
|
|turn|46
|choice|move 2|move 1
|
|move|p1a: Rapidash|Fire Spin|p2a: Blastoise
|-resisted|p2a: Blastoise
|-damage|p2a: Blastoise|152\/361
|-activate|p2a: Blastoise|move: Fire Spin|[of] p1a: Rapidash
|cant|p2a: Blastoise|partiallytrapped
|
|turn|47
|choice|move 2|move 1
|
|move|p1a: Rapidash|Fire Spin|p2a: Blastoise
|-damage|p2a: Blastoise|144\/361
|cant|p2a: Blastoise|partiallytrapped
|
|-end|p2a: Blastoise|Fire Spin|[partiallytrapped]
|turn|48
|choice|move 2|move 1
|
|move|p1a: Rapidash|Fire Spin|p2a: Blastoise
|-resisted|p2a: Blastoise
|-damage|p2a: Blastoise|135\/361
|-activate|p2a: Blastoise|move: Fire Spin|[of] p1a: Rapidash
|cant|p2a: Blastoise|partiallytrapped
|
|turn|49
|choice|move 2|move 1
|
|move|p1a: Rapidash|Fire Spin|p2a: Blastoise
|-damage|p2a: Blastoise|126\/361
|cant|p2a: Blastoise|partiallytrapped
|
|turn|50
|choice|move 2|move 1
|
|move|p1a: Rapidash|Fire Spin|p2a: Blastoise
|-damage|p2a: Blastoise|117\/361
|cant|p2a: Blastoise|partiallytrapped
|
|-end|p2a: Blastoise|Fire Spin|[partiallytrapped]
|turn|51
|choice|move 2|move 1
|
|move|p1a: Rapidash|Fire Spin|p2a: Blastoise|[miss]
|-miss|p1a: Rapidash
|move|p2a: Blastoise|Body Slam|p1a: Rapidash
|-crit|p1a: Rapidash
|-damage|p1a: Rapidash|71\/333
|
|turn|52
|c|★Enigami|D{S}AGP}{OYpwszuj
|choice|move 2|move 3
|
|move|p1a: Rapidash|Fire Spin|p2a: Blastoise|[miss]
|-miss|p1a: Rapidash
|move|p2a: Blastoise|Surf|p1a: Rapidash
|-supereffective|p1a: Rapidash
|-damage|p1a: Rapidash|0 fnt
|faint|p1a: Rapidash
|c|★Enigami|sdfj
|c|★Enigami|,.dfs.\/j,
|c|★Enigami|gg
|c|★Disaster Area|gg7
|c|★Enigami|I needed just one more
|-message|Enigami forfeited.
|
|win|Disaster Area
|L|Enigami
|player|p1
|c|★Disaster Area|np: [[Twoloud & konih - one more]]
|c|★Disaster Area|is that it
|c|★Disaster Area|yeah
|c|★Disaster Area|lol
|L|Disaster Area
|player|p2
|J|KristophV