|J|I love pochama
|J|CrapAtRBY
|player|p1|I love pochama|32
|player|p2|CrapAtRBY|1
|gametype|singles
|gen|1
|tier|[Gen 1] RU
|seed|21294,22956,42698,65399
|rule|Sleep Clause Mod: Limit one foe put to sleep
|rule|Freeze Clause Mod: Limit one foe frozen
|rule|Species Clause: Limit one of each Pokémon
|rule|OHKO Clause: OHKO moves are banned
|rule|Evasion Moves Clause: Evasion moves are banned
|rule|HP Percentage Mod: HP is shown in percentages
|
|start
|switch|p1a: Mr. Mime|Mr. Mime|283\/283
|switch|p2a: Exeggcute|Exeggcute|323\/323
|turn|1
|c|★I love pochama|gl hf dude
|c|★I love pochama|:)
|c|★CrapAtRBY|You too :)
|choice|move 4|move 1
|
|move|p1a: Mr. Mime|Thunder Wave|p2a: Exeggcute
|-status|p2a: Exeggcute|par
|move|p2a: Exeggcute|Sleep Powder|p1a: Mr. Mime
|-status|p1a: Mr. Mime|slp
|
|turn|2
|choice|move 3|move 2
|
|cant|p1a: Mr. Mime|slp
|cant|p2a: Exeggcute|par
|
|turn|3
|choice|move 3|move 3
|
|cant|p1a: Mr. Mime|slp
|move|p2a: Exeggcute|Psychic|p1a: Mr. Mime
|-resisted|p1a: Mr. Mime
|-damage|p1a: Mr. Mime|248\/283 slp
|
|turn|4
|choice|move 3|move 3
|
|cant|p1a: Mr. Mime|slp
|move|p2a: Exeggcute|Psychic|p1a: Mr. Mime
|-resisted|p1a: Mr. Mime
|-damage|p1a: Mr. Mime|207\/283 slp
|-unboost|p1a: Mr. Mime|spd|1
|-unboost|p1a: Mr. Mime|spa|1
|
|turn|5
|choice|move 3|move 3
|
|-curestatus|p1a: Mr. Mime|slp
|move|p2a: Exeggcute|Psychic|p1a: Mr. Mime
|-crit|p1a: Mr. Mime
|-resisted|p1a: Mr. Mime
|-damage|p1a: Mr. Mime|135\/283
|-unboost|p1a: Mr. Mime|spd|1
|-unboost|p1a: Mr. Mime|spa|1
|
|turn|6
|choice|move 3|move 1
|
|move|p1a: Mr. Mime|Seismic Toss|p2a: Exeggcute
|-damage|p2a: Exeggcute|223\/323 par
|move|p2a: Exeggcute|Sleep Powder|p1a: Mr. Mime|[miss]
|-miss|p2a: Exeggcute
|
|turn|7
|choice|move 3|move 1
|
|move|p1a: Mr. Mime|Seismic Toss|p2a: Exeggcute
|-damage|p2a: Exeggcute|123\/323 par
|move|p2a: Exeggcute|Sleep Powder|p1a: Mr. Mime
|-status|p1a: Mr. Mime|slp
|
|turn|8
|choice|switch 3|move 3
|
|switch|p1a: Clefable|Clefable|393\/393
|move|p2a: Exeggcute|Psychic|p1a: Clefable
|-damage|p1a: Clefable|306\/393
|
|turn|9
|choice|move 2|move 2
|
|move|p1a: Clefable|Blizzard|p2a: Exeggcute|[miss]
|-miss|p1a: Clefable
|move|p2a: Exeggcute|Stun Spore|p1a: Clefable
|-status|p1a: Clefable|par
|
|turn|10
|choice|move 2|move 4
|
|cant|p1a: Clefable|par
|move|p2a: Exeggcute|Explosion|p1a: Clefable
|-damage|p1a: Clefable|106\/393 par
|faint|p2a: Exeggcute
|c|★I love pochama|rip
|c|★I love pochama|;~;
|choice||switch 6
|
|switch|p2a: Dugtrio|Dugtrio|273\/273
|turn|11
|choice|switch 4|move 2
|
|switch|p1a: Venusaur|Venusaur|363\/363
|move|p2a: Dugtrio|Rock Slide|p1a: Venusaur
|-crit|p1a: Venusaur
|-damage|p1a: Venusaur|244\/363
|
|turn|12
|choice|move 3|switch 5
|
|switch|p2a: Venusaur|Venusaur|363\/363
|move|p1a: Venusaur|Razor Leaf|p2a: Venusaur
|-crit|p2a: Venusaur
|-resisted|p2a: Venusaur
|-damage|p2a: Venusaur|330\/363
|
|turn|13
|choice|move 2|move 3
|
|move|p1a: Venusaur|Sleep Powder|p2a: Venusaur|[miss]
|-miss|p1a: Venusaur
|move|p2a: Venusaur|Body Slam|p1a: Venusaur
|-damage|p1a: Venusaur|180\/363
|-status|p1a: Venusaur|par
|
|turn|14
|c|★I love pochama|lol
|c|★I love pochama|game does not like me today
|c|★I love pochama|D:
|choice|move 2|move 3
|
|move|p2a: Venusaur|Body Slam|p1a: Venusaur
|-damage|p1a: Venusaur|113\/363 par
|move|p1a: Venusaur|Sleep Powder|p2a: Venusaur
|-status|p2a: Venusaur|slp
|
|turn|15
|choice|switch 2|switch 2
|
|switch|p2a: Clefable|Clefable|393\/393
|switch|p1a: Kingler|Kingler|313\/313
|
|turn|16
|choice|move 4|move 2
|
|move|p1a: Kingler|Swords Dance|p1a: Kingler
|-boost|p1a: Kingler|atk|2
|move|p2a: Clefable|Thunder Wave|p1a: Kingler
|-status|p1a: Kingler|par
|
|turn|17
|choice|move 3|move 4
|
|move|p2a: Clefable|Thunderbolt|p1a: Kingler
|-supereffective|p1a: Kingler
|-damage|p1a: Kingler|101\/313 par
|move|p1a: Kingler|Hyper Beam|p2a: Clefable
|-damage|p2a: Clefable|59\/393
|
|turn|18
|-mustrecharge|p1a: Kingler
|-mustrecharge|p1a: Kingler
|choice|move 1|move 4
|
|move|p2a: Clefable|Thunderbolt|p1a: Kingler
|-supereffective|p1a: Kingler
|-damage|p1a: Kingler|0 fnt
|faint|p1a: Kingler
|choice|switch 5|
|
|switch|p1a: Sandslash|Sandslash|353\/353
|turn|19
|choice|move 2|switch 4
|
|switch|p2a: Vaporeon|Vaporeon|463\/463
|move|p1a: Sandslash|Body Slam|p2a: Vaporeon
|-damage|p2a: Vaporeon|379\/463
|
|turn|20
|J|CowboyDan1
|choice|switch 2|move 3
|
|switch|p1a: Venusaur|Venusaur|113\/363 par
|move|p2a: Vaporeon|Body Slam|p1a: Venusaur
|-damage|p1a: Venusaur|59\/363 par
|
|turn|21
|choice|move 3|move 2
|
|move|p2a: Vaporeon|Blizzard|p1a: Venusaur|[miss]
|-miss|p2a: Vaporeon
|move|p1a: Venusaur|Razor Leaf|p2a: Vaporeon
|-crit|p2a: Vaporeon
|-supereffective|p2a: Vaporeon
|-damage|p2a: Vaporeon|135\/463
|
|turn|22
|c|★I love pochama|wew that mattered a ton but then again
|c|★I love pochama|so did my miss earlier
|choice|move 3|move 2
|
|move|p2a: Vaporeon|Blizzard|p1a: Venusaur
|-supereffective|p1a: Venusaur
|-damage|p1a: Venusaur|0 fnt
|faint|p1a: Venusaur
|choice|switch 6|
|
|switch|p1a: Pinsir|Pinsir|333\/333
|turn|23
|choice|move 2|move 3
|
|move|p1a: Pinsir|Hyper Beam|p2a: Vaporeon|[miss]
|-miss|p1a: Pinsir
|move|p2a: Vaporeon|Body Slam|p1a: Pinsir
|-damage|p1a: Pinsir|286\/333
|-status|p1a: Pinsir|par
|
|turn|24
|c|★I love pochama|cmon :[
|choice|move 2|move 2
|
|move|p2a: Vaporeon|Blizzard|p1a: Pinsir
|-damage|p1a: Pinsir|144\/333 par
|move|p1a: Pinsir|Hyper Beam|p2a: Vaporeon
|-crit|p2a: Vaporeon
|-damage|p2a: Vaporeon|0 fnt
|faint|p2a: Vaporeon
|choice||switch 4
|
|switch|p2a: Clefable|Clefable|59\/393
|turn|25
|choice|switch 3|move 3
|
|switch|p1a: Mr. Mime|Mr. Mime|135\/283 slp
|move|p2a: Clefable|Blizzard|p1a: Mr. Mime|[miss]
|-miss|p2a: Clefable
|
|turn|26
|choice|move 3|move 1
|
|cant|p1a: Mr. Mime|slp
|move|p2a: Clefable|Body Slam|p1a: Mr. Mime
|-damage|p1a: Mr. Mime|26\/283 slp
|
|turn|27
|choice|move 2|move 1
|
|cant|p1a: Mr. Mime|slp
|move|p2a: Clefable|Body Slam|p1a: Mr. Mime
|-damage|p1a: Mr. Mime|0 fnt
|faint|p1a: Mr. Mime
|choice|switch 2|
|
|switch|p1a: Sandslash|Sandslash|353\/353
|turn|28
|choice|move 1|move 3
|
|move|p1a: Sandslash|Earthquake|p2a: Clefable
|-damage|p2a: Clefable|0 fnt
|faint|p2a: Clefable
|choice||switch 5
|
|switch|p2a: Dugtrio|Dugtrio|273\/273
|turn|29
|choice|move 4|move 1
|
|move|p2a: Dugtrio|Earthquake|p1a: Sandslash
|-damage|p1a: Sandslash|250\/353
|move|p1a: Sandslash|Swords Dance|p1a: Sandslash
|-boost|p1a: Sandslash|atk|2
|
|turn|30
|choice|move 1|move 1
|
|move|p2a: Dugtrio|Earthquake|p1a: Sandslash
|-damage|p1a: Sandslash|157\/353
|move|p1a: Sandslash|Earthquake|p2a: Dugtrio
|-damage|p2a: Dugtrio|0 fnt
|faint|p2a: Dugtrio
|choice||switch 3
|
|switch|p2a: Mr. Mime|Mr. Mime|283\/283
|turn|31
|choice|move 1|move 1
|
|move|p2a: Mr. Mime|Psychic|p1a: Sandslash
|-damage|p1a: Sandslash|0 fnt
|faint|p1a: Sandslash
|c|★I love pochama|rip gg
|choice|switch 4|
|
|switch|p1a: Clefable|Clefable|106\/393 par
|turn|32
|choice|move 3|move 1
|
|move|p2a: Mr. Mime|Psychic|p1a: Clefable
|-damage|p1a: Clefable|0 fnt
|faint|p1a: Clefable
|c|★I love pochama|haxy series sorta
|choice|switch 3|
|
|switch|p1a: Pinsir|Pinsir|144\/333 par
|turn|33
|c|★I love pochama|but wp
|c|★CrapAtRBY|haxg
|J|KristophV
|choice|move 1|move 1
|
|move|p2a: Mr. Mime|Psychic|p1a: Pinsir
|-damage|p1a: Pinsir|0 fnt
|faint|p1a: Pinsir
|
|win|CrapAtRBY