|J|Disaster Area
|J|Peasounay
|player|p1|Disaster Area|32
|player|p2|Peasounay|80
|gametype|singles
|gen|1
|tier|[Gen 1] RU
|seed|39782,43709,13814,41645
|rule|Sleep Clause Mod: Limit one foe put to sleep
|rule|Freeze Clause Mod: Limit one foe frozen
|rule|Species Clause: Limit one of each Pokémon
|rule|OHKO Clause: OHKO moves are banned
|rule|Evasion Moves Clause: Evasion moves are banned
|rule|HP Percentage Mod: HP is shown in percentages
|
|start
|switch|p1a: Clefable|Clefable|393\/393
|switch|p2a: Mr. Mime|Mr. Mime|283\/283
|turn|1
|choice|move 4|switch 6
|
|switch|p2a: Venusaur|Venusaur|363\/363
|move|p1a: Clefable|Thunder Wave|p2a: Venusaur
|-status|p2a: Venusaur|par
|
|turn|2
|choice|switch 2|move 1
|
|switch|p1a: Mr. Mime|Mr. Mime|283\/283
|move|p2a: Venusaur|Sleep Powder|p1a: Mr. Mime
|-status|p1a: Mr. Mime|slp
|
|turn|3
|choice|switch 6|move 2
|
|switch|p1a: Fearow|Fearow|333\/333
|cant|p2a: Venusaur|par
|
|turn|4
|choice|move 1|switch 4
|
|switch|p2a: Graveler|Graveler|313\/313
|move|p1a: Fearow|Drill Peck|p2a: Graveler
|-resisted|p2a: Graveler
|-damage|p2a: Graveler|277\/313
|
|turn|5
|choice|switch 5|move 3
|
|switch|p1a: Venusaur|Venusaur|363\/363
|move|p2a: Graveler|Rock Slide|p1a: Venusaur
|-damage|p1a: Venusaur|271\/363
|
|turn|6
|choice|switch 2|switch 4
|
|switch|p1a: Clefable|Clefable|393\/393
|switch|p2a: Venusaur|Venusaur|363\/363 par
|
|turn|7
|J|Enigami
|choice|move 3|switch 2
|
|switch|p2a: Clefable|Clefable|393\/393
|move|p1a: Clefable|Blizzard|p2a: Clefable
|-damage|p2a: Clefable|293\/393
|
|turn|8
|choice|move 4|move 2
|
|move|p1a: Clefable|Thunder Wave|p2a: Clefable
|-status|p2a: Clefable|par
|move|p2a: Clefable|Thunder Wave|p1a: Clefable
|-status|p1a: Clefable|par
|
|turn|9
|choice|move 3|move 4
|
|move|p1a: Clefable|Blizzard|p2a: Clefable
|-damage|p2a: Clefable|201\/393 par
|move|p2a: Clefable|Body Slam|p1a: Clefable
|-damage|p1a: Clefable|292\/393 par
|
|turn|10
|choice|move 3|move 4
|
|move|p2a: Clefable|Body Slam|p1a: Clefable
|-damage|p1a: Clefable|195\/393 par
|move|p1a: Clefable|Blizzard|p2a: Clefable
|-damage|p2a: Clefable|107\/393 par
|
|turn|11
|choice|move 2|move 4
|
|move|p1a: Clefable|Hyper Beam|p2a: Clefable
|-damage|p2a: Clefable|0 fnt
|faint|p2a: Clefable
|choice||switch 6
|
|switch|p2a: Mr. Mime|Mr. Mime|283\/283
|turn|12
|choice|move 2|switch 4
|
|switch|p2a: Graveler|Graveler|277\/313
|move|p1a: Clefable|Hyper Beam|p2a: Graveler
|-resisted|p2a: Graveler
|-damage|p2a: Graveler|209\/313
|
|turn|13
|-mustrecharge|p1a: Clefable
|-mustrecharge|p1a: Clefable
|choice|move 1|move 2
|
|move|p2a: Graveler|Earthquake|p1a: Clefable
|-damage|p1a: Clefable|56\/393 par
|cant|p1a: Clefable|recharge
|
|turn|14
|choice|move 3|move 2
|
|move|p2a: Graveler|Earthquake|p1a: Clefable
|-damage|p1a: Clefable|0 fnt
|faint|p1a: Clefable
|choice|switch 5|
|
|switch|p1a: Fearow|Fearow|333\/333
|turn|15
|choice|move 2|switch 3
|
|switch|p2a: Charizard|Charizard|359\/359
|move|p1a: Fearow|Double-Edge|p2a: Charizard
|-damage|p2a: Charizard|233\/359
|-damage|p1a: Fearow|302\/333|[from] recoil|[of] p2a: Charizard
|
|turn|16
|c|★Peasounay|bluffing like a sir
|c|★Disaster Area|;]
|choice|move 2|move 1
|
|move|p1a: Fearow|Double-Edge|p2a: Charizard
|-damage|p2a: Charizard|111\/359
|-damage|p1a: Fearow|272\/333|[from] recoil|[of] p2a: Charizard
|move|p2a: Charizard|Fire Blast|p1a: Fearow
|-crit|p1a: Fearow
|-damage|p1a: Fearow|0 fnt
|faint|p1a: Fearow
|c|★Disaster Area|lol
|choice|switch 4|
|
|switch|p1a: Electrode|Electrode|323\/323
|turn|17
|choice|switch 3|switch 3
|
|switch|p1a: Golduck|Golduck|363\/363
|switch|p2a: Graveler|Graveler|209\/313
|
|turn|18
|choice|move 3|switch 4
|
|switch|p2a: Mr. Mime|Mr. Mime|283\/283
|move|p1a: Golduck|Ice Beam|p2a: Mr. Mime
|-damage|p2a: Mr. Mime|216\/283
|
|turn|19
|choice|switch 3|move 1
|
|switch|p1a: Electrode|Electrode|323\/323
|move|p2a: Mr. Mime|Thunder Wave|p1a: Electrode
|-status|p1a: Electrode|par
|
|turn|20
|c| Enigami|Just a note DA, don't bring Electrode vs. Peas. He has a really high chance of bringing Graveler.
|c|★Disaster Area|lol
|c|★Peasounay|lmao
|c|★Disaster Area|yeah xD
|choice|move 3|switch 4
|
|switch|p2a: Graveler|Graveler|209\/313
|move|p1a: Electrode|Explosion|p2a: Graveler
|-resisted|p2a: Graveler
|-damage|p2a: Graveler|136\/313
|faint|p1a: Electrode
|c|★Disaster Area|zero
|c|★Disaster Area|x_x
|choice|switch 3|
|
|switch|p1a: Golduck|Golduck|363\/363
|turn|21
|choice|move 1|switch 4
|
|switch|p2a: Mr. Mime|Mr. Mime|216\/283
|move|p1a: Golduck|Amnesia|p1a: Golduck
|-boost|p1a: Golduck|spd|2
|-boost|p1a: Golduck|spa|2
|
|turn|22
|choice|move 1|move 1
|
|move|p2a: Mr. Mime|Thunder Wave|p1a: Golduck
|-status|p1a: Golduck|par
|move|p1a: Golduck|Amnesia|p1a: Golduck
|-boost|p1a: Golduck|spd|2
|-boost|p1a: Golduck|spa|2
|
|turn|23
|choice|move 2|move 4
|
|move|p2a: Mr. Mime|Seismic Toss|p1a: Golduck
|-damage|p1a: Golduck|263\/363 par
|move|p1a: Golduck|Surf|p2a: Mr. Mime
|-damage|p2a: Mr. Mime|0 fnt
|faint|p2a: Mr. Mime
|choice||switch 4
|
|switch|p2a: Graveler|Graveler|136\/313
|turn|24
|choice|switch 2|move 4
|
|switch|p1a: Venusaur|Venusaur|271\/363
|move|p2a: Graveler|Explosion|p1a: Venusaur
|-damage|p1a: Venusaur|0 fnt
|faint|p1a: Venusaur
|faint|p2a: Graveler
|choice|switch 6|switch 2
|
|switch|p1a: Mr. Mime|Mr. Mime|283\/283 slp
|switch|p2a: Venusaur|Venusaur|363\/363 par
|turn|25
|choice|move 1|move 2
|
|cant|p1a: Mr. Mime|slp
|move|p2a: Venusaur|Razor Leaf|p1a: Mr. Mime
|-crit|p1a: Mr. Mime
|-damage|p1a: Mr. Mime|161\/283 slp
|
|turn|26
|choice|move 1|switch 3
|
|switch|p2a: Charizard|Charizard|111\/359
|cant|p1a: Mr. Mime|slp
|
|turn|27
|choice|move 3|move 2
|
|move|p2a: Charizard|Swords Dance|p2a: Charizard
|-boost|p2a: Charizard|atk|2
|cant|p1a: Mr. Mime|slp
|
|turn|28
|choice|move 2|move 2
|
|move|p2a: Charizard|Swords Dance|p2a: Charizard
|-boost|p2a: Charizard|atk|2
|-curestatus|p1a: Mr. Mime|slp
|
|turn|29
|c|★Disaster Area|gg
|c|★Peasounay|gg
|c|★Disaster Area|miss here btw
|choice|move 3|move 3
|
|move|p2a: Charizard|Earthquake|p1a: Mr. Mime
|-damage|p1a: Mr. Mime|0 fnt
|faint|p1a: Mr. Mime
|choice|switch 2|
|
|switch|p1a: Golduck|Golduck|263\/363 par
|turn|30
|choice|move 3|move 4
|
|move|p2a: Charizard|Hyper Beam|p1a: Golduck
|-damage|p1a: Golduck|0 fnt
|faint|p1a: Golduck
|
|win|Peasounay