|J|Enigami
|J|Peasounay
|player|p1|Enigami|130
|player|p2|Peasounay|80
|gametype|singles
|gen|1
|tier|[Gen 1] RU
|seed|15974,63589,27280,28214
|rule|Sleep Clause Mod: Limit one foe put to sleep
|rule|Freeze Clause Mod: Limit one foe frozen
|rule|Species Clause: Limit one of each Pokémon
|rule|OHKO Clause: OHKO moves are banned
|rule|Evasion Moves Clause: Evasion moves are banned
|rule|HP Percentage Mod: HP is shown in percentages
|
|start
|switch|p1a: Wigglytuff|Wigglytuff|483\/483
|switch|p2a: Dewgong|Dewgong|383\/383
|turn|1
|choice|move 4|move 2
|
|move|p2a: Dewgong|Blizzard|p1a: Wigglytuff
|-damage|p1a: Wigglytuff|267\/483
|move|p1a: Wigglytuff|Thunder Wave|p2a: Dewgong
|-status|p2a: Dewgong|par
|
|turn|2
|choice|move 1|move 2
|
|move|p1a: Wigglytuff|Body Slam|p2a: Dewgong
|-damage|p2a: Dewgong|284\/383 par
|move|p2a: Dewgong|Blizzard|p1a: Wigglytuff
|-damage|p1a: Wigglytuff|52\/483
|
|turn|3
|J|Disaster Area
|choice|switch 4|switch 5
|
|switch|p1a: Vaporeon|Vaporeon|463\/463
|switch|p2a: Graveler|Graveler|313\/313
|
|turn|4
|choice|switch 3|switch 3
|
|switch|p1a: Venusaur|Venusaur|363\/363
|switch|p2a: Clefable|Clefable|393\/393
|
|turn|5
|choice|move 1|switch 2
|
|switch|p2a: Mr. Mime|Mr. Mime|283\/283
|move|p1a: Venusaur|Sleep Powder|p2a: Mr. Mime
|-status|p2a: Mr. Mime|slp
|
|turn|6
|choice|switch 2|switch 4
|
|switch|p2a: Electabuzz|Electabuzz|333\/333
|switch|p1a: Clefable|Clefable|393\/393
|
|turn|7
|choice|move 4|switch 2
|
|switch|p2a: Clefable|Clefable|393\/393
|move|p1a: Clefable|Thunder Wave|p2a: Clefable
|-status|p2a: Clefable|par
|
|turn|8
|choice|switch 6|move 3
|
|switch|p1a: Nidoking|Nidoking|365\/365
|cant|p2a: Clefable|par
|
|turn|9
|choice|move 1|move 3
|
|move|p1a: Nidoking|Earthquake|p2a: Clefable
|-crit|p2a: Clefable
|-damage|p2a: Clefable|112\/393 par
|move|p2a: Clefable|Reflect|p2a: Clefable
|-start|p2a: Clefable|Reflect
|
|turn|10
|choice|move 1|move 1
|
|move|p1a: Nidoking|Earthquake|p2a: Clefable
|-damage|p2a: Clefable|48\/393 par
|cant|p2a: Clefable|par
|
|turn|11
|c|★Enigami|rip
|c|★Peasounay|ah cmon
|choice|move 1|move 1
|
|move|p1a: Nidoking|Earthquake|p2a: Clefable
|-damage|p2a: Clefable|0 fnt
|faint|p2a: Clefable
|c|★Enigami|Rest\/Reflect?
|c|★Peasounay|yup
|choice||switch 5
|
|switch|p2a: Dewgong|Dewgong|284\/383 par
|turn|12
|choice|switch 3|move 2
|
|switch|p1a: Vaporeon|Vaporeon|463\/463
|cant|p2a: Dewgong|par
|
|turn|13
|choice|move 1|move 2
|
|move|p1a: Vaporeon|Surf|p2a: Dewgong
|-resisted|p2a: Dewgong
|-damage|p2a: Dewgong|225\/383 par
|move|p2a: Dewgong|Blizzard|p1a: Vaporeon
|-resisted|p1a: Vaporeon
|-damage|p1a: Vaporeon|403\/463
|
|turn|14
|choice|move 1|move 3
|
|move|p1a: Vaporeon|Surf|p2a: Dewgong
|-crit|p2a: Dewgong
|-resisted|p2a: Dewgong
|-damage|p2a: Dewgong|113\/383 par
|move|p2a: Dewgong|Body Slam|p1a: Vaporeon
|-damage|p1a: Vaporeon|331\/463
|
|turn|15
|choice|move 1|move 4
|
|move|p1a: Vaporeon|Surf|p2a: Dewgong
|-resisted|p2a: Dewgong
|-damage|p2a: Dewgong|51\/383 par
|cant|p2a: Dewgong|par
|
|turn|16
|c|★Enigami|rip
|choice|move 1|move 4
|
|move|p1a: Vaporeon|Surf|p2a: Dewgong
|-resisted|p2a: Dewgong
|-damage|p2a: Dewgong|0 fnt
|faint|p2a: Dewgong
|choice||switch 2
|
|switch|p2a: Electabuzz|Electabuzz|333\/333
|turn|17
|choice|switch 5|move 3
|
|switch|p1a: Mr. Mime|Mr. Mime|283\/283
|move|p2a: Electabuzz|Psychic|p1a: Mr. Mime
|-resisted|p1a: Mr. Mime
|-damage|p1a: Mr. Mime|251\/283
|
|turn|18
|c|★Enigami|All these things resting in pieces.
|c|★Peasounay|yup
|choice|move 4|move 1
|
|move|p2a: Electabuzz|Thunder Wave|p1a: Mr. Mime
|-status|p1a: Mr. Mime|par
|move|p1a: Mr. Mime|Thunder Wave|p2a: Electabuzz
|-status|p2a: Electabuzz|par
|
|turn|19
|choice|switch 3|move 2
|
|switch|p1a: Nidoking|Nidoking|365\/365
|move|p2a: Electabuzz|Thunderbolt|p1a: Nidoking
|-immune|p1a: Nidoking|[msg]
|
|turn|20
|choice|move 1|switch 6
|
|switch|p2a: Scyther|Scyther|343\/343
|move|p1a: Nidoking|Earthquake|p2a: Scyther
|-immune|p2a: Scyther|[msg]
|
|turn|21
|choice|move 4|move 1
|
|move|p2a: Scyther|Swords Dance|p2a: Scyther
|-boost|p2a: Scyther|atk|2
|move|p1a: Nidoking|Rock Slide|p2a: Scyther
|-supereffective|p2a: Scyther
|-damage|p2a: Scyther|92\/343
|
|turn|22
|c|★Enigami|Nice
|choice|move 4|move 3
|
|move|p2a: Scyther|Hyper Beam|p1a: Nidoking
|-crit|p1a: Nidoking
|-damage|p1a: Nidoking|100\/365
|move|p1a: Nidoking|Rock Slide|p2a: Scyther
|-supereffective|p2a: Scyther
|-damage|p2a: Scyther|0 fnt
|faint|p2a: Scyther
|choice||switch 3
|
|switch|p2a: Graveler|Graveler|313\/313
|turn|23
|choice|move 3|move 2
|
|move|p1a: Nidoking|Blizzard|p2a: Graveler
|-supereffective|p2a: Graveler
|-damage|p2a: Graveler|83\/313
|-status|p2a: Graveler|frz
|cant|p2a: Graveler|frz
|
|turn|24
|choice|move 1|move 2
|
|move|p1a: Nidoking|Earthquake|p2a: Graveler
|-supereffective|p2a: Graveler
|-damage|p2a: Graveler|0 fnt
|faint|p2a: Graveler
|choice||switch 4
|
|switch|p2a: Mr. Mime|Mr. Mime|283\/283 slp
|turn|25
|c|★Enigami|Just rubbing it in.
|choice|move 1|move 4
|
|cant|p2a: Mr. Mime|slp
|move|p1a: Nidoking|Earthquake|p2a: Mr. Mime
|-damage|p2a: Mr. Mime|134\/283 slp
|
|turn|26
|c|★Peasounay|sometimes things don't go your way
|choice|move 1|move 2
|
|-curestatus|p2a: Mr. Mime|slp
|move|p1a: Nidoking|Earthquake|p2a: Mr. Mime
|-damage|p2a: Mr. Mime|0 fnt
|faint|p2a: Mr. Mime
|choice||switch 6
|
|switch|p2a: Electabuzz|Electabuzz|333\/333 par
|turn|27
|choice|switch 3|move 3
|
|switch|p1a: Mr. Mime|Mr. Mime|251\/283 par
|move|p2a: Electabuzz|Psychic|p1a: Mr. Mime
|-resisted|p1a: Mr. Mime
|-damage|p1a: Mr. Mime|220\/283 par
|-unboost|p1a: Mr. Mime|spd|1
|-unboost|p1a: Mr. Mime|spa|1
|
|turn|28
|choice|move 1|move 2
|
|move|p2a: Electabuzz|Thunderbolt|p1a: Mr. Mime
|-crit|p1a: Mr. Mime
|-damage|p1a: Mr. Mime|18\/283 par
|move|p1a: Mr. Mime|Psychic|p2a: Electabuzz
|-damage|p2a: Electabuzz|257\/333 par
|-unboost|p2a: Electabuzz|spd|1
|-unboost|p2a: Electabuzz|spa|1
|
|turn|29
|choice|switch 2|move 4
|
|switch|p1a: Venusaur|Venusaur|363\/363
|move|p2a: Electabuzz|Seismic Toss|p1a: Venusaur
|-damage|p1a: Venusaur|263\/363
|
|turn|30
|choice|move 2|move 3
|
|move|p1a: Venusaur|Razor Leaf|p2a: Electabuzz
|-crit|p2a: Electabuzz
|-damage|p2a: Electabuzz|118\/333 par
|move|p2a: Electabuzz|Psychic|p1a: Venusaur
|-crit|p1a: Venusaur
|-supereffective|p1a: Venusaur
|-damage|p1a: Venusaur|2\/363
|-unboost|p1a: Venusaur|spd|1
|-unboost|p1a: Venusaur|spa|1
|
|turn|31
|c|★Enigami|Going for a 6-0
|choice|move 2|move 4
|
|move|p1a: Venusaur|Razor Leaf|p2a: Electabuzz
|-crit|p2a: Electabuzz
|-damage|p2a: Electabuzz|0 fnt
|faint|p2a: Electabuzz
|
|win|Enigami