|J|I love pochama
|J|CrapAtRBY
|player|p1|I love pochama|32
|player|p2|CrapAtRBY|1
|gametype|singles
|gen|1
|tier|[Gen 1] RU
|seed|7810,44984,55668,22575
|rule|Sleep Clause Mod: Limit one foe put to sleep
|rule|Freeze Clause Mod: Limit one foe frozen
|rule|Species Clause: Limit one of each Pokémon
|rule|OHKO Clause: OHKO moves are banned
|rule|Evasion Moves Clause: Evasion moves are banned
|rule|HP Percentage Mod: HP is shown in percentages
|
|start
|switch|p1a: Parasect|Parasect|323\/323
|switch|p2a: Mr. Mime|Mr. Mime|283\/283
|turn|1
|choice|move 1|move 3
|
|move|p2a: Mr. Mime|Thunder Wave|p1a: Parasect
|-status|p1a: Parasect|par
|move|p1a: Parasect|Spore|p2a: Mr. Mime
|-status|p2a: Mr. Mime|slp
|
|turn|2
|choice|switch 5|switch 3
|
|switch|p2a: Fearow|Fearow|333\/333
|switch|p1a: Flareon|Flareon|333\/333
|
|turn|3
|choice|switch 6|switch 4
|
|switch|p2a: Vaporeon|Vaporeon|463\/463
|switch|p1a: Aerodactyl|Aerodactyl|363\/363
|
|turn|4
|choice|switch 2|move 2
|
|switch|p1a: Kingler|Kingler|313\/313
|move|p2a: Vaporeon|Blizzard|p1a: Kingler
|-resisted|p1a: Kingler
|-damage|p1a: Kingler|232\/313
|
|turn|5
|choice|move 1|switch 5
|
|switch|p2a: Venusaur|Venusaur|363\/363
|move|p1a: Kingler|Body Slam|p2a: Venusaur
|-damage|p2a: Venusaur|278\/363
|-status|p2a: Venusaur|par
|
|turn|6
|choice|switch 5|move 1
|
|switch|p1a: Parasect|Parasect|323\/323 par
|cant|p2a: Venusaur|par
|
|turn|7
|choice|move 3|switch 4
|
|switch|p2a: Fearow|Fearow|333\/333
|cant|p1a: Parasect|par
|
|turn|8
|choice|switch 3|switch 5
|
|switch|p2a: Vaporeon|Vaporeon|463\/463
|switch|p1a: Clefable|Clefable|393\/393
|
|turn|9
|choice|move 1|switch 4
|
|switch|p2a: Venusaur|Venusaur|278\/363 par
|move|p1a: Clefable|Body Slam|p2a: Venusaur
|-damage|p2a: Venusaur|187\/363 par
|
|turn|10
|choice|switch 3|move 1
|
|switch|p1a: Parasect|Parasect|323\/323 par
|move|p2a: Venusaur|Sleep Powder|p1a: Parasect|[miss]
|-miss|p2a: Venusaur
|
|turn|11
|choice|move 2|move 3
|
|cant|p2a: Venusaur|par
|move|p1a: Parasect|Stun Spore|p2a: Venusaur|[miss]
|-miss|p1a: Parasect
|
|turn|12
|choice|move 3|move 3
|
|move|p2a: Venusaur|Body Slam|p1a: Parasect
|-damage|p1a: Parasect|257\/323 par
|move|p1a: Parasect|Leech Life|p2a: Venusaur
|-supereffective|p2a: Venusaur
|-damage|p2a: Venusaur|81\/363 par
|-heal|p1a: Parasect|310\/323 par|[from] drain|[of] p2a: Venusaur
|
|turn|13
|choice|move 2|switch 4
|
|switch|p2a: Vaporeon|Vaporeon|463\/463
|cant|p1a: Parasect|par
|
|turn|14
|choice|switch 5|move 3
|
|switch|p1a: Kingler|Kingler|232\/313
|move|p2a: Vaporeon|Body Slam|p1a: Kingler
|-damage|p1a: Kingler|184\/313
|-status|p1a: Kingler|par
|
|turn|15
|choice|move 1|switch 2
|
|switch|p2a: Clefable|Clefable|393\/393
|move|p1a: Kingler|Body Slam|p2a: Clefable
|-damage|p2a: Clefable|301\/393
|
|turn|16
|choice|switch 3|move 3
|
|switch|p1a: Clefable|Clefable|393\/393
|move|p2a: Clefable|Blizzard|p1a: Clefable
|-damage|p1a: Clefable|300\/393
|
|turn|17
|choice|move 4|move 2
|
|move|p2a: Clefable|Thunder Wave|p1a: Clefable
|-status|p1a: Clefable|par
|move|p1a: Clefable|Thunder Wave|p2a: Clefable
|-status|p2a: Clefable|par
|
|turn|18
|choice|move 2|switch 6
|
|switch|p2a: Dugtrio|Dugtrio|273\/273
|cant|p1a: Clefable|par
|
|turn|19
|c|★I love pochama|blizzarded rip
|choice|switch 5|switch 2
|
|switch|p2a: Vaporeon|Vaporeon|463\/463
|switch|p1a: Parasect|Parasect|310\/323 par
|
|turn|20
|choice|move 2|move 2
|
|move|p2a: Vaporeon|Blizzard|p1a: Parasect
|-supereffective|p1a: Parasect
|-damage|p1a: Parasect|93\/323 par
|cant|p1a: Parasect|par
|
|turn|21
|c|★I love pochama|stun spored rip
|choice|move 2|move 2
|
|move|p2a: Vaporeon|Blizzard|p1a: Parasect
|-supereffective|p1a: Parasect
|-damage|p1a: Parasect|0 fnt
|faint|p1a: Parasect
|choice|switch 3|
|
|switch|p1a: Kingler|Kingler|184\/313 par
|turn|22
|choice|move 1|move 3
|
|move|p2a: Vaporeon|Body Slam|p1a: Kingler
|-damage|p1a: Kingler|134\/313 par
|move|p1a: Kingler|Body Slam|p2a: Vaporeon
|-damage|p2a: Vaporeon|344\/463
|-status|p2a: Vaporeon|par
|
|turn|23
|choice|move 4|move 4
|
|move|p1a: Kingler|Swords Dance|p1a: Kingler
|-boost|p1a: Kingler|atk|2
|move|p2a: Vaporeon|Reflect|p2a: Vaporeon
|-start|p2a: Vaporeon|Reflect
|
|turn|24
|c|★I love pochama|!!!!!!!
|c|★I love pochama|though
|c|★I love pochama|you should use
|c|★I love pochama|acid armor>reflect
|c|★I love pochama|does same thing but
|c|★I love pochama|you can boost more if u ever need it
|choice|move 1|move 3
|
|move|p1a: Kingler|Body Slam|p2a: Vaporeon
|-damage|p2a: Vaporeon|239\/463 par
|move|p2a: Vaporeon|Body Slam|p1a: Kingler
|-damage|p1a: Kingler|89\/313 par
|
|turn|25
|c|★I love pochama|also triggers the para speed drop mechanics
|c|★I love pochama|=]
|choice|move 3|move 3
|
|move|p1a: Kingler|Hyper Beam|p2a: Vaporeon
|-damage|p2a: Vaporeon|60\/463 par
|move|p2a: Vaporeon|Body Slam|p1a: Kingler
|-damage|p1a: Kingler|44\/313 par
|
|turn|26
|-mustrecharge|p1a: Kingler
|-mustrecharge|p1a: Kingler
|choice|move 1|move 4
|
|cant|p1a: Kingler|recharge
|move|p2a: Vaporeon|Reflect|p2a: Vaporeon
|-fail|p2a: Vaporeon
|
|turn|27
|c|★CrapAtRBY|*facepalm*
|c|★I love pochama|:[
|c|★I love pochama|I'll SD
|c|★I love pochama|till you KO me
|c|★I love pochama|only fair
|choice|move 4|move 3
|
|cant|p1a: Kingler|par
|move|p2a: Vaporeon|Body Slam|p1a: Kingler
|-crit|p1a: Kingler
|-damage|p1a: Kingler|0 fnt
|faint|p1a: Kingler
|c|★CrapAtRBY|no it's okay
|c|★CrapAtRBY|my mistake
|choice|switch 4|
|
|switch|p1a: Mr. Mime|Mr. Mime|283\/283
|turn|28
|choice|move 1|switch 6
|
|switch|p2a: Clefable|Clefable|301\/393 par
|move|p1a: Mr. Mime|Psychic|p2a: Clefable
|-damage|p2a: Clefable|193\/393 par
|
|turn|29
|choice|move 1|move 2
|
|move|p1a: Mr. Mime|Psychic|p2a: Clefable
|-crit|p2a: Clefable
|-damage|p2a: Clefable|0 fnt
|faint|p2a: Clefable
|c|★I love pochama|i know it mattered but
|c|★I love pochama|it didn't matter
|c|★I love pochama|aero cleans from here anyway
|c|★I love pochama|unless lucked D:
|choice||switch 2
|
|switch|p2a: Dugtrio|Dugtrio|273\/273
|turn|30
|choice|move 1|move 2
|
|move|p2a: Dugtrio|Rock Slide|p1a: Mr. Mime|[miss]
|-miss|p2a: Dugtrio
|move|p1a: Mr. Mime|Psychic|p2a: Dugtrio
|-damage|p2a: Dugtrio|135\/273
|
|turn|31
|choice|move 1|move 1
|
|move|p2a: Dugtrio|Earthquake|p1a: Mr. Mime
|-crit|p1a: Mr. Mime
|-damage|p1a: Mr. Mime|35\/283
|move|p1a: Mr. Mime|Psychic|p2a: Dugtrio
|-crit|p2a: Dugtrio
|-damage|p2a: Dugtrio|0 fnt
|faint|p2a: Dugtrio
|c|★I love pochama|since you switched in fable on mime
|c|★I love pochama|fable was the only thing
|c|★I love pochama|you had left
|c|★I love pochama|that could neuter aero
|choice||switch 5
|
|switch|p2a: Fearow|Fearow|333\/333
|turn|32
|c|★I love pochama|but I had flareon\/clefable of my own to help with it too
|choice|move 3|move 1
|
|move|p2a: Fearow|Drill Peck|p1a: Mr. Mime
|-damage|p1a: Mr. Mime|0 fnt
|faint|p1a: Mr. Mime
|choice|switch 2|
|
|switch|p1a: Aerodactyl|Aerodactyl|363\/363
|turn|33
|choice|move 3|move 3
|
|move|p1a: Aerodactyl|Fire Blast|p2a: Fearow
|-crit|p2a: Fearow
|-damage|p2a: Fearow|143\/333
|move|p2a: Fearow|Mirror Move|p2a: Fearow
|move|p2a: Fearow|Fire Blast|p1a: Aerodactyl|[from]Mirror Move
|-resisted|p1a: Aerodactyl
|-damage|p1a: Aerodactyl|320\/363
|-status|p1a: Aerodactyl|brn
|
|turn|34
|c|★I love pochama|LOL
|c|★I love pochama|i'm so bad oml
|c|★CrapAtRBY|rofl
|J|CowboyDan1
|choice|move 2|move 3
|
|move|p1a: Aerodactyl|Double-Edge|p2a: Fearow
|-damage|p2a: Fearow|86\/333
|-damage|p1a: Aerodactyl|306\/363 brn|[from] recoil|[of] p2a: Fearow
|-damage|p1a: Aerodactyl|284\/363 brn|[from] brn|[of] p2a: Fearow
|move|p2a: Fearow|Mirror Move|p2a: Fearow
|move|p2a: Fearow|Double-Edge|p1a: Aerodactyl|[from]Mirror Move
|-resisted|p1a: Aerodactyl
|-damage|p1a: Aerodactyl|216\/363 brn
|-damage|p2a: Fearow|69\/333|[from] recoil|[of] p1a: Aerodactyl
|
|turn|35
|choice|move 1|move 2
|
|move|p1a: Aerodactyl|Hyper Beam|p2a: Fearow
|-damage|p2a: Fearow|0 fnt
|faint|p2a: Fearow
|choice||switch 4
|
|switch|p2a: Venusaur|Venusaur|81\/363 par
|turn|36
|c|★I love pochama|I probably still sweep with this but rofl
|choice|move 3|move 2
|
|move|p1a: Aerodactyl|Fire Blast|p2a: Venusaur|[miss]
|-miss|p1a: Aerodactyl
|-damage|p1a: Aerodactyl|194\/363 brn|[from] brn|[of] p2a: Venusaur
|move|p2a: Venusaur|Razor Leaf|p1a: Aerodactyl
|-crit|p1a: Aerodactyl
|-damage|p1a: Aerodactyl|18\/363 brn
|
|turn|37
|c|★CrapAtRBY|Yeah you still do
|c|★I love pochama|or not lmao
|c|★I love pochama|needed to hit that ;~;
|choice|move 3|move 3
|
|move|p1a: Aerodactyl|Fire Blast|p2a: Venusaur
|-supereffective|p2a: Venusaur
|-damage|p2a: Venusaur|0 fnt
|faint|p2a: Venusaur
|c|★I love pochama|i mean now i sweep with something else but
|choice||switch 3
|
|switch|p2a: Mr. Mime|Mr. Mime|283\/283 slp
|turn|38
|c|★I love pochama|aero should 
|c|★I love pochama|have 
|c|★I love pochama|j
|c|★I love pochama|u
|c|★I love pochama|s
|c|★I love pochama|t
|c|★I love pochama|c
|c|★I love pochama|a
|c|★I love pochama|fuck
|c|★I love pochama|why did enter stick
|c|★I love pochama|:[
|c|★I love pochama|aero shoulda just cleaned lol but
|c|★I love pochama|that was the most
|c|★I love pochama|amazing fuck up
|c|★I love pochama|I've ever seen or done
|choice|move 1|move 2
|
|move|p1a: Aerodactyl|Hyper Beam|p2a: Mr. Mime
|-damage|p2a: Mr. Mime|205\/283 slp
|-damage|p1a: Aerodactyl|0 fnt|[from] brn|[of] p2a: Mr. Mime
|faint|p1a: Aerodactyl
|choice|switch 6|
|
|switch|p1a: Flareon|Flareon|333\/333
|turn|39
|choice|move 1|move 3
|
|cant|p2a: Mr. Mime|slp
|move|p1a: Flareon|Body Slam|p2a: Mr. Mime
|-damage|p2a: Mr. Mime|101\/283 slp
|
|turn|40
|choice|move 1|move 3
|
|cant|p2a: Mr. Mime|slp
|move|p1a: Flareon|Body Slam|p2a: Mr. Mime
|-damage|p2a: Mr. Mime|2\/283 slp
|
|turn|41
|choice|move 1|move 3
|
|cant|p2a: Mr. Mime|slp
|move|p1a: Flareon|Body Slam|p2a: Mr. Mime
|-crit|p2a: Mr. Mime
|-damage|p2a: Mr. Mime|0 fnt
|faint|p2a: Mr. Mime
|choice||switch 6
|
|switch|p2a: Vaporeon|Vaporeon|60\/463 par
|turn|42
|choice|move 1|move 1
|
|move|p1a: Flareon|Body Slam|p2a: Vaporeon
|-damage|p2a: Vaporeon|0 fnt
|faint|p2a: Vaporeon
|
|win|I love pochama
|c|★CrapAtRBY|GGs
|c|★I love pochama|GGs
|L|CowboyDan1
|c|★I love pochama|that was
|c|★I love pochama|a fun series
|c|★CrapAtRBY|It's a nice tier