|J|marcoasd
|J|Disaster Area
|player|p1|marcoasd|101
|player|p2|Disaster Area|32
|gametype|singles
|gen|1
|tier|[Gen 1] Green
|seed|44593,23868,42932,24830
|rule|Sleep Clause Mod: Limit one foe put to sleep
|rule|Species Clause: Limit one of each Pokémon
|rule|OHKO Clause: OHKO moves are banned
|rule|Evasion Moves Clause: Evasion moves are banned
|rule|HP Percentage Mod: HP is shown in percentages
|
|start
|switch|p1a: Starmie|Starmie|323\/323
|switch|p2a: Jolteon|Jolteon|333\/333
|turn|1
|choice|switch 6|switch 6
|
|switch|p2a: Gengar|Gengar|323\/323
|switch|p1a: Chansey|Chansey|703\/703
|
|turn|2
|c|★Disaster Area|gl hf
|choice|switch 6|move 2
|
|switch|p1a: Starmie|Starmie|323\/323
|move|p2a: Gengar|Hypnosis|p1a: Starmie|[miss]
|-miss|p2a: Gengar
|
|turn|3
|choice|move 2|switch 4
|
|switch|p2a: Lapras|Lapras|463\/463
|move|p1a: Starmie|Blizzard|p2a: Lapras
|-resisted|p2a: Lapras
|-damage|p2a: Lapras|439\/463
|
|turn|4
|choice|move 3|move 4
|
|move|p1a: Starmie|Thunder Wave|p2a: Lapras
|-status|p2a: Lapras|par
|move|p2a: Lapras|Sing|p1a: Starmie|[miss]
|-miss|p2a: Lapras
|
|turn|5
|choice|move 1|move 4
|
|move|p1a: Starmie|Psychic|p2a: Lapras
|-damage|p2a: Lapras|328\/463 par
|move|p2a: Lapras|Sing|p1a: Starmie|[miss]
|-miss|p2a: Lapras
|
|turn|6
|J|Sunding
|J|ZNain
|choice|move 1|move 4
|
|move|p1a: Starmie|Psychic|p2a: Lapras
|-damage|p2a: Lapras|226\/463 par
|cant|p2a: Lapras|par
|
|turn|7
|choice|move 1|move 4
|
|move|p1a: Starmie|Psychic|p2a: Lapras
|-damage|p2a: Lapras|115\/463 par
|-unboost|p2a: Lapras|spd|1
|-unboost|p2a: Lapras|spa|1
|cant|p2a: Lapras|par
|
|turn|8
|choice|move 1|move 4
|
|move|p1a: Starmie|Psychic|p2a: Lapras
|-damage|p2a: Lapras|0 fnt
|faint|p2a: Lapras
|choice||switch 3
|
|switch|p2a: Jynx|Jynx|333\/333
|turn|9
|choice|move 3|move 1
|
|move|p1a: Starmie|Thunder Wave|p2a: Jynx
|-status|p2a: Jynx|par
|move|p2a: Jynx|Blizzard|p1a: Starmie
|-resisted|p1a: Starmie
|-damage|p1a: Starmie|254\/323
|
|turn|10
|choice|switch 2|move 1
|
|switch|p1a: Jynx|Jynx|333\/333
|move|p2a: Jynx|Blizzard|p1a: Jynx
|-resisted|p1a: Jynx
|-damage|p1a: Jynx|264\/333
|
|turn|11
|choice|move 3|move 2
|
|move|p1a: Jynx|Psychic|p2a: Jynx
|-resisted|p2a: Jynx
|-damage|p2a: Jynx|281\/333 par
|move|p2a: Jynx|Lovely Kiss|p1a: Jynx|[miss]
|-miss|p2a: Jynx
|
|turn|12
|choice|switch 2|move 2
|
|switch|p1a: Starmie|Starmie|254\/323
|move|p2a: Jynx|Lovely Kiss|p1a: Starmie
|-status|p1a: Starmie|slp
|
|turn|13
|choice|switch 2|switch 2
|
|switch|p1a: Jynx|Jynx|264\/333
|switch|p2a: Tauros|Tauros|353\/353
|
|turn|14
|choice|switch 4|move 4
|
|switch|p1a: Lapras|Lapras|463\/463
|move|p2a: Tauros|Hyper Beam|p1a: Lapras
|-damage|p1a: Lapras|268\/463
|
|turn|15
|-mustrecharge|p2a: Tauros
|-mustrecharge|p2a: Tauros
|choice|move 1|move 1
|
|cant|p2a: Tauros|recharge
|move|p1a: Lapras|Blizzard|p2a: Tauros
|-damage|p2a: Tauros|191\/353
|
|turn|16
|choice|move 1|switch 2
|
|switch|p2a: Jynx|Jynx|281\/333 par
|move|p1a: Lapras|Blizzard|p2a: Jynx
|-resisted|p2a: Jynx
|-damage|p2a: Jynx|206\/333 par
|
|turn|17
|choice|move 4|move 3
|
|move|p1a: Lapras|Body Slam|p2a: Jynx
|-damage|p2a: Jynx|96\/333 par
|move|p2a: Jynx|Psychic|p1a: Lapras
|-damage|p1a: Lapras|164\/463
|
|turn|18
|choice|move 4|switch 4
|
|switch|p2a: Gengar|Gengar|323\/323
|move|p1a: Lapras|Body Slam|p2a: Gengar
|-immune|p2a: Gengar|[msg]
|
|turn|19
|choice|switch 5|move 3
|
|switch|p1a: Jolteon|Jolteon|333\/333
|move|p2a: Gengar|Explosion|p1a: Jolteon
|-damage|p1a: Jolteon|50\/333
|faint|p2a: Gengar
|choice||switch 6
|
|switch|p2a: Jolteon|Jolteon|333\/333
|turn|20
|choice|switch 6|move 1
|
|switch|p1a: Chansey|Chansey|703\/703
|move|p2a: Jolteon|Thunderbolt|p1a: Chansey
|-damage|p1a: Chansey|589\/703
|
|turn|21
|choice|move 1|move 2
|
|move|p2a: Jolteon|Thunder Wave|p1a: Chansey
|-status|p1a: Chansey|par
|move|p1a: Chansey|Thunder Wave|p2a: Jolteon
|-status|p2a: Jolteon|par
|
|turn|22
|choice|switch 3|move 4
|
|switch|p1a: Snorlax|Snorlax|523\/523
|move|p2a: Jolteon|Tail Whip|p1a: Snorlax
|-unboost|p1a: Snorlax|def|1
|
|turn|23
|choice|move 1|move 3
|
|move|p1a: Snorlax|Amnesia|p1a: Snorlax
|-boost|p1a: Snorlax|spd|2
|-boost|p1a: Snorlax|spa|2
|move|p2a: Jolteon|Double Kick|p1a: Snorlax
|-supereffective|p1a: Snorlax
|-damage|p1a: Snorlax|450\/523
|-damage|p1a: Snorlax|377\/523
|-hitcount|p1a: Snorlax|2
|
|turn|24
|c|★marcoasd|asd
|c|★Disaster Area|lol.
|choice|move 3|switch 4
|
|switch|p2a: Jynx|Jynx|96\/333 par
|move|p1a: Snorlax|Blizzard|p2a: Jynx
|-resisted|p2a: Jynx
|-damage|p2a: Jynx|25\/333 par
|
|turn|25
|choice|move 2|move 1
|
|move|p1a: Snorlax|Thunderbolt|p2a: Jynx
|-damage|p2a: Jynx|0 fnt
|faint|p2a: Jynx
|choice||switch 5
|
|switch|p2a: Starmie|Starmie|323\/323
|turn|26
|choice|switch 2|move 1
|
|switch|p1a: Starmie|Starmie|254\/323 slp
|move|p2a: Starmie|Blizzard|p1a: Starmie
|-resisted|p1a: Starmie
|-damage|p1a: Starmie|211\/323 slp
|
|turn|27
|choice|move 2|switch 4
|
|switch|p2a: Jolteon|Jolteon|333\/333 par
|cant|p1a: Starmie|slp
|
|turn|28
|choice|switch 2|move 1
|
|switch|p1a: Snorlax|Snorlax|377\/523
|move|p2a: Jolteon|Thunderbolt|p1a: Snorlax
|-damage|p1a: Snorlax|215\/523
|
|turn|29
|choice|move 4|move 1
|
|move|p1a: Snorlax|Self-Destruct|p2a: Jolteon
|-damage|p2a: Jolteon|0 fnt
|faint|p2a: Jolteon
|faint|p1a: Snorlax
|choice|switch 6|switch 4
|
|switch|p1a: Jolteon|Jolteon|50\/333
|switch|p2a: Starmie|Starmie|323\/323
|turn|30
|choice|switch 3|move 2
|
|switch|p1a: Chansey|Chansey|589\/703 par
|move|p2a: Starmie|Psychic|p1a: Chansey
|-damage|p1a: Chansey|492\/703 par
|
|turn|31
|choice|move 2|move 2
|
|move|p2a: Starmie|Psychic|p1a: Chansey
|-damage|p1a: Chansey|391\/703 par
|-unboost|p1a: Chansey|spd|1
|-unboost|p1a: Chansey|spa|1
|move|p1a: Chansey|Blizzard|p2a: Starmie
|-resisted|p2a: Starmie
|-damage|p2a: Starmie|293\/323
|-status|p2a: Starmie|frz
|
|turn|32
|c|★marcoasd|rip
|choice|move 4|switch 2
|
|switch|p2a: Tauros|Tauros|191\/353
|move|p1a: Chansey|Soft-Boiled|p1a: Chansey
|-heal|p1a: Chansey|703\/703 par
|
|turn|33
|choice|switch 2|move 4
|
|switch|p1a: Starmie|Starmie|211\/323 slp
|move|p2a: Tauros|Hyper Beam|p1a: Starmie
|-damage|p1a: Starmie|7\/323 slp
|
|turn|34
|-mustrecharge|p2a: Tauros
|-mustrecharge|p2a: Tauros
|choice|switch 3|move 1
|
|switch|p1a: Jolteon|Jolteon|50\/333
|cant|p2a: Tauros|recharge
|
|turn|35
|c|★marcoasd|ggs
|choice|move 2|move 1
|
|move|p1a: Jolteon|Thunder Wave|p2a: Tauros
|-status|p2a: Tauros|par
|cant|p2a: Tauros|par
|
|turn|36
|c|★Disaster Area|asd ggs
|choice|move 1|move 1
|
|move|p1a: Jolteon|Thunderbolt|p2a: Tauros
|-damage|p2a: Tauros|36\/353 par
|move|p2a: Tauros|Body Slam|p1a: Jolteon
|-damage|p1a: Jolteon|0 fnt
|faint|p1a: Jolteon
|choice|switch 5|
|
|switch|p1a: Lapras|Lapras|164\/463
|turn|37
|choice|move 2|move 1
|
|move|p1a: Lapras|Thunderbolt|p2a: Tauros
|-damage|p2a: Tauros|0 fnt
|faint|p2a: Tauros
|-message|Disaster Area forfeited.
|
|win|marcoasd