|J|I love pochama
|J|Peasounay
|player|p1|I love pochama|32
|player|p2|Peasounay|80
|gametype|singles
|gen|1
|tier|[Gen 1] RU
|seed|23571,53593,25490,61012
|rule|Sleep Clause Mod: Limit one foe put to sleep
|rule|Freeze Clause Mod: Limit one foe frozen
|rule|Species Clause: Limit one of each Pokémon
|rule|OHKO Clause: OHKO moves are banned
|rule|Evasion Moves Clause: Evasion moves are banned
|rule|HP Percentage Mod: HP is shown in percentages
|
|start
|switch|p1a: Parasect|Parasect|323\/323
|switch|p2a: Clefable|Clefable|393\/393
|turn|1
|choice|move 1|move 1
|
|move|p2a: Clefable|Blizzard|p1a: Parasect
|-supereffective|p1a: Parasect
|-damage|p1a: Parasect|137\/323
|move|p1a: Parasect|Spore|p2a: Clefable
|-status|p2a: Clefable|slp
|
|turn|2
|choice|move 4|move 1
|
|cant|p2a: Clefable|slp
|move|p1a: Parasect|Mega Drain|p2a: Clefable
|-damage|p2a: Clefable|350\/393 slp
|-heal|p1a: Parasect|158\/323|[from] drain|[of] p2a: Clefable
|
|turn|3
|choice|switch 2|switch 6
|
|switch|p2a: Venusaur|Venusaur|363\/363
|switch|p1a: Kingler|Kingler|313\/313
|
|turn|4
|choice|switch 2|move 3
|
|switch|p1a: Parasect|Parasect|158\/323
|move|p2a: Venusaur|Body Slam|p1a: Parasect
|-damage|p1a: Parasect|87\/323
|
|turn|5
|choice|move 2|move 4
|
|move|p2a: Venusaur|Hyper Beam|p1a: Parasect
|-damage|p1a: Parasect|0 fnt
|faint|p1a: Parasect
|choice|switch 4|
|
|switch|p1a: Mr. Mime|Mr. Mime|283\/283
|turn|6
|choice|move 2|switch 2
|
|switch|p2a: Mr. Mime|Mr. Mime|283\/283
|move|p1a: Mr. Mime|Thunder Wave|p2a: Mr. Mime
|-status|p2a: Mr. Mime|par
|
|turn|7
|choice|switch 5|move 1
|
|switch|p1a: Flareon|Flareon|333\/333
|move|p2a: Mr. Mime|Thunder Wave|p1a: Flareon
|-status|p1a: Flareon|par
|
|turn|8
|choice|switch 3|switch 3
|
|switch|p2a: Dewgong|Dewgong|383\/383
|switch|p1a: Clefable|Clefable|393\/393
|
|turn|9
|choice|move 4|switch 5
|
|switch|p2a: Gastly|Gastly|263\/263
|move|p1a: Clefable|Thunder Wave|p2a: Gastly
|-status|p2a: Gastly|par
|
|turn|10
|choice|switch 3|move 2
|
|switch|p1a: Flareon|Flareon|333\/333 par
|move|p2a: Gastly|Hypnosis|p1a: Flareon
|-fail|p1a: Flareon
|
|turn|11
|choice|switch 5|switch 5
|
|switch|p2a: Dewgong|Dewgong|383\/383
|switch|p1a: Mr. Mime|Mr. Mime|283\/283
|
|turn|12
|choice|move 3|switch 3
|
|switch|p2a: Mr. Mime|Mr. Mime|283\/283 par
|move|p1a: Mr. Mime|Thunderbolt|p2a: Mr. Mime
|-crit|p2a: Mr. Mime
|-damage|p2a: Mr. Mime|139\/283 par
|
|turn|13
|choice|switch 3|move 4
|
|switch|p1a: Clefable|Clefable|393\/393
|cant|p2a: Mr. Mime|par
|
|turn|14
|choice|move 2|switch 5
|
|switch|p2a: Gastly|Gastly|263\/263 par
|move|p1a: Clefable|Blizzard|p2a: Gastly
|-damage|p2a: Gastly|174\/263 par
|
|turn|15
|choice|switch 3|switch 4
|
|switch|p1a: Mr. Mime|Mr. Mime|283\/283
|switch|p2a: Sandslash|Sandslash|353\/353
|
|turn|16
|choice|switch 2|move 2
|
|switch|p1a: Kingler|Kingler|313\/313
|move|p2a: Sandslash|Earthquake|p1a: Kingler
|-damage|p1a: Kingler|216\/313
|
|turn|17
|choice|move 2|switch 2
|
|switch|p2a: Venusaur|Venusaur|363\/363
|move|p1a: Kingler|Crabhammer|p2a: Venusaur
|-crit|p2a: Venusaur
|-resisted|p2a: Venusaur
|-damage|p2a: Venusaur|297\/363
|
|turn|18
|choice|switch 5|switch 2
|
|switch|p2a: Sandslash|Sandslash|353\/353
|switch|p1a: Flareon|Flareon|333\/333 par
|
|turn|19
|choice|switch 6|move 2
|
|switch|p1a: Aerodactyl|Aerodactyl|363\/363
|move|p2a: Sandslash|Earthquake|p1a: Aerodactyl
|-immune|p1a: Aerodactyl|[msg]
|
|turn|20
|choice|move 3|move 3
|
|move|p1a: Aerodactyl|Fire Blast|p2a: Sandslash
|-damage|p2a: Sandslash|260\/353
|-status|p2a: Sandslash|brn
|move|p2a: Sandslash|Rock Slide|p1a: Aerodactyl
|-supereffective|p1a: Aerodactyl
|-damage|p1a: Aerodactyl|287\/363
|-damage|p2a: Sandslash|238\/353 brn|[from] brn|[of] p1a: Aerodactyl
|
|turn|21
|c|★Peasounay|sadface
|choice|switch 5|switch 3
|
|switch|p1a: Kingler|Kingler|216\/313
|switch|p2a: Dewgong|Dewgong|383\/383
|
|turn|22
|c|★I love pochama|:]
|choice|move 1|switch 2
|
|switch|p2a: Venusaur|Venusaur|297\/363
|move|p1a: Kingler|Body Slam|p2a: Venusaur
|-damage|p2a: Venusaur|210\/363
|
|turn|23
|choice|switch 6|move 2
|
|switch|p1a: Flareon|Flareon|333\/333 par
|move|p2a: Venusaur|Razor Leaf|p1a: Flareon
|-crit|p1a: Flareon
|-resisted|p1a: Flareon
|-damage|p1a: Flareon|270\/333 par
|
|turn|24
|choice|move 2|switch 2
|
|switch|p2a: Dewgong|Dewgong|383\/383
|cant|p1a: Flareon|par
|
|turn|25
|choice|switch 6|move 1
|
|switch|p1a: Kingler|Kingler|216\/313
|move|p2a: Dewgong|Surf|p1a: Kingler
|-crit|p1a: Kingler
|-resisted|p1a: Kingler
|-damage|p1a: Kingler|46\/313
|
|turn|26
|c|★Peasounay|rip
|choice|move 1|move 1
|
|move|p1a: Kingler|Body Slam|p2a: Dewgong
|-damage|p2a: Dewgong|296\/383
|move|p2a: Dewgong|Surf|p1a: Kingler
|-resisted|p1a: Kingler
|-damage|p1a: Kingler|0 fnt
|faint|p1a: Kingler
|choice|switch 3|
|
|switch|p1a: Clefable|Clefable|393\/393
|turn|27
|choice|move 3|switch 6
|
|switch|p2a: Clefable|Clefable|350\/393 slp
|move|p1a: Clefable|Thunderbolt|p2a: Clefable
|-crit|p2a: Clefable
|-damage|p2a: Clefable|206\/393 slp
|
|turn|28
|choice|move 1|move 4
|
|cant|p2a: Clefable|slp
|move|p1a: Clefable|Body Slam|p2a: Clefable
|-damage|p2a: Clefable|112\/393 slp
|
|turn|29
|choice|move 1|move 4
|
|cant|p2a: Clefable|slp
|move|p1a: Clefable|Body Slam|p2a: Clefable
|-crit|p2a: Clefable
|-damage|p2a: Clefable|0 fnt
|faint|p2a: Clefable
|choice||switch 2
|
|switch|p2a: Venusaur|Venusaur|210\/363
|turn|30
|choice|switch 2|switch 6
|
|switch|p2a: Dewgong|Dewgong|296\/383
|switch|p1a: Mr. Mime|Mr. Mime|283\/283
|
|turn|31
|choice|move 2|move 1
|
|move|p1a: Mr. Mime|Thunder Wave|p2a: Dewgong
|-status|p2a: Dewgong|par
|move|p2a: Dewgong|Surf|p1a: Mr. Mime
|-damage|p1a: Mr. Mime|181\/283
|
|turn|32
|choice|switch 2|move 3
|
|switch|p1a: Clefable|Clefable|393\/393
|move|p2a: Dewgong|Hyper Beam|p1a: Clefable
|-damage|p1a: Clefable|270\/393
|
|turn|33
|-mustrecharge|p2a: Dewgong
|-mustrecharge|p2a: Dewgong
|choice|move 3|move 1
|
|move|p1a: Clefable|Thunderbolt|p2a: Dewgong
|-supereffective|p2a: Dewgong
|-damage|p2a: Dewgong|154\/383 par
|cant|p2a: Dewgong|recharge
|
|turn|34
|choice|move 1|move 1
|
|move|p1a: Clefable|Body Slam|p2a: Dewgong
|-damage|p2a: Dewgong|65\/383 par
|move|p2a: Dewgong|Surf|p1a: Clefable
|-damage|p1a: Clefable|155\/393
|
|turn|35
|choice|move 1|move 1
|
|move|p1a: Clefable|Body Slam|p2a: Dewgong
|-damage|p2a: Dewgong|0 fnt
|faint|p2a: Dewgong
|choice||switch 5
|
|switch|p2a: Mr. Mime|Mr. Mime|139\/283 par
|turn|36
|choice|move 1|move 3
|
|move|p1a: Clefable|Body Slam|p2a: Mr. Mime
|-damage|p2a: Mr. Mime|32\/283 par
|move|p2a: Mr. Mime|Psychic|p1a: Clefable
|-damage|p1a: Clefable|37\/393
|
|turn|37
|c|★Peasounay|what's your opinion on gastly ?
|choice|move 2|move 3
|
|move|p1a: Clefable|Blizzard|p2a: Mr. Mime|[miss]
|-miss|p1a: Clefable
|move|p2a: Mr. Mime|Psychic|p1a: Clefable
|-damage|p1a: Clefable|0 fnt
|faint|p1a: Clefable
|c|★I love pochama|i like it
|choice|switch 2|
|
|switch|p1a: Mr. Mime|Mr. Mime|181\/283
|turn|38
|choice|move 1|move 4
|
|move|p1a: Mr. Mime|Psychic|p2a: Mr. Mime
|-resisted|p2a: Mr. Mime
|-damage|p2a: Mr. Mime|0 fnt
|faint|p2a: Mr. Mime
|c|★I love pochama|i dunno exactly tho
|c|★I love pochama|i think
|c|★I love pochama|it walls a lot of mons but
|c|★I love pochama|only a few of them
|c|★I love pochama|are all that good
|c|★I love pochama|- that it walls
|c|★I love pochama|and it isn't too happy when para'd
|c|★I love pochama|but
|c|★I love pochama|it's defo viable
|choice||switch 3
|
|switch|p2a: Sandslash|Sandslash|238\/353 brn
|turn|39
|c|★I love pochama|but if my viewpoint isn't very accurate and marco's more correct
|c|★I love pochama|i'd start losing out on hope lol
|choice|switch 5|move 2
|
|switch|p1a: Aerodactyl|Aerodactyl|287\/363
|move|p2a: Sandslash|Earthquake|p1a: Aerodactyl
|-immune|p1a: Aerodactyl|[msg]
|-damage|p2a: Sandslash|216\/353 brn|[from] brn|[of] p1a: Aerodactyl
|
|turn|40
|c|★I love pochama|SKY TIME :D
|c|★Peasounay|well shit
|choice|move 4|move 1
|
|move|p1a: Aerodactyl|Sky Attack|p2a: Sandslash|[still]
|-prepare|p1a: Aerodactyl|Sky Attack|p2a: Sandslash
|move|p2a: Sandslash|Swords Dance|p2a: Sandslash
|-boost|p2a: Sandslash|atk|2
|-damage|p2a: Sandslash|194\/353 brn|[from] brn
|
|turn|41
|choice|move 1|move 3
|
|move|p1a: Aerodactyl|Sky Attack|p2a: Sandslash
|-damage|p2a: Sandslash|27\/353 brn
|move|p2a: Sandslash|Rock Slide|p1a: Aerodactyl
|-crit|p1a: Aerodactyl
|-supereffective|p1a: Aerodactyl
|-damage|p1a: Aerodactyl|11\/363
|-damage|p2a: Sandslash|5\/353 brn|[from] brn|[of] p1a: Aerodactyl
|
|turn|42
|c|★Peasounay|rip
|c|★I love pochama|lol
|c|★I love pochama|nice
|c|★I love pochama|rip
|choice|move 2|move 3
|
|move|p1a: Aerodactyl|Double-Edge|p2a: Sandslash
|-damage|p2a: Sandslash|0 fnt
|-damage|p1a: Aerodactyl|10\/363|[from] recoil|[of] p2a: Sandslash
|faint|p2a: Sandslash
|choice||switch 6
|
|switch|p2a: Venusaur|Venusaur|210\/363
|turn|43
|c|★I love pochama|i like having
|c|★I love pochama|105 atk
|c|★I love pochama|using 140 bp
|c|★I love pochama|stab attack
|c|★I love pochama|:D
|choice|move 3|move 2
|
|move|p1a: Aerodactyl|Fire Blast|p2a: Venusaur
|-supereffective|p2a: Venusaur
|-damage|p2a: Venusaur|69\/363
|-status|p2a: Venusaur|brn
|move|p2a: Venusaur|Razor Leaf|p1a: Aerodactyl
|-crit|p1a: Aerodactyl
|-damage|p1a: Aerodactyl|0 fnt
|faint|p1a: Aerodactyl
|choice|switch 5|
|
|switch|p1a: Mr. Mime|Mr. Mime|181\/283
|turn|44
|c|★I love pochama|gg
|choice|move 1|move 2
|
|move|p1a: Mr. Mime|Psychic|p2a: Venusaur
|-supereffective|p2a: Venusaur
|-damage|p2a: Venusaur|0 fnt
|faint|p2a: Venusaur
|c|★Peasounay|gg
|choice||switch 4
|
|switch|p2a: Gastly|Gastly|174\/263 par
|turn|45
|choice|move 1|move 2
|
|move|p1a: Mr. Mime|Psychic|p2a: Gastly
|-crit|p2a: Gastly
|-supereffective|p2a: Gastly
|-damage|p2a: Gastly|0 fnt
|faint|p2a: Gastly
|
|win|I love pochama