|J|marcoasd
|J|Disaster Area
|player|p1|marcoasd|1
|player|p2|Disaster Area|32
|gametype|singles
|gen|1
|tier|[Gen 1] RU
|seed|23009,14667,14580,16539
|rule|Sleep Clause Mod: Limit one foe put to sleep
|rule|Freeze Clause Mod: Limit one foe frozen
|rule|Species Clause: Limit one of each Pokémon
|rule|OHKO Clause: OHKO moves are banned
|rule|Evasion Moves Clause: Evasion moves are banned
|rule|HP Percentage Mod: HP is shown in percentages
|
|start
|switch|p1a: Rapidash|Rapidash|333\/333
|switch|p2a: Ninetales|Ninetales|349\/349
|turn|1
|c|★Disaster Area|psh
|c|★Disaster Area|asd
|c|★Disaster Area|xd
|J|Peasounay
|c|★marcoasd|asd
|choice|move 2|move 1
|
|move|p1a: Rapidash|Body Slam|p2a: Ninetales
|-crit|p2a: Ninetales
|-damage|p2a: Ninetales|185\/349
|move|p2a: Ninetales|Body Slam|p1a: Rapidash
|-damage|p1a: Rapidash|260\/333
|
|turn|2
|choice|move 2|move 1
|
|move|p1a: Rapidash|Body Slam|p2a: Ninetales
|-damage|p2a: Ninetales|109\/349
|move|p2a: Ninetales|Body Slam|p1a: Rapidash
|-damage|p1a: Rapidash|184\/333
|
|turn|3
|choice|move 2|switch 4
|
|switch|p2a: Blastoise|Blastoise|361\/361
|move|p1a: Rapidash|Body Slam|p2a: Blastoise
|-crit|p2a: Blastoise
|-damage|p2a: Blastoise|236\/361
|-status|p2a: Blastoise|par
|
|turn|4
|c|★marcoasd|asd
|choice|switch 6|move 3
|
|switch|p1a: Porygon|Porygon|333\/333
|move|p2a: Blastoise|Hydro Pump|p1a: Porygon|[miss]
|-miss|p2a: Blastoise
|
|turn|5
|c|★Disaster Area|maybe fire types are immune to body slam :^)
|choice|move 2|switch 2
|
|switch|p2a: Weepinbell|Weepinbell|333\/333
|move|p1a: Porygon|Thunderbolt|p2a: Weepinbell
|-resisted|p2a: Weepinbell
|-damage|p2a: Weepinbell|299\/333
|
|turn|6
|choice|switch 6|move 1
|
|switch|p1a: Rapidash|Rapidash|184\/333
|move|p2a: Weepinbell|Sleep Powder|p1a: Rapidash|[miss]
|-miss|p2a: Weepinbell
|
|turn|7
|c|★Disaster Area|asd
|c|★Disaster Area|porco dio
|c|★marcoasd|asd
|choice|move 2|switch 2
|
|switch|p2a: Blastoise|Blastoise|236\/361 par
|move|p1a: Rapidash|Body Slam|p2a: Blastoise
|-crit|p2a: Blastoise
|-damage|p2a: Blastoise|117\/361 par
|
|turn|8
|c|★Disaster Area|porca madonna
|c|★Disaster Area|dio cane
|c|★Disaster Area|dio stronzooooooooo
|c|★marcoasd|tortelli
|c|★Disaster Area|madonna col cazzo
|c|★Disaster Area|asd
|c|★marcoasd|macaroni
|c|★Disaster Area|fucking
|c|★Disaster Area|lol
|choice|move 3|move 4
|
|move|p1a: Rapidash|Hyper Beam|p2a: Blastoise
|-damage|p2a: Blastoise|0 fnt
|faint|p2a: Blastoise
|c|★marcoasd|spaghetti with meatballs
|choice||switch 6
|
|switch|p2a: Slowpoke|Slowpoke|383\/383
|turn|9
|c|★Disaster Area|meaty serenghetto
|choice|move 2|move 1
|
|move|p1a: Rapidash|Body Slam|p2a: Slowpoke
|-crit|p2a: Slowpoke
|-damage|p2a: Slowpoke|202\/383
|-status|p2a: Slowpoke|par
|move|p2a: Slowpoke|Thunder Wave|p1a: Rapidash
|-status|p1a: Rapidash|par
|
|turn|10
|c|★marcoasd|so much violence
|choice|move 2|move 3
|
|move|p1a: Rapidash|Body Slam|p2a: Slowpoke
|-damage|p2a: Slowpoke|119\/383 par
|move|p2a: Slowpoke|Amnesia|p2a: Slowpoke
|-boost|p2a: Slowpoke|spd|2
|-boost|p2a: Slowpoke|spa|2
|
|turn|11
|c|★Disaster Area|watch me get 6-0d
|c|★Disaster Area|by rapidash
|c|★Disaster Area|...
|choice|switch 5|move 4
|
|switch|p1a: Venomoth|Venomoth|343\/343
|move|p2a: Slowpoke|Psychic|p1a: Venomoth
|-supereffective|p1a: Venomoth
|-damage|p1a: Venomoth|82\/343
|-unboost|p1a: Venomoth|spd|1
|-unboost|p1a: Venomoth|spa|1
|
|turn|12
|choice|move 4|move 2
|
|move|p1a: Venomoth|Mega Drain|p2a: Slowpoke
|-supereffective|p2a: Slowpoke
|-damage|p2a: Slowpoke|87\/383 par
|-heal|p1a: Venomoth|98\/343|[from] drain|[of] p2a: Slowpoke
|move|p2a: Slowpoke|Rest|p2a: Slowpoke
|-status|p2a: Slowpoke|slp
|-heal|p2a: Slowpoke|383\/383 slp|[silent]
|-status|p2a: Slowpoke|slp|[from] move: Rest
|
|turn|13
|choice|move 4|move 4
|
|move|p1a: Venomoth|Mega Drain|p2a: Slowpoke
|-supereffective|p2a: Slowpoke
|-damage|p2a: Slowpoke|350\/383 slp
|-heal|p1a: Venomoth|114\/343|[from] drain|[of] p2a: Slowpoke
|cant|p2a: Slowpoke|slp
|
|turn|14
|choice|move 4|move 4
|
|move|p1a: Venomoth|Mega Drain|p2a: Slowpoke
|-supereffective|p2a: Slowpoke
|-damage|p2a: Slowpoke|319\/383 slp
|-heal|p1a: Venomoth|129\/343|[from] drain|[of] p2a: Slowpoke
|-curestatus|p2a: Slowpoke|slp
|
|turn|15
|c|★marcoasd|where ma crit
|choice|move 1|switch 2
|
|switch|p2a: Weepinbell|Weepinbell|299\/333
|move|p1a: Venomoth|Sleep Powder|p2a: Weepinbell|[miss]
|-miss|p1a: Venomoth
|
|turn|16
|choice|move 1|move 1
|
|move|p1a: Venomoth|Sleep Powder|p2a: Weepinbell
|-status|p2a: Weepinbell|slp
|cant|p2a: Weepinbell|slp
|
|turn|17
|choice|move 3|switch 4
|
|switch|p2a: Ninetales|Ninetales|109\/349
|move|p1a: Venomoth|Psychic|p2a: Ninetales
|-damage|p2a: Ninetales|65\/349
|-unboost|p2a: Ninetales|spd|1
|-unboost|p2a: Ninetales|spa|1
|
|turn|18
|choice|switch 4|move 2
|
|switch|p1a: Blastoise|Blastoise|361\/361
|move|p2a: Ninetales|Fire Blast|p1a: Blastoise
|-resisted|p1a: Blastoise
|-damage|p1a: Blastoise|309\/361
|
|turn|19
|choice|move 3|switch 5
|
|switch|p2a: Venomoth|Venomoth|343\/343
|move|p1a: Blastoise|Body Slam|p2a: Venomoth
|-damage|p2a: Venomoth|258\/343
|
|turn|20
|choice|switch 5|move 1
|
|switch|p1a: Rapidash|Rapidash|184\/333 par
|move|p2a: Venomoth|Psychic|p1a: Rapidash
|-damage|p1a: Rapidash|112\/333 par
|-unboost|p1a: Rapidash|spd|1
|-unboost|p1a: Rapidash|spa|1
|
|turn|21
|choice|move 1|move 1
|
|move|p2a: Venomoth|Psychic|p1a: Rapidash
|-damage|p1a: Rapidash|4\/333 par
|-unboost|p1a: Rapidash|spd|1
|-unboost|p1a: Rapidash|spa|1
|move|p1a: Rapidash|Fire Blast|p2a: Venomoth
|-supereffective|p2a: Venomoth
|-damage|p2a: Venomoth|127\/343
|
|turn|22
|c|★Disaster Area|rofl
|choice|move 1|move 4
|
|move|p2a: Venomoth|Mega Drain|p1a: Rapidash
|-resisted|p1a: Rapidash
|-damage|p1a: Rapidash|0 fnt
|-heal|p2a: Venomoth|129\/343|[from] drain|[of] p1a: Rapidash
|faint|p1a: Rapidash
|choice|switch 5|
|
|switch|p1a: Blastoise|Blastoise|309\/361
|turn|23
|choice|move 1|move 2
|
|move|p2a: Venomoth|Sleep Powder|p1a: Blastoise|[miss]
|-miss|p2a: Venomoth
|move|p1a: Blastoise|Hydro Pump|p2a: Venomoth
|-damage|p2a: Venomoth|0 fnt
|faint|p2a: Venomoth
|c|★Disaster Area|cmon man
|c|★marcoasd|rip
|c|★Disaster Area|.
|c|★Disaster Area|2 sleepers
|c|★Disaster Area|0 sleep
|choice||switch 3
|
|switch|p2a: Porygon|Porygon|333\/333
|turn|24
|choice|move 2|move 3
|
|move|p1a: Blastoise|Blizzard|p2a: Porygon
|-damage|p2a: Porygon|231\/333
|move|p2a: Porygon|Thunder Wave|p1a: Blastoise
|-status|p1a: Blastoise|par
|
|turn|25
|choice|switch 6|move 2
|
|switch|p1a: Porygon|Porygon|333\/333
|move|p2a: Porygon|Thunderbolt|p1a: Porygon
|-crit|p1a: Porygon
|-damage|p1a: Porygon|180\/333
|
|turn|26
|choice|move 1|move 3
|
|move|p1a: Porygon|Thunder Wave|p2a: Porygon
|-status|p2a: Porygon|par
|cant|p2a: Porygon|par
|
|turn|27
|choice|switch 3|move 3
|
|switch|p1a: Nidoking|Nidoking|365\/365
|move|p2a: Porygon|Thunder Wave|p1a: Nidoking
|-immune|p1a: Nidoking|[msg]
|
|turn|28
|choice|move 1|move 4
|
|move|p1a: Nidoking|Earthquake|p2a: Porygon
|-damage|p2a: Porygon|92\/333 par
|move|p2a: Porygon|Recover|p2a: Porygon
|-heal|p2a: Porygon|258\/333 par
|
|turn|29
|c|★marcoasd|gg
|c|★Disaster Area|gg
|choice|move 1|move 4
|
|move|p1a: Nidoking|Earthquake|p2a: Porygon
|-crit|p2a: Porygon
|-damage|p2a: Porygon|0 fnt
|faint|p2a: Porygon
|c|★marcoasd|bar hax
|choice||switch 5
|
|switch|p2a: Ninetales|Ninetales|65\/349
|turn|30
|c|★Disaster Area|yeah
|c|★Disaster Area|rofl
|choice|move 1|move 2
|
|move|p2a: Ninetales|Fire Blast|p1a: Nidoking
|-damage|p1a: Nidoking|195\/365
|-status|p1a: Nidoking|brn
|move|p1a: Nidoking|Earthquake|p2a: Ninetales
|-crit|p2a: Ninetales
|-supereffective|p2a: Ninetales
|-damage|p2a: Ninetales|0 fnt
|faint|p2a: Ninetales
|choice||switch 2
|
|switch|p2a: Slowpoke|Slowpoke|319\/383
|turn|31
|choice|move 3|move 3
|
|move|p1a: Nidoking|Body Slam|p2a: Slowpoke
|-damage|p2a: Slowpoke|275\/383
|-damage|p1a: Nidoking|173\/365 brn|[from] brn|[of] p2a: Slowpoke
|move|p2a: Slowpoke|Amnesia|p2a: Slowpoke
|-boost|p2a: Slowpoke|spd|2
|-boost|p2a: Slowpoke|spa|2
|
|turn|32
|choice|move 3|move 3
|
|move|p1a: Nidoking|Body Slam|p2a: Slowpoke
|-damage|p2a: Slowpoke|255\/383
|-damage|p1a: Nidoking|151\/365 brn|[from] brn|[of] p2a: Slowpoke
|move|p2a: Slowpoke|Amnesia|p2a: Slowpoke
|-boost|p2a: Slowpoke|spd|2
|-boost|p2a: Slowpoke|spa|2
|
|turn|33
|c|★marcoasd|asd
|c|★marcoasd|drops
|choice|move 3|move 3
|
|move|p1a: Nidoking|Body Slam|p2a: Slowpoke
|-damage|p2a: Slowpoke|244\/383
|-damage|p1a: Nidoking|129\/365 brn|[from] brn|[of] p2a: Slowpoke
|move|p2a: Slowpoke|Amnesia|p2a: Slowpoke
|-boost|p2a: Slowpoke|spd|2
|-boost|p2a: Slowpoke|spa|2
|
|turn|34
|choice|move 3|move 4
|
|move|p1a: Nidoking|Body Slam|p2a: Slowpoke
|-damage|p2a: Slowpoke|238\/383
|-damage|p1a: Nidoking|107\/365 brn|[from] brn|[of] p2a: Slowpoke
|move|p2a: Slowpoke|Psychic|p1a: Nidoking
|-supereffective|p1a: Nidoking
|-damage|p1a: Nidoking|0 fnt
|faint|p1a: Nidoking
|c|★Disaster Area|oh yeah
|c|★marcoasd|no par
|c|★Disaster Area|burn mechs
|c|★Disaster Area|:D
|c|★marcoasd|MADMAN
|c|★Disaster Area|also yeah
|choice|switch 2|
|
|switch|p1a: Muk|Muk|413\/413
|turn|35
|c|★Disaster Area|rip no par
|choice|move 4|switch 4
|
|switch|p2a: Weepinbell|Weepinbell|299\/333 slp
|move|p1a: Muk|Explosion|p2a: Weepinbell
|-damage|p2a: Weepinbell|0 fnt
|faint|p2a: Weepinbell
|faint|p1a: Muk
|c|★Disaster Area|gg
|choice|switch 3|switch 4
|
|switch|p1a: Porygon|Porygon|180\/333
|switch|p2a: Slowpoke|Slowpoke|238\/383
|turn|36
|choice|move 1|move 1
|
|move|p1a: Porygon|Thunder Wave|p2a: Slowpoke
|-status|p2a: Slowpoke|par
|cant|p2a: Slowpoke|par
|
|turn|37
|choice|move 2|move 1
|
|move|p1a: Porygon|Thunderbolt|p2a: Slowpoke
|-supereffective|p2a: Slowpoke
|-damage|p2a: Slowpoke|33\/383 par
|move|p2a: Slowpoke|Thunder Wave|p1a: Porygon
|-status|p1a: Porygon|par
|
|turn|38
|choice|move 2|move 3
|
|cant|p1a: Porygon|par
|move|p2a: Slowpoke|Amnesia|p2a: Slowpoke
|-boost|p2a: Slowpoke|spd|2
|-boost|p2a: Slowpoke|spa|2
|
|turn|39
|choice|switch 4|move 2
|
|switch|p1a: Venomoth|Venomoth|129\/343
|move|p2a: Slowpoke|Rest|p2a: Slowpoke
|-status|p2a: Slowpoke|slp
|-heal|p2a: Slowpoke|383\/383 slp|[silent]
|-status|p2a: Slowpoke|slp|[from] move: Rest
|
|turn|40
|choice|move 4|move 1
|
|move|p1a: Venomoth|Mega Drain|p2a: Slowpoke
|-supereffective|p2a: Slowpoke
|-damage|p2a: Slowpoke|335\/383 slp
|-heal|p1a: Venomoth|153\/343|[from] drain|[of] p2a: Slowpoke
|cant|p2a: Slowpoke|slp
|
|turn|41
|c|★Disaster Area|also
|c|★Disaster Area|almost
|choice|move 4|move 4
|
|move|p1a: Venomoth|Mega Drain|p2a: Slowpoke
|-supereffective|p2a: Slowpoke
|-damage|p2a: Slowpoke|284\/383 slp
|-heal|p1a: Venomoth|178\/343|[from] drain|[of] p2a: Slowpoke
|-curestatus|p2a: Slowpoke|slp
|
|turn|42
|c|★Disaster Area|clutch
|c|★Disaster Area|slowbro
|c|★Disaster Area|*slowpoke
|c|★Disaster Area|cmon
|choice|move 1|move 4
|
|move|p1a: Venomoth|Sleep Powder|p2a: Slowpoke|[miss]
|-miss|p1a: Venomoth
|move|p2a: Slowpoke|Psychic|p1a: Venomoth
|-supereffective|p1a: Venomoth
|-damage|p1a: Venomoth|0 fnt
|faint|p1a: Venomoth
|c|★Disaster Area|if u miss
|c|★Disaster Area|OML
|c|★marcoasd|oh
|c|★Disaster Area|WHAT A COMEBACK
|c|★Disaster Area|PORCO DIO FRENZY
|c|★Disaster Area|MARCO GOES MAMMA MIA SPAGHETTI
|c|★Disaster Area|THERE'S TOMATO SAUCE EVERYWHERE
|c|★Disaster Area|MEATBALLS FLYING
|c|★marcoasd|terribbile
|choice|switch 4|
|
|switch|p1a: Porygon|Porygon|180\/333 par
|turn|43
|choice|move 2|move 4
|
|move|p1a: Porygon|Thunderbolt|p2a: Slowpoke
|-supereffective|p2a: Slowpoke
|-damage|p2a: Slowpoke|179\/383
|move|p2a: Slowpoke|Psychic|p1a: Porygon
|-damage|p1a: Porygon|30\/333 par
|
|turn|44
|choice|move 2|move 3
|
|move|p1a: Porygon|Thunderbolt|p2a: Slowpoke
|-supereffective|p2a: Slowpoke
|-damage|p2a: Slowpoke|80\/383
|move|p2a: Slowpoke|Amnesia|p2a: Slowpoke
|-boost|p2a: Slowpoke|spd|2
|-boost|p2a: Slowpoke|spa|2
|
|turn|45
|choice|move 2|move 2
|
|move|p2a: Slowpoke|Rest|p2a: Slowpoke
|-status|p2a: Slowpoke|slp
|-heal|p2a: Slowpoke|383\/383 slp|[silent]
|-status|p2a: Slowpoke|slp|[from] move: Rest
|cant|p1a: Porygon|par
|
|turn|46
|choice|move 2|move 4
|
|cant|p2a: Slowpoke|slp
|cant|p1a: Porygon|par
|
|turn|47
|c| Peasounay|crit imo
|choice|move 2|move 4
|
|-curestatus|p2a: Slowpoke|slp
|move|p1a: Porygon|Thunderbolt|p2a: Slowpoke
|-supereffective|p2a: Slowpoke
|-damage|p2a: Slowpoke|316\/383
|
|turn|48
|c|★Disaster Area|the game needs to
|c|★Disaster Area|end it
|c|★Disaster Area|as ironically
|c|★Disaster Area|as possible
|c|★Disaster Area|watch
|c|★marcoasd|rip
|c|★Disaster Area|i'll still lose
|choice|move 2|move 4
|
|move|p2a: Slowpoke|Psychic|p1a: Porygon
|-damage|p1a: Porygon|0 fnt
|faint|p1a: Porygon
|choice|switch 6|
|
|switch|p1a: Blastoise|Blastoise|309\/361 par
|turn|49
|c|★Disaster Area|blastoise
|c|★Disaster Area|will freeze me
|c|★Disaster Area|with blizzard
|choice|move 2|move 4
|
|move|p1a: Blastoise|Blizzard|p2a: Slowpoke
|-resisted|p2a: Slowpoke
|-damage|p2a: Slowpoke|294\/383
|move|p2a: Slowpoke|Psychic|p1a: Blastoise|[miss]
|-miss|p2a: Slowpoke
|
|turn|50
|c|★marcoasd|lol
|c|★Disaster Area|lol.
|c|★Disaster Area|this is amazing
|c|★Disaster Area|i love RBY
|choice|move 2|move 4
|
|move|p1a: Blastoise|Blizzard|p2a: Slowpoke
|-resisted|p2a: Slowpoke
|-damage|p2a: Slowpoke|270\/383
|move|p2a: Slowpoke|Psychic|p1a: Blastoise
|-damage|p1a: Blastoise|105\/361 par
|-unboost|p1a: Blastoise|spd|1
|-unboost|p1a: Blastoise|spa|1
|
|turn|51
|c|★Disaster Area|now watch
|c|★marcoasd|rip
|c|★Disaster Area|i 255 again
|c|★marcoasd|gg
|c|★Disaster Area|and you freeze me
|c|★Disaster Area|gg
|choice|move 2|move 4
|
|move|p2a: Slowpoke|Psychic|p1a: Blastoise
|-damage|p1a: Blastoise|0 fnt
|faint|p1a: Blastoise
|
|win|Disaster Area