|J|I love pochama
|J|smilzo
|player|p1|I love pochama|32
|player|p2|smilzo|157
|gametype|singles
|gen|1
|tier|[Gen 1] RU
|seed|9491,13400,38915,12720
|rule|Sleep Clause Mod: Limit one foe put to sleep
|rule|Freeze Clause Mod: Limit one foe frozen
|rule|Species Clause: Limit one of each Pokémon
|rule|OHKO Clause: OHKO moves are banned
|rule|Evasion Moves Clause: Evasion moves are banned
|rule|HP Percentage Mod: HP is shown in percentages
|
|start
|switch|p1a: Mr. Mime|Mr. Mime|283\/283
|switch|p2a: Mr. Mime|Mr. Mime|283\/283
|turn|1
|c|★I love pochama|gl hf
|c|★smilzo|u2
|choice|move 4|move 2
|
|move|p1a: Mr. Mime|Thunder Wave|p2a: Mr. Mime
|-status|p2a: Mr. Mime|par
|move|p2a: Mr. Mime|Thunder Wave|p1a: Mr. Mime
|-status|p1a: Mr. Mime|par
|
|turn|2
|J|KristophV
|choice|move 2|move 1
|
|cant|p1a: Mr. Mime|par
|move|p2a: Mr. Mime|Psychic|p1a: Mr. Mime
|-resisted|p1a: Mr. Mime
|-damage|p1a: Mr. Mime|230\/283 par
|
|turn|3
|choice|move 2|move 1
|
|cant|p1a: Mr. Mime|par
|cant|p2a: Mr. Mime|par
|
|turn|4
|choice|move 2|move 1
|
|move|p1a: Mr. Mime|Seismic Toss|p2a: Mr. Mime
|-damage|p2a: Mr. Mime|183\/283 par
|cant|p2a: Mr. Mime|par
|
|turn|5
|choice|move 2|move 1
|
|cant|p2a: Mr. Mime|par
|move|p1a: Mr. Mime|Seismic Toss|p2a: Mr. Mime
|-damage|p2a: Mr. Mime|83\/283 par
|
|turn|6
|choice|switch 4|move 1
|
|switch|p1a: Clefable|Clefable|393\/393
|move|p2a: Mr. Mime|Psychic|p1a: Clefable
|-crit|p1a: Clefable
|-damage|p1a: Clefable|162\/393
|
|turn|7
|c|★I love pochama|rip
|c|★I love pochama|lol
|c|★I love pochama|do u not have stoss? o.o
|c|★smilzo|ye i do
|c|★smilzo|i wanted a drop
|choice|move 2|switch 2
|
|switch|p2a: Clefable|Clefable|393\/393
|move|p1a: Clefable|Body Slam|p2a: Clefable
|-damage|p2a: Clefable|292\/393
|
|turn|8
|choice|move 1|move 3
|
|move|p2a: Clefable|Blizzard|p1a: Clefable
|-damage|p1a: Clefable|65\/393
|move|p1a: Clefable|Counter|p2a: Clefable
|-fail|p1a: Clefable
|
|turn|9
|choice|move 4|move 3
|
|move|p2a: Clefable|Blizzard|p1a: Clefable
|-damage|p1a: Clefable|0 fnt
|faint|p1a: Clefable
|choice|switch 2|
|
|switch|p1a: Electabuzz|Electabuzz|333\/333
|turn|10
|choice|move 3|move 1
|
|move|p1a: Electabuzz|Thunder Wave|p2a: Clefable
|-status|p2a: Clefable|par
|move|p2a: Clefable|Thunder Wave|p1a: Electabuzz
|-status|p1a: Electabuzz|par
|
|turn|11
|choice|move 4|switch 4
|
|switch|p2a: Dugtrio|Dugtrio|273\/273
|cant|p1a: Electabuzz|par
|
|turn|12
|choice|switch 3|move 2
|
|switch|p1a: Pinsir|Pinsir|333\/333
|move|p2a: Dugtrio|Earthquake|p1a: Pinsir
|-resisted|p1a: Pinsir
|-damage|p1a: Pinsir|283\/333
|
|turn|13
|choice|move 2|switch 3
|
|switch|p2a: Venusaur|Venusaur|363\/363
|move|p1a: Pinsir|Body Slam|p2a: Venusaur
|-damage|p2a: Venusaur|273\/363
|
|turn|14
|choice|switch 3|move 3
|
|switch|p1a: Electabuzz|Electabuzz|333\/333 par
|move|p2a: Venusaur|Body Slam|p1a: Electabuzz
|-damage|p1a: Electabuzz|254\/333 par
|
|turn|15
|choice|move 4|switch 2
|
|switch|p2a: Mr. Mime|Mr. Mime|83\/283 par
|move|p1a: Electabuzz|Psychic|p2a: Mr. Mime
|-resisted|p2a: Mr. Mime
|-damage|p2a: Mr. Mime|53\/283 par
|
|turn|16
|choice|move 2|move 1
|
|move|p1a: Electabuzz|Thunderbolt|p2a: Mr. Mime
|-damage|p2a: Mr. Mime|0 fnt
|faint|p2a: Mr. Mime
|choice||switch 3
|
|switch|p2a: Dugtrio|Dugtrio|273\/273
|turn|17
|choice|move 4|move 3
|
|move|p2a: Dugtrio|Substitute|p2a: Dugtrio
|-start|p2a: Dugtrio|Substitute
|-damage|p2a: Dugtrio|205\/273
|move|p1a: Electabuzz|Psychic|p2a: Dugtrio
|-end|p2a: Dugtrio|Substitute
|
|turn|18
|choice|switch 6|move 3
|
|switch|p1a: Venusaur|Venusaur|363\/363
|move|p2a: Dugtrio|Substitute|p2a: Dugtrio
|-start|p2a: Dugtrio|Substitute
|-damage|p2a: Dugtrio|137\/273
|
|turn|19
|choice|move 1|switch 4
|
|switch|p2a: Clefable|Clefable|292\/393 par
|move|p1a: Venusaur|Sleep Powder|p2a: Clefable
|-fail|p2a: Clefable
|
|turn|20
|choice|switch 6|move 3
|
|switch|p1a: Electabuzz|Electabuzz|254\/333 par
|cant|p2a: Clefable|par
|
|turn|21
|choice|move 4|move 3
|
|move|p1a: Electabuzz|Psychic|p2a: Clefable
|-crit|p2a: Clefable
|-damage|p2a: Clefable|166\/393 par
|cant|p2a: Clefable|par
|
|turn|22
|L|KristophV
|choice|move 2|move 3
|
|cant|p1a: Electabuzz|par
|cant|p2a: Clefable|par
|
|turn|23
|choice|move 4|move 3
|
|cant|p1a: Electabuzz|par
|move|p2a: Clefable|Blizzard|p1a: Electabuzz|[miss]
|-miss|p2a: Clefable
|
|turn|24
|choice|move 4|switch 4
|
|switch|p2a: Dugtrio|Dugtrio|137\/273
|move|p1a: Electabuzz|Psychic|p2a: Dugtrio
|-damage|p2a: Dugtrio|60\/273
|-unboost|p2a: Dugtrio|spd|1
|-unboost|p2a: Dugtrio|spa|1
|
|turn|25
|choice|switch 6|move 2
|
|switch|p1a: Venusaur|Venusaur|363\/363
|move|p2a: Dugtrio|Earthquake|p1a: Venusaur
|-damage|p1a: Venusaur|252\/363
|
|turn|26
|choice|move 4|switch 2
|
|switch|p2a: Venusaur|Venusaur|273\/363
|move|p1a: Venusaur|Razor Leaf|p2a: Venusaur
|-crit|p2a: Venusaur
|-resisted|p2a: Venusaur
|-damage|p2a: Venusaur|239\/363
|
|turn|27
|choice|switch 4|move 1
|
|switch|p1a: Mr. Mime|Mr. Mime|230\/283 par
|move|p2a: Venusaur|Sleep Powder|p1a: Mr. Mime
|-fail|p1a: Mr. Mime
|
|turn|28
|choice|move 1|move 4
|
|move|p2a: Venusaur|Hyper Beam|p1a: Mr. Mime
|-crit|p1a: Mr. Mime
|-damage|p1a: Mr. Mime|0 fnt
|faint|p1a: Mr. Mime
|c|★I love pochama|crit mattered x_X
|choice|switch 6|
|
|switch|p1a: Electabuzz|Electabuzz|254\/333 par
|turn|29
|c|★smilzo|ik
|c|★smilzo|n_n
|choice|move 4|move 2
|
|move|p2a: Venusaur|Razor Leaf|p1a: Electabuzz
|-crit|p1a: Electabuzz
|-damage|p1a: Electabuzz|112\/333 par
|cant|p1a: Electabuzz|par
|
|turn|30
|c|★I love pochama|rip me
|choice|switch 4|move 2
|
|switch|p1a: Venusaur|Venusaur|252\/363
|move|p2a: Venusaur|Razor Leaf|p1a: Venusaur
|-crit|p1a: Venusaur
|-resisted|p1a: Venusaur
|-damage|p1a: Venusaur|222\/363
|
|turn|31
|choice|move 1|move 1
|
|move|p2a: Venusaur|Sleep Powder|p1a: Venusaur|[miss]
|-miss|p2a: Venusaur
|move|p1a: Venusaur|Sleep Powder|p2a: Venusaur
|-status|p2a: Venusaur|slp
|
|turn|32
|choice|switch 3|switch 6
|
|switch|p1a: Pinsir|Pinsir|283\/333
|switch|p2a: Electabuzz|Electabuzz|333\/333
|
|turn|33
|choice|switch 5|switch 5
|
|switch|p2a: Vaporeon|Vaporeon|463\/463
|switch|p1a: Dugtrio|Dugtrio|273\/273
|
|turn|34
|choice|switch 4|move 2
|
|switch|p1a: Electabuzz|Electabuzz|112\/333 par
|move|p2a: Vaporeon|Surf|p1a: Electabuzz
|-damage|p1a: Electabuzz|0 fnt
|faint|p1a: Electabuzz
|choice|switch 3|
|
|switch|p1a: Venusaur|Venusaur|222\/363
|turn|35
|choice|move 4|switch 4
|
|switch|p2a: Clefable|Clefable|166\/393 par
|move|p1a: Venusaur|Razor Leaf|p2a: Clefable
|-crit|p2a: Clefable
|-damage|p2a: Clefable|15\/393 par
|
|turn|36
|choice|move 4|move 3
|
|move|p1a: Venusaur|Razor Leaf|p2a: Clefable
|-crit|p2a: Clefable
|-damage|p2a: Clefable|0 fnt
|faint|p2a: Clefable
|choice||switch 5
|
|switch|p2a: Electabuzz|Electabuzz|333\/333
|turn|37
|choice|move 4|move 3
|
|move|p2a: Electabuzz|Psychic|p1a: Venusaur
|-supereffective|p1a: Venusaur
|-damage|p1a: Venusaur|83\/363
|-unboost|p1a: Venusaur|spd|1
|-unboost|p1a: Venusaur|spa|1
|move|p1a: Venusaur|Razor Leaf|p2a: Electabuzz
|-crit|p2a: Electabuzz
|-damage|p2a: Electabuzz|191\/333
|
|turn|38
|choice|switch 4|move 3
|
|switch|p1a: Dugtrio|Dugtrio|273\/273
|move|p2a: Electabuzz|Psychic|p1a: Dugtrio
|-damage|p1a: Dugtrio|196\/273
|-unboost|p1a: Dugtrio|spd|1
|-unboost|p1a: Dugtrio|spa|1
|
|turn|39
|choice|switch 4|switch 2
|
|switch|p1a: Venusaur|Venusaur|83\/363
|switch|p2a: Dugtrio|Dugtrio|60\/273
|
|turn|40
|choice|move 4|move 2
|
|move|p2a: Dugtrio|Earthquake|p1a: Venusaur
|-damage|p1a: Venusaur|0 fnt
|faint|p1a: Venusaur
|choice|switch 5|
|
|switch|p1a: Pinsir|Pinsir|283\/333
|turn|41
|choice|move 2|move 1
|
|move|p2a: Dugtrio|Slash|p1a: Pinsir
|-crit|p1a: Pinsir
|-damage|p1a: Pinsir|184\/333
|move|p1a: Pinsir|Body Slam|p2a: Dugtrio
|-damage|p2a: Dugtrio|0 fnt
|faint|p2a: Dugtrio
|choice||switch 4
|
|switch|p2a: Vaporeon|Vaporeon|463\/463
|turn|42
|c|★I love pochama|tfw ur keyboard dies when u try
|c|★I love pochama|and type in the calc
|c|★I love pochama|x_x
|c|★smilzo|o.o
|choice|move 4|move 2
|
|move|p1a: Pinsir|Bind|p2a: Vaporeon
|-damage|p2a: Vaporeon|444\/463
|-activate|p2a: Vaporeon|move: Bind|[of] p1a: Pinsir
|cant|p2a: Vaporeon|partiallytrapped
|
|turn|43
|choice|move 4|switch 6
|
|switch|p2a: Venusaur|Venusaur|239\/363 slp
|move|p1a: Pinsir|Bind|p2a: Venusaur
|-crit|p2a: Venusaur
|-damage|p2a: Venusaur|206\/363 slp
|-activate|p2a: Venusaur|move: Bind|[of] p1a: Pinsir
|
|turn|44
|choice|move 4|switch 2
|
|switch|p2a: Electabuzz|Electabuzz|191\/333
|move|p1a: Pinsir|Bind|p2a: Electabuzz|[miss]
|-miss|p1a: Pinsir
|
|turn|45
|choice|switch 4|move 4
|
|switch|p1a: Dugtrio|Dugtrio|196\/273
|move|p2a: Electabuzz|Seismic Toss|p1a: Dugtrio
|-damage|p1a: Dugtrio|96\/273
|
|turn|46
|choice|move 4|move 4
|
|move|p1a: Dugtrio|Substitute|p1a: Dugtrio
|-start|p1a: Dugtrio|Substitute
|-damage|p1a: Dugtrio|28\/273
|move|p2a: Electabuzz|Seismic Toss|p1a: Dugtrio
|-end|p1a: Dugtrio|Substitute
|
|turn|47
|choice|move 1|move 4
|
|move|p1a: Dugtrio|Earthquake|p2a: Electabuzz
|-supereffective|p2a: Electabuzz
|-damage|p2a: Electabuzz|0 fnt
|faint|p2a: Electabuzz
|choice||switch 6
|
|switch|p2a: Vaporeon|Vaporeon|444\/463
|turn|48
|c|★I love pochama|gg
|choice|move 1|move 3
|
|move|p1a: Dugtrio|Earthquake|p2a: Vaporeon
|-damage|p2a: Vaporeon|297\/463
|move|p2a: Vaporeon|Body Slam|p1a: Dugtrio
|-damage|p1a: Dugtrio|0 fnt
|faint|p1a: Dugtrio
|choice|switch 4|
|
|switch|p1a: Pinsir|Pinsir|184\/333
|turn|49
|c|★smilzo|u can still crit
|c|★smilzo|hbeam
|c|★I love pochama|the issue is more if u para with bslam or not lol
|choice|move 1|move 3
|
|move|p1a: Pinsir|Swords Dance|p1a: Pinsir
|-boost|p1a: Pinsir|atk|2
|move|p2a: Vaporeon|Body Slam|p1a: Pinsir
|-damage|p1a: Pinsir|130\/333
|-status|p1a: Pinsir|par
|
|turn|50
|c|★smilzo|xd
|c|★smilzo|boy im the king of hax rn
|c|★I love pochama|or if u had hydro
|c|★I love pochama|lol
|c|★I love pochama|hydro woulda won it for u too
|choice|move 3|move 2
|
|move|p2a: Vaporeon|Surf|p1a: Pinsir
|-damage|p1a: Pinsir|0 fnt
|faint|p1a: Pinsir
|
|win|smilzo
|c|★I love pochama|gg
|c|★smilzo|gg
|c|★I love pochama|i played bad at start i think D: but wp