|J|I love pochama
|J|Enigami
|player|p1|I love pochama|32
|player|p2|Enigami|130
|gametype|singles
|gen|1
|tier|[Gen 1] Green
|seed|35972,43447,7498,125
|rule|Sleep Clause Mod: Limit one foe put to sleep
|rule|Species Clause: Limit one of each Pokémon
|rule|OHKO Clause: OHKO moves are banned
|rule|Evasion Moves Clause: Evasion moves are banned
|rule|HP Percentage Mod: HP is shown in percentages
|
|start
|switch|p1a: Gengar|Gengar|323\/323
|switch|p2a: Jynx|Jynx|333\/333
|turn|1
|c|★I love pochama|gl hf
|c|★Enigami|u2
|choice|move 4|switch 4
|
|switch|p2a: Exeggutor|Exeggutor|393\/393
|move|p1a: Gengar|Hypnosis|p2a: Exeggutor|[miss]
|-miss|p1a: Gengar
|
|turn|2
|choice|move 4|move 1
|
|move|p1a: Gengar|Hypnosis|p2a: Exeggutor|[miss]
|-miss|p1a: Gengar
|move|p2a: Exeggutor|Sleep Powder|p1a: Gengar
|-status|p1a: Gengar|slp
|
|turn|3
|c|★I love pochama|yeesh
|choice|switch 6|switch 4
|
|switch|p1a: Starmie|Starmie|323\/323
|switch|p2a: Jynx|Jynx|333\/333
|
|turn|4
|c|★Enigami|Blind Gengar.
|choice|switch 3|move 2
|
|switch|p1a: Jynx|Jynx|333\/333
|move|p2a: Jynx|Blizzard|p1a: Jynx
|-resisted|p1a: Jynx
|-damage|p1a: Jynx|262\/333
|
|turn|5
|choice|move 4|switch 4
|
|switch|p2a: Exeggutor|Exeggutor|393\/393
|move|p1a: Jynx|Substitute|p1a: Jynx
|-start|p1a: Jynx|Substitute
|-damage|p1a: Jynx|179\/333
|
|turn|6
|choice|move 1|move 2
|
|move|p1a: Jynx|Blizzard|p2a: Exeggutor
|-supereffective|p2a: Exeggutor
|-damage|p2a: Exeggutor|175\/393
|move|p2a: Exeggutor|Double-Edge|p1a: Jynx
|-end|p1a: Jynx|Substitute
|-damage|p2a: Exeggutor|154\/393|[from] recoil|[of] p1a: Jynx
|
|turn|7
|choice|move 1|switch 6
|
|switch|p2a: Lapras|Lapras|463\/463
|move|p1a: Jynx|Blizzard|p2a: Lapras
|-resisted|p2a: Lapras
|-damage|p2a: Lapras|426\/463
|
|turn|8
|choice|move 2|switch 6
|
|switch|p2a: Exeggutor|Exeggutor|154\/393
|move|p1a: Jynx|Lovely Kiss|p2a: Exeggutor
|-status|p2a: Exeggutor|slp
|
|turn|9
|choice|move 3|switch 4
|
|switch|p2a: Jynx|Jynx|333\/333
|move|p1a: Jynx|Psychic|p2a: Jynx
|-resisted|p2a: Jynx
|-damage|p2a: Jynx|279\/333
|
|turn|10
|choice|move 3|move 3
|
|move|p2a: Jynx|Psychic|p1a: Jynx
|-resisted|p1a: Jynx
|-damage|p1a: Jynx|124\/333
|-unboost|p1a: Jynx|spd|1
|-unboost|p1a: Jynx|spa|1
|move|p1a: Jynx|Psychic|p2a: Jynx
|-resisted|p2a: Jynx
|-damage|p2a: Jynx|245\/333
|
|turn|11
|choice|move 3|move 3
|
|move|p2a: Jynx|Psychic|p1a: Jynx
|-resisted|p1a: Jynx
|-damage|p1a: Jynx|39\/333
|move|p1a: Jynx|Psychic|p2a: Jynx
|-resisted|p2a: Jynx
|-damage|p2a: Jynx|209\/333
|-unboost|p2a: Jynx|spd|1
|-unboost|p2a: Jynx|spa|1
|
|turn|12
|choice|move 1|move 3
|
|move|p1a: Jynx|Blizzard|p2a: Jynx
|-resisted|p2a: Jynx
|-damage|p2a: Jynx|143\/333
|move|p2a: Jynx|Psychic|p1a: Jynx
|-crit|p1a: Jynx
|-resisted|p1a: Jynx
|-damage|p1a: Jynx|0 fnt
|faint|p1a: Jynx
|choice|switch 5|
|
|switch|p1a: Tauros|Tauros|353\/353
|turn|13
|choice|move 1|switch 5
|
|switch|p2a: Snorlax|Snorlax|523\/523
|move|p1a: Tauros|Body Slam|p2a: Snorlax
|-damage|p2a: Snorlax|395\/523
|
|turn|14
|choice|move 2|move 1
|
|move|p1a: Tauros|Blizzard|p2a: Snorlax
|-crit|p2a: Snorlax
|-damage|p2a: Snorlax|188\/523
|move|p2a: Snorlax|Body Slam|p1a: Tauros
|-damage|p1a: Tauros|245\/353
|
|turn|15
|J|Peasounay
|choice|move 4|move 4
|
|move|p1a: Tauros|Hyper Beam|p2a: Snorlax
|-damage|p2a: Snorlax|0 fnt
|faint|p2a: Snorlax
|choice||switch 3
|
|switch|p2a: Chansey|Chansey|703\/703
|turn|16
|choice|switch 4|move 1
|
|switch|p1a: Lapras|Lapras|463\/463
|move|p2a: Chansey|Blizzard|p1a: Lapras
|-resisted|p1a: Lapras
|-damage|p1a: Lapras|437\/463
|
|turn|17
|choice|move 3|move 2
|
|move|p1a: Lapras|Confuse Ray|p2a: Chansey
|-start|p2a: Chansey|confusion
|-activate|p2a: Chansey|confusion
|move|p2a: Chansey|Thunderbolt|p1a: Lapras
|-supereffective|p1a: Lapras
|-damage|p1a: Lapras|266\/463
|
|turn|18
|choice|move 2|switch 4
|
|switch|p2a: Exeggutor|Exeggutor|154\/393 slp
|move|p1a: Lapras|Thunderbolt|p2a: Exeggutor
|-resisted|p2a: Exeggutor
|-damage|p2a: Exeggutor|121\/393 slp
|
|turn|19
|choice|move 1|move 3
|
|move|p1a: Lapras|Blizzard|p2a: Exeggutor
|-supereffective|p2a: Exeggutor
|-damage|p2a: Exeggutor|0 fnt
|faint|p2a: Exeggutor
|choice||switch 6
|
|switch|p2a: Lapras|Lapras|426\/463
|turn|20
|choice|move 3|move 2
|
|move|p2a: Lapras|Thunderbolt|p1a: Lapras
|-supereffective|p1a: Lapras
|-damage|p1a: Lapras|120\/463
|move|p1a: Lapras|Confuse Ray|p2a: Lapras
|-start|p2a: Lapras|confusion
|
|turn|21
|choice|move 2|switch 5
|
|switch|p2a: Jynx|Jynx|143\/333
|move|p1a: Lapras|Thunderbolt|p2a: Jynx
|-damage|p2a: Jynx|63\/333
|
|turn|22
|choice|switch 3|move 3
|
|switch|p1a: Starmie|Starmie|323\/323
|move|p2a: Jynx|Psychic|p1a: Starmie
|-resisted|p1a: Starmie
|-damage|p1a: Starmie|271\/323
|
|turn|23
|choice|move 2|move 4
|
|move|p1a: Starmie|Hydro Pump|p2a: Jynx|[miss]
|-miss|p1a: Starmie
|move|p2a: Jynx|Rest|p2a: Jynx
|-status|p2a: Jynx|slp
|-heal|p2a: Jynx|333\/333 slp|[silent]
|-status|p2a: Jynx|slp|[from] move: Rest
|
|turn|24
|c|★Enigami|That was very lucky
|choice|move 3|switch 4
|
|switch|p2a: Chansey|Chansey|703\/703
|move|p1a: Starmie|Psychic|p2a: Chansey
|-damage|p2a: Chansey|597\/703
|-unboost|p2a: Chansey|spd|1
|-unboost|p2a: Chansey|spa|1
|
|turn|25
|c| Peasounay|what's hpump accuracy
|c|★Enigami|80%
|c|★I love pochama|80
|choice|move 1|move 3
|
|move|p1a: Starmie|Blizzard|p2a: Chansey
|-damage|p2a: Chansey|464\/703
|move|p2a: Chansey|Thunder Wave|p1a: Starmie
|-status|p1a: Starmie|par
|
|turn|26
|c| Peasounay|okay thanks
|choice|move 3|switch 4
|
|switch|p2a: Jynx|Jynx|333\/333 slp
|move|p1a: Starmie|Psychic|p2a: Jynx
|-resisted|p2a: Jynx
|-damage|p2a: Jynx|278\/333 slp
|
|turn|27
|choice|move 2|move 3
|
|cant|p2a: Jynx|slp
|move|p1a: Starmie|Hydro Pump|p2a: Jynx
|-crit|p2a: Jynx
|-damage|p2a: Jynx|7\/333 slp
|
|turn|28
|choice|move 3|move 3
|
|-curestatus|p2a: Jynx|slp
|move|p1a: Starmie|Psychic|p2a: Jynx
|-resisted|p2a: Jynx
|-damage|p2a: Jynx|0 fnt
|faint|p2a: Jynx
|c|★I love pochama|wew
|c|★Enigami|That crit though
|choice||switch 5
|
|switch|p2a: Lapras|Lapras|426\/463
|turn|29
|choice|switch 2|move 4
|
|switch|p1a: Jolteon|Jolteon|333\/333
|move|p2a: Lapras|Confuse Ray|p1a: Jolteon
|-start|p1a: Jolteon|confusion
|
|turn|30
|choice|switch 3|switch 4
|
|switch|p1a: Lapras|Lapras|120\/463
|switch|p2a: Chansey|Chansey|464\/703
|
|turn|31
|choice|move 1|move 2
|
|move|p1a: Lapras|Blizzard|p2a: Chansey
|-damage|p2a: Chansey|332\/703
|move|p2a: Chansey|Thunderbolt|p1a: Lapras
|-supereffective|p1a: Lapras
|-damage|p1a: Lapras|0 fnt
|faint|p1a: Lapras
|c|★I love pochama|lol
|c|★I love pochama|you know our game is gonna be the one with
|c|★Enigami|Amazing, no freezes
|c|★I love pochama|0 freezes
|c|★I love pochama|~~ban scald~~
|choice|switch 3|
|
|switch|p1a: Jolteon|Jolteon|333\/333
|turn|32
|choice|move 4|move 4
|
|move|p1a: Jolteon|Thunder Wave|p2a: Chansey
|-status|p2a: Chansey|par
|move|p2a: Chansey|Soft-Boiled|p2a: Chansey
|-heal|p2a: Chansey|683\/703 par
|
|turn|33
|choice|switch 6|move 3
|
|switch|p1a: Gengar|Gengar|323\/323 slp
|move|p2a: Chansey|Thunder Wave|p1a: Gengar
|-fail|p1a: Gengar
|
|turn|34
|choice|move 1|switch 2
|
|switch|p2a: Tauros|Tauros|353\/353
|cant|p1a: Gengar|slp
|
|turn|35
|choice|switch 2|move 1
|
|switch|p1a: Starmie|Starmie|271\/323 par
|move|p2a: Tauros|Body Slam|p1a: Starmie
|-crit|p1a: Starmie
|-damage|p1a: Starmie|46\/323 par
|
|turn|36
|choice|move 1|move 3
|
|move|p2a: Tauros|Earthquake|p1a: Starmie
|-crit|p1a: Starmie
|-damage|p1a: Starmie|0 fnt
|faint|p1a: Starmie
|choice|switch 4|
|
|switch|p1a: Tauros|Tauros|245\/353
|turn|37
|c|★Enigami|Tauros on the warpath.
|choice|move 2|move 1
|
|move|p1a: Tauros|Blizzard|p2a: Tauros
|-crit|p2a: Tauros
|-damage|p2a: Tauros|176\/353
|move|p2a: Tauros|Body Slam|p1a: Tauros
|-crit|p1a: Tauros
|-damage|p1a: Tauros|49\/353
|
|turn|38
|c|★I love pochama|Taurbath
|c|★I love pochama|yeesh cmon
|choice|move 2|switch 4
|
|switch|p2a: Lapras|Lapras|426\/463
|move|p1a: Tauros|Blizzard|p2a: Lapras
|-resisted|p2a: Lapras
|-damage|p2a: Lapras|408\/463
|
|turn|39
|choice|switch 2|move 3
|
|switch|p1a: Gengar|Gengar|323\/323 slp
|move|p2a: Lapras|Body Slam|p1a: Gengar
|-immune|p1a: Gengar|[msg]
|
|turn|40
|choice|move 1|move 1
|
|cant|p1a: Gengar|slp
|move|p2a: Lapras|Blizzard|p1a: Gengar|[miss]
|-miss|p2a: Lapras
|
|turn|41
|choice|switch 6|move 1
|
|switch|p1a: Jolteon|Jolteon|333\/333
|move|p2a: Lapras|Blizzard|p1a: Jolteon
|-damage|p1a: Jolteon|201\/333
|
|turn|42
|choice|move 1|switch 2
|
|switch|p2a: Chansey|Chansey|683\/703 par
|move|p1a: Jolteon|Thunderbolt|p2a: Chansey
|-damage|p2a: Chansey|569\/703 par
|
|turn|43
|choice|switch 6|move 3
|
|switch|p1a: Gengar|Gengar|323\/323 slp
|move|p2a: Chansey|Thunder Wave|p1a: Gengar
|-fail|p1a: Gengar
|
|turn|44
|choice|move 2|switch 2
|
|switch|p2a: Lapras|Lapras|408\/463
|cant|p1a: Gengar|slp
|
|turn|45
|choice|move 4|move 1
|
|-curestatus|p1a: Gengar|slp
|move|p2a: Lapras|Blizzard|p1a: Gengar|[miss]
|-miss|p2a: Lapras
|
|turn|46
|c|★Enigami|BLIND LAPRAS
|choice|move 2|move 1
|
|move|p1a: Gengar|Thunderbolt|p2a: Lapras
|-supereffective|p2a: Lapras
|-damage|p2a: Lapras|237\/463
|move|p2a: Lapras|Blizzard|p1a: Gengar
|-damage|p1a: Gengar|212\/323
|
|turn|47
|choice|move 4|move 1
|
|move|p1a: Gengar|Hypnosis|p2a: Lapras
|-status|p2a: Lapras|slp
|cant|p2a: Lapras|slp
|
|turn|48
|choice|switch 6|switch 2
|
|switch|p1a: Jolteon|Jolteon|201\/333
|switch|p2a: Chansey|Chansey|569\/703 par
|
|turn|49
|choice|move 2|move 3
|
|move|p1a: Jolteon|Double Kick|p2a: Chansey
|-supereffective|p2a: Chansey
|-damage|p2a: Chansey|468\/703 par
|-damage|p2a: Chansey|367\/703 par
|-hitcount|p2a: Chansey|2
|move|p2a: Chansey|Thunder Wave|p1a: Jolteon
|-status|p1a: Jolteon|par
|
|turn|50
|choice|move 1|switch 2
|
|switch|p2a: Lapras|Lapras|237\/463 slp
|move|p1a: Jolteon|Thunderbolt|p2a: Lapras
|-supereffective|p2a: Lapras
|-damage|p2a: Lapras|8\/463 slp
|
|turn|51
|choice|move 2|move 1
|
|cant|p2a: Lapras|slp
|cant|p1a: Jolteon|par
|
|turn|52
|choice|move 2|move 1
|
|-curestatus|p2a: Lapras|slp
|move|p1a: Jolteon|Double Kick|p2a: Lapras
|-supereffective|p2a: Lapras
|-damage|p2a: Lapras|0 fnt
|-hitcount|p2a: Lapras|1
|faint|p2a: Lapras
|choice||switch 4
|
|switch|p2a: Tauros|Tauros|176\/353
|turn|53
|choice|move 4|move 3
|
|move|p2a: Tauros|Earthquake|p1a: Jolteon
|-supereffective|p1a: Jolteon
|-damage|p1a: Jolteon|0 fnt
|faint|p1a: Jolteon
|choice|switch 6|
|
|switch|p1a: Gengar|Gengar|212\/323
|turn|54
|choice|move 3|switch 2
|
|switch|p2a: Chansey|Chansey|367\/703 par
|move|p1a: Gengar|Explosion|p2a: Chansey
|-damage|p2a: Chansey|0 fnt
|faint|p2a: Chansey
|faint|p1a: Gengar
|c|★I love pochama|gg
|choice|switch 2|switch 2
|
|switch|p1a: Tauros|Tauros|49\/353
|switch|p2a: Tauros|Tauros|176\/353
|turn|55
|c|★Enigami|gg
|c|★I love pochama|blizzard freeze\/crit + win speed tie to win
|choice|move 2|move 1
|
|move|p1a: Tauros|Blizzard|p2a: Tauros
|-damage|p2a: Tauros|88\/353
|move|p2a: Tauros|Body Slam|p1a: Tauros
|-damage|p1a: Tauros|0 fnt
|faint|p1a: Tauros
|
|win|Enigami
|c|★I love pochama|0 freeze
|c|★Enigami|Wow
|c|★I love pochama|all game