|J|Disaster Area
|J|Peasounay
|player|p1|Disaster Area|32
|player|p2|Peasounay|80
|gametype|singles
|gen|1
|tier|[Gen 1] RU
|seed|37698,26759,64645,64487
|rule|Sleep Clause Mod: Limit one foe put to sleep
|rule|Freeze Clause Mod: Limit one foe frozen
|rule|Species Clause: Limit one of each Pokémon
|rule|OHKO Clause: OHKO moves are banned
|rule|Evasion Moves Clause: Evasion moves are banned
|rule|HP Percentage Mod: HP is shown in percentages
|
|start
|switch|p1a: Flareon|Flareon|333\/333
|switch|p2a: Exeggcute|Exeggcute|323\/323
|turn|1
|c|★Disaster Area|gl hf
|c|★Disaster Area|get fire-typed
|c|★Disaster Area|xP
|c|★Peasounay|it's the only thing that 2HKO's clef
|c|★Peasounay|yup lol gl hf
|c|★Disaster Area|ah
|c|★Disaster Area|tbf
|c|★Disaster Area|flareon 2HKOs if
|c|★Disaster Area|it gets a burn
|c|★Disaster Area|lol
|c|★Disaster Area|i wonder how much
|c|★Disaster Area|HB does
|choice|move 2|switch 2
|
|switch|p2a: Clefable|Clefable|393\/393
|move|p1a: Flareon|Fire Blast|p2a: Clefable
|-damage|p2a: Clefable|219\/393
|
|turn|2
|c|★Disaster Area|Flareon Hyper Beam vs. Clefable: 157-185 (39.9 - 47%) -- guaranteed 3HKO
|c|★Peasounay|when you don't have any switches for that hard hitting thing
|c|★Peasounay|rip
|c|★Disaster Area|yeah
|c|★Disaster Area|this is just
|c|★Disaster Area|the true wallbreaker
|c|★Disaster Area|of the tier
|c|★Disaster Area|lol
|c|★Disaster Area|makes me think I should
|c|★Disaster Area|use it more
|c|★Disaster Area|maybe it should go C rank
|c|★Disaster Area|:P
|choice|move 4|move 2
|
|move|p1a: Flareon|Fire Spin|p2a: Clefable
|-damage|p2a: Clefable|197\/393
|-activate|p2a: Clefable|move: Fire Spin|[of] p1a: Flareon
|cant|p2a: Clefable|partiallytrapped
|
|turn|3
|c|★Peasounay|it doesn't learn fire spin does it ?
|c|★Peasounay|nevermind
|c|★Disaster Area|hell yes my nigga
|c|★Disaster Area|:D
|choice|move 4|switch 5
|
|switch|p2a: Kingler|Kingler|313\/313
|move|p1a: Flareon|Fire Spin|p2a: Kingler
|-resisted|p2a: Kingler
|-damage|p2a: Kingler|300\/313
|-activate|p2a: Kingler|move: Fire Spin|[of] p1a: Flareon
|
|turn|4
|c|★Disaster Area|MY NIGGA
|choice|switch 3|move 4
|
|switch|p1a: Venusaur|Venusaur|363\/363
|cant|p2a: Kingler|partiallytrapped
|
|-end|p2a: Kingler|Fire Spin|[partiallytrapped]
|turn|5
|c|★Disaster Area|real shit
|c|★Disaster Area|i shoulda gone
|c|★Disaster Area|to my own kingler
|c|★Disaster Area|right there
|c|★Disaster Area|lmao
|choice|move 1|switch 5
|
|switch|p2a: Clefable|Clefable|197\/393
|move|p1a: Venusaur|Sleep Powder|p2a: Clefable|[miss]
|-miss|p1a: Venusaur
|
|turn|6
|choice|move 1|move 2
|
|move|p1a: Venusaur|Sleep Powder|p2a: Clefable|[miss]
|-miss|p1a: Venusaur
|move|p2a: Clefable|Thunder Wave|p1a: Venusaur
|-status|p1a: Venusaur|par
|
|turn|7
|choice|move 1|move 1
|
|move|p2a: Clefable|Blizzard|p1a: Venusaur
|-supereffective|p1a: Venusaur
|-damage|p1a: Venusaur|205\/363 par
|move|p1a: Venusaur|Sleep Powder|p2a: Clefable
|-status|p2a: Clefable|slp
|
|turn|8
|c|★Disaster Area|x_x
|choice|move 4|switch 3
|
|switch|p2a: Mr. Mime|Mr. Mime|283\/283
|move|p1a: Venusaur|Body Slam|p2a: Mr. Mime
|-damage|p2a: Mr. Mime|210\/283
|-status|p2a: Mr. Mime|par
|
|turn|9
|c|★Disaster Area|haha
|c|★Peasounay|poor me
|choice|move 3|move 3
|
|move|p2a: Mr. Mime|Psychic|p1a: Venusaur
|-supereffective|p1a: Venusaur
|-damage|p1a: Venusaur|0 fnt
|faint|p1a: Venusaur
|choice|switch 6|
|
|switch|p1a: Sandslash|Sandslash|353\/353
|turn|10
|choice|move 4|switch 2
|
|switch|p2a: Exeggcute|Exeggcute|323\/323
|move|p1a: Sandslash|Body Slam|p2a: Exeggcute
|-damage|p2a: Exeggcute|246\/323
|
|turn|11
|c|★Disaster Area|tbh
|c|★Peasounay|you don't run hb? 
|c|★Disaster Area|i nearly doubled to flareon
|choice|switch 2|move 1
|
|switch|p1a: Mr. Mime|Mr. Mime|283\/283
|move|p2a: Exeggcute|Sleep Powder|p1a: Mr. Mime
|-status|p1a: Mr. Mime|slp
|
|turn|12
|c|★Disaster Area|but I don't have
|c|★Disaster Area|enough balls
|c|★Disaster Area|nah why run HB
|c|★Disaster Area|rock slide + eq
|c|★Disaster Area|hits everything
|c|★Disaster Area|and ur better off trying to spread para with it a little
|c|★Disaster Area|than the extra damage vs ???
|c|★Peasounay|egg actually is the only thing
|c|★Peasounay|or grass types
|c|★Disaster Area|lol
|c|★Disaster Area|so egg\/tangela
|c|★Disaster Area|basically
|c|★Disaster Area|lol
|c|★Peasounay|yeah you're right
|choice|switch 3|switch 6
|
|switch|p1a: Flareon|Flareon|333\/333
|switch|p2a: Scyther|Scyther|343\/343
|
|turn|13
|choice|move 2|switch 3
|
|switch|p2a: Clefable|Clefable|197\/393 slp
|move|p1a: Flareon|Fire Blast|p2a: Clefable
|-damage|p2a: Clefable|21\/393 slp
|
|turn|14
|J|Enigami
|choice|move 1|move 2
|
|move|p1a: Flareon|Body Slam|p2a: Clefable
|-damage|p2a: Clefable|0 fnt
|faint|p2a: Clefable
|choice||switch 5
|
|switch|p2a: Kingler|Kingler|300\/313
|turn|15
|choice|switch 4|move 2
|
|switch|p1a: Clefable|Clefable|393\/393
|move|p2a: Kingler|Body Slam|p1a: Clefable
|-damage|p1a: Clefable|289\/393
|
|turn|16
|choice|move 2|switch 2
|
|switch|p2a: Mr. Mime|Mr. Mime|210\/283 par
|move|p1a: Clefable|Thunderbolt|p2a: Mr. Mime
|-damage|p2a: Mr. Mime|143\/283 par
|
|turn|17
|choice|switch 2|switch 4
|
|switch|p1a: Sandslash|Sandslash|353\/353
|switch|p2a: Porygon|Porygon|333\/333
|
|turn|18
|choice|move 3|move 2
|
|move|p1a: Sandslash|Swords Dance|p1a: Sandslash
|-boost|p1a: Sandslash|atk|2
|move|p2a: Porygon|Thunder Wave|p1a: Sandslash
|-immune|p1a: Sandslash|[msg]
|
|turn|19
|c|★Peasounay|nooo
|c|★Disaster Area|my nigga
|c|★Disaster Area|got u
|choice|move 4|move 1
|
|move|p1a: Sandslash|Body Slam|p2a: Porygon
|-damage|p2a: Porygon|160\/333
|move|p2a: Porygon|Blizzard|p1a: Sandslash
|-supereffective|p1a: Sandslash
|-damage|p1a: Sandslash|120\/353
|
|turn|20
|c|★Disaster Area|lermao
|choice|move 4|switch 6
|
|switch|p2a: Exeggcute|Exeggcute|246\/323
|move|p1a: Sandslash|Body Slam|p2a: Exeggcute
|-crit|p2a: Exeggcute
|-damage|p2a: Exeggcute|106\/323
|
|turn|21
|choice|move 4|move 2
|
|move|p1a: Sandslash|Body Slam|p2a: Exeggcute
|-damage|p2a: Exeggcute|0 fnt
|faint|p2a: Exeggcute
|choice||switch 2
|
|switch|p2a: Kingler|Kingler|300\/313
|turn|22
|choice|move 1|move 4
|
|move|p2a: Kingler|Crabhammer|p1a: Sandslash
|-crit|p1a: Sandslash
|-supereffective|p1a: Sandslash
|-damage|p1a: Sandslash|0 fnt
|faint|p1a: Sandslash
|choice|switch 2|
|
|switch|p1a: Clefable|Clefable|289\/393
|turn|23
|choice|move 3|switch 4
|
|switch|p2a: Mr. Mime|Mr. Mime|143\/283 par
|move|p1a: Clefable|Thunder Wave|p2a: Mr. Mime
|-fail|p2a: Mr. Mime|par
|
|turn|24
|choice|move 4|switch 3
|
|switch|p2a: Scyther|Scyther|343\/343
|move|p1a: Clefable|Hyper Beam|p2a: Scyther
|-damage|p2a: Scyther|181\/343
|
|turn|25
|-mustrecharge|p1a: Clefable
|-mustrecharge|p1a: Clefable
|choice|move 1|move 1
|
|move|p2a: Scyther|Swords Dance|p2a: Scyther
|-boost|p2a: Scyther|atk|2
|cant|p1a: Clefable|recharge
|
|turn|26
|choice|switch 4|move 3
|
|switch|p1a: Flareon|Flareon|333\/333
|move|p2a: Scyther|Hyper Beam|p1a: Flareon
|-damage|p1a: Flareon|0 fnt
|faint|p1a: Flareon
|c|★Disaster Area|i might
|c|★Disaster Area|lose here
|c|★Disaster Area|christ
|choice|switch 5|
|
|switch|p1a: Kingler|Kingler|313\/313
|turn|27
|choice|move 3|move 4
|
|move|p2a: Scyther|Substitute|p2a: Scyther
|-start|p2a: Scyther|Substitute
|-damage|p2a: Scyther|96\/343
|move|p1a: Kingler|Crabhammer|p2a: Scyther|[miss]
|-miss|p1a: Kingler
|
|turn|28
|c|★Peasounay|rip
|c|★Disaster Area|x_x
|choice|move 1|move 2
|
|move|p2a: Scyther|Slash|p1a: Kingler
|-crit|p1a: Kingler
|-damage|p1a: Kingler|216\/313
|move|p1a: Kingler|Body Slam|p2a: Scyther
|-crit|p2a: Scyther
|-end|p2a: Scyther|Substitute
|
|turn|29
|c|★Disaster Area|miss
|c|★Disaster Area|PLZZZZZZZZZZZZ
|c|★Peasounay|can bslam para if it breaks a sub ?
|c|★Disaster Area|idts
|choice|move 1|move 3
|
|move|p2a: Scyther|Hyper Beam|p1a: Kingler
|-damage|p1a: Kingler|0 fnt
|faint|p1a: Kingler
|c|★Peasounay|yikes
|choice|switch 4|
|
|switch|p1a: Clefable|Clefable|289\/393
|turn|30
|c|★Peasounay|roll vs clef
|choice|move 2|move 3
|
|move|p2a: Scyther|Hyper Beam|p1a: Clefable
|-damage|p1a: Clefable|0 fnt
|faint|p1a: Clefable
|c|★Disaster Area|yeah but u probably win now
|c|★Peasounay|scyther <3
|choice|switch 3|
|
|switch|p1a: Mr. Mime|Mr. Mime|283\/283 slp
|turn|31
|choice|move 3|move 3
|
|move|p2a: Scyther|Hyper Beam|p1a: Mr. Mime
|-damage|p1a: Mr. Mime|0 fnt
|faint|p1a: Mr. Mime
|
|win|Peasounay
|c|★Disaster Area|yeah my team is
|c|★Disaster Area|really slow
|c|★Disaster Area|kingler's a bitch for it