|J|Peasounay
|J|Disaster Area
|player|p1|Peasounay|80
|player|p2|Disaster Area|32
|gametype|singles
|gen|1
|tier|[Gen 1] RU
|seed|2778,31768,58700,28875
|rule|Sleep Clause Mod: Limit one foe put to sleep
|rule|Freeze Clause Mod: Limit one foe frozen
|rule|Species Clause: Limit one of each Pokémon
|rule|OHKO Clause: OHKO moves are banned
|rule|Evasion Moves Clause: Evasion moves are banned
|rule|HP Percentage Mod: HP is shown in percentages
|
|start
|switch|p1a: Venomoth|Venomoth|343\/343
|switch|p2a: Poliwhirl|Poliwhirl|333\/333
|turn|1
|c|★Disaster Area|gg hf
|c|★Disaster Area|:^)
|c|★Peasounay|u2
|choice|move 1|move 4
|
|move|p1a: Venomoth|Sleep Powder|p2a: Poliwhirl
|-status|p2a: Poliwhirl|slp
|cant|p2a: Poliwhirl|slp
|
|turn|2
|choice|move 2|switch 3
|
|switch|p2a: Mr. Mime|Mr. Mime|283\/283
|move|p1a: Venomoth|Psychic|p2a: Mr. Mime
|-resisted|p2a: Mr. Mime
|-damage|p2a: Mr. Mime|252\/283
|-unboost|p2a: Mr. Mime|spd|1
|-unboost|p2a: Mr. Mime|spa|1
|
|turn|3
|c|★Peasounay|is bug physical or special ?
|c|★Peasounay|i don't actually know lol
|c|★Disaster Area|physical
|c|★Disaster Area|man
|c|★Disaster Area|lol
|choice|switch 4|switch 2
|
|switch|p2a: Dugtrio|Dugtrio|273\/273
|switch|p1a: Clefable|Clefable|393\/393
|
|turn|4
|c|★Disaster Area|the way u remember is there's an eeveelution for every special type
|c|★Disaster Area|other than dragon
|choice|move 4|switch 4
|
|switch|p2a: Clefable|Clefable|393\/393
|move|p1a: Clefable|Body Slam|p2a: Clefable
|-damage|p2a: Clefable|303\/393
|
|turn|5
|choice|move 3|move 3
|
|move|p2a: Clefable|Sing|p1a: Clefable|[miss]
|-miss|p2a: Clefable
|move|p1a: Clefable|Light Screen|p1a: Clefable
|-start|p1a: Clefable|Light Screen
|
|turn|6
|choice|switch 4|move 1
|
|switch|p1a: Venomoth|Venomoth|343\/343
|move|p2a: Clefable|Blizzard|p1a: Venomoth
|-damage|p1a: Venomoth|256\/343
|
|turn|7
|choice|move 3|switch 2
|
|switch|p2a: Mr. Mime|Mr. Mime|252\/283
|move|p1a: Venomoth|Stun Spore|p2a: Mr. Mime
|-status|p2a: Mr. Mime|par
|
|turn|8
|c|★Disaster Area|ok
|choice|switch 4|switch 5
|
|switch|p1a: Clefable|Clefable|393\/393
|switch|p2a: Aerodactyl|Aerodactyl|363\/363
|
|turn|9
|c|★Disaster Area|i think i have
|c|★Disaster Area|the 'counter'
|c|★Disaster Area|!!!!!!!!!!!!
|choice|move 2|move 2
|
|move|p2a: Aerodactyl|Fire Blast|p1a: Clefable|[miss]
|-miss|p2a: Aerodactyl
|move|p1a: Clefable|Reflect|p1a: Clefable
|-start|p1a: Clefable|Reflect
|
|turn|10
|choice|move 3|move 2
|
|move|p2a: Aerodactyl|Fire Blast|p1a: Clefable
|-damage|p1a: Clefable|315\/393
|-status|p1a: Clefable|brn
|move|p1a: Clefable|Light Screen|p1a: Clefable
|-start|p1a: Clefable|Light Screen
|-damage|p1a: Clefable|291\/393 brn|[from] brn
|
|turn|11
|choice|move 4|move 1
|
|move|p2a: Aerodactyl|Double-Edge|p1a: Clefable
|-crit|p1a: Clefable
|-damage|p1a: Clefable|92\/393 brn
|-damage|p2a: Aerodactyl|314\/363|[from] recoil|[of] p1a: Clefable
|move|p1a: Clefable|Body Slam|p2a: Aerodactyl
|-resisted|p2a: Aerodactyl
|-damage|p2a: Aerodactyl|286\/363
|-damage|p1a: Clefable|68\/393 brn|[from] brn|[of] p2a: Aerodactyl
|
|turn|12
|choice|move 1|move 3
|
|move|p2a: Aerodactyl|Hyper Beam|p1a: Clefable|[miss]
|-miss|p2a: Aerodactyl
|move|p1a: Clefable|Rest|p1a: Clefable
|-status|p1a: Clefable|slp
|-heal|p1a: Clefable|393\/393 slp|[silent]
|-status|p1a: Clefable|slp|[from] move: Rest
|
|turn|13
|c|★Peasounay|rip
|choice|move 4|switch 2
|
|switch|p2a: Clefable|Clefable|303\/393
|cant|p1a: Clefable|slp
|
|turn|14
|choice|move 4|move 1
|
|move|p2a: Clefable|Blizzard|p1a: Clefable|[miss]
|-miss|p2a: Clefable
|-curestatus|p1a: Clefable|slp
|
|turn|15
|choice|switch 4|move 3
|
|switch|p1a: Venomoth|Venomoth|256\/343
|move|p2a: Clefable|Sing|p1a: Venomoth|[miss]
|-miss|p2a: Clefable
|
|turn|16
|choice|move 4|switch 5
|
|switch|p2a: Mr. Mime|Mr. Mime|252\/283 par
|move|p1a: Venomoth|Leech Life|p2a: Mr. Mime
|-supereffective|p2a: Mr. Mime
|-damage|p2a: Mr. Mime|205\/283 par
|-heal|p1a: Venomoth|279\/343|[from] drain|[of] p2a: Mr. Mime
|
|turn|17
|c|★Disaster Area|christ
|choice|switch 4|switch 5
|
|switch|p1a: Clefable|Clefable|393\/393
|switch|p2a: Clefable|Clefable|303\/393
|
|turn|18
|c|★Disaster Area|I think this team
|c|★Disaster Area|has serious venomoth issues
|c|★Disaster Area|no lie
|c|★Disaster Area|well
|c|★Disaster Area|moth+tankfable
|choice|move 3|move 3
|
|move|p1a: Clefable|Light Screen|p1a: Clefable
|-start|p1a: Clefable|Light Screen
|move|p2a: Clefable|Sing|p1a: Clefable|[miss]
|-miss|p2a: Clefable
|
|turn|19
|c|★Peasounay|why am i so dumb
|choice|move 4|move 1
|
|move|p1a: Clefable|Body Slam|p2a: Clefable
|-damage|p2a: Clefable|205\/393
|move|p2a: Clefable|Blizzard|p1a: Clefable
|-damage|p1a: Clefable|349\/393
|
|turn|20
|choice|switch 4|move 3
|
|switch|p1a: Venomoth|Venomoth|279\/343
|move|p2a: Clefable|Sing|p1a: Venomoth
|-status|p1a: Venomoth|slp
|
|turn|21
|c|★Disaster Area|FINALLY MY NIQQA
|c|★Peasounay|lmao
|choice|switch 4|move 2
|
|switch|p1a: Clefable|Clefable|349\/393
|move|p2a: Clefable|Thunder Wave|p1a: Clefable
|-status|p1a: Clefable|par
|
|turn|22
|choice|move 4|move 1
|
|move|p2a: Clefable|Blizzard|p1a: Clefable
|-damage|p1a: Clefable|253\/393 par
|cant|p1a: Clefable|par
|
|turn|23
|choice|move 2|move 1
|
|move|p2a: Clefable|Blizzard|p1a: Clefable
|-damage|p1a: Clefable|157\/393 par
|move|p1a: Clefable|Reflect|p1a: Clefable
|-start|p1a: Clefable|Reflect
|
|turn|24
|choice|move 1|move 1
|
|move|p2a: Clefable|Blizzard|p1a: Clefable
|-damage|p1a: Clefable|71\/393 par
|cant|p1a: Clefable|par
|
|turn|25
|choice|move 1|move 1
|
|move|p2a: Clefable|Blizzard|p1a: Clefable
|-crit|p1a: Clefable
|-damage|p1a: Clefable|0 fnt
|faint|p1a: Clefable
|c|★Disaster Area|C M O N
|c|★Disaster Area|THELE IT IS
|choice|switch 2|
|
|switch|p1a: Dragonair|Dragonair|325\/325
|turn|26
|choice|move 2|move 2
|
|move|p1a: Dragonair|Wrap|p2a: Clefable
|-damage|p2a: Clefable|191\/393
|-activate|p2a: Clefable|move: Wrap|[of] p1a: Dragonair
|cant|p2a: Clefable|partiallytrapped
|
|turn|27
|c|★Disaster Area|fucking lol.
|c|★Disaster Area|agiliwrap on this thing
|c|★Disaster Area|actually is
|c|★Disaster Area|a bitch for me
|choice|move 2|switch 6
|
|switch|p2a: Vaporeon|Vaporeon|463\/463
|move|p1a: Dragonair|Wrap|p2a: Vaporeon
|-crit|p2a: Vaporeon
|-damage|p2a: Vaporeon|436\/463
|-activate|p2a: Vaporeon|move: Wrap|[of] p1a: Dragonair
|
|turn|28
|choice|move 2|move 3
|
|move|p1a: Dragonair|Wrap|p2a: Vaporeon
|-damage|p2a: Vaporeon|409\/463
|cant|p2a: Vaporeon|partiallytrapped
|
|turn|29
|choice|move 2|move 3
|
|move|p1a: Dragonair|Wrap|p2a: Vaporeon
|-damage|p2a: Vaporeon|382\/463
|cant|p2a: Vaporeon|partiallytrapped
|
|turn|30
|choice|move 2|move 3
|
|move|p1a: Dragonair|Wrap|p2a: Vaporeon
|-damage|p2a: Vaporeon|355\/463
|cant|p2a: Vaporeon|partiallytrapped
|
|-end|p2a: Vaporeon|Wrap|[partiallytrapped]
|turn|31
|choice|switch 3|move 3
|
|switch|p1a: Dewgong|Dewgong|383\/383
|move|p2a: Vaporeon|Blizzard|p1a: Dewgong
|-resisted|p1a: Dewgong
|-damage|p1a: Dewgong|357\/383
|
|turn|32
|c|★Disaster Area|my man
|c|★Disaster Area|how am I
|c|★Disaster Area|supposed to win?
|choice|move 3|move 4
|
|move|p1a: Dewgong|Body Slam|p2a: Vaporeon
|-damage|p2a: Vaporeon|284\/463
|-status|p2a: Vaporeon|par
|cant|p2a: Vaporeon|par
|
|turn|33
|c|★Disaster Area|rip sand attack
|c|★Peasounay|you got matched up quite hard + bad luck
|c|★Disaster Area|;_l
|choice|move 3|move 2
|
|move|p1a: Dewgong|Body Slam|p2a: Vaporeon
|-damage|p2a: Vaporeon|217\/463 par
|move|p2a: Vaporeon|Body Slam|p1a: Dewgong
|-damage|p1a: Dewgong|293\/383
|
|turn|34
|choice|move 3|move 2
|
|move|p1a: Dewgong|Body Slam|p2a: Vaporeon
|-damage|p2a: Vaporeon|143\/463 par
|move|p2a: Vaporeon|Body Slam|p1a: Dewgong
|-damage|p1a: Dewgong|233\/383
|
|turn|35
|choice|move 3|move 2
|
|move|p1a: Dewgong|Body Slam|p2a: Vaporeon
|-damage|p2a: Vaporeon|73\/463 par
|move|p2a: Vaporeon|Body Slam|p1a: Dewgong
|-damage|p1a: Dewgong|173\/383
|-status|p1a: Dewgong|par
|
|turn|36
|choice|move 3|move 4
|
|cant|p1a: Dewgong|par
|move|p2a: Vaporeon|Sand Attack|p1a: Dewgong
|-unboost|p1a: Dewgong|accuracy|1
|
|turn|37
|choice|move 4|move 2
|
|move|p2a: Vaporeon|Body Slam|p1a: Dewgong
|-damage|p1a: Dewgong|113\/383 par
|move|p1a: Dewgong|Rest|p1a: Dewgong
|-status|p1a: Dewgong|slp
|-heal|p1a: Dewgong|383\/383 slp|[silent]
|-status|p1a: Dewgong|slp|[from] move: Rest
|
|turn|38
|c|★Disaster Area|haha speed mechanics my nigga
|choice|move 3|switch 5
|
|switch|p2a: Mr. Mime|Mr. Mime|205\/283 par
|cant|p1a: Dewgong|slp
|
|turn|39
|choice|switch 6|move 4
|
|switch|p1a: Sandslash|Sandslash|353\/353
|move|p2a: Mr. Mime|Thunderbolt|p1a: Sandslash
|-immune|p1a: Sandslash|[msg]
|
|turn|40
|choice|move 2|switch 2
|
|switch|p2a: Aerodactyl|Aerodactyl|286\/363
|move|p1a: Sandslash|Earthquake|p2a: Aerodactyl
|-immune|p2a: Aerodactyl|[msg]
|
|turn|41
|choice|switch 6|move 2
|
|switch|p1a: Dewgong|Dewgong|383\/383 slp
|move|p2a: Aerodactyl|Fire Blast|p1a: Dewgong|[miss]
|-miss|p2a: Aerodactyl
|
|turn|42
|choice|move 3|move 2
|
|move|p2a: Aerodactyl|Fire Blast|p1a: Dewgong
|-damage|p1a: Dewgong|313\/383 slp
|-curestatus|p1a: Dewgong|slp
|
|turn|43
|choice|move 3|switch 5
|
|switch|p2a: Vaporeon|Vaporeon|73\/463 par
|move|p1a: Dewgong|Body Slam|p2a: Vaporeon
|-damage|p2a: Vaporeon|0 fnt
|faint|p2a: Vaporeon
|choice||switch 3
|
|switch|p2a: Poliwhirl|Poliwhirl|333\/333 slp
|turn|44
|c|★Peasounay|taking down vap is like taking down chansey in some way
|choice|move 3|move 1
|
|cant|p2a: Poliwhirl|slp
|move|p1a: Dewgong|Body Slam|p2a: Poliwhirl
|-damage|p2a: Poliwhirl|263\/333 slp
|
|turn|45
|choice|move 3|move 1
|
|cant|p2a: Poliwhirl|slp
|move|p1a: Dewgong|Body Slam|p2a: Poliwhirl
|-damage|p2a: Poliwhirl|191\/333 slp
|
|turn|46
|c|★Disaster Area|dewgong similarly
|choice|move 3|move 2
|
|cant|p2a: Poliwhirl|slp
|move|p1a: Dewgong|Body Slam|p2a: Poliwhirl
|-damage|p2a: Poliwhirl|117\/333 slp
|
|turn|47
|J|Enigami
|c| Enigami|The Blue blobs, then? :P
|choice|move 3|move 2
|
|-curestatus|p2a: Poliwhirl|slp
|move|p1a: Dewgong|Body Slam|p2a: Poliwhirl
|-damage|p2a: Poliwhirl|53\/333
|
|turn|48
|c|★Peasounay|heya
|c|★Disaster Area|ROFL
|choice|move 3|move 3
|
|move|p2a: Poliwhirl|Psychic|p1a: Dewgong
|-damage|p1a: Dewgong|268\/383
|-unboost|p1a: Dewgong|spd|1
|-unboost|p1a: Dewgong|spa|1
|move|p1a: Dewgong|Body Slam|p2a: Poliwhirl
|-damage|p2a: Poliwhirl|0 fnt
|faint|p2a: Poliwhirl
|c|★Disaster Area|well that was helpful
|c|★Disaster Area|=
|c|★Disaster Area|* -
|choice||switch 5
|
|switch|p2a: Aerodactyl|Aerodactyl|286\/363
|turn|49
|choice|switch 3|move 2
|
|switch|p1a: Dragonair|Dragonair|325\/325
|move|p2a: Aerodactyl|Fire Blast|p1a: Dragonair|[miss]
|-miss|p2a: Aerodactyl
|
|turn|50
|choice|move 4|move 1
|
|move|p2a: Aerodactyl|Double-Edge|p1a: Dragonair
|-crit|p1a: Dragonair
|-damage|p1a: Dragonair|133\/325
|-damage|p2a: Aerodactyl|238\/363|[from] recoil|[of] p1a: Dragonair
|move|p1a: Dragonair|Thunder Wave|p2a: Aerodactyl
|-status|p2a: Aerodactyl|par
|
|turn|51
|choice|move 1|move 1
|
|move|p1a: Dragonair|Blizzard|p2a: Aerodactyl
|-supereffective|p2a: Aerodactyl
|-damage|p2a: Aerodactyl|18\/363 par
|move|p2a: Aerodactyl|Double-Edge|p1a: Dragonair
|-damage|p1a: Dragonair|34\/325
|-damage|p2a: Aerodactyl|0 fnt|[from] recoil|[of] p1a: Dragonair
|faint|p2a: Aerodactyl
|choice||switch 4
|
|switch|p2a: Dugtrio|Dugtrio|273\/273
|turn|52
|c|★Disaster Area|the self-KO
|c|★Disaster Area|is real
|c|★Disaster Area|-
|choice|switch 5|move 2
|
|switch|p1a: Aerodactyl|Aerodactyl|363\/363
|move|p2a: Dugtrio|Substitute|p2a: Dugtrio
|-start|p2a: Dugtrio|Substitute
|-damage|p2a: Dugtrio|205\/273
|
|turn|53
|c|★Disaster Area|MY NIGGA
|c|★Disaster Area|COME ON MAN
|c|★Disaster Area|THAT'S NOT FAIR
|c|★Disaster Area|XD
|c|★Peasounay|the perfect spot for that team lmao
|choice|move 2|move 4
|
|move|p1a: Aerodactyl|Double-Edge|p2a: Dugtrio
|-end|p2a: Dugtrio|Substitute
|-damage|p1a: Aerodactyl|346\/363|[from] recoil|[of] p2a: Dugtrio
|move|p2a: Dugtrio|Rock Slide|p1a: Aerodactyl|[miss]
|-miss|p2a: Dugtrio
|
|turn|54
|c|★Peasounay|you just miss everything
|choice|move 2|switch 2
|
|switch|p2a: Mr. Mime|Mr. Mime|205\/283 par
|move|p1a: Aerodactyl|Double-Edge|p2a: Mr. Mime
|-damage|p2a: Mr. Mime|92\/283 par
|-damage|p1a: Aerodactyl|318\/363|[from] recoil|[of] p2a: Mr. Mime
|
|turn|55
|c|★Disaster Area|yeah that doesn't help either but
|c|★Disaster Area|oml
|c|★Disaster Area|I've never actually
|c|★Disaster Area|been matchupped so hard in my life
|c|★Disaster Area|this is the first time I think I've ever been happy to
|c|★Disaster Area|claim loss to matchup
|c|★Peasounay|hahaha
|choice|move 4|move 4
|
|move|p1a: Aerodactyl|Hyper Beam|p2a: Mr. Mime
|-damage|p2a: Mr. Mime|0 fnt
|faint|p2a: Mr. Mime
|choice||switch 6
|
|switch|p2a: Clefable|Clefable|191\/393
|turn|56
|c|★Disaster Area|cos matchup usually just means
|c|★Disaster Area|bad teambuilding
|c|★Disaster Area|but your team is so ?????
|choice|move 4|move 2
|
|move|p1a: Aerodactyl|Hyper Beam|p2a: Clefable
|-damage|p2a: Clefable|54\/393
|move|p2a: Clefable|Thunder Wave|p1a: Aerodactyl
|-status|p1a: Aerodactyl|par
|
|turn|57
|-mustrecharge|p1a: Aerodactyl
|-mustrecharge|p1a: Aerodactyl
|choice|move 1|move 1
|
|move|p2a: Clefable|Blizzard|p1a: Aerodactyl
|-supereffective|p1a: Aerodactyl
|-damage|p1a: Aerodactyl|64\/363 par
|cant|p1a: Aerodactyl|recharge
|
|turn|58
|choice|move 4|move 4
|
|move|p2a: Clefable|Hyper Beam|p1a: Aerodactyl
|-resisted|p1a: Aerodactyl
|-damage|p1a: Aerodactyl|0 fnt
|faint|p1a: Aerodactyl
|c|★Disaster Area|aaaaand I'm outta blizzard
|choice|switch 5|
|
|switch|p1a: Dragonair|Dragonair|34\/325
|turn|59
|c|★Disaster Area|fucking dragonair
|c|★Disaster Area|lol.
|choice|move 1|move 4
|
|move|p1a: Dragonair|Blizzard|p2a: Clefable|[miss]
|-miss|p1a: Dragonair
|move|p2a: Clefable|Hyper Beam|p1a: Dragonair|[miss]
|-miss|p2a: Clefable
|
|turn|60
|c|★Disaster Area|LOL
|c|★Peasounay|lmao
|c|★Disaster Area|0 
|choice|move 1|move 4
|
|move|p1a: Dragonair|Blizzard|p2a: Clefable
|-damage|p2a: Clefable|0 fnt
|faint|p2a: Clefable
|choice||switch 2
|
|switch|p2a: Dugtrio|Dugtrio|205\/273
|turn|61
|choice|move 1|move 2
|
|move|p2a: Dugtrio|Substitute|p2a: Dugtrio
|-start|p2a: Dugtrio|Substitute
|-damage|p2a: Dugtrio|137\/273
|move|p1a: Dragonair|Blizzard|p2a: Dugtrio|[miss]
|-miss|p1a: Dragonair
|
|turn|62
|choice|move 1|move 1
|
|move|p2a: Dugtrio|Earthquake|p1a: Dragonair
|-damage|p1a: Dragonair|0 fnt
|faint|p1a: Dragonair
|choice|switch 6|
|
|switch|p1a: Sandslash|Sandslash|353\/353
|turn|63
|choice|move 4|move 1
|
|move|p2a: Dugtrio|Earthquake|p1a: Sandslash
|-crit|p1a: Sandslash
|-damage|p1a: Sandslash|182\/353
|move|p1a: Sandslash|Body Slam|p2a: Dugtrio
|-end|p2a: Dugtrio|Substitute
|
|turn|64
|choice|move 2|move 2
|
|move|p2a: Dugtrio|Substitute|p2a: Dugtrio
|-start|p2a: Dugtrio|Substitute
|-damage|p2a: Dugtrio|69\/273
|move|p1a: Sandslash|Earthquake|p2a: Dugtrio
|-end|p2a: Dugtrio|Substitute
|
|turn|65
|c|★Disaster Area|i think
|c|★Disaster Area|if u 255
|c|★Disaster Area|then i'm gonna 255 too~
|choice|move 2|move 2
|
|move|p2a: Dugtrio|Substitute|p2a: Dugtrio
|-start|p2a: Dugtrio|Substitute
|-damage|p2a: Dugtrio|1\/273
|move|p1a: Sandslash|Earthquake|p2a: Dugtrio
|-end|p2a: Dugtrio|Substitute
|
|turn|66
|c|★Peasounay|definitely possible haha
|choice|move 2|move 1
|
|move|p2a: Dugtrio|Earthquake|p1a: Sandslash
|-damage|p1a: Sandslash|89\/353
|move|p1a: Sandslash|Earthquake|p2a: Dugtrio
|-damage|p2a: Dugtrio|0 fnt
|faint|p2a: Dugtrio
|
|win|Peasounay
|c|★Peasounay|gg
|c|★Disaster Area|gg
|c|★Disaster Area|lmao