|J|marcoasd
|J|I love pochama
|player|p1|marcoasd|2
|player|p2|I love pochama|32
|gametype|singles
|gen|1
|tier|[Gen 1] RU
|seed|48150,5703,12353,34831
|rule|Sleep Clause Mod: Limit one foe put to sleep
|rule|Freeze Clause Mod: Limit one foe frozen
|rule|Species Clause: Limit one of each Pokémon
|rule|OHKO Clause: OHKO moves are banned
|rule|Evasion Moves Clause: Evasion moves are banned
|rule|HP Percentage Mod: HP is shown in percentages
|
|start
|switch|p1a: Mr. Mime|Mr. Mime|283\/283
|switch|p2a: Mr. Mime|Mr. Mime|283\/283
|turn|1
|choice|move 1|move 4
|
|move|p2a: Mr. Mime|Thunder Wave|p1a: Mr. Mime
|-status|p1a: Mr. Mime|par
|move|p1a: Mr. Mime|Thunder Wave|p2a: Mr. Mime
|-status|p2a: Mr. Mime|par
|
|turn|2
|choice|move 4|move 2
|
|cant|p1a: Mr. Mime|par
|cant|p2a: Mr. Mime|par
|
|turn|3
|choice|move 4|move 2
|
|cant|p2a: Mr. Mime|par
|move|p1a: Mr. Mime|Seismic Toss|p2a: Mr. Mime
|-damage|p2a: Mr. Mime|183\/283 par
|
|turn|4
|choice|move 4|move 1
|
|move|p1a: Mr. Mime|Seismic Toss|p2a: Mr. Mime
|-damage|p2a: Mr. Mime|83\/283 par
|move|p2a: Mr. Mime|Psychic|p1a: Mr. Mime
|-crit|p1a: Mr. Mime
|-resisted|p1a: Mr. Mime
|-damage|p1a: Mr. Mime|185\/283 par
|
|turn|5
|choice|move 4|move 2
|
|move|p2a: Mr. Mime|Seismic Toss|p1a: Mr. Mime
|-damage|p1a: Mr. Mime|85\/283 par
|cant|p1a: Mr. Mime|par
|
|turn|6
|choice|move 4|move 2
|
|move|p2a: Mr. Mime|Seismic Toss|p1a: Mr. Mime
|-damage|p1a: Mr. Mime|0 fnt
|faint|p1a: Mr. Mime
|choice|switch 5|
|
|switch|p1a: Sandslash|Sandslash|353\/353
|turn|7
|choice|move 3|switch 4
|
|switch|p2a: Venusaur|Venusaur|363\/363
|move|p1a: Sandslash|Slash|p2a: Venusaur
|-crit|p2a: Venusaur
|-damage|p2a: Venusaur|246\/363
|
|turn|8
|choice|switch 6|move 2
|
|switch|p1a: Electabuzz|Electabuzz|333\/333
|move|p2a: Venusaur|Sleep Powder|p1a: Electabuzz
|-status|p1a: Electabuzz|slp
|
|turn|9
|choice|switch 3|move 1
|
|switch|p1a: Venusaur|Venusaur|363\/363
|move|p2a: Venusaur|Body Slam|p1a: Venusaur
|-damage|p1a: Venusaur|302\/363
|
|turn|10
|choice|move 1|switch 2
|
|switch|p2a: Electabuzz|Electabuzz|333\/333
|move|p1a: Venusaur|Sleep Powder|p2a: Electabuzz|[miss]
|-miss|p1a: Venusaur
|
|turn|11
|choice|move 1|move 2
|
|move|p2a: Electabuzz|Psychic|p1a: Venusaur
|-supereffective|p1a: Venusaur
|-damage|p1a: Venusaur|175\/363
|move|p1a: Venusaur|Sleep Powder|p2a: Electabuzz
|-status|p2a: Electabuzz|slp
|
|turn|12
|choice|move 4|move 2
|
|cant|p2a: Electabuzz|slp
|move|p1a: Venusaur|Body Slam|p2a: Electabuzz
|-damage|p2a: Electabuzz|257\/333 slp
|
|turn|13
|choice|move 3|switch 2
|
|switch|p2a: Venusaur|Venusaur|246\/363
|move|p1a: Venusaur|Swords Dance|p1a: Venusaur
|-boost|p1a: Venusaur|atk|2
|
|turn|14
|choice|move 4|move 1
|
|move|p1a: Venusaur|Body Slam|p2a: Venusaur
|-damage|p2a: Venusaur|114\/363
|-status|p2a: Venusaur|par
|cant|p2a: Venusaur|par
|
|turn|15
|c|★I love pochama|cmoon duude lmao
|choice|move 4|move 3
|
|move|p1a: Venusaur|Body Slam|p2a: Venusaur
|-damage|p2a: Venusaur|0 fnt
|faint|p2a: Venusaur
|choice||switch 3
|
|switch|p2a: Clefable|Clefable|393\/393
|turn|16
|choice|move 2|move 1
|
|move|p1a: Venusaur|Razor Leaf|p2a: Clefable
|-crit|p2a: Clefable
|-damage|p2a: Clefable|244\/393
|move|p2a: Clefable|Thunder Wave|p1a: Venusaur
|-status|p1a: Venusaur|par
|
|turn|17
|choice|move 4|switch 2
|
|switch|p2a: Electabuzz|Electabuzz|257\/333 slp
|move|p1a: Venusaur|Body Slam|p2a: Electabuzz
|-crit|p2a: Electabuzz
|-damage|p2a: Electabuzz|109\/333 slp
|
|turn|18
|choice|move 4|move 2
|
|cant|p2a: Electabuzz|slp
|move|p1a: Venusaur|Body Slam|p2a: Electabuzz
|-crit|p2a: Electabuzz
|-damage|p2a: Electabuzz|0 fnt
|faint|p2a: Electabuzz
|choice||switch 4
|
|switch|p2a: Mr. Mime|Mr. Mime|83\/283 par
|turn|19
|choice|move 4|move 1
|
|move|p2a: Mr. Mime|Psychic|p1a: Venusaur
|-supereffective|p1a: Venusaur
|-damage|p1a: Venusaur|0 fnt
|faint|p1a: Venusaur
|choice|switch 6|
|
|switch|p1a: Sandslash|Sandslash|353\/353
|turn|20
|choice|move 1|switch 6
|
|switch|p2a: Kingler|Kingler|313\/313
|move|p1a: Sandslash|Earthquake|p2a: Kingler
|-damage|p2a: Kingler|205\/313
|
|turn|21
|c|★I love pochama|not a threat at all right now?
|c|★marcoasd|with this setup, it is
|c|★marcoasd|you got 3 out of the way
|c|★I love pochama|yep.
|c|★marcoasd|golduck would've been the same
|c|★marcoasd|or worse
|choice|switch 4|move 4
|
|switch|p1a: Vaporeon|Vaporeon|463\/463
|move|p2a: Kingler|Swords Dance|p2a: Kingler
|-boost|p2a: Kingler|atk|2
|
|turn|22
|c|★I love pochama|golduck would struggle
|c|★I love pochama|vs the vap though
|choice|move 1|move 1
|
|move|p2a: Kingler|Body Slam|p1a: Vaporeon
|-damage|p1a: Vaporeon|248\/463
|move|p1a: Vaporeon|Hydro Pump|p2a: Kingler
|-resisted|p2a: Kingler
|-damage|p2a: Kingler|97\/313
|
|turn|23
|c|★I love pochama|and not break so quickly
|choice|switch 2|move 3
|
|switch|p1a: Clefable|Clefable|393\/393
|move|p2a: Kingler|Hyper Beam|p1a: Clefable
|-damage|p1a: Clefable|36\/393
|
|turn|24
|-mustrecharge|p2a: Kingler
|-mustrecharge|p2a: Kingler
|choice|move 3|move 1
|
|cant|p2a: Kingler|recharge
|move|p1a: Clefable|Thunderbolt|p2a: Kingler
|-supereffective|p2a: Kingler
|-damage|p2a: Kingler|0 fnt
|faint|p2a: Kingler
|choice||switch 5
|
|switch|p2a: Dugtrio|Dugtrio|273\/273
|turn|25
|choice|move 2|move 1
|
|move|p2a: Dugtrio|Earthquake|p1a: Clefable
|-damage|p1a: Clefable|0 fnt
|faint|p1a: Clefable
|choice|switch 4|
|
|switch|p1a: Sandslash|Sandslash|353\/353
|turn|26
|choice|move 1|move 1
|
|move|p2a: Dugtrio|Earthquake|p1a: Sandslash
|-damage|p1a: Sandslash|251\/353
|move|p1a: Sandslash|Earthquake|p2a: Dugtrio
|-damage|p2a: Dugtrio|103\/273
|
|turn|27
|choice|move 1|switch 6
|
|switch|p2a: Mr. Mime|Mr. Mime|83\/283 par
|move|p1a: Sandslash|Earthquake|p2a: Mr. Mime
|-damage|p2a: Mr. Mime|0 fnt
|faint|p2a: Mr. Mime
|choice||switch 2
|
|switch|p2a: Clefable|Clefable|244\/393
|turn|28
|choice|move 1|move 3
|
|move|p1a: Sandslash|Earthquake|p2a: Clefable
|-damage|p2a: Clefable|110\/393
|move|p2a: Clefable|Body Slam|p1a: Sandslash
|-damage|p1a: Sandslash|182\/353
|
|turn|29
|c|★marcoasd|gg
|c|★marcoasd|i guess
|c|★I love pochama|yup
|c|★I love pochama|gg
|choice|move 1|move 2
|
|move|p1a: Sandslash|Earthquake|p2a: Clefable
|-damage|p2a: Clefable|0 fnt
|faint|p2a: Clefable
|choice||switch 6
|
|switch|p2a: Dugtrio|Dugtrio|103\/273
|turn|30
|choice|move 1|move 1
|
|move|p2a: Dugtrio|Earthquake|p1a: Sandslash
|-damage|p1a: Sandslash|90\/353
|move|p1a: Sandslash|Earthquake|p2a: Dugtrio
|-damage|p2a: Dugtrio|0 fnt
|faint|p2a: Dugtrio
|
|win|marcoasd
|L|marcoasd
|player|p1
|c|★I love pochama|i should have
|c|★I love pochama|sacked mime to sandslash
|c|★I love pochama|rather than hard switched
|c|★I love pochama|to klibngler