|J|Ortheore
|J|Disaster Area
|player|p1|Ortheore|266
|player|p2|Disaster Area|32
|gametype|singles
|gen|1
|tier|[Gen 1] OU
|seed|46045,59384,44555,2699
|rule|Sleep Clause Mod: Limit one foe put to sleep
|rule|Freeze Clause Mod: Limit one foe frozen
|rule|Species Clause: Limit one of each Pokémon
|rule|OHKO Clause: OHKO moves are banned
|rule|Evasion Moves Clause: Evasion moves are banned
|rule|HP Percentage Mod: HP is shown in percentages
|
|start
|switch|p1a: Gastly|Gastly, L30|85\/85
|switch|p2a: Paras|Paras, L30|88\/88
|turn|1
|choice|move 1|move 1
|
|move|p1a: Gastly|Hypnosis|p2a: Paras|[miss]
|-miss|p1a: Gastly
|move|p2a: Paras|Spore|p1a: Gastly
|-status|p1a: Gastly|slp
|
|turn|2
|choice|move 2|switch 3
|
|switch|p2a: Drowzee|Drowzee, L30|103\/103
|-curestatus|p1a: Gastly|slp
|
|turn|3
|J|PlanckLength
|choice|move 1|switch 3
|
|switch|p2a: Paras|Paras, L30|88\/88
|move|p1a: Gastly|Hypnosis|p2a: Paras|[miss]
|-miss|p1a: Gastly
|
|turn|4
|choice|move 1|move 1
|
|move|p1a: Gastly|Hypnosis|p2a: Paras
|-status|p2a: Paras|slp
|cant|p2a: Paras|slp
|
|turn|5
|choice|move 3|switch 6
|
|switch|p2a: Diglett|Diglett, L30|73\/73
|move|p1a: Gastly|Night Shade|p2a: Diglett
|-damage|p2a: Diglett|43\/73
|
|turn|6
|choice|switch 2|move 1
|
|switch|p1a: Exeggcute|Exeggcute, L30|103\/103
|move|p2a: Diglett|Earthquake|p1a: Exeggcute
|-resisted|p1a: Exeggcute
|-damage|p1a: Exeggcute|88\/103
|
|turn|7
|choice|move 4|switch 3
|
|switch|p2a: Drowzee|Drowzee, L30|103\/103
|move|p1a: Exeggcute|Leech Seed|p2a: Drowzee
|-start|p2a: Drowzee|move: Leech Seed
|
|turn|8
|choice|switch 2|move 3
|
|switch|p1a: Gastly|Gastly, L30|85\/85
|move|p2a: Drowzee|Psychic|p1a: Gastly
|-supereffective|p1a: Gastly
|-damage|p1a: Gastly|17\/85
|-damage|p2a: Drowzee|97\/103|[from] Leech Seed|[of] p1a: Gastly
|-heal|p1a: Gastly|23\/85|[silent]
|
|turn|9
|choice|move 2|switch 6
|
|switch|p2a: Paras|Paras, L30|88\/88 slp
|move|p1a: Gastly|Thunderbolt|p2a: Paras
|-resisted|p2a: Paras
|-damage|p2a: Paras|71\/88 slp
|
|turn|10
|choice|move 3|switch 3
|
|switch|p2a: Diglett|Diglett, L30|43\/73
|move|p1a: Gastly|Night Shade|p2a: Diglett
|-damage|p2a: Diglett|13\/73
|
|turn|11
|choice|move 3|move 4
|
|move|p2a: Diglett|Body Slam|p1a: Gastly
|-immune|p1a: Gastly|[msg]
|move|p1a: Gastly|Night Shade|p2a: Diglett
|-damage|p2a: Diglett|0 fnt
|faint|p2a: Diglett
|c|★Disaster Area|RIP
|c| PlanckLength|omigod, someone used a ghost move in competitive rby
|choice||switch 2
|
|switch|p2a: Staryu|Staryu, L30|85\/85
|turn|12
|c| PlanckLength|I have never seen that before
|c|★Disaster Area|really? o.o
|c|★Disaster Area|night shade is a good move
|c|★Disaster Area|even in OU
|c|★Disaster Area|it's standard on gengar rofl
|choice|move 2|move 2
|
|move|p2a: Staryu|Blizzard|p1a: Gastly
|-damage|p1a: Gastly|0 fnt
|faint|p1a: Gastly
|choice|switch 3|
|
|switch|p1a: Drowzee|Drowzee, L30|103\/103
|turn|13
|c| PlanckLength|I swear I mainly see like mega drain tbolt gengars
|choice|move 2|switch 6
|
|switch|p2a: Drowzee|Drowzee, L30|97\/103
|move|p1a: Drowzee|Thunder Wave|p2a: Drowzee
|-status|p2a: Drowzee|par
|
|turn|14
|choice|move 4|move 1
|
|move|p1a: Drowzee|Seismic Toss|p2a: Drowzee
|-damage|p2a: Drowzee|67\/103 par
|move|p2a: Drowzee|Hypnosis|p1a: Drowzee|[miss]
|-miss|p2a: Drowzee
|
|turn|15
|c| PlanckLength|then again, getting a decent rby match on main can be interesting
|choice|move 4|move 1
|
|move|p1a: Drowzee|Seismic Toss|p2a: Drowzee
|-damage|p2a: Drowzee|37\/103 par
|move|p2a: Drowzee|Hypnosis|p1a: Drowzee
|-status|p1a: Drowzee|slp
|
|turn|16
|choice|move 4|move 2
|
|cant|p1a: Drowzee|slp
|move|p2a: Drowzee|Seismic Toss|p1a: Drowzee
|-damage|p1a: Drowzee|73\/103 slp
|
|turn|17
|choice|move 4|switch 5
|
|switch|p2a: Dratini|Dratini, L30|92\/92
|cant|p1a: Drowzee|slp
|
|turn|18
|choice|switch 2|move 1
|
|switch|p1a: Exeggcute|Exeggcute, L30|88\/103
|move|p2a: Dratini|Dragon Rage|p1a: Exeggcute
|-damage|p1a: Exeggcute|48\/103
|
|turn|19
|choice|move 2|move 3
|
|move|p2a: Dratini|Wrap|p1a: Exeggcute|[miss]
|-miss|p2a: Dratini
|move|p1a: Exeggcute|Explosion|p2a: Dratini
|-damage|p2a: Dratini|7\/92
|faint|p1a: Exeggcute
|c|★Disaster Area|;~;
|choice|switch 4|
|
|switch|p1a: Staryu|Staryu, L30|85\/85
|turn|20
|choice|move 4|switch 4
|
|switch|p2a: Pikachu|Pikachu, L30|88\/88
|move|p1a: Staryu|Blizzard|p2a: Pikachu
|-damage|p2a: Pikachu|52\/88
|
|turn|21
|choice|switch 6|move 3
|
|switch|p1a: Diglett|Diglett, L30|73\/73
|move|p2a: Pikachu|Thunder Wave|p1a: Diglett
|-immune|p1a: Diglett|[msg]
|
|turn|22
|choice|move 1|switch 3
|
|switch|p2a: Paras|Paras, L30|71\/88 slp
|move|p1a: Diglett|Earthquake|p2a: Paras
|-resisted|p2a: Paras
|-damage|p2a: Paras|62\/88 slp
|
|turn|23
|choice|move 2|switch 6
|
|switch|p2a: Staryu|Staryu, L30|85\/85
|move|p1a: Diglett|Rock Slide|p2a: Staryu|[miss]
|-miss|p1a: Diglett
|
|turn|24
|choice|switch 6|move 1
|
|switch|p1a: Staryu|Staryu, L30|85\/85
|move|p2a: Staryu|Thunder Wave|p1a: Staryu
|-status|p1a: Staryu|par
|
|turn|25
|choice|move 1|switch 5
|
|switch|p2a: Drowzee|Drowzee, L30|37\/103 par
|move|p1a: Staryu|Thunder Wave|p2a: Drowzee
|-fail|p2a: Drowzee|par
|
|turn|26
|choice|move 3|move 3
|
|move|p1a: Staryu|Surf|p2a: Drowzee
|-damage|p2a: Drowzee|4\/103 par
|move|p2a: Drowzee|Psychic|p1a: Staryu
|-damage|p1a: Staryu|46\/85 par
|
|turn|27
|choice|move 3|move 3
|
|move|p1a: Staryu|Surf|p2a: Drowzee
|-crit|p2a: Drowzee
|-damage|p2a: Drowzee|0 fnt
|faint|p2a: Drowzee
|choice||switch 3
|
|switch|p2a: Pikachu|Pikachu, L30|52\/88
|turn|28
|choice|move 3|move 1
|
|move|p2a: Pikachu|Body Slam|p1a: Staryu
|-damage|p1a: Staryu|22\/85 par
|move|p1a: Staryu|Surf|p2a: Pikachu
|-damage|p2a: Pikachu|6\/88
|
|turn|29
|choice|move 3|move 1
|
|move|p2a: Pikachu|Body Slam|p1a: Staryu
|-damage|p1a: Staryu|0 fnt
|faint|p1a: Staryu
|choice|switch 6|
|
|switch|p1a: Diglett|Diglett, L30|73\/73
|turn|30
|choice|move 3|move 2
|
|move|p1a: Diglett|Substitute|p1a: Diglett
|-start|p1a: Diglett|Substitute
|-damage|p1a: Diglett|55\/73
|move|p2a: Pikachu|Surf|p1a: Diglett
|-supereffective|p1a: Diglett
|-end|p1a: Diglett|Substitute
|
|turn|31
|choice|move 4|move 2
|
|move|p1a: Diglett|Body Slam|p2a: Pikachu
|-crit|p2a: Pikachu
|-damage|p2a: Pikachu|0 fnt
|faint|p2a: Pikachu
|choice||switch 5
|
|switch|p2a: Staryu|Staryu, L30|85\/85
|turn|32
|choice|move 4|move 2
|
|move|p1a: Diglett|Body Slam|p2a: Staryu
|-damage|p2a: Staryu|61\/85
|move|p2a: Staryu|Blizzard|p1a: Diglett
|-supereffective|p1a: Diglett
|-damage|p1a: Diglett|0 fnt
|faint|p1a: Diglett
|choice|switch 2|
|
|switch|p1a: Drowzee|Drowzee, L30|73\/103 slp
|turn|33
|choice|move 3|switch 4
|
|switch|p2a: Dratini|Dratini, L30|7\/92
|cant|p1a: Drowzee|slp
|
|turn|34
|choice|move 2|move 2
|
|move|p2a: Dratini|Agility|p2a: Dratini
|-boost|p2a: Dratini|spe|2
|cant|p1a: Drowzee|slp
|
|turn|35
|choice|move 2|move 1
|
|move|p2a: Dratini|Dragon Rage|p1a: Drowzee
|-damage|p1a: Drowzee|33\/103 slp
|-curestatus|p1a: Drowzee|slp
|
|turn|36
|c|★Disaster Area|gg
|choice|move 2|move 1
|
|move|p2a: Dratini|Dragon Rage|p1a: Drowzee
|-damage|p1a: Drowzee|0 fnt
|faint|p1a: Drowzee
|c|★Ortheore|gg
|choice|switch 5|
|
|switch|p1a: Doduo|Doduo, L30|88\/88
|turn|37
|choice|move 2|move 1
|
|move|p2a: Dratini|Dragon Rage|p1a: Doduo
|-damage|p1a: Doduo|48\/88
|move|p1a: Doduo|Body Slam|p2a: Dratini
|-damage|p2a: Dratini|0 fnt
|faint|p2a: Dratini
|choice||switch 4
|
|switch|p2a: Staryu|Staryu, L30|61\/85
|turn|38
|choice|move 2|move 4
|
|move|p2a: Staryu|Psychic|p1a: Doduo
|-crit|p1a: Doduo
|-damage|p1a: Doduo|0 fnt
|faint|p1a: Doduo
|
|win|Disaster Area