|J|Disaster Area
|J|Ortheore
|player|p1|Disaster Area|32
|player|p2|Ortheore|266
|gametype|singles
|gen|1
|tier|[Gen 1] OU
|seed|35352,3834,61802,48042
|rule|Sleep Clause Mod: Limit one foe put to sleep
|rule|Freeze Clause Mod: Limit one foe frozen
|rule|Species Clause: Limit one of each Pokémon
|rule|OHKO Clause: OHKO moves are banned
|rule|Evasion Moves Clause: Evasion moves are banned
|rule|HP Percentage Mod: HP is shown in percentages
|
|start
|switch|p1a: Paras|Paras, L30|88\/88
|switch|p2a: Diglett|Diglett, L30|73\/73
|turn|1
|choice|move 1|move 2
|
|move|p2a: Diglett|Rock Slide|p1a: Paras
|-crit|p1a: Paras
|-supereffective|p1a: Paras
|-damage|p1a: Paras|16\/88
|move|p1a: Paras|Spore|p2a: Diglett
|-status|p2a: Diglett|slp
|
|turn|2
|choice|move 4|switch 2
|
|switch|p2a: Clefairy|Clefairy, L30|109\/109
|move|p1a: Paras|Body Slam|p2a: Clefairy
|-damage|p2a: Clefairy|81\/109
|
|turn|3
|choice|switch 3|move 2
|
|switch|p1a: Drowzee|Drowzee, L30|103\/103
|move|p2a: Clefairy|Blizzard|p1a: Drowzee
|-damage|p1a: Drowzee|77\/103
|
|turn|4
|choice|switch 3|switch 4
|
|switch|p1a: Paras|Paras, L30|16\/88
|switch|p2a: Exeggcute|Exeggcute, L30|103\/103
|
|turn|5
|choice|switch 3|switch 4
|
|switch|p2a: Clefairy|Clefairy, L30|81\/109
|switch|p1a: Drowzee|Drowzee, L30|77\/103
|
|turn|6
|choice|move 4|switch 4
|
|switch|p2a: Exeggcute|Exeggcute, L30|103\/103
|move|p1a: Drowzee|Thunder Wave|p2a: Exeggcute
|-status|p2a: Exeggcute|par
|
|turn|7
|choice|switch 3|move 4
|
|switch|p1a: Paras|Paras, L30|16\/88
|move|p2a: Exeggcute|Psychic|p1a: Paras
|-damage|p1a: Paras|0 fnt
|faint|p1a: Paras
|choice|switch 3|
|
|switch|p1a: Drowzee|Drowzee, L30|77\/103
|turn|8
|choice|move 3|move 1
|
|move|p1a: Drowzee|Psychic|p2a: Exeggcute
|-resisted|p2a: Exeggcute
|-damage|p2a: Exeggcute|81\/103 par
|cant|p2a: Exeggcute|par
|
|turn|9
|choice|move 3|move 1
|
|move|p1a: Drowzee|Psychic|p2a: Exeggcute
|-resisted|p2a: Exeggcute
|-damage|p2a: Exeggcute|61\/103 par
|move|p2a: Exeggcute|Hypnosis|p1a: Drowzee
|-status|p1a: Drowzee|slp
|
|turn|10
|choice|move 3|switch 4
|
|switch|p2a: Clefairy|Clefairy, L30|81\/109
|-curestatus|p1a: Drowzee|slp
|
|turn|11
|choice|move 3|switch 4
|
|switch|p2a: Exeggcute|Exeggcute, L30|61\/103 par
|move|p1a: Drowzee|Psychic|p2a: Exeggcute
|-resisted|p2a: Exeggcute
|-damage|p2a: Exeggcute|39\/103 par
|-unboost|p2a: Exeggcute|spd|1
|-unboost|p2a: Exeggcute|spa|1
|
|turn|12
|choice|move 3|move 2
|
|move|p1a: Drowzee|Psychic|p2a: Exeggcute
|-resisted|p2a: Exeggcute
|-damage|p2a: Exeggcute|2\/103 par
|move|p2a: Exeggcute|Explosion|p1a: Drowzee
|-damage|p1a: Drowzee|0 fnt
|faint|p1a: Drowzee
|faint|p2a: Exeggcute
|choice|switch 4|switch 4
|
|switch|p1a: Pikachu|Pikachu, L30|88\/88
|switch|p2a: Clefairy|Clefairy, L30|81\/109
|turn|13
|choice|move 3|move 3
|
|move|p1a: Pikachu|Thunder Wave|p2a: Clefairy
|-status|p2a: Clefairy|par
|move|p2a: Clefairy|Thunder Wave|p1a: Pikachu
|-status|p1a: Pikachu|par
|
|turn|14
|choice|move 4|move 1
|
|cant|p1a: Pikachu|par
|move|p2a: Clefairy|Body Slam|p1a: Pikachu
|-damage|p1a: Pikachu|47\/88 par
|
|turn|15
|choice|move 4|move 1
|
|cant|p1a: Pikachu|par
|move|p2a: Clefairy|Body Slam|p1a: Pikachu
|-damage|p1a: Pikachu|7\/88 par
|
|turn|16
|choice|move 4|move 1
|
|move|p1a: Pikachu|Thunderbolt|p2a: Clefairy
|-damage|p2a: Clefairy|44\/109 par
|move|p2a: Clefairy|Body Slam|p1a: Pikachu
|-damage|p1a: Pikachu|0 fnt
|faint|p1a: Pikachu
|choice|switch 6|
|
|switch|p1a: Diglett|Diglett, L30|73\/73
|turn|17
|choice|move 1|move 2
|
|move|p1a: Diglett|Earthquake|p2a: Clefairy
|-damage|p2a: Clefairy|5\/109 par
|move|p2a: Clefairy|Blizzard|p1a: Diglett
|-supereffective|p1a: Diglett
|-damage|p1a: Diglett|4\/73
|
|turn|18
|choice|move 1|move 2
|
|move|p1a: Diglett|Earthquake|p2a: Clefairy
|-crit|p2a: Clefairy
|-damage|p2a: Clefairy|0 fnt
|faint|p2a: Clefairy
|choice||switch 3
|
|switch|p2a: Voltorb|Voltorb, L30|91\/91
|turn|19
|choice|switch 5|move 4
|
|switch|p1a: Dratini|Dratini, L30|92\/92
|move|p2a: Voltorb|Sonic Boom|p1a: Dratini|[miss]
|-miss|p2a: Voltorb
|
|turn|20
|J|PlanckLength
|choice|move 2|move 1
|
|move|p2a: Voltorb|Thunder Wave|p1a: Dratini
|-status|p1a: Dratini|par
|move|p1a: Dratini|Agility|p1a: Dratini
|-boost|p1a: Dratini|spe|2
|
|turn|21
|choice|move 1|switch 5
|
|switch|p2a: Grimer|Grimer, L30|115\/115
|cant|p1a: Dratini|par
|
|turn|22
|choice|move 3|move 3
|
|move|p1a: Dratini|Wrap|p2a: Grimer|[miss]
|-miss|p1a: Dratini
|move|p2a: Grimer|Mega Drain|p1a: Dratini
|-resisted|p1a: Dratini
|-damage|p1a: Dratini|87\/92 par
|
|turn|23
|choice|move 1|move 1
|
|move|p1a: Dratini|Dragon Rage|p2a: Grimer
|-damage|p2a: Grimer|75\/115
|move|p2a: Grimer|Explosion|p1a: Dratini
|-damage|p1a: Dratini|0 fnt
|faint|p1a: Dratini
|faint|p2a: Grimer
|choice|switch 2|switch 5
|
|switch|p2a: Voltorb|Voltorb, L30|91\/91
|switch|p1a: Staryu|Staryu, L30|85\/85
|turn|24
|choice|move 1|move 2
|
|move|p2a: Voltorb|Thunderbolt|p1a: Staryu
|-supereffective|p1a: Staryu
|-damage|p1a: Staryu|20\/85
|-status|p1a: Staryu|par
|move|p1a: Staryu|Thunder Wave|p2a: Voltorb
|-status|p2a: Voltorb|par
|
|turn|25
|choice|switch 5|move 2
|
|switch|p1a: Diglett|Diglett, L30|4\/73
|move|p2a: Voltorb|Thunderbolt|p1a: Diglett
|-immune|p1a: Diglett|[msg]
|
|turn|26
|choice|move 1|switch 2
|
|switch|p2a: Diglett|Diglett, L30|73\/73 slp
|move|p1a: Diglett|Earthquake|p2a: Diglett
|-damage|p2a: Diglett|21\/73 slp
|
|turn|27
|choice|move 1|move 1
|
|cant|p2a: Diglett|slp
|move|p1a: Diglett|Earthquake|p2a: Diglett
|-damage|p2a: Diglett|0 fnt
|faint|p2a: Diglett
|choice||switch 6
|
|switch|p2a: Abra|Abra, L30|82\/82
|turn|28
|c|★Disaster Area|gg
|c|★Ortheore|gg
|c|★Disaster Area|gonna calc here rofl
|c|★Ortheore|I'm not optimistic
|c|★Ortheore|=\/
|choice|move 4|move 1
|
|move|p1a: Diglett|Body Slam|p2a: Abra
|-damage|p2a: Abra|49\/82
|move|p2a: Abra|Psychic|p1a: Diglett
|-damage|p1a: Diglett|0 fnt
|faint|p1a: Diglett
|choice|switch 5|
|
|switch|p1a: Staryu|Staryu, L30|20\/85 par
|turn|29
|choice|move 3|move 1
|
|move|p2a: Abra|Psychic|p1a: Staryu|[miss]
|-miss|p2a: Abra
|move|p1a: Staryu|Recover|p1a: Staryu
|-heal|p1a: Staryu|62\/85 par
|
|turn|30
|c|★Ortheore|LOL
|c|★Disaster Area|ggeroonies
|c|★Disaster Area|lol
|choice|move 1|move 1
|
|move|p2a: Abra|Psychic|p1a: Staryu
|-damage|p1a: Staryu|14\/85 par
|move|p1a: Staryu|Thunder Wave|p2a: Abra
|-status|p2a: Abra|par
|
|turn|31
|choice|move 3|move 1
|
|move|p2a: Abra|Psychic|p1a: Staryu
|-damage|p1a: Staryu|0 fnt
|faint|p1a: Staryu
|
|win|Ortheore
|L|Ortheore
|player|p2