|J|I love pochama
|J|Peasounay
|player|p1|I love pochama|32
|player|p2|Peasounay|80
|gametype|singles
|gen|1
|tier|[Gen 1] UU
|seed|30738,39670,64188,20329
|rule|Sleep Clause Mod: Limit one foe put to sleep
|rule|Freeze Clause Mod: Limit one foe frozen
|rule|Species Clause: Limit one of each Pokémon
|rule|OHKO Clause: OHKO moves are banned
|rule|Evasion Moves Clause: Evasion moves are banned
|rule|HP Percentage Mod: HP is shown in percentages
|
|start
|switch|p1a: Electabuzz|Electabuzz|333\/333
|switch|p2a: Exeggcute|Exeggcute|323\/323
|turn|1
|c|★I love pochama|gl hf
|c|★Peasounay|u2
|choice|move 3|move 1
|
|move|p1a: Electabuzz|Seismic Toss|p2a: Exeggcute
|-damage|p2a: Exeggcute|223\/323
|move|p2a: Exeggcute|Sleep Powder|p1a: Electabuzz|[miss]
|-miss|p2a: Exeggcute
|
|turn|2
|choice|move 3|move 1
|
|move|p1a: Electabuzz|Seismic Toss|p2a: Exeggcute
|-damage|p2a: Exeggcute|123\/323
|move|p2a: Exeggcute|Sleep Powder|p1a: Electabuzz|[miss]
|-miss|p2a: Exeggcute
|
|turn|3
|choice|switch 4|move 1
|
|switch|p1a: Aerodactyl|Aerodactyl|363\/363
|move|p2a: Exeggcute|Sleep Powder|p1a: Aerodactyl|[miss]
|-miss|p2a: Exeggcute
|
|turn|4
|choice|move 2|switch 3
|
|switch|p2a: Electabuzz|Electabuzz|333\/333
|move|p1a: Aerodactyl|Hyper Beam|p2a: Electabuzz
|-damage|p2a: Electabuzz|169\/333
|
|turn|5
|-mustrecharge|p1a: Aerodactyl
|c|★I love pochama|ripppppppp
|-mustrecharge|p1a: Aerodactyl
|choice|move 1|move 2
|
|cant|p1a: Aerodactyl|recharge
|move|p2a: Electabuzz|Thunderbolt|p1a: Aerodactyl
|-supereffective|p1a: Aerodactyl
|-damage|p1a: Aerodactyl|98\/363
|
|turn|6
|choice|switch 5|switch 2
|
|switch|p1a: Exeggcute|Exeggcute|323\/323
|switch|p2a: Vaporeon|Vaporeon|463\/463
|
|turn|7
|choice|move 1|switch 3
|
|switch|p2a: Exeggcute|Exeggcute|123\/323
|move|p1a: Exeggcute|Sleep Powder|p2a: Exeggcute
|-status|p2a: Exeggcute|slp
|
|turn|8
|choice|switch 2|switch 5
|
|switch|p2a: Clefable|Clefable|393\/393
|switch|p1a: Pinsir|Pinsir|333\/333
|
|turn|9
|choice|move 1|move 2
|
|move|p1a: Pinsir|Swords Dance|p1a: Pinsir
|-boost|p1a: Pinsir|atk|2
|move|p2a: Clefable|Thunder Wave|p1a: Pinsir
|-status|p1a: Pinsir|par
|
|turn|10
|choice|move 4|move 1
|
|move|p2a: Clefable|Blizzard|p1a: Pinsir
|-damage|p1a: Pinsir|203\/333 par
|move|p1a: Pinsir|Body Slam|p2a: Clefable
|-damage|p2a: Clefable|215\/393
|
|turn|11
|choice|move 3|move 1
|
|move|p2a: Clefable|Blizzard|p1a: Pinsir
|-crit|p1a: Pinsir
|-damage|p1a: Pinsir|0 fnt
|faint|p1a: Pinsir
|c|★I love pochama|rip
|c|★Peasounay|rip again
|c|★I love pochama|pokemon=rip
|c|★I love pochama|lmao
|c|★Peasounay|pretty much
|c|★Peasounay|what's the crit rate in other gens than rby ?
|choice|switch 4|
|
|switch|p1a: Electabuzz|Electabuzz|333\/333
|turn|12
|c|★Peasounay|i don't even know lol
|c|★I love pochama|6.25%
|c|★I love pochama|1 in 16
|c|★Peasounay|ok thx
|choice|move 4|switch 4
|
|switch|p2a: Dugtrio|Dugtrio|273\/273
|move|p1a: Electabuzz|Thunder Wave|p2a: Dugtrio
|-immune|p2a: Dugtrio|[msg]
|
|turn|13
|choice|switch 2|move 3
|
|switch|p1a: Exeggcute|Exeggcute|323\/323
|move|p2a: Dugtrio|Slash|p1a: Exeggcute
|-crit|p1a: Exeggcute
|-damage|p1a: Exeggcute|218\/323
|
|turn|14
|choice|move 2|switch 4
|
|switch|p2a: Clefable|Clefable|215\/393
|move|p1a: Exeggcute|Stun Spore|p2a: Clefable
|-status|p2a: Clefable|par
|
|turn|15
|choice|move 3|move 1
|
|move|p1a: Exeggcute|Psychic|p2a: Clefable
|-damage|p2a: Clefable|129\/393 par
|move|p2a: Clefable|Blizzard|p1a: Exeggcute
|-supereffective|p1a: Exeggcute
|-damage|p1a: Exeggcute|0 fnt
|faint|p1a: Exeggcute
|choice|switch 2|
|
|switch|p1a: Electabuzz|Electabuzz|333\/333
|turn|16
|choice|move 2|move 1
|
|move|p1a: Electabuzz|Psychic|p2a: Clefable
|-crit|p2a: Clefable
|-damage|p2a: Clefable|0 fnt
|faint|p2a: Clefable
|choice||switch 4
|
|switch|p2a: Dugtrio|Dugtrio|273\/273
|turn|17
|c|★I love pochama|needed a crit even with tbolt there tbh
|choice|switch 5|move 1
|
|switch|p1a: Aerodactyl|Aerodactyl|98\/363
|move|p2a: Dugtrio|Earthquake|p1a: Aerodactyl
|-immune|p1a: Aerodactyl|[msg]
|
|turn|18
|c|★Peasounay|why 
|c|★Peasounay|in the world
|c|★Peasounay|did i thought he was paralysed
|c|★Peasounay|lmao
|c|★I love pochama|lol
|choice|switch 6|move 2
|
|switch|p1a: Sandslash|Sandslash|353\/353
|move|p2a: Dugtrio|Rock Slide|p1a: Sandslash
|-resisted|p1a: Sandslash
|-damage|p1a: Sandslash|329\/353
|
|turn|19
|c|★Peasounay|sandslash is good
|choice|move 1|switch 3
|
|switch|p2a: Vaporeon|Vaporeon|463\/463
|move|p1a: Sandslash|Earthquake|p2a: Vaporeon
|-damage|p2a: Vaporeon|308\/463
|
|turn|20
|c|★Peasounay|anything that can bulk a bit is good in this tier lol
|choice|switch 5|move 2
|
|switch|p1a: Electabuzz|Electabuzz|333\/333
|move|p2a: Vaporeon|Surf|p1a: Electabuzz
|-damage|p1a: Electabuzz|207\/333
|
|turn|21
|choice|switch 3|switch 5
|
|switch|p1a: Clefable|Clefable|393\/393
|switch|p2a: Exeggcute|Exeggcute|123\/323 slp
|
|turn|22
|J|marcoasd
|choice|move 2|move 2
|
|move|p1a: Clefable|Body Slam|p2a: Exeggcute
|-damage|p2a: Exeggcute|26\/323 slp
|cant|p2a: Exeggcute|slp
|
|turn|23
|choice|move 2|move 2
|
|move|p1a: Clefable|Body Slam|p2a: Exeggcute
|-damage|p2a: Exeggcute|0 fnt
|faint|p2a: Exeggcute
|choice||switch 6
|
|switch|p2a: Fearow|Fearow|333\/333
|turn|24
|choice|switch 3|move 3
|
|switch|p1a: Electabuzz|Electabuzz|207\/333
|move|p2a: Fearow|Double-Edge|p1a: Electabuzz
|-damage|p1a: Electabuzz|61\/333
|-damage|p2a: Fearow|297\/333|[from] recoil|[of] p1a: Electabuzz
|
|turn|25
|choice|move 2|switch 2
|
|switch|p2a: Electabuzz|Electabuzz|169\/333
|move|p1a: Electabuzz|Psychic|p2a: Electabuzz
|-damage|p2a: Electabuzz|101\/333
|
|turn|26
|choice|move 3|move 3
|
|move|p2a: Electabuzz|Psychic|p1a: Electabuzz
|-damage|p1a: Electabuzz|0 fnt
|faint|p1a: Electabuzz
|choice|switch 5|
|
|switch|p1a: Sandslash|Sandslash|329\/353
|turn|27
|choice|move 1|move 4
|
|move|p2a: Electabuzz|Hyper Beam|p1a: Sandslash
|-crit|p1a: Sandslash
|-damage|p1a: Sandslash|127\/353
|move|p1a: Sandslash|Earthquake|p2a: Electabuzz
|-supereffective|p2a: Electabuzz
|-damage|p2a: Electabuzz|0 fnt
|faint|p2a: Electabuzz
|choice||switch 5
|
|switch|p2a: Vaporeon|Vaporeon|308\/463
|turn|28
|choice|switch 3|move 2
|
|switch|p1a: Clefable|Clefable|393\/393
|move|p2a: Vaporeon|Surf|p1a: Clefable
|-damage|p1a: Clefable|270\/393
|
|turn|29
|choice|move 2|move 2
|
|move|p2a: Vaporeon|Surf|p1a: Clefable
|-damage|p1a: Clefable|129\/393
|move|p1a: Clefable|Body Slam|p2a: Vaporeon
|-damage|p2a: Vaporeon|203\/463
|-status|p2a: Vaporeon|par
|
|turn|30
|choice|move 3|switch 3
|
|switch|p2a: Dugtrio|Dugtrio|273\/273
|move|p1a: Clefable|Hyper Beam|p2a: Dugtrio
|-damage|p2a: Dugtrio|58\/273
|
|turn|31
|-mustrecharge|p1a: Clefable
|-mustrecharge|p1a: Clefable
|choice|move 1|move 1
|
|move|p2a: Dugtrio|Earthquake|p1a: Clefable
|-damage|p1a: Clefable|6\/393
|cant|p1a: Clefable|recharge
|
|turn|32
|c|★I love pochama|gg
|choice|move 2|move 3
|
|move|p2a: Dugtrio|Slash|p1a: Clefable
|-crit|p1a: Clefable
|-damage|p1a: Clefable|0 fnt
|faint|p1a: Clefable
|c|★Peasounay|already ?
|choice|switch 3|
|
|switch|p1a: Sandslash|Sandslash|127\/353
|turn|33
|c|★I love pochama|pretty much
|choice|move 1|move 1
|
|move|p2a: Dugtrio|Earthquake|p1a: Sandslash
|-damage|p1a: Sandslash|38\/353
|move|p1a: Sandslash|Earthquake|p2a: Dugtrio
|-damage|p2a: Dugtrio|0 fnt
|faint|p2a: Dugtrio
|choice||switch 2
|
|switch|p2a: Fearow|Fearow|297\/333
|turn|34
|choice|move 2|move 2
|
|move|p2a: Fearow|Drill Peck|p1a: Sandslash
|-damage|p1a: Sandslash|0 fnt
|faint|p1a: Sandslash
|c|★Peasounay|oh well yeah
|c|★Peasounay|gg
|choice|switch 6|
|
|switch|p1a: Aerodactyl|Aerodactyl|98\/363
|turn|35
|choice|move 3|move 4
|
|move|p1a: Aerodactyl|Rest|p1a: Aerodactyl
|-status|p1a: Aerodactyl|slp
|-heal|p1a: Aerodactyl|363\/363 slp|[silent]
|-status|p1a: Aerodactyl|slp|[from] move: Rest
|move|p2a: Fearow|Hyper Beam|p1a: Aerodactyl
|-resisted|p1a: Aerodactyl
|-damage|p1a: Aerodactyl|260\/363 slp
|
|turn|36
|-mustrecharge|p2a: Fearow
|c|★I love pochama|hehe predicted
|-mustrecharge|p2a: Fearow
|choice|move 4|move 1
|
|cant|p1a: Aerodactyl|slp
|cant|p2a: Fearow|recharge
|
|turn|37
|c|★Peasounay|rest isn't a bad option
|J|Enigami
|c|★Peasounay|on this
|c|★Peasounay|but hey
|c|★Peasounay|was the "gg" mindgame ?
|c|★I love pochama|:p
|c|★I love pochama|maybe
|c|★Peasounay|bruuh
|choice|move 4|switch 3
|
|switch|p2a: Vaporeon|Vaporeon|203\/463 par
|-curestatus|p1a: Aerodactyl|slp
|
|turn|38
|c|★I love pochama|crit or FP here
|c|★I love pochama|wins me the game
|c|★I love pochama|!
|c|★I love pochama|ggggggg
|choice|move 1|move 2
|
|move|p1a: Aerodactyl|Double-Edge|p2a: Vaporeon
|-damage|p2a: Vaporeon|97\/463 par
|-damage|p1a: Aerodactyl|234\/363|[from] recoil|[of] p2a: Vaporeon
|move|p2a: Vaporeon|Surf|p1a: Aerodactyl
|-supereffective|p1a: Aerodactyl
|-damage|p1a: Aerodactyl|0 fnt
|faint|p1a: Aerodactyl
|
|win|Peasounay
|c|★Peasounay|gg
|c|★I love pochama|hax
|c|★I love pochama|xD
|c|★I love pochama|jk
|c|★I love pochama|gg
|c| Enigami|Aw.