|J|Enigami
|J|I love pochama
|player|p1|Enigami|130
|player|p2|I love pochama|32
|gametype|singles
|gen|1
|tier|[Gen 1] RU
|seed|51399,61299,36006,5428
|rule|Sleep Clause Mod: Limit one foe put to sleep
|rule|Freeze Clause Mod: Limit one foe frozen
|rule|Species Clause: Limit one of each Pokémon
|rule|OHKO Clause: OHKO moves are banned
|rule|Evasion Moves Clause: Evasion moves are banned
|rule|HP Percentage Mod: HP is shown in percentages
|
|start
|switch|p1a: Wigglytuff|Wigglytuff|483\/483
|switch|p2a: Clefable|Clefable|393\/393
|turn|1
|J|Peasounay
|choice|move 4|move 3
|
|move|p2a: Clefable|Thunder Wave|p1a: Wigglytuff
|-status|p1a: Wigglytuff|par
|move|p1a: Wigglytuff|Thunder Wave|p2a: Clefable
|-status|p2a: Clefable|par
|
|turn|2
|choice|move 1|move 4
|
|move|p2a: Clefable|Blizzard|p1a: Wigglytuff
|-damage|p1a: Wigglytuff|349\/483 par
|move|p1a: Wigglytuff|Body Slam|p2a: Clefable
|-damage|p2a: Clefable|295\/393 par
|
|turn|3
|choice|move 1|move 4
|
|cant|p2a: Clefable|par
|move|p1a: Wigglytuff|Body Slam|p2a: Clefable
|-damage|p2a: Clefable|193\/393 par
|
|turn|4
|choice|move 1|move 4
|
|cant|p2a: Clefable|par
|cant|p1a: Wigglytuff|par
|
|turn|5
|choice|move 1|move 4
|
|move|p2a: Clefable|Blizzard|p1a: Wigglytuff
|-damage|p1a: Wigglytuff|231\/483 par
|cant|p1a: Wigglytuff|par
|
|turn|6
|choice|move 2|move 1
|
|move|p2a: Clefable|Body Slam|p1a: Wigglytuff
|-damage|p1a: Wigglytuff|112\/483 par
|move|p1a: Wigglytuff|Hyper Beam|p2a: Clefable
|-damage|p2a: Clefable|35\/393 par
|
|turn|7
|-mustrecharge|p1a: Wigglytuff
|-mustrecharge|p1a: Wigglytuff
|choice|move 1|switch 3
|
|switch|p2a: Venusaur|Venusaur|363\/363
|cant|p1a: Wigglytuff|recharge
|
|turn|8
|choice|move 4|move 1
|
|move|p2a: Venusaur|Razor Leaf|p1a: Wigglytuff
|-crit|p1a: Wigglytuff
|-damage|p1a: Wigglytuff|0 fnt
|faint|p1a: Wigglytuff
|choice|switch 4|
|
|switch|p1a: Mr. Mime|Mr. Mime|283\/283
|turn|9
|choice|move 1|switch 2
|
|switch|p2a: Mr. Mime|Mr. Mime|283\/283
|move|p1a: Mr. Mime|Psychic|p2a: Mr. Mime
|-resisted|p2a: Mr. Mime
|-damage|p2a: Mr. Mime|231\/283
|-unboost|p2a: Mr. Mime|spd|1
|-unboost|p2a: Mr. Mime|spa|1
|
|turn|10
|choice|switch 3|move 2
|
|switch|p1a: Vaporeon|Vaporeon|463\/463
|move|p2a: Mr. Mime|Thunder Wave|p1a: Vaporeon
|-status|p1a: Vaporeon|par
|
|turn|11
|choice|move 2|switch 5
|
|switch|p2a: Vaporeon|Vaporeon|463\/463
|move|p1a: Vaporeon|Ice Beam|p2a: Vaporeon
|-crit|p2a: Vaporeon
|-resisted|p2a: Vaporeon
|-damage|p2a: Vaporeon|397\/463
|
|turn|12
|c|★I love pochama|scuse me while I blind you
|c|★I love pochama|:D
|c|★I love pochama|ParaSAND OP
|c|★I love pochama|rof :>
|c|★Enigami|Scuze me while I huff and puff and do something horrible.
|choice|switch 5|move 4
|
|switch|p1a: Venusaur|Venusaur|363\/363
|move|p2a: Vaporeon|Sand Attack|p1a: Venusaur
|-unboost|p1a: Venusaur|accuracy|1
|
|turn|13
|c|★I love pochama|I am a terrible human being and love being that way
|c|★I love pochama|:D
|choice|move 2|switch 5
|
|switch|p2a: Mr. Mime|Mr. Mime|231\/283
|move|p1a: Venusaur|Sleep Powder|p2a: Mr. Mime|[miss]
|-miss|p1a: Venusaur
|
|turn|14
|choice|move 3|move 3
|
|move|p2a: Mr. Mime|Seismic Toss|p1a: Venusaur
|-damage|p1a: Venusaur|263\/363
|move|p1a: Venusaur|Body Slam|p2a: Mr. Mime
|-crit|p2a: Mr. Mime
|-damage|p2a: Mr. Mime|77\/283
|
|turn|15
|choice|switch 3|move 1
|
|switch|p1a: Mr. Mime|Mr. Mime|283\/283
|move|p2a: Mr. Mime|Psychic|p1a: Mr. Mime
|-resisted|p1a: Mr. Mime
|-damage|p1a: Mr. Mime|231\/283
|-unboost|p1a: Mr. Mime|spd|1
|-unboost|p1a: Mr. Mime|spa|1
|
|turn|16
|choice|move 3|switch 5
|
|switch|p2a: Vaporeon|Vaporeon|397\/463
|move|p1a: Mr. Mime|Seismic Toss|p2a: Vaporeon
|-damage|p2a: Vaporeon|297\/463
|
|turn|17
|choice|move 2|switch 2
|
|switch|p2a: Venusaur|Venusaur|363\/363
|move|p1a: Mr. Mime|Thunderbolt|p2a: Venusaur
|-resisted|p2a: Venusaur
|-damage|p2a: Venusaur|341\/363
|-status|p2a: Venusaur|par
|
|turn|18
|choice|move 1|move 4
|
|move|p1a: Mr. Mime|Psychic|p2a: Venusaur
|-supereffective|p2a: Venusaur
|-damage|p2a: Venusaur|196\/363 par
|cant|p2a: Venusaur|par
|
|turn|19
|choice|move 1|move 4
|
|move|p1a: Mr. Mime|Psychic|p2a: Venusaur
|-supereffective|p2a: Venusaur
|-damage|p2a: Venusaur|56\/363 par
|move|p2a: Venusaur|Sleep Powder|p1a: Mr. Mime
|-status|p1a: Mr. Mime|slp
|
|turn|20
|c|★Enigami|FPs hurt so much here.
|choice|switch 3|switch 6
|
|switch|p1a: Venusaur|Venusaur|263\/363
|switch|p2a: Pinsir|Pinsir|333\/333
|
|turn|21
|choice|move 2|move 2
|
|move|p2a: Pinsir|Bind|p1a: Venusaur
|-damage|p1a: Venusaur|247\/363
|-activate|p1a: Venusaur|move: Bind|[of] p2a: Pinsir
|cant|p1a: Venusaur|partiallytrapped
|
|turn|22
|choice|switch 3|move 2
|
|switch|p1a: Mr. Mime|Mr. Mime|231\/283 slp
|move|p2a: Pinsir|Bind|p1a: Mr. Mime
|-damage|p1a: Mr. Mime|211\/283 slp
|-activate|p1a: Mr. Mime|move: Bind|[of] p2a: Pinsir
|
|turn|23
|choice|switch 2|move 2
|
|switch|p1a: Clefable|Clefable|393\/393
|move|p2a: Pinsir|Bind|p1a: Clefable
|-damage|p1a: Clefable|375\/393
|-activate|p1a: Clefable|move: Bind|[of] p2a: Pinsir
|
|turn|24
|choice|switch 2|move 2
|
|switch|p1a: Mr. Mime|Mr. Mime|211\/283 slp
|move|p2a: Pinsir|Bind|p1a: Mr. Mime|[miss]
|-miss|p2a: Pinsir
|
|turn|25
|choice|switch 5|move 1
|
|switch|p1a: Vaporeon|Vaporeon|463\/463 par
|move|p2a: Pinsir|Swords Dance|p2a: Pinsir
|-boost|p2a: Pinsir|atk|2
|
|turn|26
|choice|move 1|move 2
|
|move|p2a: Pinsir|Bind|p1a: Vaporeon
|-damage|p1a: Vaporeon|426\/463 par
|-activate|p1a: Vaporeon|move: Bind|[of] p2a: Pinsir
|cant|p1a: Vaporeon|par
|
|turn|27
|c|★I love pochama|I am using this pinsir so i am an even more horrible human being tbh
|choice|switch 5|move 2
|
|switch|p1a: Mr. Mime|Mr. Mime|211\/283 slp
|move|p2a: Pinsir|Bind|p1a: Mr. Mime
|-damage|p1a: Mr. Mime|172\/283 slp
|-activate|p1a: Mr. Mime|move: Bind|[of] p2a: Pinsir
|
|turn|28
|choice|move 1|move 2
|
|cant|p1a: Mr. Mime|slp
|move|p2a: Pinsir|Bind|p1a: Mr. Mime
|-damage|p1a: Mr. Mime|133\/283 slp
|
|turn|29
|choice|move 1|move 2
|
|cant|p1a: Mr. Mime|slp
|move|p2a: Pinsir|Bind|p1a: Mr. Mime
|-damage|p1a: Mr. Mime|94\/283 slp
|
|turn|30
|choice|move 1|move 2
|
|cant|p1a: Mr. Mime|slp
|move|p2a: Pinsir|Bind|p1a: Mr. Mime
|-damage|p1a: Mr. Mime|55\/283 slp
|
|-end|p1a: Mr. Mime|Bind|[partiallytrapped]
|turn|31
|choice|switch 3|move 4
|
|switch|p1a: Venusaur|Venusaur|247\/363
|move|p2a: Pinsir|Body Slam|p1a: Venusaur
|-damage|p1a: Venusaur|58\/363
|-status|p1a: Venusaur|par
|
|turn|32
|c|★Enigami|Blegh
|c|★Enigami|I'm screwed
|choice|move 2|move 4
|
|move|p2a: Pinsir|Body Slam|p1a: Venusaur
|-crit|p1a: Venusaur
|-damage|p1a: Venusaur|0 fnt
|faint|p1a: Venusaur
|c|★I love pochama|pinsir OP
|c|★I love pochama|everyone underrates it
|choice|switch 2|
|
|switch|p1a: Clefable|Clefable|375\/393
|turn|33
|c|★I love pochama|but every time I use it I sweep
|choice|move 4|move 2
|
|move|p2a: Pinsir|Bind|p1a: Clefable
|-crit|p1a: Clefable
|-damage|p1a: Clefable|344\/393
|-activate|p1a: Clefable|move: Bind|[of] p2a: Pinsir
|cant|p1a: Clefable|partiallytrapped
|
|turn|34
|c|★I love pochama|just need to hit a couple of binds usually
|choice|switch 3|move 2
|
|switch|p1a: Mr. Mime|Mr. Mime|55\/283 slp
|move|p2a: Pinsir|Bind|p1a: Mr. Mime
|-damage|p1a: Mr. Mime|17\/283 slp
|-activate|p1a: Mr. Mime|move: Bind|[of] p2a: Pinsir
|
|turn|35
|choice|move 1|move 2
|
|cant|p1a: Mr. Mime|slp
|move|p2a: Pinsir|Bind|p1a: Mr. Mime
|-damage|p1a: Mr. Mime|0 fnt
|faint|p1a: Mr. Mime
|choice|switch 3|
|
|switch|p1a: Clefable|Clefable|344\/393
|turn|36
|choice|move 4|move 2
|
|move|p2a: Pinsir|Bind|p1a: Clefable
|-crit|p1a: Clefable
|-damage|p1a: Clefable|309\/393
|-activate|p1a: Clefable|move: Bind|[of] p2a: Pinsir
|cant|p1a: Clefable|partiallytrapped
|
|turn|37
|choice|move 4|move 2
|
|move|p2a: Pinsir|Bind|p1a: Clefable
|-damage|p1a: Clefable|274\/393
|cant|p1a: Clefable|partiallytrapped
|
|turn|38
|c|★I love pochama|even w\/o crit ur in HB range after
|choice|switch 5|move 2
|
|switch|p1a: Vaporeon|Vaporeon|426\/463 par
|move|p2a: Pinsir|Bind|p1a: Vaporeon|[miss]
|-miss|p2a: Pinsir
|
|turn|39
|choice|move 1|move 2
|
|move|p2a: Pinsir|Bind|p1a: Vaporeon
|-damage|p1a: Vaporeon|390\/463 par
|-activate|p1a: Vaporeon|move: Bind|[of] p2a: Pinsir
|cant|p1a: Vaporeon|par
|
|turn|40
|choice|switch 5|move 2
|
|switch|p1a: Clefable|Clefable|274\/393
|move|p2a: Pinsir|Bind|p1a: Clefable
|-damage|p1a: Clefable|242\/393
|-activate|p1a: Clefable|move: Bind|[of] p2a: Pinsir
|
|turn|41
|choice|move 4|move 2
|
|move|p2a: Pinsir|Bind|p1a: Clefable
|-damage|p1a: Clefable|210\/393
|cant|p1a: Clefable|partiallytrapped
|
|-end|p1a: Clefable|Bind|[partiallytrapped]
|turn|42
|c|★Enigami|MISS
|choice|move 4|move 3
|
|move|p2a: Pinsir|Hyper Beam|p1a: Clefable
|-damage|p1a: Clefable|0 fnt
|faint|p1a: Clefable
|c|★I love pochama|broken yy
|c|★I love pochama|:^)
|c|★Enigami|gg
|-message|Enigami forfeited.
|
|win|I love pochama
|c|★I love pochama|gg