|J|KristophV
|J|marcoasd
|player|p1|KristophV|kristophv.png
|player|p2|marcoasd|102
|gametype|singles
|gen|1
|tier|[Gen 1] Green
|seed|43625,2458,27406,54952
|rule|Sleep Clause Mod: Limit one foe put to sleep
|rule|Species Clause: Limit one of each Pokémon
|rule|OHKO Clause: OHKO moves are banned
|rule|Evasion Moves Clause: Evasion moves are banned
|rule|HP Percentage Mod: HP is shown in percentages
|
|start
|switch|p1a: Gengar|Gengar|323\/323
|switch|p2a: Gengar|Gengar|323\/323
|turn|1
|choice|move 1|move 1
|
|move|p1a: Gengar|Hypnosis|p2a: Gengar|[miss]
|-miss|p1a: Gengar
|move|p2a: Gengar|Hypnosis|p1a: Gengar|[miss]
|-miss|p2a: Gengar
|
|turn|2
|choice|move 1|move 1
|
|move|p1a: Gengar|Hypnosis|p2a: Gengar
|-status|p2a: Gengar|slp
|cant|p2a: Gengar|slp
|
|turn|3
|choice|move 3|switch 3
|
|switch|p2a: Chansey|Chansey|703\/703
|move|p1a: Gengar|Psychic|p2a: Chansey
|-damage|p2a: Chansey|614\/703
|-unboost|p2a: Chansey|spd|1
|-unboost|p2a: Chansey|spa|1
|
|turn|4
|choice|switch 3|move 2
|
|switch|p1a: Lapras|Lapras|463\/463
|move|p2a: Chansey|Blizzard|p1a: Lapras
|-resisted|p1a: Lapras
|-damage|p1a: Lapras|446\/463
|
|turn|5
|choice|move 4|move 1
|
|move|p1a: Lapras|Thunderbolt|p2a: Chansey
|-damage|p2a: Chansey|500\/703
|move|p2a: Chansey|Thunder Wave|p1a: Lapras
|-status|p1a: Lapras|par
|
|turn|6
|choice|move 3|switch 4
|
|switch|p2a: Lapras|Lapras|463\/463
|move|p1a: Lapras|Blizzard|p2a: Lapras
|-resisted|p2a: Lapras
|-damage|p2a: Lapras|429\/463
|
|turn|7
|choice|switch 3|move 2
|
|switch|p1a: Gengar|Gengar|323\/323
|move|p2a: Lapras|Thunderbolt|p1a: Gengar
|-damage|p1a: Gengar|267\/323
|
|turn|8
|choice|move 2|switch 4
|
|switch|p2a: Chansey|Chansey|500\/703
|move|p1a: Gengar|Thunderbolt|p2a: Chansey
|-damage|p2a: Chansey|420\/703
|
|turn|9
|choice|move 3|move 4
|
|move|p1a: Gengar|Psychic|p2a: Chansey
|-damage|p2a: Chansey|340\/703
|move|p2a: Chansey|Soft-Boiled|p2a: Chansey
|-heal|p2a: Chansey|691\/703
|
|turn|10
|choice|move 4|move 3
|
|move|p1a: Gengar|Explosion|p2a: Chansey
|-damage|p2a: Chansey|102\/703
|faint|p1a: Gengar
|choice|switch 6|
|
|switch|p1a: Tauros|Tauros|353\/353
|turn|11
|choice|move 1|move 1
|
|move|p1a: Tauros|Body Slam|p2a: Chansey
|-damage|p2a: Chansey|0 fnt
|faint|p2a: Chansey
|choice||switch 4
|
|switch|p2a: Lapras|Lapras|429\/463
|turn|12
|choice|move 1|move 2
|
|move|p1a: Tauros|Body Slam|p2a: Lapras
|-damage|p2a: Lapras|315\/463
|move|p2a: Lapras|Thunderbolt|p1a: Tauros
|-damage|p1a: Tauros|260\/353
|
|turn|13
|choice|move 1|move 1
|
|move|p1a: Tauros|Body Slam|p2a: Lapras
|-damage|p2a: Lapras|201\/463
|-status|p2a: Lapras|par
|cant|p2a: Lapras|par
|
|turn|14
|choice|move 4|move 2
|
|move|p1a: Tauros|Hyper Beam|p2a: Lapras
|-damage|p2a: Lapras|0 fnt
|faint|p2a: Lapras
|choice||switch 6
|
|switch|p2a: Cloyster|Cloyster|303\/303
|turn|15
|choice|switch 3|switch 5
|
|switch|p1a: Lapras|Lapras|446\/463 par
|switch|p2a: Jolteon|Jolteon|333\/333
|
|turn|16
|choice|switch 4|move 1
|
|switch|p1a: Jolteon|Jolteon|333\/333
|move|p2a: Jolteon|Thunderbolt|p1a: Jolteon
|-resisted|p1a: Jolteon
|-damage|p1a: Jolteon|274\/333
|
|turn|17
|choice|move 1|move 2
|
|move|p1a: Jolteon|Thunderbolt|p2a: Jolteon
|-resisted|p2a: Jolteon
|-damage|p2a: Jolteon|281\/333
|move|p2a: Jolteon|Thunder Wave|p1a: Jolteon
|-status|p1a: Jolteon|par
|
|turn|18
|choice|move 2|move 1
|
|move|p2a: Jolteon|Thunderbolt|p1a: Jolteon
|-resisted|p1a: Jolteon
|-damage|p1a: Jolteon|216\/333 par
|move|p1a: Jolteon|Thunder Wave|p2a: Jolteon
|-status|p2a: Jolteon|par
|
|turn|19
|choice|move 1|move 1
|
|move|p1a: Jolteon|Thunderbolt|p2a: Jolteon
|-resisted|p2a: Jolteon
|-damage|p2a: Jolteon|229\/333 par
|cant|p2a: Jolteon|par
|
|turn|20
|choice|move 1|move 1
|
|move|p1a: Jolteon|Thunderbolt|p2a: Jolteon
|-resisted|p2a: Jolteon
|-damage|p2a: Jolteon|176\/333 par
|cant|p2a: Jolteon|par
|
|turn|21
|choice|move 1|move 1
|
|move|p1a: Jolteon|Thunderbolt|p2a: Jolteon
|-resisted|p2a: Jolteon
|-damage|p2a: Jolteon|124\/333 par
|move|p2a: Jolteon|Thunderbolt|p1a: Jolteon
|-resisted|p1a: Jolteon
|-damage|p1a: Jolteon|163\/333 par
|
|turn|22
|choice|move 1|move 4
|
|move|p1a: Jolteon|Thunderbolt|p2a: Jolteon
|-resisted|p2a: Jolteon
|-damage|p2a: Jolteon|68\/333 par
|move|p2a: Jolteon|Rest|p2a: Jolteon
|-status|p2a: Jolteon|slp
|-heal|p2a: Jolteon|333\/333 slp|[silent]
|-status|p2a: Jolteon|slp|[from] move: Rest
|
|turn|23
|choice|switch 5|move 1
|
|switch|p1a: Snorlax|Snorlax|523\/523
|cant|p2a: Jolteon|slp
|
|turn|24
|choice|move 1|switch 3
|
|switch|p2a: Gengar|Gengar|323\/323 slp
|move|p1a: Snorlax|Amnesia|p1a: Snorlax
|-boost|p1a: Snorlax|spd|2
|-boost|p1a: Snorlax|spa|2
|
|turn|25
|choice|move 1|move 2
|
|cant|p2a: Gengar|slp
|move|p1a: Snorlax|Amnesia|p1a: Snorlax
|-boost|p1a: Snorlax|spd|2
|-boost|p1a: Snorlax|spa|2
|
|turn|26
|choice|move 2|move 3
|
|cant|p2a: Gengar|slp
|move|p1a: Snorlax|Ice Beam|p2a: Gengar
|-damage|p2a: Gengar|171\/323 slp
|
|turn|27
|choice|move 2|move 4
|
|cant|p2a: Gengar|slp
|move|p1a: Snorlax|Ice Beam|p2a: Gengar
|-damage|p2a: Gengar|35\/323 slp
|
|turn|28
|choice|move 2|move 4
|
|-curestatus|p2a: Gengar|slp
|move|p1a: Snorlax|Ice Beam|p2a: Gengar
|-damage|p2a: Gengar|0 fnt
|faint|p2a: Gengar
|choice||switch 2
|
|switch|p2a: Jynx|Jynx|333\/333
|turn|29
|choice|move 3|move 1
|
|move|p2a: Jynx|Lovely Kiss|p1a: Snorlax|[miss]
|-miss|p2a: Jynx
|move|p1a: Snorlax|Body Slam|p2a: Jynx
|-damage|p2a: Jynx|137\/333
|-status|p2a: Jynx|par
|
|turn|30
|choice|move 3|move 4
|
|move|p1a: Snorlax|Body Slam|p2a: Jynx
|-damage|p2a: Jynx|0 fnt
|faint|p2a: Jynx
|choice||switch 5
|
|switch|p2a: Cloyster|Cloyster|303\/303
|turn|31
|choice|move 3|move 1
|
|move|p2a: Cloyster|Blizzard|p1a: Snorlax
|-damage|p1a: Snorlax|468\/523
|move|p1a: Snorlax|Body Slam|p2a: Cloyster
|-damage|p2a: Cloyster|230\/303
|-status|p2a: Cloyster|par
|
|turn|32
|choice|switch 4|move 1
|
|switch|p1a: Lapras|Lapras|446\/463 par
|cant|p2a: Cloyster|par
|
|turn|33
|choice|move 4|move 2
|
|move|p2a: Cloyster|Clamp|p1a: Lapras|[miss]
|-miss|p2a: Cloyster
|move|p1a: Lapras|Thunderbolt|p2a: Cloyster
|-supereffective|p2a: Cloyster
|-damage|p2a: Cloyster|72\/303 par
|
|turn|34
|choice|move 4|move 4
|
|move|p2a: Cloyster|Explosion|p1a: Lapras
|-damage|p1a: Lapras|144\/463 par
|faint|p2a: Cloyster
|choice||switch 3
|
|switch|p2a: Jolteon|Jolteon|333\/333 slp
|turn|35
|J|I love pochama
|c|★marcoasd|gg
|choice|switch 3|move 1
|
|switch|p1a: Tauros|Tauros|260\/353
|-curestatus|p2a: Jolteon|slp
|
|turn|36
|choice|move 3|move 1
|
|move|p2a: Jolteon|Thunderbolt|p1a: Tauros
|-damage|p1a: Tauros|98\/353
|move|p1a: Tauros|Earthquake|p2a: Jolteon
|-supereffective|p2a: Jolteon
|-damage|p2a: Jolteon|126\/333
|
|turn|37
|choice|move 3|move 1
|
|move|p2a: Jolteon|Thunderbolt|p1a: Tauros
|-damage|p1a: Tauros|0 fnt
|faint|p1a: Tauros
|c| I love pochama|rest jolteon
|c| I love pochama|o.o
|choice|switch 4|
|
|switch|p1a: Snorlax|Snorlax|468\/523
|turn|38
|choice|move 3|move 2
|
|move|p2a: Jolteon|Thunder Wave|p1a: Snorlax
|-status|p1a: Snorlax|par
|cant|p1a: Snorlax|par
|
|turn|39
|choice|move 3|move 4
|
|move|p2a: Jolteon|Rest|p2a: Jolteon
|-status|p2a: Jolteon|slp
|-heal|p2a: Jolteon|333\/333 slp|[silent]
|-status|p2a: Jolteon|slp|[from] move: Rest
|cant|p1a: Snorlax|par
|
|turn|40
|choice|move 4|move 1
|
|cant|p2a: Jolteon|slp
|move|p1a: Snorlax|Self-Destruct|p2a: Jolteon
|-damage|p2a: Jolteon|0 fnt
|faint|p2a: Jolteon
|faint|p1a: Snorlax
|
|win|KristophV
|c|★KristophV|gg