|J|Disaster Area
|J|marcoasd
|player|p1|Disaster Area|32
|player|p2|marcoasd|101
|gametype|singles
|gen|1
|tier|[Gen 1] Green
|seed|40260,22630,2840,27810
|rule|Sleep Clause Mod: Limit one foe put to sleep
|rule|Species Clause: Limit one of each Pokémon
|rule|OHKO Clause: OHKO moves are banned
|rule|Evasion Moves Clause: Evasion moves are banned
|rule|HP Percentage Mod: HP is shown in percentages
|
|start
|switch|p1a: Gengar|Gengar|323\/323
|switch|p2a: Alakazam|Alakazam|313\/313
|turn|1
|c|★Disaster Area|gl hf
|J|Dark_Devil
|c|★marcoasd|u2 beautiful day
|choice|switch 5|move 2
|
|switch|p1a: Chansey|Chansey|703\/703
|move|p2a: Alakazam|Psychic|p1a: Chansey
|-damage|p1a: Chansey|586\/703
|
|turn|2
|choice|switch 5|move 2
|
|switch|p1a: Gengar|Gengar|323\/323
|move|p2a: Alakazam|Psychic|p1a: Gengar
|-supereffective|p1a: Gengar
|-damage|p1a: Gengar|91\/323
|
|turn|3
|c|★marcoasd|oh
|choice|switch 5|move 2
|
|switch|p1a: Chansey|Chansey|586\/703
|move|p2a: Alakazam|Psychic|p1a: Chansey
|-damage|p1a: Chansey|466\/703
|
|turn|4
|choice|move 2|move 2
|
|move|p2a: Alakazam|Psychic|p1a: Chansey
|-damage|p1a: Chansey|348\/703
|move|p1a: Chansey|Soft-Boiled|p1a: Chansey
|-heal|p1a: Chansey|699\/703
|
|turn|5
|choice|move 1|move 2
|
|move|p2a: Alakazam|Psychic|p1a: Chansey
|-damage|p1a: Chansey|575\/703
|move|p1a: Chansey|Blizzard|p2a: Alakazam|[miss]
|-miss|p1a: Chansey
|
|turn|6
|J|DG9
|choice|move 4|switch 3
|
|switch|p2a: Jynx|Jynx|333\/333
|move|p1a: Chansey|Thunderbolt|p2a: Jynx
|-damage|p2a: Jynx|251\/333
|
|turn|7
|choice|switch 2|move 2
|
|switch|p1a: Lapras|Lapras|463\/463
|move|p2a: Jynx|Blizzard|p1a: Lapras
|-resisted|p1a: Lapras
|-damage|p1a: Lapras|429\/463
|
|turn|8
|J|ZNain
|choice|switch 5|move 1
|
|switch|p1a: Gengar|Gengar|91\/323
|move|p2a: Jynx|Lovely Kiss|p1a: Gengar
|-status|p1a: Gengar|slp
|
|turn|9
|J|Asuya
|choice|switch 2|move 3
|
|switch|p1a: Chansey|Chansey|575\/703
|move|p2a: Jynx|Psychic|p1a: Chansey
|-damage|p1a: Chansey|478\/703
|
|turn|10
|choice|move 2|move 2
|
|move|p2a: Jynx|Blizzard|p1a: Chansey
|-damage|p1a: Chansey|354\/703
|move|p1a: Chansey|Soft-Boiled|p1a: Chansey
|-heal|p1a: Chansey|703\/703
|
|turn|11
|choice|move 1|move 2
|
|move|p2a: Jynx|Blizzard|p1a: Chansey
|-damage|p1a: Chansey|581\/703
|-status|p1a: Chansey|frz
|cant|p1a: Chansey|frz
|
|turn|12
|choice|switch 5|move 3
|
|switch|p1a: Lapras|Lapras|429\/463
|move|p2a: Jynx|Psychic|p1a: Lapras
|-damage|p1a: Lapras|332\/463
|-unboost|p1a: Lapras|spd|1
|-unboost|p1a: Lapras|spa|1
|
|turn|13
|choice|move 4|move 3
|
|move|p2a: Jynx|Psychic|p1a: Lapras
|-damage|p1a: Lapras|168\/463
|move|p1a: Lapras|Sing|p2a: Jynx
|-status|p2a: Jynx|slp
|
|turn|14
|c|★marcoasd|this is shit
|c| Asuya|gg
|c|★marcoasd|è green
|c|★marcoasd|non è per la egl
|c|★marcoasd|asd
|c|★Disaster Area|lol
|c|★Disaster Area|i told them
|c|★marcoasd|in caso tu fossi qui per quello
|c|★Disaster Area|we play
|c|★Disaster Area|egl after
|J|Coti
|choice|switch 6|switch 4
|
|switch|p2a: Lapras|Lapras|463\/463
|switch|p1a: Zapdos|Zapdos|383\/383
|
|turn|15
|J|Sunding
|choice|move 3|switch 3
|
|switch|p2a: Alakazam|Alakazam|313\/313
|move|p1a: Zapdos|Thunder|p2a: Alakazam
|-crit|p2a: Alakazam
|-damage|p2a: Alakazam|39\/313
|
|turn|16
|c| Coti|go disaster
|c|★marcoasd|lol un bruttissimo gesto
|c| Sunding|go go disaster
|choice|move 4|move 1
|
|move|p2a: Alakazam|Thunder Wave|p1a: Zapdos
|-status|p1a: Zapdos|par
|move|p1a: Zapdos|Drill Peck|p2a: Alakazam
|-damage|p2a: Alakazam|0 fnt
|faint|p2a: Alakazam
|c| Asuya|not egl
|c| Sunding|marco will say porco dio
|choice||switch 5
|
|switch|p2a: Snorlax|Snorlax|523\/523
|turn|17
|c|★marcoasd|n
|c|★marcoasd|dio mi ama
|c| Coti|SEMPRE SIA LODATO SUNDING
|choice|move 2|move 1
|
|move|p2a: Snorlax|Amnesia|p2a: Snorlax
|-boost|p2a: Snorlax|spd|2
|-boost|p2a: Snorlax|spa|2
|move|p1a: Zapdos|Thunder Wave|p2a: Snorlax
|-status|p2a: Snorlax|par
|
|turn|18
|c| Asuya|porca madonna
|choice|move 4|move 1
|
|cant|p2a: Snorlax|par
|move|p1a: Zapdos|Drill Peck|p2a: Snorlax
|-damage|p2a: Snorlax|412\/523 par
|
|turn|19
|c| Coti|SEMPRE SIA LODATA ASUYA
|choice|switch 6|move 4
|
|switch|p1a: Lapras|Lapras|168\/463
|cant|p2a: Snorlax|par
|
|turn|20
|c| Asuya|comin tru
|choice|move 2|move 2
|
|move|p1a: Lapras|Body Slam|p2a: Snorlax
|-damage|p2a: Snorlax|331\/523 par
|move|p2a: Snorlax|Thunderbolt|p1a: Lapras
|-supereffective|p1a: Lapras
|-damage|p1a: Lapras|0 fnt
|faint|p1a: Lapras
|choice|switch 3|
|
|switch|p1a: Tauros|Tauros|353\/353
|turn|21
|choice|move 1|move 4
|
|move|p1a: Tauros|Body Slam|p2a: Snorlax
|-damage|p2a: Snorlax|209\/523 par
|move|p2a: Snorlax|Self-Destruct|p1a: Tauros
|-damage|p1a: Tauros|38\/353
|faint|p2a: Snorlax
|c| Asuya|0
|choice||switch 2
|
|switch|p2a: Starmie|Starmie|323\/323
|turn|22
|choice|switch 2|move 2
|
|switch|p1a: Gengar|Gengar|91\/323 slp
|move|p2a: Starmie|Psychic|p1a: Gengar
|-supereffective|p1a: Gengar
|-damage|p1a: Gengar|0 fnt
|faint|p1a: Gengar
|choice|switch 6|
|
|switch|p1a: Zapdos|Zapdos|383\/383 par
|turn|23
|choice|move 3|move 1
|
|move|p2a: Starmie|Blizzard|p1a: Zapdos
|-supereffective|p1a: Zapdos
|-damage|p1a: Zapdos|212\/383 par
|move|p1a: Zapdos|Thunder|p2a: Starmie
|-supereffective|p2a: Starmie
|-damage|p2a: Starmie|13\/323
|-status|p2a: Starmie|par
|
|turn|24
|c|★marcoasd|dio cancarooo
|c|★Disaster Area|:D
|choice|move 1|move 2
|
|move|p2a: Starmie|Psychic|p1a: Zapdos
|-damage|p1a: Zapdos|117\/383 par
|move|p1a: Zapdos|Thunderbolt|p2a: Starmie
|-supereffective|p2a: Starmie
|-damage|p2a: Starmie|0 fnt
|faint|p2a: Starmie
|choice||switch 6
|
|switch|p2a: Cloyster|Cloyster|303\/303
|turn|25
|choice|move 1|move 1
|
|move|p2a: Cloyster|Blizzard|p1a: Zapdos
|-crit|p1a: Zapdos
|-supereffective|p1a: Zapdos
|-damage|p1a: Zapdos|0 fnt
|faint|p1a: Zapdos
|choice|switch 2|
|
|switch|p1a: Tauros|Tauros|38\/353
|turn|26
|choice|move 3|move 1
|
|move|p1a: Tauros|Hyper Beam|p2a: Cloyster
|-damage|p2a: Cloyster|180\/303
|move|p2a: Cloyster|Blizzard|p1a: Tauros|[miss]
|-miss|p2a: Cloyster
|
|turn|27
|-mustrecharge|p1a: Tauros
|-mustrecharge|p1a: Tauros
|c|★marcoasd|terribbile
|choice|move 1|move 1
|
|cant|p1a: Tauros|recharge
|move|p2a: Cloyster|Blizzard|p1a: Tauros|[miss]
|-miss|p2a: Cloyster
|
|turn|28
|c|★Disaster Area|asd xD
|choice|move 1|move 1
|
|move|p1a: Tauros|Body Slam|p2a: Cloyster
|-crit|p2a: Cloyster
|-damage|p2a: Cloyster|52\/303
|-status|p2a: Cloyster|par
|move|p2a: Cloyster|Blizzard|p1a: Tauros
|-damage|p1a: Tauros|0 fnt
|faint|p1a: Tauros
|c|★marcoasd|porcodio'd hard
|choice|switch 4|
|
|switch|p1a: Jolteon|Jolteon|333\/333
|turn|29
|c|★Disaster Area|double electric though xD
|choice|move 1|move 4
|
|move|p1a: Jolteon|Thunderbolt|p2a: Cloyster
|-supereffective|p2a: Cloyster
|-damage|p2a: Cloyster|0 fnt
|faint|p2a: Cloyster
|choice||switch 3
|
|switch|p2a: Lapras|Lapras|463\/463
|turn|30
|choice|move 1|move 1
|
|move|p1a: Jolteon|Thunderbolt|p2a: Lapras
|-crit|p2a: Lapras
|-supereffective|p2a: Lapras
|-damage|p2a: Lapras|0 fnt
|faint|p2a: Lapras
|c|★marcoasd|well gg
|c|★Disaster Area|gg
|choice||switch 4
|
|switch|p2a: Jynx|Jynx|251\/333 slp
|turn|31
|c| Coti|ooooooooo relt
|choice|move 4|move 3
|
|move|p1a: Jolteon|Tail Whip|p2a: Jynx
|-unboost|p2a: Jynx|def|1
|cant|p2a: Jynx|slp
|
|turn|32
|c| ZNain|lololo
|c|★Disaster Area|:^)
|choice|move 3|move 3
|
|move|p1a: Jolteon|Double Kick|p2a: Jynx
|-crit|p2a: Jynx
|-damage|p2a: Jynx|186\/333 slp
|-damage|p2a: Jynx|121\/333 slp
|-hitcount|p2a: Jynx|2
|cant|p2a: Jynx|slp
|
|turn|33
|choice|move 3|move 3
|
|move|p1a: Jolteon|Double Kick|p2a: Jynx
|-damage|p2a: Jynx|75\/333 slp
|-damage|p2a: Jynx|29\/333 slp
|-hitcount|p2a: Jynx|2
|cant|p2a: Jynx|slp
|
|turn|34
|choice|move 1|move 3
|
|move|p1a: Jolteon|Thunderbolt|p2a: Jynx
|-crit|p2a: Jynx
|-damage|p2a: Jynx|0 fnt
|faint|p2a: Jynx
|
|win|Disaster Area
|c| ZNain|gggggggg
|c| Sunding|lol
|c| Sunding|gggg
|c| Sunding|relt
|c| Coti|gggg
|L|Disaster Area
|player|p1
|L|marcoasd
|player|p2