|J|Disaster Area
|J|Enigami
|player|p1|Disaster Area|32
|player|p2|Enigami|101
|gametype|singles
|gen|1
|tier|[Gen 1] OU
|seed|9753,16413,34033,5937
|rule|Sleep Clause Mod: Limit one foe put to sleep
|rule|Freeze Clause Mod: Limit one foe frozen
|rule|Species Clause: Limit one of each Pokémon
|rule|OHKO Clause: OHKO moves are banned
|rule|Evasion Moves Clause: Evasion moves are banned
|rule|HP Percentage Mod: HP is shown in percentages
|
|start
|switch|p1a: Paras|Paras, L30|88\/88
|switch|p2a: Abra|Abra, L30|82\/82
|turn|1
|c|★Disaster Area|hf gl
|c|★Enigami|gl hf
|choice|move 1|move 3
|
|move|p2a: Abra|Thunder Wave|p1a: Paras
|-status|p1a: Paras|par
|move|p1a: Paras|Spore|p2a: Abra
|-status|p2a: Abra|slp
|
|turn|2
|choice|move 4|move 1
|
|cant|p2a: Abra|slp
|move|p1a: Paras|Body Slam|p2a: Abra
|-damage|p2a: Abra|39\/82 slp
|
|turn|3
|choice|move 4|switch 4
|
|switch|p2a: Growlithe|Growlithe, L30|100\/100
|move|p1a: Paras|Body Slam|p2a: Growlithe
|-damage|p2a: Growlithe|72\/100
|
|turn|4
|choice|switch 4|move 4
|
|switch|p1a: Staryu|Staryu, L30|85\/85
|move|p2a: Growlithe|Substitute|p2a: Growlithe
|-start|p2a: Growlithe|Substitute
|-damage|p2a: Growlithe|47\/100
|
|turn|5
|choice|move 2|move 3
|
|move|p1a: Staryu|Thunder Wave|p2a: Growlithe
|-status|p2a: Growlithe|par
|cant|p2a: Growlithe|par
|
|turn|6
|choice|move 4|move 3
|
|move|p1a: Staryu|Psychic|p2a: Growlithe
|-end|p2a: Growlithe|Substitute
|move|p2a: Growlithe|Dragon Rage|p1a: Staryu
|-damage|p1a: Staryu|45\/85
|
|turn|7
|choice|move 1|move 3
|
|move|p1a: Staryu|Recover|p1a: Staryu
|-heal|p1a: Staryu|85\/85
|move|p2a: Growlithe|Dragon Rage|p1a: Staryu
|-damage|p1a: Staryu|45\/85
|
|turn|8
|choice|move 1|switch 3
|
|switch|p2a: Exeggcute|Exeggcute, L30|103\/103
|move|p1a: Staryu|Recover|p1a: Staryu
|-heal|p1a: Staryu|85\/85
|
|turn|9
|choice|move 2|move 2
|
|move|p1a: Staryu|Thunder Wave|p2a: Exeggcute
|-status|p2a: Exeggcute|par
|move|p2a: Exeggcute|Psychic|p1a: Staryu
|-damage|p1a: Staryu|51\/85
|-unboost|p1a: Staryu|spd|1
|-unboost|p1a: Staryu|spa|1
|
|turn|10
|choice|switch 2|move 2
|
|switch|p1a: Drowzee|Drowzee, L30|103\/103
|cant|p2a: Exeggcute|par
|
|turn|11
|choice|move 4|move 1
|
|move|p1a: Drowzee|Seismic Toss|p2a: Exeggcute
|-damage|p2a: Exeggcute|73\/103 par
|cant|p2a: Exeggcute|par
|
|turn|12
|choice|move 4|move 1
|
|move|p1a: Drowzee|Seismic Toss|p2a: Exeggcute
|-damage|p2a: Exeggcute|43\/103 par
|move|p2a: Exeggcute|Hypnosis|p1a: Drowzee
|-status|p1a: Drowzee|slp
|
|turn|13
|choice|move 2|move 3
|
|cant|p1a: Drowzee|slp
|cant|p2a: Exeggcute|par
|
|turn|14
|choice|move 4|move 3
|
|cant|p1a: Drowzee|slp
|move|p2a: Exeggcute|Egg Bomb|p1a: Drowzee
|-damage|p1a: Drowzee|80\/103 slp
|
|turn|15
|choice|move 4|move 4
|
|cant|p1a: Drowzee|slp
|move|p2a: Exeggcute|Explosion|p1a: Drowzee
|-damage|p1a: Drowzee|0 fnt
|faint|p1a: Drowzee
|faint|p2a: Exeggcute
|choice|switch 6|switch 5
|
|switch|p2a: Staryu|Staryu, L30|85\/85
|switch|p1a: Dratini|Dratini, L30|92\/92
|turn|16
|choice|switch 3|move 3
|
|switch|p1a: Pikachu|Pikachu, L30|88\/88
|move|p2a: Staryu|Thunder Wave|p1a: Pikachu
|-status|p1a: Pikachu|par
|
|turn|17
|choice|move 4|switch 4
|
|switch|p2a: Abra|Abra, L30|39\/82 slp
|cant|p1a: Pikachu|par
|
|turn|18
|choice|move 4|move 1
|
|cant|p2a: Abra|slp
|move|p1a: Pikachu|Body Slam|p2a: Abra
|-damage|p2a: Abra|2\/82 slp
|
|turn|19
|choice|move 4|move 4
|
|move|p1a: Pikachu|Body Slam|p2a: Abra
|-damage|p2a: Abra|0 fnt
|faint|p2a: Abra
|choice||switch 6
|
|switch|p2a: Geodude|Geodude, L30|91\/91
|turn|20
|choice|switch 4|move 1
|
|switch|p1a: Paras|Paras, L30|88\/88 par
|move|p2a: Geodude|Earthquake|p1a: Paras
|-resisted|p1a: Paras
|-damage|p1a: Paras|76\/88 par
|
|turn|21
|choice|switch 3|move 3
|
|switch|p1a: Dratini|Dratini, L30|92\/92
|move|p2a: Geodude|Fire Blast|p1a: Dratini|[miss]
|-miss|p2a: Geodude
|
|turn|22
|choice|switch 4|switch 4
|
|switch|p1a: Pikachu|Pikachu, L30|88\/88 par
|switch|p2a: Staryu|Staryu, L30|85\/85
|
|turn|23
|choice|move 4|switch 2
|
|switch|p2a: Voltorb|Voltorb, L30|91\/91
|move|p1a: Pikachu|Body Slam|p2a: Voltorb
|-damage|p2a: Voltorb|69\/91
|-status|p2a: Voltorb|par
|
|turn|24
|choice|switch 5|move 4
|
|switch|p1a: Diglett|Diglett, L30|73\/73
|move|p2a: Voltorb|Thunder Wave|p1a: Diglett
|-immune|p1a: Diglett|[msg]
|
|turn|25
|c|★Enigami|bleh
|choice|move 1|switch 2
|
|switch|p2a: Staryu|Staryu, L30|85\/85
|move|p1a: Diglett|Earthquake|p2a: Staryu
|-crit|p2a: Staryu
|-damage|p2a: Staryu|16\/85
|
|turn|26
|c|★Enigami|...
|c|★Disaster Area|not a counter
|c|★Disaster Area|oo
|c|★Enigami|Blunders and hax ahoy!
|choice|move 1|move 4
|
|move|p1a: Diglett|Earthquake|p2a: Staryu
|-damage|p2a: Staryu|0 fnt
|faint|p2a: Staryu
|-message|Enigami forfeited.
|
|win|Disaster Area
|c|★Disaster Area|gg