|J|Peasounay
|J|Lusch
|player|p1|Peasounay|80
|player|p2|Lusch|153
|gametype|singles
|gen|1
|tier|[Gen 1] RU
|seed|63831,60796,14304,33686
|rule|Sleep Clause Mod: Limit one foe put to sleep
|rule|Freeze Clause Mod: Limit one foe frozen
|rule|Species Clause: Limit one of each Pokémon
|rule|OHKO Clause: OHKO moves are banned
|rule|Evasion Moves Clause: Evasion moves are banned
|rule|HP Percentage Mod: HP is shown in percentages
|
|start
|switch|p1a: Clefable|Clefable|393\/393
|switch|p2a: Exeggcute|Exeggcute|323\/323
|turn|1
|choice|move 1|move 2
|
|move|p1a: Clefable|Blizzard|p2a: Exeggcute
|-supereffective|p2a: Exeggcute
|-damage|p2a: Exeggcute|96\/323
|move|p2a: Exeggcute|Sleep Powder|p1a: Clefable
|-status|p1a: Clefable|slp
|
|turn|2
|choice|move 1|move 1
|
|-curestatus|p1a: Clefable|slp
|move|p2a: Exeggcute|Psychic|p1a: Clefable
|-damage|p1a: Clefable|312\/393
|
|turn|3
|choice|move 1|switch 5
|
|switch|p2a: Vaporeon|Vaporeon|463\/463
|move|p1a: Clefable|Blizzard|p2a: Vaporeon
|-resisted|p2a: Vaporeon
|-damage|p2a: Vaporeon|425\/463
|-status|p2a: Vaporeon|frz
|
|turn|4
|c|★Peasounay|wanna redo ?
|c|★Lusch|no
|c|★Lusch|happens
|choice|move 3|switch 2
|
|switch|p2a: Venusaur|Venusaur|363\/363
|move|p1a: Clefable|Thunderbolt|p2a: Venusaur
|-resisted|p2a: Venusaur
|-damage|p2a: Venusaur|327\/363
|
|turn|5
|choice|move 1|move 2
|
|move|p2a: Venusaur|Sleep Powder|p1a: Clefable
|-status|p1a: Clefable|slp
|-curestatus|p1a: Clefable|slp
|
|turn|6
|choice|move 1|move 2
|
|move|p2a: Venusaur|Sleep Powder|p1a: Clefable
|-status|p1a: Clefable|slp
|cant|p1a: Clefable|slp
|
|turn|7
|choice|switch 5|move 1
|
|switch|p1a: Gastly|Gastly|263\/263
|move|p2a: Venusaur|Body Slam|p1a: Gastly
|-immune|p1a: Gastly|[msg]
|
|turn|8
|choice|move 1|switch 2
|
|switch|p2a: Vaporeon|Vaporeon|425\/463 frz
|move|p1a: Gastly|Psychic|p2a: Vaporeon
|-damage|p2a: Vaporeon|359\/463 frz
|-unboost|p2a: Vaporeon|spd|1
|-unboost|p2a: Vaporeon|spa|1
|
|turn|9
|choice|move 2|switch 4
|
|switch|p2a: Dugtrio|Dugtrio|273\/273
|move|p1a: Gastly|Hypnosis|p2a: Dugtrio
|-status|p2a: Dugtrio|slp
|
|turn|10
|choice|move 3|switch 4
|
|switch|p2a: Vaporeon|Vaporeon|359\/463 frz
|move|p1a: Gastly|Night Shade|p2a: Vaporeon
|-damage|p2a: Vaporeon|259\/463 frz
|
|turn|11
|choice|move 3|move 2
|
|move|p1a: Gastly|Night Shade|p2a: Vaporeon
|-damage|p2a: Vaporeon|159\/463 frz
|cant|p2a: Vaporeon|frz
|
|turn|12
|choice|move 3|move 2
|
|move|p1a: Gastly|Night Shade|p2a: Vaporeon
|-damage|p2a: Vaporeon|59\/463 frz
|cant|p2a: Vaporeon|frz
|
|turn|13
|choice|move 3|move 2
|
|move|p1a: Gastly|Night Shade|p2a: Vaporeon
|-damage|p2a: Vaporeon|0 fnt
|faint|p2a: Vaporeon
|choice||switch 3
|
|switch|p2a: Charizard|Charizard|359\/359
|turn|14
|choice|switch 3|move 1
|
|switch|p1a: Dewgong|Dewgong|383\/383
|move|p2a: Charizard|Earthquake|p1a: Dewgong
|-crit|p1a: Dewgong
|-damage|p1a: Dewgong|228\/383
|
|turn|15
|choice|move 2|switch 5
|
|switch|p2a: Exeggcute|Exeggcute|96\/323
|move|p1a: Dewgong|Ice Beam|p2a: Exeggcute
|-supereffective|p2a: Exeggcute
|-damage|p2a: Exeggcute|0 fnt
|faint|p2a: Exeggcute
|choice||switch 6
|
|switch|p2a: Electabuzz|Electabuzz|333\/333
|turn|16
|choice|switch 4|switch 2
|
|switch|p2a: Venusaur|Venusaur|327\/363
|switch|p1a: Sandslash|Sandslash|353\/353
|
|turn|17
|choice|switch 3|switch 5
|
|switch|p2a: Charizard|Charizard|359\/359
|switch|p1a: Gastly|Gastly|263\/263
|
|turn|18
|choice|switch 4|move 3
|
|switch|p1a: Dewgong|Dewgong|228\/383
|move|p2a: Charizard|Fire Blast|p1a: Dewgong|[miss]
|-miss|p2a: Charizard
|
|turn|19
|choice|move 1|move 3
|
|move|p2a: Charizard|Fire Blast|p1a: Dewgong
|-damage|p1a: Dewgong|95\/383
|move|p1a: Dewgong|Surf|p2a: Charizard
|-supereffective|p2a: Charizard
|-damage|p2a: Charizard|137\/359
|
|turn|20
|choice|move 1|move 3
|
|move|p2a: Charizard|Fire Blast|p1a: Dewgong
|-damage|p1a: Dewgong|0 fnt
|faint|p1a: Dewgong
|choice|switch 2|
|
|switch|p1a: Mr. Mime|Mr. Mime|283\/283
|turn|21
|choice|move 2|switch 2
|
|switch|p2a: Electabuzz|Electabuzz|333\/333
|move|p1a: Mr. Mime|Thunderbolt|p2a: Electabuzz
|-resisted|p2a: Electabuzz
|-damage|p2a: Electabuzz|289\/333
|
|turn|22
|choice|move 3|move 4
|
|move|p2a: Electabuzz|Seismic Toss|p1a: Mr. Mime
|-damage|p1a: Mr. Mime|183\/283
|move|p1a: Mr. Mime|Psychic|p2a: Electabuzz
|-damage|p2a: Electabuzz|171\/333
|
|turn|23
|choice|switch 3|switch 5
|
|switch|p2a: Venusaur|Venusaur|327\/363
|switch|p1a: Sandslash|Sandslash|353\/353
|
|turn|24
|choice|switch 6|move 4
|
|switch|p1a: Venusaur|Venusaur|363\/363
|move|p2a: Venusaur|Razor Leaf|p1a: Venusaur
|-crit|p1a: Venusaur
|-resisted|p1a: Venusaur
|-damage|p1a: Venusaur|330\/363
|
|turn|25
|choice|move 3|move 1
|
|move|p1a: Venusaur|Body Slam|p2a: Venusaur
|-damage|p2a: Venusaur|258\/363
|-status|p2a: Venusaur|par
|move|p2a: Venusaur|Body Slam|p1a: Venusaur
|-damage|p1a: Venusaur|264\/363
|
|turn|26
|choice|switch 4|move 1
|
|switch|p1a: Gastly|Gastly|263\/263
|cant|p2a: Venusaur|par
|
|turn|27
|choice|move 1|switch 2
|
|switch|p2a: Charizard|Charizard|137\/359
|move|p1a: Gastly|Psychic|p2a: Charizard
|-damage|p2a: Charizard|65\/359
|-unboost|p2a: Charizard|spd|1
|-unboost|p2a: Charizard|spa|1
|
|turn|28
|choice|move 3|move 1
|
|move|p2a: Charizard|Earthquake|p1a: Gastly
|-supereffective|p1a: Gastly
|-damage|p1a: Gastly|0 fnt
|faint|p1a: Gastly
|choice|switch 3|
|
|switch|p1a: Mr. Mime|Mr. Mime|183\/283
|turn|29
|choice|move 3|switch 5
|
|switch|p2a: Electabuzz|Electabuzz|171\/333
|move|p1a: Mr. Mime|Psychic|p2a: Electabuzz
|-damage|p2a: Electabuzz|63\/333
|-unboost|p2a: Electabuzz|spd|1
|-unboost|p2a: Electabuzz|spa|1
|
|turn|30
|choice|switch 6|switch 2
|
|switch|p2a: Venusaur|Venusaur|258\/363 par
|switch|p1a: Sandslash|Sandslash|353\/353
|
|turn|31
|choice|switch 6|move 4
|
|switch|p1a: Mr. Mime|Mr. Mime|183\/283
|move|p2a: Venusaur|Razor Leaf|p1a: Mr. Mime
|-crit|p1a: Mr. Mime
|-damage|p1a: Mr. Mime|51\/283
|
|turn|32
|choice|move 3|switch 4
|
|switch|p2a: Dugtrio|Dugtrio|273\/273 slp
|move|p1a: Mr. Mime|Psychic|p2a: Dugtrio
|-crit|p2a: Dugtrio
|-damage|p2a: Dugtrio|34\/273 slp
|
|turn|33
|choice|move 3|move 3
|
|cant|p2a: Dugtrio|slp
|move|p1a: Mr. Mime|Psychic|p2a: Dugtrio
|-damage|p2a: Dugtrio|0 fnt
|faint|p2a: Dugtrio
|choice||switch 2
|
|switch|p2a: Electabuzz|Electabuzz|63\/333
|turn|34
|choice|switch 5|move 4
|
|switch|p1a: Clefable|Clefable|312\/393 slp
|move|p2a: Electabuzz|Seismic Toss|p1a: Clefable
|-damage|p1a: Clefable|212\/393 slp
|
|turn|35
|choice|switch 6|move 4
|
|switch|p1a: Sandslash|Sandslash|353\/353
|move|p2a: Electabuzz|Seismic Toss|p1a: Sandslash
|-damage|p1a: Sandslash|253\/353
|
|turn|36
|choice|move 3|move 4
|
|move|p2a: Electabuzz|Seismic Toss|p1a: Sandslash
|-damage|p1a: Sandslash|153\/353
|move|p1a: Sandslash|Rock Slide|p2a: Electabuzz
|-damage|p2a: Electabuzz|0 fnt
|faint|p2a: Electabuzz
|choice||switch 5
|
|switch|p2a: Charizard|Charizard|65\/359
|turn|37
|choice|move 3|move 3
|
|move|p2a: Charizard|Fire Blast|p1a: Sandslash
|-damage|p1a: Sandslash|0 fnt
|faint|p1a: Sandslash
|choice|switch 4|
|
|switch|p1a: Venusaur|Venusaur|264\/363
|turn|38
|choice|move 4|switch 4
|
|switch|p2a: Venusaur|Venusaur|258\/363 par
|move|p1a: Venusaur|Hyper Beam|p2a: Venusaur
|-damage|p2a: Venusaur|149\/363 par
|
|turn|39
|-mustrecharge|p1a: Venusaur
|-mustrecharge|p1a: Venusaur
|choice|move 1|move 1
|
|cant|p1a: Venusaur|recharge
|move|p2a: Venusaur|Body Slam|p1a: Venusaur
|-damage|p1a: Venusaur|194\/363
|
|turn|40
|choice|move 3|move 4
|
|move|p1a: Venusaur|Body Slam|p2a: Venusaur
|-damage|p2a: Venusaur|88\/363 par
|move|p2a: Venusaur|Razor Leaf|p1a: Venusaur
|-crit|p1a: Venusaur
|-resisted|p1a: Venusaur
|-damage|p1a: Venusaur|164\/363
|
|turn|41
|choice|move 4|move 1
|
|move|p1a: Venusaur|Hyper Beam|p2a: Venusaur
|-damage|p2a: Venusaur|0 fnt
|faint|p2a: Venusaur
|choice||switch 4
|
|switch|p2a: Charizard|Charizard|65\/359
|turn|42
|choice|move 4|move 3
|
|move|p2a: Charizard|Fire Blast|p1a: Venusaur|[miss]
|-miss|p2a: Charizard
|move|p1a: Venusaur|Hyper Beam|p2a: Charizard
|-damage|p2a: Charizard|0 fnt
|faint|p2a: Charizard
|
|win|Peasounay
|c|★Lusch|gg
|c|★Peasounay|gg you played insanely well
|c|★Lusch|thx
|c|★Lusch|such a shame
|c|★Lusch|that miss
|c|★Peasounay|yup
|c|★Lusch|well cu