|J|Lusch
|J|Disaster Area
|player|p1|Lusch|153
|player|p2|Disaster Area|32
|gametype|singles
|gen|1
|tier|[Gen 1] RU
|seed|35984,871,50926,36659
|rule|Sleep Clause Mod: Limit one foe put to sleep
|rule|Freeze Clause Mod: Limit one foe frozen
|rule|Species Clause: Limit one of each Pokémon
|rule|OHKO Clause: OHKO moves are banned
|rule|Evasion Moves Clause: Evasion moves are banned
|rule|HP Percentage Mod: HP is shown in percentages
|
|start
|switch|p1a: Clefable|Clefable|393\/393
|switch|p2a: Wigglytuff|Wigglytuff|483\/483
|turn|1
|J|DG9
|J|Peasounay
|c|★Disaster Area|gl hf4
|c|★Lusch|u2
|choice|move 1|move 1
|
|move|p1a: Clefable|Sing|p2a: Wigglytuff
|-status|p2a: Wigglytuff|slp
|cant|p2a: Wigglytuff|slp
|
|turn|2
|c|★Disaster Area|LOL
|c|★Disaster Area|MY NIGGA
|c|★Disaster Area|I had sing
|c|★Disaster Area|-
|c|★Lusch|;D
|choice|move 2|switch 2
|
|switch|p2a: Clefable|Clefable|393\/393
|move|p1a: Clefable|Body Slam|p2a: Clefable
|-damage|p2a: Clefable|300\/393
|
|turn|3
|choice|move 4|move 1
|
|move|p2a: Clefable|Thunder Wave|p1a: Clefable
|-status|p1a: Clefable|par
|move|p1a: Clefable|Blizzard|p2a: Clefable
|-damage|p2a: Clefable|201\/393
|
|turn|4
|choice|move 4|move 4
|
|move|p2a: Clefable|Blizzard|p1a: Clefable
|-damage|p1a: Clefable|299\/393 par
|move|p1a: Clefable|Blizzard|p2a: Clefable
|-damage|p2a: Clefable|105\/393
|-status|p2a: Clefable|frz
|
|turn|5
|c|★Disaster Area|yeah this is
|c|★Disaster Area|not the best start
|c|★Disaster Area|for me lol.
|choice|move 2|move 4
|
|cant|p2a: Clefable|frz
|move|p1a: Clefable|Body Slam|p2a: Clefable
|-damage|p2a: Clefable|4\/393 frz
|
|turn|6
|choice|move 2|move 4
|
|cant|p2a: Clefable|frz
|cant|p1a: Clefable|par
|
|turn|7
|c|★Lusch|true
|choice|move 2|move 4
|
|cant|p2a: Clefable|frz
|move|p1a: Clefable|Body Slam|p2a: Clefable
|-damage|p2a: Clefable|0 fnt
|faint|p2a: Clefable
|choice||switch 4
|
|switch|p2a: Mr. Mime|Mr. Mime|283\/283
|turn|8
|choice|move 2|move 3
|
|move|p2a: Mr. Mime|Psychic|p1a: Clefable
|-damage|p1a: Clefable|187\/393 par
|move|p1a: Clefable|Body Slam|p2a: Mr. Mime
|-damage|p2a: Mr. Mime|181\/283
|-status|p2a: Mr. Mime|par
|
|turn|9
|choice|move 3|move 3
|
|cant|p2a: Mr. Mime|par
|move|p1a: Clefable|Hyper Beam|p2a: Mr. Mime
|-damage|p2a: Mr. Mime|7\/283 par
|
|turn|10
|-mustrecharge|p1a: Clefable
|J|Enigami
|-mustrecharge|p1a: Clefable
|choice|move 1|move 3
|
|move|p2a: Mr. Mime|Psychic|p1a: Clefable
|-damage|p1a: Clefable|61\/393 par
|cant|p1a: Clefable|recharge
|
|turn|11
|choice|move 2|move 4
|
|move|p2a: Mr. Mime|Seismic Toss|p1a: Clefable
|-damage|p1a: Clefable|0 fnt
|faint|p1a: Clefable
|choice|switch 2|
|
|switch|p1a: Nidoking|Nidoking|365\/365
|turn|12
|choice|move 1|move 3
|
|move|p1a: Nidoking|Earthquake|p2a: Mr. Mime
|-damage|p2a: Mr. Mime|0 fnt
|faint|p2a: Mr. Mime
|choice||switch 6
|
|switch|p2a: Venusaur|Venusaur|363\/363
|turn|13
|choice|move 4|move 2
|
|move|p1a: Nidoking|Blizzard|p2a: Venusaur
|-supereffective|p2a: Venusaur
|-damage|p2a: Venusaur|204\/363
|move|p2a: Venusaur|Sleep Powder|p1a: Nidoking
|-status|p1a: Nidoking|slp
|
|turn|14
|choice|switch 3|switch 3
|
|switch|p1a: Venusaur|Venusaur|363\/363
|switch|p2a: Kabutops|Kabutops|323\/323
|
|turn|15
|choice|move 1|switch 5
|
|switch|p2a: Fearow|Fearow|333\/333
|move|p1a: Venusaur|Body Slam|p2a: Fearow
|-damage|p2a: Fearow|257\/333
|
|turn|16
|choice|switch 4|move 1
|
|switch|p1a: Electabuzz|Electabuzz|333\/333
|move|p2a: Fearow|Drill Peck|p1a: Electabuzz
|-crit|p1a: Electabuzz
|-resisted|p1a: Electabuzz
|-damage|p1a: Electabuzz|212\/333
|
|turn|17
|choice|move 3|switch 5
|
|switch|p2a: Kabutops|Kabutops|323\/323
|move|p1a: Electabuzz|Thunderbolt|p2a: Kabutops
|-crit|p2a: Kabutops
|-supereffective|p2a: Kabutops
|-damage|p2a: Kabutops|0 fnt
|faint|p2a: Kabutops
|choice||switch 3
|
|switch|p2a: Venusaur|Venusaur|204\/363
|turn|18
|choice|switch 4|move 3
|
|switch|p1a: Venusaur|Venusaur|363\/363
|move|p2a: Venusaur|Body Slam|p1a: Venusaur
|-damage|p1a: Venusaur|301\/363
|
|turn|19
|choice|move 1|switch 5
|
|switch|p2a: Fearow|Fearow|257\/333
|move|p1a: Venusaur|Body Slam|p2a: Fearow
|-damage|p2a: Fearow|175\/333
|
|turn|20
|choice|switch 6|move 3
|
|switch|p1a: Aerodactyl|Aerodactyl|363\/363
|move|p2a: Fearow|Double-Edge|p1a: Aerodactyl
|-crit|p1a: Aerodactyl
|-resisted|p1a: Aerodactyl
|-damage|p1a: Aerodactyl|220\/363
|-damage|p2a: Fearow|140\/333|[from] recoil|[of] p1a: Aerodactyl
|
|turn|21
|choice|move 1|move 2
|
|move|p1a: Aerodactyl|Double-Edge|p2a: Fearow
|-damage|p2a: Fearow|33\/333
|-damage|p1a: Aerodactyl|194\/363|[from] recoil|[of] p2a: Fearow
|move|p2a: Fearow|Hyper Beam|p1a: Aerodactyl|[miss]
|-miss|p2a: Fearow
|
|turn|22
|c|★Disaster Area|lol.
|c|★Lusch|yeah...
|c|★Lusch|honestly didnt matter
|c|★Disaster Area|at this point no
|c|★Disaster Area|just
|c|★Disaster Area|salt in the wound
|c|★Disaster Area|lol.
|c|★Disaster Area|i got boned t1 from that
|choice|move 1|move 2
|
|move|p1a: Aerodactyl|Double-Edge|p2a: Fearow
|-damage|p2a: Fearow|0 fnt
|-damage|p1a: Aerodactyl|186\/363|[from] recoil|[of] p2a: Fearow
|faint|p2a: Fearow
|c|★Disaster Area|sing clef tho tbh
|c|★Lusch|hehe
|choice||switch 2
|
|switch|p2a: Wigglytuff|Wigglytuff|483\/483 slp
|turn|23
|L|Enigami
|c|★Lusch|tuff I've never seen as a lead tbh
|c|★Disaster Area|enigami\/peasounay
|c|★Disaster Area|use it
|c|★Disaster Area|it's only issues are like
|c|★Disaster Area|tangela
|c|★Disaster Area|and sing clef
|c|★Disaster Area|compared to clef
|c|★Disaster Area|and it's like having 2 clef's
|c|★Disaster Area|lol
|choice|move 1|move 4
|
|move|p1a: Aerodactyl|Double-Edge|p2a: Wigglytuff
|-damage|p2a: Wigglytuff|347\/483 slp
|-damage|p1a: Aerodactyl|152\/363|[from] recoil|[of] p2a: Wigglytuff
|cant|p2a: Wigglytuff|slp
|
|turn|24
|c|★Disaster Area|btw I have counter on my clef
|c|★Disaster Area|and twave tbolt blizz
|choice|move 1|move 4
|
|move|p1a: Aerodactyl|Double-Edge|p2a: Wigglytuff
|-damage|p2a: Wigglytuff|208\/483 slp
|-damage|p1a: Aerodactyl|118\/363|[from] recoil|[of] p2a: Wigglytuff
|-curestatus|p2a: Wigglytuff|slp
|
|turn|25
|c|★Lusch|oh
|c|★Lusch|yeah
|c|★Lusch|i always kinda fear counter on clef
|c|★Lusch|which is why i used blizz tbh
|c|★Disaster Area|well blizz does
|c|★Lusch|not to go for the freeze for sure^^
|c|★Disaster Area|about the same damage
|c|★Disaster Area|so normally u should do it
|c|★Disaster Area|lol
|c|★Disaster Area|yeah freeze is sort of a 'bonus' there
|choice|move 1|move 4
|
|move|p1a: Aerodactyl|Double-Edge|p2a: Wigglytuff
|-damage|p2a: Wigglytuff|79\/483
|-damage|p1a: Aerodactyl|86\/363|[from] recoil|[of] p2a: Wigglytuff
|move|p2a: Wigglytuff|Blizzard|p1a: Aerodactyl
|-supereffective|p1a: Aerodactyl
|-damage|p1a: Aerodactyl|0 fnt
|faint|p1a: Aerodactyl
|c|★Disaster Area|man tops is such a bad meta fit tho
|c|★Disaster Area|this is like
|c|★Disaster Area|the best team
|c|★Disaster Area|peasounay and I could make with it
|c|★Disaster Area|it's defo not 3U worthy idt
|choice|switch 6|
|
|switch|p1a: Venusaur|Venusaur|301\/363
|turn|26
|c|★Disaster Area|maybe D rank but eh
|choice|move 1|switch 5
|
|switch|p2a: Venusaur|Venusaur|204\/363
|move|p1a: Venusaur|Body Slam|p2a: Venusaur
|-crit|p2a: Venusaur
|-damage|p2a: Venusaur|82\/363
|
|turn|27
|choice|move 2|move 3
|
|move|p2a: Venusaur|Body Slam|p1a: Venusaur
|-damage|p1a: Venusaur|237\/363
|-status|p1a: Venusaur|par
|move|p1a: Venusaur|Hyper Beam|p2a: Venusaur
|-damage|p2a: Venusaur|0 fnt
|faint|p2a: Venusaur
|choice||switch 5
|
|switch|p2a: Wigglytuff|Wigglytuff|79\/483
|turn|28
|choice|move 1|move 4
|
|move|p2a: Wigglytuff|Blizzard|p1a: Venusaur
|-supereffective|p1a: Venusaur
|-damage|p1a: Venusaur|111\/363 par
|move|p1a: Venusaur|Body Slam|p2a: Wigglytuff
|-damage|p2a: Wigglytuff|0 fnt
|faint|p2a: Wigglytuff
|
|win|Lusch
|J|Enigami
|L|Enigami
|c|★Lusch|gg
|c|★Disaster Area|gg