|J|I love pochama
|J|Peasounay
|player|p1|I love pochama|32
|player|p2|Peasounay|80
|gametype|singles
|gen|1
|tier|[Gen 1] RU
|seed|23369,19079,2335,31187
|rule|Sleep Clause Mod: Limit one foe put to sleep
|rule|Freeze Clause Mod: Limit one foe frozen
|rule|Species Clause: Limit one of each Pokémon
|rule|OHKO Clause: OHKO moves are banned
|rule|Evasion Moves Clause: Evasion moves are banned
|rule|HP Percentage Mod: HP is shown in percentages
|
|start
|switch|p1a: Mr. Mime|Mr. Mime|283\/283
|switch|p2a: Clefable|Clefable|393\/393
|turn|1
|c|★Peasounay|yea i'm not sure
|c|★I love pochama|nice! scary oo
|c|★I love pochama|i considered it tbh
|c|★Peasounay|marcoasd did this to me
|c|★Peasounay|i hated it
|c|★I love pochama|it's not a bad idea 
|c|★I love pochama|just has issues if someone were
|c|★I love pochama|brave enough to use
|c|★I love pochama|venu lead
|c|★I love pochama|tbh
|c|★Peasounay|venu lead is like egg lead in OU
|choice|move 1|move 4
|
|move|p1a: Mr. Mime|Psychic|p2a: Clefable
|-damage|p2a: Clefable|275\/393
|move|p2a: Clefable|Body Slam|p1a: Mr. Mime
|-damage|p1a: Mr. Mime|171\/283
|
|turn|2
|c|★Peasounay|just don't
|choice|switch 3|move 4
|
|switch|p1a: Clefable|Clefable|393\/393
|move|p2a: Clefable|Body Slam|p1a: Clefable
|-damage|p1a: Clefable|297\/393
|
|turn|3
|c|★I love pochama|clef is like lax lead
|choice|move 1|move 2
|
|move|p1a: Clefable|Thunder Wave|p2a: Clefable
|-status|p2a: Clefable|par
|move|p2a: Clefable|Thunder Wave|p1a: Clefable
|-status|p1a: Clefable|par
|
|turn|4
|c|★Peasounay|hum except is can threat things
|c|★I love pochama|so can lax
|c|★I love pochama|lax is ok vs zam\/starmie!
|choice|move 3|move 1
|
|move|p1a: Clefable|Body Slam|p2a: Clefable
|-damage|p2a: Clefable|176\/393 par
|cant|p2a: Clefable|par
|
|turn|5
|c|★Peasounay|have already led lax ?
|choice|move 4|move 4
|
|move|p2a: Clefable|Body Slam|p1a: Clefable
|-damage|p1a: Clefable|200\/393 par
|move|p1a: Clefable|Hyper Beam|p2a: Clefable
|-damage|p2a: Clefable|17\/393 par
|
|turn|6
|-mustrecharge|p1a: Clefable
|c|★I love pochama|theorymonned
|c|★Peasounay|kinda like ninetales lead
|c|★Peasounay|okay on paper
|c|★I love pochama|o sorry dude
|c|★I love pochama|girlfriend stole me
|-mustrecharge|p1a: Clefable
|choice|move 1|move 4
|
|move|p2a: Clefable|Body Slam|p1a: Clefable
|-damage|p1a: Clefable|97\/393 par
|cant|p1a: Clefable|recharge
|
|turn|7
|c|★Peasounay|np
|choice|move 3|move 4
|
|move|p2a: Clefable|Body Slam|p1a: Clefable
|-crit|p1a: Clefable
|-damage|p1a: Clefable|0 fnt
|faint|p1a: Clefable
|c|★I love pochama|tbh
|c|★I love pochama|i have the balls
|c|★I love pochama|to bring lax lead
|c|★I love pochama|to a game
|c|★I love pochama|if i wanted
|c|★Peasounay|i know lol
|choice|switch 2|
|
|switch|p1a: Electabuzz|Electabuzz|333\/333
|turn|8
|c|★Peasounay|you and marcoasd bring out the wildest squads i ever saw
|choice|move 2|move 4
|
|move|p1a: Electabuzz|Psychic|p2a: Clefable
|-damage|p2a: Clefable|0 fnt
|faint|p2a: Clefable
|c|★I love pochama|:]
|choice||switch 2
|
|switch|p2a: Mr. Mime|Mr. Mime|283\/283
|turn|9
|choice|move 3|move 1
|
|move|p1a: Electabuzz|Thunder Wave|p2a: Mr. Mime
|-status|p2a: Mr. Mime|par
|move|p2a: Mr. Mime|Thunder Wave|p1a: Electabuzz
|-status|p1a: Electabuzz|par
|
|turn|10
|choice|move 1|switch 6
|
|switch|p2a: Sandslash|Sandslash|353\/353
|move|p1a: Electabuzz|Thunderbolt|p2a: Sandslash
|-immune|p2a: Sandslash|[msg]
|
|turn|11
|choice|switch 4|move 2
|
|switch|p1a: Venusaur|Venusaur|363\/363
|move|p2a: Sandslash|Earthquake|p1a: Venusaur
|-damage|p1a: Venusaur|226\/363
|
|turn|12
|choice|move 3|switch 6
|
|switch|p2a: Mr. Mime|Mr. Mime|283\/283 par
|move|p1a: Venusaur|Razor Leaf|p2a: Mr. Mime
|-crit|p2a: Mr. Mime
|-damage|p2a: Mr. Mime|159\/283 par
|
|turn|13
|c|★Peasounay|too much damage :(
|choice|switch 4|move 1
|
|switch|p1a: Electabuzz|Electabuzz|333\/333 par
|cant|p2a: Mr. Mime|par
|
|turn|14
|choice|switch 4|move 1
|
|switch|p1a: Venusaur|Venusaur|226\/363
|move|p2a: Mr. Mime|Thunder Wave|p1a: Venusaur
|-status|p1a: Venusaur|par
|
|turn|15
|J|KristophV
|c|★I love pochama|rip me lmao
|choice|switch 4|move 3
|
|switch|p1a: Electabuzz|Electabuzz|333\/333 par
|move|p2a: Mr. Mime|Psychic|p1a: Electabuzz
|-crit|p1a: Electabuzz
|-damage|p1a: Electabuzz|117\/333 par
|-unboost|p1a: Electabuzz|spd|1
|-unboost|p1a: Electabuzz|spa|1
|
|turn|16
|choice|move 4|move 3
|
|cant|p2a: Mr. Mime|par
|move|p1a: Electabuzz|Hyper Beam|p2a: Mr. Mime
|-damage|p2a: Mr. Mime|20\/283 par
|
|turn|17
|-mustrecharge|p1a: Electabuzz
|-mustrecharge|p1a: Electabuzz
|choice|move 1|move 3
|
|move|p2a: Mr. Mime|Psychic|p1a: Electabuzz
|-damage|p1a: Electabuzz|0 fnt
|faint|p1a: Electabuzz
|choice|switch 3|
|
|switch|p1a: Mr. Mime|Mr. Mime|171\/283
|turn|18
|choice|move 1|move 1
|
|move|p1a: Mr. Mime|Psychic|p2a: Mr. Mime
|-resisted|p2a: Mr. Mime
|-damage|p2a: Mr. Mime|0 fnt
|faint|p2a: Mr. Mime
|choice||switch 4
|
|switch|p2a: Electabuzz|Electabuzz|333\/333
|turn|19
|choice|switch 5|move 1
|
|switch|p1a: Dugtrio|Dugtrio|273\/273
|move|p2a: Electabuzz|Thunder Wave|p1a: Dugtrio
|-immune|p1a: Dugtrio|[msg]
|
|turn|20
|choice|move 1|switch 6
|
|switch|p2a: Sandslash|Sandslash|353\/353
|move|p1a: Dugtrio|Earthquake|p2a: Sandslash
|-damage|p2a: Sandslash|249\/353
|
|turn|21
|choice|switch 6|move 2
|
|switch|p1a: Kingler|Kingler|313\/313
|move|p2a: Sandslash|Earthquake|p1a: Kingler
|-damage|p1a: Kingler|214\/313
|
|turn|22
|c|★Peasounay|duggy screw me up
|choice|move 2|switch 6
|
|switch|p2a: Electabuzz|Electabuzz|333\/333
|move|p1a: Kingler|Crabhammer|p2a: Electabuzz
|-crit|p2a: Electabuzz
|-damage|p2a: Electabuzz|170\/333
|
|turn|23
|choice|switch 6|move 4
|
|switch|p1a: Dugtrio|Dugtrio|273\/273
|move|p2a: Electabuzz|Seismic Toss|p1a: Dugtrio
|-damage|p1a: Dugtrio|173\/273
|
|turn|24
|c|★I love pochama|np: [[Modestep & Skindred - Circles]]
|choice|move 1|switch 6
|
|switch|p2a: Sandslash|Sandslash|249\/353
|move|p1a: Dugtrio|Earthquake|p2a: Sandslash
|-damage|p2a: Sandslash|152\/353
|
|turn|25
|L|KristophV
|choice|switch 6|move 2
|
|switch|p1a: Kingler|Kingler|214\/313
|move|p2a: Sandslash|Earthquake|p1a: Kingler
|-damage|p1a: Kingler|101\/313
|
|turn|26
|choice|move 2|switch 6
|
|switch|p2a: Electabuzz|Electabuzz|170\/333
|move|p1a: Kingler|Crabhammer|p2a: Electabuzz
|-crit|p2a: Electabuzz
|-damage|p2a: Electabuzz|25\/333
|
|turn|27
|choice|switch 6|move 2
|
|switch|p1a: Dugtrio|Dugtrio|173\/273
|move|p2a: Electabuzz|Thunderbolt|p1a: Dugtrio
|-immune|p1a: Dugtrio|[msg]
|
|turn|28
|choice|move 1|move 4
|
|move|p1a: Dugtrio|Earthquake|p2a: Electabuzz
|-supereffective|p2a: Electabuzz
|-damage|p2a: Electabuzz|0 fnt
|faint|p2a: Electabuzz
|choice||switch 6
|
|switch|p2a: Sandslash|Sandslash|152\/353
|turn|29
|choice|move 1|move 2
|
|move|p1a: Dugtrio|Earthquake|p2a: Sandslash
|-damage|p2a: Sandslash|59\/353
|move|p2a: Sandslash|Earthquake|p1a: Dugtrio
|-damage|p1a: Dugtrio|0 fnt
|faint|p1a: Dugtrio
|choice|switch 5|
|
|switch|p1a: Mr. Mime|Mr. Mime|171\/283
|turn|30
|choice|move 2|move 2
|
|move|p1a: Mr. Mime|Seismic Toss|p2a: Sandslash
|-damage|p2a: Sandslash|0 fnt
|faint|p2a: Sandslash
|choice||switch 5
|
|switch|p2a: Porygon|Porygon|333\/333
|turn|31
|choice|move 3|move 2
|
|move|p1a: Mr. Mime|Thunderbolt|p2a: Porygon
|-damage|p2a: Porygon|242\/333
|move|p2a: Porygon|Thunder Wave|p1a: Mr. Mime|[miss]
|-miss|p2a: Porygon
|
|turn|32
|c|★I love pochama|misclick
|c|★I love pochama|rofl
|c|★I love pochama|hax\/10
|choice|move 4|move 2
|
|move|p1a: Mr. Mime|Thunder Wave|p2a: Porygon
|-status|p2a: Porygon|par
|move|p2a: Porygon|Thunder Wave|p1a: Mr. Mime
|-status|p1a: Mr. Mime|par
|
|turn|33
|choice|move 1|move 3
|
|move|p1a: Mr. Mime|Psychic|p2a: Porygon
|-damage|p2a: Porygon|120\/333 par
|move|p2a: Porygon|Thunderbolt|p1a: Mr. Mime
|-damage|p1a: Mr. Mime|105\/283 par
|
|turn|34
|choice|move 1|move 4
|
|move|p1a: Mr. Mime|Psychic|p2a: Porygon
|-crit|p2a: Porygon
|-damage|p2a: Porygon|0 fnt
|faint|p2a: Porygon
|choice||switch 3
|
|switch|p2a: Lickitung|Lickitung|383\/383
|turn|35
|c|★I love pochama|gg
|c|★I love pochama|:O
|choice|move 4|move 3
|
|move|p2a: Lickitung|Wrap|p1a: Mr. Mime
|-damage|p1a: Mr. Mime|87\/283 par
|-activate|p1a: Mr. Mime|move: Wrap|[of] p2a: Lickitung
|cant|p1a: Mr. Mime|partiallytrapped
|
|turn|36
|c|★Peasounay|can't para the dugg
|choice|move 4|move 3
|
|move|p2a: Lickitung|Wrap|p1a: Mr. Mime
|-damage|p1a: Mr. Mime|69\/283 par
|cant|p1a: Mr. Mime|partiallytrapped
|
|turn|37
|c|★I love pochama|yep.
|choice|move 1|move 3
|
|move|p2a: Lickitung|Wrap|p1a: Mr. Mime
|-damage|p1a: Mr. Mime|51\/283 par
|cant|p1a: Mr. Mime|partiallytrapped
|
|turn|38
|choice|move 1|move 3
|
|move|p2a: Lickitung|Wrap|p1a: Mr. Mime
|-damage|p1a: Mr. Mime|33\/283 par
|cant|p1a: Mr. Mime|partiallytrapped
|
|turn|39
|choice|move 1|move 3
|
|move|p2a: Lickitung|Wrap|p1a: Mr. Mime
|-damage|p1a: Mr. Mime|15\/283 par
|cant|p1a: Mr. Mime|partiallytrapped
|
|-end|p1a: Mr. Mime|Wrap|[partiallytrapped]
|turn|40
|c|★I love pochama|u can try
|c|★I love pochama|bslam electabuzz
|choice|move 4|move 3
|
|move|p2a: Lickitung|Wrap|p1a: Mr. Mime
|-damage|p1a: Mr. Mime|0 fnt
|faint|p1a: Mr. Mime
|choice|switch 4|
|
|switch|p1a: Venusaur|Venusaur|226\/363 par
|turn|41
|c|★Peasounay|yea that can be okay
|choice|move 2|move 3
|
|move|p2a: Lickitung|Wrap|p1a: Venusaur
|-damage|p1a: Venusaur|212\/363 par
|-activate|p1a: Venusaur|move: Wrap|[of] p2a: Lickitung
|cant|p1a: Venusaur|partiallytrapped
|
|turn|42
|choice|move 2|move 3
|
|move|p2a: Lickitung|Wrap|p1a: Venusaur
|-damage|p1a: Venusaur|198\/363 par
|cant|p1a: Venusaur|partiallytrapped
|
|-end|p1a: Venusaur|Wrap|[partiallytrapped]
|turn|43
|choice|move 2|move 3
|
|move|p2a: Lickitung|Wrap|p1a: Venusaur
|-damage|p1a: Venusaur|183\/363 par
|-activate|p1a: Venusaur|move: Wrap|[of] p2a: Lickitung
|cant|p1a: Venusaur|partiallytrapped
|
|turn|44
|c|★Peasounay|nice music btw
|choice|move 2|move 3
|
|move|p2a: Lickitung|Wrap|p1a: Venusaur
|-damage|p1a: Venusaur|168\/363 par
|cant|p1a: Venusaur|partiallytrapped
|
|turn|45
|c|★I love pochama|ty :)
|c|★I love pochama|https:\/\/www.youtube.com\/watch?v=9ZehWVQp-no&index=5&list=PLYQ7eU95gpuFLANaYhShU6T43PRjJx_QD is what i'm listening to rn
|choice|move 2|move 3
|
|move|p2a: Lickitung|Wrap|p1a: Venusaur
|-damage|p1a: Venusaur|153\/363 par
|cant|p1a: Venusaur|partiallytrapped
|
|-end|p1a: Venusaur|Wrap|[partiallytrapped]
|turn|46
|choice|move 2|move 3
|
|move|p2a: Lickitung|Wrap|p1a: Venusaur
|-damage|p1a: Venusaur|140\/363 par
|-activate|p1a: Venusaur|move: Wrap|[of] p2a: Lickitung
|cant|p1a: Venusaur|par
|
|turn|47
|choice|move 2|move 3
|
|move|p2a: Lickitung|Wrap|p1a: Venusaur
|-damage|p1a: Venusaur|127\/363 par
|cant|p1a: Venusaur|partiallytrapped
|
|turn|48
|choice|move 2|move 3
|
|move|p2a: Lickitung|Wrap|p1a: Venusaur
|-damage|p1a: Venusaur|114\/363 par
|cant|p1a: Venusaur|partiallytrapped
|
|turn|49
|choice|move 3|move 3
|
|move|p2a: Lickitung|Wrap|p1a: Venusaur
|-damage|p1a: Venusaur|101\/363 par
|cant|p1a: Venusaur|partiallytrapped
|
|turn|50
|c|★I love pochama|lol
|c|★I love pochama|i need to actually hit this
|c|★I love pochama|to beat it with kingler
|c|★I love pochama|xD
|choice|move 2|move 3
|
|move|p2a: Lickitung|Wrap|p1a: Venusaur
|-damage|p1a: Venusaur|88\/363 par
|cant|p1a: Venusaur|partiallytrapped
|
|-end|p1a: Venusaur|Wrap|[partiallytrapped]
|turn|51
|choice|move 2|move 4
|
|move|p2a: Lickitung|Hyper Beam|p1a: Venusaur
|-damage|p1a: Venusaur|0 fnt
|faint|p1a: Venusaur
|c|★I love pochama|i'm in hb range on kingler
|c|★I love pochama|:[
|choice|switch 6|
|
|switch|p1a: Kingler|Kingler|101\/313
|turn|52
|choice|move 2|move 4
|
|move|p1a: Kingler|Crabhammer|p2a: Lickitung
|-crit|p2a: Lickitung
|-damage|p2a: Lickitung|190\/383
|move|p2a: Lickitung|Hyper Beam|p1a: Kingler
|-damage|p1a: Kingler|0 fnt
|faint|p1a: Kingler
|
|win|Peasounay
|c|★I love pochama|gives miss + high roll
|c|★I love pochama|rip
|c|★I love pochama|gg
|c|★Peasounay|gg