|J|Disaster Area
|J|CrapAtRBY
|player|p1|Disaster Area|32
|player|p2|CrapAtRBY|169
|gametype|singles
|gen|1
|tier|[Gen 1] OU
|seed|35001,37491,34055,15180
|rule|Sleep Clause Mod: Limit one foe put to sleep
|rule|Freeze Clause Mod: Limit one foe frozen
|rule|Species Clause: Limit one of each Pokémon
|rule|OHKO Clause: OHKO moves are banned
|rule|Evasion Moves Clause: Evasion moves are banned
|rule|HP Percentage Mod: HP is shown in percentages
|
|start
|switch|p1a: Jolteon|Jolteon|333\/333
|switch|p2a: Jynx|Jynx|333\/333
|turn|1
|choice|move 3|move 3
|
|move|p1a: Jolteon|Thunder Wave|p2a: Jynx
|-status|p2a: Jynx|par
|move|p2a: Jynx|Lovely Kiss|p1a: Jolteon
|-status|p1a: Jolteon|slp
|
|turn|2
|choice|switch 4|move 1
|
|switch|p1a: Starmie|Starmie|323\/323
|move|p2a: Jynx|Blizzard|p1a: Starmie
|-resisted|p1a: Starmie
|-damage|p1a: Starmie|256\/323
|
|turn|3
|choice|move 1|switch 3
|
|switch|p2a: Chansey|Chansey|703\/703
|move|p1a: Starmie|Psychic|p2a: Chansey
|-damage|p2a: Chansey|603\/703
|-unboost|p2a: Chansey|spd|1
|-unboost|p2a: Chansey|spa|1
|
|turn|4
|choice|switch 2|move 1
|
|switch|p1a: Alakazam|Alakazam|313\/313
|move|p2a: Chansey|Ice Beam|p1a: Alakazam
|-damage|p1a: Alakazam|272\/313
|
|turn|5
|choice|move 1|switch 2
|
|switch|p2a: Exeggutor|Exeggutor|393\/393
|move|p1a: Alakazam|Psychic|p2a: Exeggutor
|-resisted|p2a: Exeggutor
|-damage|p2a: Exeggutor|341\/393
|
|turn|6
|choice|move 2|move 2
|
|move|p1a: Alakazam|Seismic Toss|p2a: Exeggutor
|-damage|p2a: Exeggutor|241\/393
|move|p2a: Exeggutor|Stun Spore|p1a: Alakazam
|-status|p1a: Alakazam|par
|
|turn|7
|choice|switch 3|switch 6
|
|switch|p2a: Zapdos|Zapdos|383\/383
|switch|p1a: Exeggutor|Exeggutor|393\/393
|
|turn|8
|choice|move 2|move 2
|
|move|p2a: Zapdos|Drill Peck|p1a: Exeggutor
|-supereffective|p1a: Exeggutor
|-damage|p1a: Exeggutor|206\/393
|move|p1a: Exeggutor|Psychic|p2a: Zapdos
|-damage|p2a: Zapdos|276\/383
|-unboost|p2a: Zapdos|spd|1
|-unboost|p2a: Zapdos|spa|1
|
|turn|9
|choice|move 4|move 2
|
|move|p2a: Zapdos|Drill Peck|p1a: Exeggutor
|-supereffective|p1a: Exeggutor
|-damage|p1a: Exeggutor|2\/393
|move|p1a: Exeggutor|Explosion|p2a: Zapdos
|-damage|p2a: Zapdos|3\/383
|faint|p1a: Exeggutor
|choice|switch 5|
|
|switch|p1a: Koopacow|Tauros|353\/353
|turn|10
|choice|move 1|move 3
|
|move|p1a: Koopacow|Body Slam|p2a: Zapdos
|-damage|p2a: Zapdos|0 fnt
|faint|p2a: Zapdos
|choice||switch 5
|
|switch|p2a: Tauros|Tauros|353\/353
|turn|11
|choice|move 1|move 1
|
|move|p2a: Tauros|Body Slam|p1a: Koopacow
|-damage|p1a: Koopacow|241\/353
|move|p1a: Koopacow|Body Slam|p2a: Tauros
|-damage|p2a: Tauros|248\/353
|
|turn|12
|choice|move 2|move 1
|
|move|p2a: Tauros|Body Slam|p1a: Koopacow
|-damage|p1a: Koopacow|131\/353
|move|p1a: Koopacow|Blizzard|p2a: Tauros|[miss]
|-miss|p1a: Koopacow
|
|turn|13
|choice|switch 6|move 1
|
|switch|p1a: Snorlax|Snorlax|523\/523
|move|p2a: Tauros|Body Slam|p1a: Snorlax
|-damage|p1a: Snorlax|382\/523
|
|turn|14
|choice|move 3|switch 2
|
|switch|p2a: Chansey|Chansey|603\/703
|move|p1a: Snorlax|Counter|p2a: Chansey
|-damage|p2a: Chansey|321\/703
|
|turn|15
|choice|move 3|move 3
|
|move|p2a: Chansey|Thunder Wave|p1a: Snorlax
|-status|p1a: Snorlax|par
|move|p1a: Snorlax|Counter|p2a: Chansey
|-fail|p1a: Snorlax
|
|turn|16
|choice|switch 3|move 4
|
|switch|p1a: Alakazam|Alakazam|272\/313 par
|move|p2a: Chansey|Soft-Boiled|p2a: Chansey
|-heal|p2a: Chansey|672\/703
|
|turn|17
|choice|move 3|switch 2
|
|switch|p2a: Tauros|Tauros|248\/353
|move|p1a: Alakazam|Thunder Wave|p2a: Tauros
|-status|p2a: Tauros|par
|
|turn|18
|choice|switch 3|move 1
|
|switch|p1a: Snorlax|Snorlax|382\/523 par
|cant|p2a: Tauros|par
|
|turn|19
|choice|move 1|move 1
|
|move|p2a: Tauros|Body Slam|p1a: Snorlax
|-damage|p1a: Snorlax|258\/523 par
|move|p1a: Snorlax|Body Slam|p2a: Tauros
|-damage|p2a: Tauros|131\/353 par
|
|turn|20
|choice|move 3|move 2
|
|move|p2a: Tauros|Hyper Beam|p1a: Snorlax
|-crit|p1a: Snorlax
|-damage|p1a: Snorlax|0 fnt
|faint|p1a: Snorlax
|choice|switch 6|
|
|switch|p1a: Koopacow|Tauros|131\/353
|turn|21
|choice|move 3|move 2
|
|move|p1a: Koopacow|Hyper Beam|p2a: Tauros
|-crit|p2a: Tauros
|-damage|p2a: Tauros|0 fnt
|faint|p2a: Tauros
|choice||switch 6
|
|switch|p2a: Exeggutor|Exeggutor|241\/393
|turn|22
|choice|switch 2|move 3
|
|switch|p1a: Starmie|Starmie|256\/323
|move|p2a: Exeggutor|Psychic|p1a: Starmie
|-resisted|p1a: Starmie
|-damage|p1a: Starmie|194\/323
|
|turn|23
|choice|move 3|switch 2
|
|switch|p2a: Chansey|Chansey|672\/703
|move|p1a: Starmie|Recover|p1a: Starmie
|-heal|p1a: Starmie|323\/323
|
|turn|24
|choice|move 4|switch 2
|
|switch|p2a: Exeggutor|Exeggutor|241\/393
|move|p1a: Starmie|Thunder Wave|p2a: Exeggutor
|-status|p2a: Exeggutor|par
|
|turn|25
|choice|move 4|switch 2
|
|switch|p2a: Chansey|Chansey|672\/703
|move|p1a: Starmie|Thunder Wave|p2a: Chansey
|-status|p2a: Chansey|par
|
|turn|26
|choice|switch 3|move 3
|
|switch|p1a: Alakazam|Alakazam|272\/313 par
|move|p2a: Chansey|Thunder Wave|p1a: Alakazam
|-fail|p1a: Alakazam|par
|
|turn|27
|c|★Disaster Area|probalby should start
|c|★Disaster Area|paying attention
|c|★Disaster Area|:D
|c|★Disaster Area|(talking about me)
|c|★CrapAtRBY|lol
|choice|move 2|switch 3
|
|switch|p2a: Jynx|Jynx|333\/333 par
|move|p1a: Alakazam|Seismic Toss|p2a: Jynx
|-damage|p2a: Jynx|233\/333 par
|
|turn|28
|choice|move 2|move 1
|
|move|p1a: Alakazam|Seismic Toss|p2a: Jynx
|-damage|p2a: Jynx|133\/333 par
|move|p2a: Jynx|Blizzard|p1a: Alakazam
|-damage|p1a: Alakazam|165\/313 par
|
|turn|29
|choice|move 4|move 4
|
|cant|p1a: Alakazam|par
|move|p2a: Jynx|Counter|p1a: Alakazam
|-damage|p1a: Alakazam|0 fnt
|faint|p1a: Alakazam
|choice|switch 2|
|
|switch|p1a: Koopacow|Tauros|131\/353
|turn|30
|choice|move 1|move 1
|
|move|p1a: Koopacow|Body Slam|p2a: Jynx
|-crit|p2a: Jynx
|-damage|p2a: Jynx|0 fnt
|faint|p2a: Jynx
|choice||switch 4
|
|switch|p2a: Snorlax|Snorlax|523\/523
|turn|31
|choice|switch 3|move 2
|
|switch|p1a: Starmie|Starmie|323\/323
|move|p2a: Snorlax|Reflect|p2a: Snorlax
|-start|p2a: Snorlax|Reflect
|
|turn|32
|choice|move 4|move 3
|
|move|p1a: Starmie|Thunder Wave|p2a: Snorlax
|-status|p2a: Snorlax|par
|move|p2a: Snorlax|Amnesia|p2a: Snorlax
|-boost|p2a: Snorlax|spd|2
|-boost|p2a: Snorlax|spa|2
|
|turn|33
|choice|move 1|move 3
|
|move|p1a: Starmie|Psychic|p2a: Snorlax
|-damage|p2a: Snorlax|448\/523 par
|-unboost|p2a: Snorlax|spd|1
|-unboost|p2a: Snorlax|spa|1
|move|p2a: Snorlax|Amnesia|p2a: Snorlax
|-boost|p2a: Snorlax|spd|2
|-boost|p2a: Snorlax|spa|2
|
|turn|34
|choice|move 1|move 3
|
|move|p1a: Starmie|Psychic|p2a: Snorlax
|-crit|p2a: Snorlax
|-damage|p2a: Snorlax|199\/523 par
|-unboost|p2a: Snorlax|spd|1
|-unboost|p2a: Snorlax|spa|1
|move|p2a: Snorlax|Amnesia|p2a: Snorlax
|-boost|p2a: Snorlax|spd|2
|-boost|p2a: Snorlax|spa|2
|
|turn|35
|choice|move 2|move 4
|
|move|p1a: Starmie|Thunderbolt|p2a: Snorlax
|-crit|p2a: Snorlax
|-damage|p2a: Snorlax|13\/523 par
|move|p2a: Snorlax|Rest|p2a: Snorlax
|-status|p2a: Snorlax|slp
|-heal|p2a: Snorlax|523\/523 slp|[silent]
|-status|p2a: Snorlax|slp|[from] move: Rest
|
|turn|36
|choice|move 1|move 3
|
|move|p1a: Starmie|Psychic|p2a: Snorlax
|-damage|p2a: Snorlax|480\/523 slp
|-unboost|p2a: Snorlax|spd|1
|-unboost|p2a: Snorlax|spa|1
|cant|p2a: Snorlax|slp
|
|turn|37
|choice|move 1|move 3
|
|move|p1a: Starmie|Psychic|p2a: Snorlax
|-damage|p2a: Snorlax|428\/523 slp
|-unboost|p2a: Snorlax|spd|1
|-unboost|p2a: Snorlax|spa|1
|-curestatus|p2a: Snorlax|slp
|
|turn|38
|choice|move 4|move 3
|
|move|p1a: Starmie|Thunder Wave|p2a: Snorlax
|-status|p2a: Snorlax|par
|move|p2a: Snorlax|Amnesia|p2a: Snorlax
|-boost|p2a: Snorlax|spd|2
|-boost|p2a: Snorlax|spa|2
|
|turn|39
|choice|move 1|move 3
|
|move|p1a: Starmie|Psychic|p2a: Snorlax
|-crit|p2a: Snorlax
|-damage|p2a: Snorlax|175\/523 par
|move|p2a: Snorlax|Amnesia|p2a: Snorlax
|-boost|p2a: Snorlax|spd|2
|-boost|p2a: Snorlax|spa|2
|
|turn|40
|choice|move 1|move 1
|
|move|p1a: Starmie|Psychic|p2a: Snorlax
|-damage|p2a: Snorlax|142\/523 par
|-unboost|p2a: Snorlax|spd|1
|-unboost|p2a: Snorlax|spa|1
|move|p2a: Snorlax|Ice Beam|p1a: Starmie
|-resisted|p1a: Starmie
|-damage|p1a: Starmie|223\/323
|
|turn|41
|choice|move 1|move 4
|
|move|p1a: Starmie|Psychic|p2a: Snorlax
|-crit|p2a: Snorlax
|-damage|p2a: Snorlax|0 fnt
|faint|p2a: Snorlax
|choice||switch 3
|
|switch|p2a: Chansey|Chansey|672\/703 par
|turn|42
|choice|move 1|move 3
|
|move|p1a: Starmie|Psychic|p2a: Chansey
|-damage|p2a: Chansey|576\/703 par
|-unboost|p2a: Chansey|spd|1
|-unboost|p2a: Chansey|spa|1
|move|p2a: Chansey|Thunder Wave|p1a: Starmie
|-status|p1a: Starmie|par
|
|turn|43
|choice|move 3|switch 2
|
|switch|p2a: Exeggutor|Exeggutor|241\/393 par
|cant|p1a: Starmie|par
|
|turn|44
|choice|move 3|move 2
|
|move|p1a: Starmie|Recover|p1a: Starmie
|-heal|p1a: Starmie|323\/323 par
|move|p2a: Exeggutor|Stun Spore|p1a: Starmie
|-fail|p1a: Starmie|par
|
|turn|45
|choice|move 1|switch 2
|
|switch|p2a: Chansey|Chansey|576\/703 par
|move|p1a: Starmie|Psychic|p2a: Chansey
|-damage|p2a: Chansey|476\/703 par
|
|turn|46
|choice|switch 3|move 2
|
|switch|p1a: Koopacow|Tauros|131\/353
|cant|p2a: Chansey|par
|
|turn|47
|choice|move 4|move 3
|
|move|p1a: Koopacow|Earthquake|p2a: Chansey
|-damage|p2a: Chansey|278\/703 par
|move|p2a: Chansey|Thunder Wave|p1a: Koopacow
|-status|p1a: Koopacow|par
|
|turn|48
|choice|move 1|move 4
|
|move|p1a: Koopacow|Body Slam|p2a: Chansey
|-damage|p2a: Chansey|2\/703 par
|move|p2a: Chansey|Soft-Boiled|p2a: Chansey
|-heal|p2a: Chansey|353\/703 par
|
|turn|49
|choice|move 3|move 4
|
|move|p1a: Koopacow|Hyper Beam|p2a: Chansey
|-crit|p2a: Chansey
|-damage|p2a: Chansey|0 fnt
|faint|p2a: Chansey
|c|★Disaster Area|gg
|choice||switch 2
|
|switch|p2a: Exeggutor|Exeggutor|241\/393 par
|turn|50
|c|★CrapAtRBY|gg
|choice|switch 3|move 3
|
|switch|p1a: Starmie|Starmie|323\/323 par
|move|p2a: Exeggutor|Psychic|p1a: Starmie
|-resisted|p1a: Starmie
|-damage|p1a: Starmie|260\/323 par
|
|turn|51
|choice|move 1|move 3
|
|move|p1a: Starmie|Psychic|p2a: Exeggutor
|-resisted|p2a: Exeggutor
|-damage|p2a: Exeggutor|196\/393 par
|-unboost|p2a: Exeggutor|spd|1
|-unboost|p2a: Exeggutor|spa|1
|move|p2a: Exeggutor|Psychic|p1a: Starmie
|-resisted|p1a: Starmie
|-damage|p1a: Starmie|218\/323 par
|
|turn|52
|choice|move 3|move 3
|
|move|p1a: Starmie|Recover|p1a: Starmie
|-heal|p1a: Starmie|323\/323 par
|move|p2a: Exeggutor|Psychic|p1a: Starmie
|-resisted|p1a: Starmie
|-damage|p1a: Starmie|281\/323 par
|-unboost|p1a: Starmie|spd|1
|-unboost|p1a: Starmie|spa|1
|
|turn|53
|choice|switch 4|move 3
|
|switch|p1a: Jolteon|Jolteon|333\/333 slp
|move|p2a: Exeggutor|Psychic|p1a: Jolteon
|-damage|p1a: Jolteon|255\/333 slp
|
|turn|54
|choice|switch 4|move 3
|
|switch|p1a: Starmie|Starmie|281\/323 par
|move|p2a: Exeggutor|Psychic|p1a: Starmie
|-crit|p1a: Starmie
|-resisted|p1a: Starmie
|-damage|p1a: Starmie|157\/323 par
|
|turn|55
|choice|move 3|move 3
|
|move|p1a: Starmie|Recover|p1a: Starmie
|-heal|p1a: Starmie|318\/323 par
|move|p2a: Exeggutor|Psychic|p1a: Starmie
|-resisted|p1a: Starmie
|-damage|p1a: Starmie|278\/323 par
|
|turn|56
|choice|move 1|move 3
|
|move|p1a: Starmie|Psychic|p2a: Exeggutor
|-resisted|p2a: Exeggutor
|-damage|p2a: Exeggutor|125\/393 par
|move|p2a: Exeggutor|Psychic|p1a: Starmie
|-resisted|p1a: Starmie
|-damage|p1a: Starmie|237\/323 par
|
|turn|57
|choice|move 1|move 3
|
|move|p1a: Starmie|Psychic|p2a: Exeggutor
|-resisted|p2a: Exeggutor
|-damage|p2a: Exeggutor|56\/393 par
|-unboost|p2a: Exeggutor|spd|1
|-unboost|p2a: Exeggutor|spa|1
|move|p2a: Exeggutor|Psychic|p1a: Starmie
|-resisted|p1a: Starmie
|-damage|p1a: Starmie|207\/323 par
|-unboost|p1a: Starmie|spd|1
|-unboost|p1a: Starmie|spa|1
|
|turn|58
|choice|switch 4|move 3
|
|switch|p1a: Jolteon|Jolteon|255\/333 slp
|move|p2a: Exeggutor|Psychic|p1a: Jolteon
|-damage|p1a: Jolteon|198\/333 slp
|-unboost|p1a: Jolteon|spd|1
|-unboost|p1a: Jolteon|spa|1
|
|turn|59
|choice|switch 4|move 3
|
|switch|p1a: Starmie|Starmie|207\/323 par
|move|p2a: Exeggutor|Psychic|p1a: Starmie
|-resisted|p1a: Starmie
|-damage|p1a: Starmie|175\/323 par
|-unboost|p1a: Starmie|spd|1
|-unboost|p1a: Starmie|spa|1
|
|turn|60
|choice|move 3|move 3
|
|cant|p1a: Starmie|par
|move|p2a: Exeggutor|Psychic|p1a: Starmie
|-resisted|p1a: Starmie
|-damage|p1a: Starmie|131\/323 par
|
|turn|61
|choice|move 3|move 3
|
|move|p1a: Starmie|Recover|p1a: Starmie
|-heal|p1a: Starmie|292\/323 par
|move|p2a: Exeggutor|Psychic|p1a: Starmie
|-resisted|p1a: Starmie
|-damage|p1a: Starmie|248\/323 par
|
|turn|62
|choice|switch 4|move 3
|
|switch|p1a: Jolteon|Jolteon|198\/333 slp
|cant|p2a: Exeggutor|par
|
|turn|63
|choice|switch 4|move 3
|
|switch|p1a: Starmie|Starmie|248\/323 par
|move|p2a: Exeggutor|Psychic|p1a: Starmie
|-resisted|p1a: Starmie
|-damage|p1a: Starmie|219\/323 par
|-unboost|p1a: Starmie|spd|1
|-unboost|p1a: Starmie|spa|1
|
|turn|64
|choice|switch 4|move 3
|
|switch|p1a: Jolteon|Jolteon|198\/333 slp
|move|p2a: Exeggutor|Psychic|p1a: Jolteon
|-damage|p1a: Jolteon|139\/333 slp
|
|turn|65
|choice|move 1|move 3
|
|cant|p1a: Jolteon|slp
|move|p2a: Exeggutor|Psychic|p1a: Jolteon
|-crit|p1a: Jolteon
|-damage|p1a: Jolteon|0 fnt
|faint|p1a: Jolteon
|choice|switch 3|
|
|switch|p1a: Koopacow|Tauros|131\/353 par
|turn|66
|c|★Disaster Area|gg
|choice|move 1|move 4
|
|move|p1a: Koopacow|Body Slam|p2a: Exeggutor
|-damage|p2a: Exeggutor|0 fnt
|faint|p2a: Exeggutor
|
|win|Disaster Area
|c|★CrapAtRBY|gg
|L|CrapAtRBY
|player|p2