|J|Peasounay
|J|I love pochama
|player|p1|Peasounay|80
|player|p2|I love pochama|32
|gametype|singles
|gen|1
|tier|[Gen 1] UU
|seed|40552,40302,58584,36895
|rule|Sleep Clause Mod: Limit one foe put to sleep
|rule|Freeze Clause Mod: Limit one foe frozen
|rule|Species Clause: Limit one of each Pokémon
|rule|OHKO Clause: OHKO moves are banned
|rule|Evasion Moves Clause: Evasion moves are banned
|rule|HP Percentage Mod: HP is shown in percentages
|
|start
|switch|p1a: Mr. Mime|Mr. Mime|283\/283
|switch|p2a: Mr. Mime|Mr. Mime|283\/283
|turn|1
|choice|move 1|switch 3
|
|switch|p2a: Exeggcute|Exeggcute|323\/323
|move|p1a: Mr. Mime|Thunder Wave|p2a: Exeggcute
|-status|p2a: Exeggcute|par
|
|turn|2
|c|★I love pochama|that's what i meant to do
|c|★I love pochama|D:
|c|★Peasounay|why not lead with it ?
|choice|move 4|move 1
|
|move|p1a: Mr. Mime|Seismic Toss|p2a: Exeggcute
|-damage|p2a: Exeggcute|223\/323 par
|move|p2a: Exeggcute|Sleep Powder|p1a: Mr. Mime
|-status|p1a: Mr. Mime|slp
|
|turn|3
|choice|move 4|switch 4
|
|switch|p2a: Clefable|Clefable|393\/393
|cant|p1a: Mr. Mime|slp
|
|turn|4
|choice|switch 2|move 1
|
|switch|p1a: Vaporeon|Vaporeon|463\/463
|move|p2a: Clefable|Body Slam|p1a: Vaporeon
|-damage|p1a: Vaporeon|361\/463
|
|turn|5
|choice|move 2|switch 2
|
|switch|p2a: Porygon|Porygon|333\/333
|move|p1a: Vaporeon|Surf|p2a: Porygon
|-damage|p2a: Porygon|181\/333
|
|turn|6
|c|★I love pochama|that did a lot o.o
|c|★I love pochama|lol
|c|★Peasounay|well it's porygon lol
|choice|move 2|move 2
|
|move|p1a: Vaporeon|Surf|p2a: Porygon
|-crit|p2a: Porygon
|-damage|p2a: Porygon|0 fnt
|faint|p2a: Porygon
|c|★Peasounay|rip
|c|★I love pochama|x_x
|c|★I love pochama|i recover'd but i did have
|c|★I love pochama|twave available n_n
|choice||switch 3
|
|switch|p2a: Mr. Mime|Mr. Mime|283\/283
|turn|7
|choice|switch 2|move 2
|
|switch|p1a: Mr. Mime|Mr. Mime|283\/283 slp
|move|p2a: Mr. Mime|Thunderbolt|p1a: Mr. Mime
|-damage|p1a: Mr. Mime|203\/283 slp
|
|turn|8
|choice|switch 6|move 3
|
|switch|p1a: Electabuzz|Electabuzz|333\/333
|move|p2a: Mr. Mime|Seismic Toss|p1a: Electabuzz
|-damage|p1a: Electabuzz|233\/333
|
|turn|9
|c|★Peasounay|note to self: just run clefable
|choice|move 2|switch 5
|
|switch|p2a: Graveler|Graveler|313\/313
|move|p1a: Electabuzz|Thunder Wave|p2a: Graveler
|-immune|p2a: Graveler|[msg]
|
|turn|10
|choice|switch 3|move 4
|
|switch|p1a: Venusaur|Venusaur|363\/363
|move|p2a: Graveler|Body Slam|p1a: Venusaur
|-crit|p1a: Venusaur
|-damage|p1a: Venusaur|222\/363
|
|turn|11
|c|★I love pochama|DAMAGE
|c|★I love pochama|~~0~~
|choice|move 3|switch 4
|
|switch|p2a: Exeggcute|Exeggcute|223\/323 par
|move|p1a: Venusaur|Swords Dance|p1a: Venusaur
|-boost|p1a: Venusaur|atk|2
|
|turn|12
|choice|move 4|switch 2
|
|switch|p2a: Clefable|Clefable|393\/393
|move|p1a: Venusaur|Body Slam|p2a: Clefable
|-damage|p2a: Clefable|248\/393
|
|turn|13
|choice|move 1|switch 4
|
|switch|p2a: Graveler|Graveler|313\/313
|move|p1a: Venusaur|Sleep Powder|p2a: Graveler|[miss]
|-miss|p1a: Venusaur
|
|turn|14
|choice|move 2|switch 2
|
|switch|p2a: Exeggcute|Exeggcute|223\/323 par
|move|p1a: Venusaur|Razor Leaf|p2a: Exeggcute
|-crit|p2a: Exeggcute
|-resisted|p2a: Exeggcute
|-damage|p2a: Exeggcute|132\/323 par
|
|turn|15
|choice|move 4|move 3
|
|move|p1a: Venusaur|Body Slam|p2a: Exeggcute
|-damage|p2a: Exeggcute|0 fnt
|faint|p2a: Exeggcute
|choice||switch 5
|
|switch|p2a: Mr. Mime|Mr. Mime|283\/283
|turn|16
|choice|switch 6|move 1
|
|switch|p1a: Mr. Mime|Mr. Mime|203\/283 slp
|move|p2a: Mr. Mime|Psychic|p1a: Mr. Mime
|-resisted|p1a: Mr. Mime
|-damage|p1a: Mr. Mime|151\/283 slp
|
|turn|17
|choice|switch 3|move 3
|
|switch|p1a: Electabuzz|Electabuzz|233\/333
|move|p2a: Mr. Mime|Seismic Toss|p1a: Electabuzz
|-damage|p1a: Electabuzz|133\/333
|
|turn|18
|c|★I love pochama|btw do u like how
|c|★I love pochama|4\/6 of my mons
|c|★I love pochama|are pink?
|c|★I love pochama|:]
|c|★Peasounay|hahaha
|choice|switch 6|move 1
|
|switch|p1a: Venusaur|Venusaur|222\/363
|move|p2a: Mr. Mime|Psychic|p1a: Venusaur
|-supereffective|p1a: Venusaur
|-damage|p1a: Venusaur|0 fnt
|faint|p1a: Venusaur
|c|★Peasounay|i didn't notice
|c|★Peasounay|noooo
|c|★I love pochama|also predicted
|choice|switch 2|
|
|switch|p1a: Vaporeon|Vaporeon|361\/463
|turn|19
|choice|move 2|move 4
|
|move|p2a: Mr. Mime|Thunder Wave|p1a: Vaporeon
|-status|p1a: Vaporeon|par
|move|p1a: Vaporeon|Surf|p2a: Mr. Mime
|-damage|p2a: Mr. Mime|166\/283
|
|turn|20
|c|★Peasounay|vap is a sweeper or what
|c|★I love pochama|wall\/supporter\/rly fat thing
|choice|move 2|move 2
|
|move|p2a: Mr. Mime|Thunderbolt|p1a: Vaporeon
|-supereffective|p1a: Vaporeon
|-damage|p1a: Vaporeon|230\/463 par
|move|p1a: Vaporeon|Surf|p2a: Mr. Mime
|-damage|p2a: Mr. Mime|45\/283
|
|turn|21
|c|★I love pochama|tbh
|c|★I love pochama|lol
|choice|switch 4|move 1
|
|switch|p1a: Dugtrio|Dugtrio|273\/273
|move|p2a: Mr. Mime|Psychic|p1a: Dugtrio
|-crit|p1a: Dugtrio
|-damage|p1a: Dugtrio|2\/273
|
|turn|22
|c|★I love pochama|nice.
|c|★Peasounay|4\/6 means the last one isn't pink
|choice|move 1|switch 6
|
|switch|p2a: Vaporeon|Vaporeon|463\/463
|move|p1a: Dugtrio|Earthquake|p2a: Vaporeon
|-damage|p2a: Vaporeon|323\/463
|
|turn|23
|c|★I love pochama|not the most useful info tbh
|c|★Peasounay|i know
|c|★Peasounay|xd
|choice|switch 4|move 1
|
|switch|p1a: Vaporeon|Vaporeon|230\/463 par
|move|p2a: Vaporeon|Body Slam|p1a: Vaporeon
|-damage|p1a: Vaporeon|158\/463 par
|
|turn|24
|choice|move 2|move 1
|
|move|p2a: Vaporeon|Body Slam|p1a: Vaporeon
|-crit|p1a: Vaporeon
|-damage|p1a: Vaporeon|26\/463 par
|move|p1a: Vaporeon|Surf|p2a: Vaporeon
|-resisted|p2a: Vaporeon
|-damage|p2a: Vaporeon|272\/463
|
|turn|25
|choice|move 3|move 2
|
|move|p2a: Vaporeon|Surf|p1a: Vaporeon
|-crit|p1a: Vaporeon
|-resisted|p1a: Vaporeon
|-damage|p1a: Vaporeon|0 fnt
|faint|p1a: Vaporeon
|choice|switch 6|
|
|switch|p1a: Electabuzz|Electabuzz|133\/333
|turn|26
|choice|switch 4|switch 2
|
|switch|p1a: Dugtrio|Dugtrio|2\/273
|switch|p2a: Graveler|Graveler|313\/313
|
|turn|27
|choice|move 1|move 1
|
|move|p1a: Dugtrio|Earthquake|p2a: Graveler
|-supereffective|p2a: Graveler
|-damage|p2a: Graveler|121\/313
|move|p2a: Graveler|Earthquake|p1a: Dugtrio
|-damage|p1a: Dugtrio|0 fnt
|faint|p1a: Dugtrio
|choice|switch 4|
|
|switch|p1a: Electabuzz|Electabuzz|133\/333
|turn|28
|choice|move 3|move 1
|
|move|p1a: Electabuzz|Psychic|p2a: Graveler
|-damage|p2a: Graveler|27\/313
|move|p2a: Graveler|Earthquake|p1a: Electabuzz
|-supereffective|p1a: Electabuzz
|-damage|p1a: Electabuzz|0 fnt
|faint|p1a: Electabuzz
|c|★Peasounay|gg
|choice|switch 5|
|
|switch|p1a: Fearow|Fearow|333\/333
|turn|29
|c|★I love pochama|gg
|choice|move 2|move 3
|
|move|p1a: Fearow|Drill Peck|p2a: Graveler
|-crit|p2a: Graveler
|-resisted|p2a: Graveler
|-damage|p2a: Graveler|0 fnt
|faint|p2a: Graveler
|choice||switch 4
|
|switch|p2a: Clefable|Clefable|248\/393
|turn|30
|choice|move 3|move 2
|
|move|p1a: Fearow|Hyper Beam|p2a: Clefable
|-damage|p2a: Clefable|42\/393
|move|p2a: Clefable|Hyper Beam|p1a: Fearow
|-damage|p1a: Fearow|145\/333
|
|turn|31
|-mustrecharge|p1a: Fearow
|-mustrecharge|p2a: Clefable
|c|★I love pochama|damn
|-mustrecharge|p1a: Fearow
|c|★I love pochama|wish i blizzarded now
|c|★I love pochama|i have counter
|c|★I love pochama|as last
|c|★I love pochama|:O
|-mustrecharge|p2a: Clefable
|choice|move 1|move 1
|
|cant|p1a: Fearow|recharge
|cant|p2a: Clefable|recharge
|
|turn|32
|choice|move 2|move 1
|
|move|p1a: Fearow|Drill Peck|p2a: Clefable
|-damage|p2a: Clefable|0 fnt
|faint|p2a: Clefable
|choice||switch 6
|
|switch|p2a: Mr. Mime|Mr. Mime|45\/283
|turn|33
|choice|move 2|move 3
|
|move|p1a: Fearow|Drill Peck|p2a: Mr. Mime
|-crit|p2a: Mr. Mime
|-damage|p2a: Mr. Mime|0 fnt
|faint|p2a: Mr. Mime
|choice||switch 2
|
|switch|p2a: Vaporeon|Vaporeon|272\/463
|turn|34
|choice|move 3|move 2
|
|move|p1a: Fearow|Hyper Beam|p2a: Vaporeon
|-damage|p2a: Vaporeon|28\/463
|move|p2a: Vaporeon|Surf|p1a: Fearow
|-damage|p1a: Fearow|0 fnt
|faint|p1a: Fearow
|choice|switch 3|
|
|switch|p1a: Mr. Mime|Mr. Mime|151\/283 slp
|turn|35
|c|★Peasounay|gimme 2 minutes
|c|★Peasounay|i'll make a few adjustments
|choice|move 2|move 1
|
|-curestatus|p1a: Mr. Mime|slp
|move|p2a: Vaporeon|Body Slam|p1a: Mr. Mime
|-damage|p1a: Mr. Mime|88\/283
|
|turn|36
|c|★Peasounay|if that's the word
|c|★I love pochama|alr
|c|★I love pochama|lol
|c|★I love pochama|the wakenopara
|c|★I love pochama|rip
|c|★Peasounay|lmao
|c|★I love pochama|:[
|c|★I love pochama|gg
|c|★Peasounay|wp
|c|★I love pochama|+ i sacked
|c|★I love pochama|mime for no reason
|c|★I love pochama|cos forgot
|c|★I love pochama|how fast fearow is
|c|★I love pochama|D:
|choice|move 3|move 2
|
|move|p1a: Mr. Mime|Thunderbolt|p2a: Vaporeon
|-crit|p2a: Vaporeon
|-supereffective|p2a: Vaporeon
|-damage|p2a: Vaporeon|0 fnt
|faint|p2a: Vaporeon
|
|win|Peasounay
|L|Peasounay
|player|p1
|c|★I love pochama|bs+surf ko'd there rip