|J|Peasounay
|J|Lusch
|player|p1|Peasounay|80
|player|p2|Lusch|153
|gametype|singles
|gen|1
|tier|[Gen 1] UU
|seed|36446,4939,62309,14516
|rule|Sleep Clause Mod: Limit one foe put to sleep
|rule|Freeze Clause Mod: Limit one foe frozen
|rule|Species Clause: Limit one of each Pokémon
|rule|OHKO Clause: OHKO moves are banned
|rule|Evasion Moves Clause: Evasion moves are banned
|rule|HP Percentage Mod: HP is shown in percentages
|
|start
|switch|p1a: Exeggcute|Exeggcute|323\/323
|switch|p2a: Mr. Mime|Mr. Mime|283\/283
|turn|1
|c|★Peasounay|i have quite a few teams to try
|choice|move 1|move 2
|
|move|p2a: Mr. Mime|Seismic Toss|p1a: Exeggcute
|-damage|p1a: Exeggcute|223\/323
|move|p1a: Exeggcute|Sleep Powder|p2a: Mr. Mime
|-status|p2a: Mr. Mime|slp
|
|turn|2
|c|★Lusch|k
|choice|switch 2|move 2
|
|switch|p1a: Gastly|Gastly|263\/263
|cant|p2a: Mr. Mime|slp
|
|turn|3
|choice|move 3|switch 2
|
|switch|p2a: Tangela|Tangela|333\/333
|move|p1a: Gastly|Night Shade|p2a: Tangela
|-damage|p2a: Tangela|233\/333
|
|turn|4
|choice|switch 2|move 1
|
|switch|p1a: Exeggcute|Exeggcute|223\/323
|move|p2a: Tangela|Sleep Powder|p1a: Exeggcute
|-status|p1a: Exeggcute|slp
|
|turn|5
|choice|move 2|move 3
|
|move|p2a: Tangela|Growth|p2a: Tangela
|-boost|p2a: Tangela|spa|1
|-boost|p2a: Tangela|spd|1
|cant|p1a: Exeggcute|slp
|
|turn|6
|choice|switch 4|move 3
|
|switch|p1a: Vaporeon|Vaporeon|463\/463
|move|p2a: Tangela|Growth|p2a: Tangela
|-boost|p2a: Tangela|spa|1
|-boost|p2a: Tangela|spd|1
|
|turn|7
|choice|move 1|move 2
|
|move|p1a: Vaporeon|Blizzard|p2a: Tangela
|-supereffective|p2a: Tangela
|-damage|p2a: Tangela|128\/333
|move|p2a: Tangela|Stun Spore|p1a: Vaporeon
|-status|p1a: Vaporeon|par
|
|turn|8
|choice|move 1|move 4
|
|move|p2a: Tangela|Mega Drain|p1a: Vaporeon
|-supereffective|p1a: Vaporeon
|-damage|p1a: Vaporeon|284\/463 par
|-heal|p2a: Tangela|217\/333|[from] drain|[of] p1a: Vaporeon
|move|p1a: Vaporeon|Blizzard|p2a: Tangela
|-supereffective|p2a: Tangela
|-damage|p2a: Tangela|110\/333
|
|turn|9
|choice|move 1|move 4
|
|move|p2a: Tangela|Mega Drain|p1a: Vaporeon
|-crit|p1a: Vaporeon
|-supereffective|p1a: Vaporeon
|-damage|p1a: Vaporeon|115\/463 par
|-heal|p2a: Tangela|194\/333|[from] drain|[of] p1a: Vaporeon
|move|p1a: Vaporeon|Blizzard|p2a: Tangela
|-supereffective|p2a: Tangela
|-damage|p2a: Tangela|90\/333
|
|turn|10
|choice|move 1|move 4
|
|move|p2a: Tangela|Mega Drain|p1a: Vaporeon
|-crit|p1a: Vaporeon
|-supereffective|p1a: Vaporeon
|-damage|p1a: Vaporeon|0 fnt
|-heal|p2a: Tangela|147\/333|[from] drain|[of] p1a: Vaporeon
|faint|p1a: Vaporeon
|choice|switch 2|
|
|switch|p1a: Gastly|Gastly|263\/263
|turn|11
|J|I love pochama
|choice|move 3|move 2
|
|move|p1a: Gastly|Night Shade|p2a: Tangela
|-damage|p2a: Tangela|47\/333
|move|p2a: Tangela|Stun Spore|p1a: Gastly
|-status|p1a: Gastly|par
|
|turn|12
|choice|move 3|move 4
|
|move|p2a: Tangela|Mega Drain|p1a: Gastly
|-resisted|p1a: Gastly
|-damage|p1a: Gastly|219\/263 par
|-heal|p2a: Tangela|69\/333|[from] drain|[of] p1a: Gastly
|move|p1a: Gastly|Night Shade|p2a: Tangela
|-damage|p2a: Tangela|0 fnt
|faint|p2a: Tangela
|choice||switch 6
|
|switch|p2a: Electabuzz|Electabuzz|333\/333
|turn|13
|choice|switch 3|switch 3
|
|switch|p2a: Gastly|Gastly|263\/263
|switch|p1a: Clefable|Clefable|393\/393
|
|turn|14
|choice|switch 6|move 2
|
|switch|p1a: Mr. Mime|Mr. Mime|283\/283
|move|p2a: Gastly|Night Shade|p1a: Mr. Mime
|-damage|p1a: Mr. Mime|183\/283
|
|turn|15
|choice|move 1|switch 2
|
|switch|p2a: Mr. Mime|Mr. Mime|283\/283 slp
|move|p1a: Mr. Mime|Thunder Wave|p2a: Mr. Mime
|-fail|p2a: Mr. Mime
|
|turn|16
|choice|move 4|switch 5
|
|switch|p2a: Clefable|Clefable|393\/393
|move|p1a: Mr. Mime|Seismic Toss|p2a: Clefable
|-damage|p2a: Clefable|293\/393
|
|turn|17
|choice|switch 3|move 2
|
|switch|p1a: Gastly|Gastly|219\/263 par
|move|p2a: Clefable|Body Slam|p1a: Gastly
|-immune|p1a: Gastly|[msg]
|
|turn|18
|choice|move 3|move 1
|
|move|p2a: Clefable|Blizzard|p1a: Gastly
|-damage|p1a: Gastly|133\/263 par
|move|p1a: Gastly|Night Shade|p2a: Clefable
|-damage|p2a: Clefable|193\/393
|
|turn|19
|choice|move 1|switch 2
|
|switch|p2a: Gastly|Gastly|263\/263
|cant|p1a: Gastly|par
|
|turn|20
|c|★Peasounay|nooo
|c|★Peasounay|psychic
|choice|move 1|move 3
|
|move|p2a: Gastly|Psychic|p1a: Gastly
|-crit|p1a: Gastly
|-supereffective|p1a: Gastly
|-damage|p1a: Gastly|0 fnt
|faint|p1a: Gastly
|choice|switch 3|
|
|switch|p1a: Mr. Mime|Mr. Mime|183\/283
|turn|21
|choice|move 4|move 2
|
|move|p1a: Mr. Mime|Seismic Toss|p2a: Gastly
|-damage|p2a: Gastly|163\/263
|move|p2a: Gastly|Night Shade|p1a: Mr. Mime
|-damage|p1a: Mr. Mime|83\/283
|
|turn|22
|choice|move 4|switch 5
|
|switch|p2a: Mr. Mime|Mr. Mime|283\/283 slp
|move|p1a: Mr. Mime|Seismic Toss|p2a: Mr. Mime
|-damage|p2a: Mr. Mime|183\/283 slp
|
|turn|23
|choice|move 4|move 4
|
|move|p1a: Mr. Mime|Seismic Toss|p2a: Mr. Mime
|-damage|p2a: Mr. Mime|83\/283 slp
|-curestatus|p2a: Mr. Mime|slp
|
|turn|24
|choice|move 4|move 2
|
|move|p1a: Mr. Mime|Seismic Toss|p2a: Mr. Mime
|-damage|p2a: Mr. Mime|0 fnt
|faint|p2a: Mr. Mime
|choice||switch 3
|
|switch|p2a: Electabuzz|Electabuzz|333\/333
|turn|25
|choice|switch 6|move 2
|
|switch|p1a: Clefable|Clefable|393\/393
|move|p2a: Electabuzz|Seismic Toss|p1a: Clefable
|-damage|p1a: Clefable|293\/393
|
|turn|26
|choice|move 1|switch 5
|
|switch|p2a: Gastly|Gastly|163\/263
|move|p1a: Clefable|Blizzard|p2a: Gastly
|-damage|p2a: Gastly|80\/263
|
|turn|27
|choice|switch 4|move 2
|
|switch|p1a: Exeggcute|Exeggcute|223\/323 slp
|move|p2a: Gastly|Night Shade|p1a: Exeggcute
|-damage|p1a: Exeggcute|123\/323 slp
|
|turn|28
|choice|move 2|move 2
|
|move|p2a: Gastly|Night Shade|p1a: Exeggcute
|-damage|p1a: Exeggcute|23\/323 slp
|-curestatus|p1a: Exeggcute|slp
|
|turn|29
|choice|move 2|move 2
|
|move|p2a: Gastly|Night Shade|p1a: Exeggcute
|-damage|p1a: Exeggcute|0 fnt
|faint|p1a: Exeggcute
|choice|switch 6|
|
|switch|p1a: Mr. Mime|Mr. Mime|83\/283
|turn|30
|choice|move 4|move 1
|
|move|p1a: Mr. Mime|Seismic Toss|p2a: Gastly
|-damage|p2a: Gastly|0 fnt
|faint|p2a: Gastly
|choice||switch 5
|
|switch|p2a: Electabuzz|Electabuzz|333\/333
|turn|31
|choice|move 1|move 3
|
|move|p2a: Electabuzz|Thunderbolt|p1a: Mr. Mime
|-crit|p1a: Mr. Mime
|-damage|p1a: Mr. Mime|0 fnt
|faint|p1a: Mr. Mime
|choice|switch 5|
|
|switch|p1a: Electabuzz|Electabuzz|333\/333
|turn|32
|choice|move 4|move 4
|
|move|p1a: Electabuzz|Seismic Toss|p2a: Electabuzz
|-damage|p2a: Electabuzz|233\/333
|move|p2a: Electabuzz|Thunder Wave|p1a: Electabuzz
|-status|p1a: Electabuzz|par
|
|turn|33
|choice|move 4|move 2
|
|move|p2a: Electabuzz|Seismic Toss|p1a: Electabuzz
|-damage|p1a: Electabuzz|233\/333 par
|cant|p1a: Electabuzz|par
|
|turn|34
|choice|move 4|move 2
|
|move|p2a: Electabuzz|Seismic Toss|p1a: Electabuzz
|-damage|p1a: Electabuzz|133\/333 par
|move|p1a: Electabuzz|Seismic Toss|p2a: Electabuzz
|-damage|p2a: Electabuzz|133\/333
|
|turn|35
|choice|move 4|move 2
|
|move|p2a: Electabuzz|Seismic Toss|p1a: Electabuzz
|-damage|p1a: Electabuzz|33\/333 par
|cant|p1a: Electabuzz|par
|
|turn|36
|choice|move 4|move 2
|
|move|p2a: Electabuzz|Seismic Toss|p1a: Electabuzz
|-damage|p1a: Electabuzz|0 fnt
|faint|p1a: Electabuzz
|choice|switch 4|
|
|switch|p1a: Clefable|Clefable|293\/393
|turn|37
|choice|move 4|move 3
|
|move|p2a: Electabuzz|Thunderbolt|p1a: Clefable
|-damage|p1a: Clefable|179\/393
|move|p1a: Clefable|Body Slam|p2a: Electabuzz
|-crit|p2a: Electabuzz
|-damage|p2a: Electabuzz|0 fnt
|faint|p2a: Electabuzz
|choice||switch 2
|
|switch|p2a: Clefable|Clefable|193\/393
|turn|38
|choice|move 1|move 2
|
|move|p1a: Clefable|Blizzard|p2a: Clefable
|-crit|p2a: Clefable
|-damage|p2a: Clefable|16\/393
|move|p2a: Clefable|Body Slam|p1a: Clefable
|-damage|p1a: Clefable|86\/393
|
|turn|39
|choice|move 4|move 2
|
|move|p2a: Clefable|Body Slam|p1a: Clefable
|-damage|p1a: Clefable|0 fnt
|faint|p1a: Clefable
|
|win|Lusch
|c|★Peasounay|gg
|c|★Lusch|gg
|L|Peasounay
|player|p1
|L|Lusch
|player|p2