|J|marcoasd
|J|I love pochama
|player|p1|marcoasd|265
|player|p2|I love pochama|32
|gametype|singles
|gen|1
|tier|[Gen 1] RU
|seed|60053,43232,4297,23252
|rule|Sleep Clause Mod: Limit one foe put to sleep
|rule|Freeze Clause Mod: Limit one foe frozen
|rule|Species Clause: Limit one of each Pokémon
|rule|OHKO Clause: OHKO moves are banned
|rule|Evasion Moves Clause: Evasion moves are banned
|rule|HP Percentage Mod: HP is shown in percentages
|
|start
|switch|p1a: Mr. Mime|Mr. Mime|283\/283
|switch|p2a: Parasect|Parasect|323\/323
|turn|1
|c|★marcoasd|that shit
|choice|move 2|move 1
|
|move|p1a: Mr. Mime|Psychic|p2a: Parasect
|-damage|p2a: Parasect|201\/323
|move|p2a: Parasect|Spore|p1a: Mr. Mime
|-status|p1a: Mr. Mime|slp
|
|turn|2
|choice|move 2|move 2
|
|cant|p1a: Mr. Mime|slp
|move|p2a: Parasect|Stun Spore|p1a: Mr. Mime
|-fail|p1a: Mr. Mime
|
|turn|3
|choice|switch 4|move 3
|
|switch|p1a: Vaporeon|Vaporeon|463\/463
|move|p2a: Parasect|Leech Life|p1a: Vaporeon
|-damage|p1a: Vaporeon|432\/463
|-heal|p2a: Parasect|216\/323|[from] drain|[of] p1a: Vaporeon
|
|turn|4
|choice|move 2|switch 2
|
|switch|p2a: Vaporeon|Vaporeon|463\/463
|move|p1a: Vaporeon|Body Slam|p2a: Vaporeon
|-damage|p2a: Vaporeon|387\/463
|
|turn|5
|J|Peasounay
|choice|move 2|move 1
|
|move|p2a: Vaporeon|Blizzard|p1a: Vaporeon
|-resisted|p1a: Vaporeon
|-damage|p1a: Vaporeon|385\/463
|move|p1a: Vaporeon|Body Slam|p2a: Vaporeon
|-damage|p2a: Vaporeon|313\/463
|-status|p2a: Vaporeon|par
|
|turn|6
|choice|move 2|move 1
|
|move|p1a: Vaporeon|Body Slam|p2a: Vaporeon
|-damage|p2a: Vaporeon|239\/463 par
|cant|p2a: Vaporeon|par
|
|turn|7
|choice|move 2|move 4
|
|move|p1a: Vaporeon|Body Slam|p2a: Vaporeon
|-damage|p2a: Vaporeon|164\/463 par
|move|p2a: Vaporeon|Acid Armor|p2a: Vaporeon
|-boost|p2a: Vaporeon|def|2
|
|turn|8
|choice|switch 3|move 1
|
|switch|p1a: Venusaur|Venusaur|363\/363
|move|p2a: Vaporeon|Blizzard|p1a: Venusaur
|-supereffective|p1a: Venusaur
|-damage|p1a: Venusaur|167\/363
|
|turn|9
|choice|move 2|switch 4
|
|switch|p2a: Mr. Mime|Mr. Mime|283\/283
|move|p1a: Venusaur|Razor Leaf|p2a: Mr. Mime
|-crit|p2a: Mr. Mime
|-damage|p2a: Mr. Mime|150\/283
|
|turn|10
|choice|switch 4|move 1
|
|switch|p1a: Mr. Mime|Mr. Mime|283\/283 slp
|move|p2a: Mr. Mime|Psychic|p1a: Mr. Mime
|-resisted|p1a: Mr. Mime
|-damage|p1a: Mr. Mime|234\/283 slp
|-unboost|p1a: Mr. Mime|spd|1
|-unboost|p1a: Mr. Mime|spa|1
|
|turn|11
|J|Enigami
|choice|move 2|move 1
|
|cant|p1a: Mr. Mime|slp
|move|p2a: Mr. Mime|Psychic|p1a: Mr. Mime
|-resisted|p1a: Mr. Mime
|-damage|p1a: Mr. Mime|153\/283 slp
|
|turn|12
|choice|move 2|move 3
|
|-curestatus|p1a: Mr. Mime|slp
|move|p2a: Mr. Mime|Seismic Toss|p1a: Mr. Mime
|-damage|p1a: Mr. Mime|53\/283
|
|turn|13
|choice|move 1|switch 4
|
|switch|p2a: Vaporeon|Vaporeon|164\/463 par
|move|p1a: Mr. Mime|Thunder Wave|p2a: Vaporeon
|-fail|p2a: Vaporeon|par
|
|turn|14
|choice|move 3|move 1
|
|move|p1a: Mr. Mime|Thunderbolt|p2a: Vaporeon
|-supereffective|p2a: Vaporeon
|-damage|p2a: Vaporeon|63\/463 par
|move|p2a: Vaporeon|Blizzard|p1a: Mr. Mime|[miss]
|-miss|p2a: Vaporeon
|
|turn|15
|c|★I love pochama|cmon
|c|★I love pochama|asd
|c|★marcoasd|asdone
|choice|move 4|switch 2
|
|switch|p2a: Parasect|Parasect|216\/323
|move|p1a: Mr. Mime|Seismic Toss|p2a: Parasect
|-damage|p2a: Parasect|116\/323
|
|turn|16
|choice|switch 6|move 3
|
|switch|p1a: Electabuzz|Electabuzz|333\/333
|move|p2a: Parasect|Leech Life|p1a: Electabuzz
|-damage|p1a: Electabuzz|300\/333
|-heal|p2a: Parasect|132\/323|[from] drain|[of] p1a: Electabuzz
|
|turn|17
|choice|move 3|move 1
|
|move|p1a: Electabuzz|Psychic|p2a: Parasect
|-damage|p2a: Parasect|55\/323
|move|p2a: Parasect|Spore|p1a: Electabuzz
|-status|p1a: Electabuzz|slp
|
|turn|18
|choice|move 3|move 2
|
|cant|p1a: Electabuzz|slp
|move|p2a: Parasect|Stun Spore|p1a: Electabuzz
|-fail|p1a: Electabuzz
|
|turn|19
|choice|move 3|move 4
|
|cant|p1a: Electabuzz|slp
|move|p2a: Parasect|Mega Drain|p1a: Electabuzz
|-damage|p1a: Electabuzz|256\/333 slp
|-heal|p2a: Parasect|77\/323|[from] drain|[of] p1a: Electabuzz
|
|turn|20
|choice|switch 2|move 3
|
|switch|p1a: Clefable|Clefable|393\/393
|move|p2a: Parasect|Leech Life|p1a: Clefable
|-damage|p1a: Clefable|364\/393
|-heal|p2a: Parasect|91\/323|[from] drain|[of] p1a: Clefable
|
|turn|21
|choice|move 2|switch 2
|
|switch|p2a: Vaporeon|Vaporeon|63\/463 par
|move|p1a: Clefable|Blizzard|p2a: Vaporeon
|-resisted|p2a: Vaporeon
|-damage|p2a: Vaporeon|21\/463 par
|
|turn|22
|choice|move 3|move 1
|
|move|p1a: Clefable|Thunderbolt|p2a: Vaporeon
|-supereffective|p2a: Vaporeon
|-damage|p2a: Vaporeon|0 fnt
|faint|p2a: Vaporeon
|choice||switch 3
|
|switch|p2a: Clefable|Clefable|393\/393
|turn|23
|choice|move 1|move 4
|
|move|p1a: Clefable|Thunder Wave|p2a: Clefable
|-status|p2a: Clefable|par
|cant|p2a: Clefable|par
|
|turn|24
|c|★I love pochama|asd
|c|★marcoasd|lol
|choice|move 2|move 4
|
|move|p1a: Clefable|Blizzard|p2a: Clefable|[miss]
|-miss|p1a: Clefable
|move|p2a: Clefable|Thunder Wave|p1a: Clefable
|-status|p1a: Clefable|par
|
|turn|25
|c|★I love pochama|RBY
|c|★I love pochama|fucking
|c|★I love pochama|love RBY
|c|★I love pochama|<3
|choice|move 2|move 1
|
|move|p1a: Clefable|Blizzard|p2a: Clefable
|-damage|p2a: Clefable|298\/393 par
|cant|p2a: Clefable|par
|
|turn|26
|c|★marcoasd|well every tier has accuracy
|choice|move 2|move 1
|
|move|p1a: Clefable|Blizzard|p2a: Clefable
|-damage|p2a: Clefable|205\/393 par
|move|p2a: Clefable|Body Slam|p1a: Clefable
|-crit|p1a: Clefable
|-damage|p1a: Clefable|172\/393 par
|
|turn|27
|c|★I love pochama|I know
|c|★I love pochama|I wasn't being
|c|★I love pochama|sardonic or anything
|c|★I love pochama|:p
|c|★I love pochama|much as I realised
|c|★I love pochama|it looked that way
|choice|move 4|move 2
|
|move|p2a: Clefable|Blizzard|p1a: Clefable|[miss]
|-miss|p2a: Clefable
|move|p1a: Clefable|Hyper Beam|p2a: Clefable
|-damage|p2a: Clefable|33\/393 par
|
|turn|28
|-mustrecharge|p1a: Clefable
|-mustrecharge|p1a: Clefable
|choice|move 1|move 1
|
|cant|p2a: Clefable|par
|cant|p1a: Clefable|recharge
|
|turn|29
|c|★I love pochama|rofl
|choice|move 3|move 1
|
|move|p2a: Clefable|Body Slam|p1a: Clefable
|-damage|p1a: Clefable|72\/393 par
|cant|p1a: Clefable|par
|
|turn|30
|choice|move 3|move 1
|
|move|p1a: Clefable|Thunderbolt|p2a: Clefable
|-damage|p2a: Clefable|0 fnt
|faint|p2a: Clefable
|c| Peasounay|that was a unnecessary complicated ditto
|choice||switch 2
|
|switch|p2a: Parasect|Parasect|91\/323
|turn|31
|c|★marcoasd|the almighty
|choice|move 2|move 4
|
|move|p2a: Parasect|Mega Drain|p1a: Clefable
|-damage|p1a: Clefable|24\/393 par
|-heal|p2a: Parasect|115\/323|[from] drain|[of] p1a: Clefable
|move|p1a: Clefable|Blizzard|p2a: Parasect|[miss]
|-miss|p1a: Clefable
|
|turn|32
|c|★I love pochama|asd I got it!!
|choice|move 2|move 4
|
|move|p2a: Parasect|Mega Drain|p1a: Clefable
|-damage|p1a: Clefable|0 fnt
|-heal|p2a: Parasect|127\/323|[from] drain|[of] p1a: Clefable
|faint|p1a: Clefable
|c|★marcoasd|it's still pathetic XD
|c|★I love pochama|ikr
|c|★I love pochama|rofl
|choice|switch 3|
|
|switch|p1a: Vaporeon|Vaporeon|385\/463
|turn|33
|c| Peasounay|parasect is funny af
|c|★I love pochama|i think i'm not running a best possible set on it or anything though
|c|★marcoasd|it sucks
|choice|move 3|switch 4
|
|switch|p2a: Mr. Mime|Mr. Mime|150\/283
|move|p1a: Vaporeon|Blizzard|p2a: Mr. Mime
|-damage|p2a: Mr. Mime|56\/283
|
|turn|34
|c|★marcoasd|no ch on slash no party
|choice|move 2|move 4
|
|move|p2a: Mr. Mime|Thunder Wave|p1a: Vaporeon
|-status|p1a: Vaporeon|par
|move|p1a: Vaporeon|Body Slam|p2a: Mr. Mime
|-damage|p2a: Mr. Mime|0 fnt
|faint|p2a: Mr. Mime
|choice||switch 5
|
|switch|p2a: Graveler|Graveler|313\/313
|turn|35
|choice|switch 2|move 2
|
|switch|p1a: Electabuzz|Electabuzz|256\/333 slp
|move|p2a: Graveler|Earthquake|p1a: Electabuzz
|-supereffective|p1a: Electabuzz
|-damage|p1a: Electabuzz|0 fnt
|faint|p1a: Electabuzz
|c|★I love pochama|nice try asd
|choice|switch 4|
|
|switch|p1a: Venusaur|Venusaur|167\/363
|turn|36
|c| Peasounay|i thought of sub golem for a moment
|c|★marcoasd|no reason not to sac
|c| Peasounay|graveler*
|choice|move 1|switch 4
|
|switch|p2a: Parasect|Parasect|127\/323
|move|p1a: Venusaur|Sleep Powder|p2a: Parasect
|-status|p2a: Parasect|slp
|
|turn|37
|choice|move 2|switch 6
|
|switch|p2a: Wigglytuff|Wigglytuff|483\/483
|move|p1a: Venusaur|Razor Leaf|p2a: Wigglytuff
|-crit|p2a: Wigglytuff
|-damage|p2a: Wigglytuff|277\/483
|
|turn|38
|choice|switch 2|move 1
|
|switch|p1a: Vaporeon|Vaporeon|385\/463 par
|move|p2a: Wigglytuff|Thunder Wave|p1a: Vaporeon
|-fail|p1a: Vaporeon|par
|
|turn|39
|choice|move 1|switch 6
|
|switch|p2a: Parasect|Parasect|127\/323 slp
|cant|p1a: Vaporeon|par
|
|turn|40
|choice|move 3|switch 6
|
|switch|p2a: Wigglytuff|Wigglytuff|277\/483
|cant|p1a: Vaporeon|par
|
|turn|41
|choice|move 1|switch 6
|
|switch|p2a: Parasect|Parasect|127\/323 slp
|move|p1a: Vaporeon|Hydro Pump|p2a: Parasect
|-resisted|p2a: Parasect
|-damage|p2a: Parasect|46\/323 slp
|
|turn|42
|choice|move 3|move 4
|
|-curestatus|p2a: Parasect|slp
|move|p1a: Vaporeon|Blizzard|p2a: Parasect
|-supereffective|p2a: Parasect
|-damage|p2a: Parasect|0 fnt
|faint|p2a: Parasect
|choice||switch 4
|
|switch|p2a: Graveler|Graveler|313\/313
|turn|43
|choice|switch 6|switch 6
|
|switch|p2a: Wigglytuff|Wigglytuff|277\/483
|switch|p1a: Mr. Mime|Mr. Mime|53\/283
|
|turn|44
|choice|move 2|move 2
|
|move|p1a: Mr. Mime|Psychic|p2a: Wigglytuff
|-damage|p2a: Wigglytuff|112\/483
|move|p2a: Wigglytuff|Body Slam|p1a: Mr. Mime
|-damage|p1a: Mr. Mime|0 fnt
|faint|p1a: Mr. Mime
|choice|switch 5|
|
|switch|p1a: Sandslash|Sandslash|353\/353
|turn|45
|c|★I love pochama|i lost this owel
|c| Enigami|Venu sweeps now
|choice|move 1|move 4
|
|move|p1a: Sandslash|Earthquake|p2a: Wigglytuff
|-damage|p2a: Wigglytuff|0 fnt
|faint|p2a: Wigglytuff
|c|★marcoasd|gg
|choice||switch 6
|
|switch|p2a: Graveler|Graveler|313\/313
|turn|46
|choice|move 4|move 1
|
|move|p1a: Sandslash|Swords Dance|p1a: Sandslash
|-boost|p1a: Sandslash|atk|2
|move|p2a: Graveler|Body Slam|p1a: Sandslash
|-damage|p1a: Sandslash|294\/353
|
|turn|47
|choice|move 1|move 1
|
|move|p1a: Sandslash|Earthquake|p2a: Graveler
|-crit|p2a: Graveler
|-supereffective|p2a: Graveler
|-damage|p2a: Graveler|0 fnt
|faint|p2a: Graveler
|
|win|marcoasd
|L|Enigami