|J|Enigami
|J|CrapAtRBY
|player|p1|Enigami|101
|player|p2|CrapAtRBY|266
|gametype|singles
|gen|1
|tier|[Gen 1] OU
|seed|41654,62521,45889,3870
|rule|Sleep Clause Mod: Limit one foe put to sleep
|rule|Freeze Clause Mod: Limit one foe frozen
|rule|Species Clause: Limit one of each Pokémon
|rule|OHKO Clause: OHKO moves are banned
|rule|Evasion Moves Clause: Evasion moves are banned
|rule|HP Percentage Mod: HP is shown in percentages
|
|start
|switch|p1a: Jynx|Jynx|333\/333
|switch|p2a: Jynx|Jynx|333\/333
|turn|1
|J|Disaster Area
|choice|move 1|move 3
|
|move|p2a: Jynx|Lovely Kiss|p1a: Jynx
|-status|p1a: Jynx|slp
|cant|p1a: Jynx|slp
|
|turn|2
|choice|switch 6|move 2
|
|switch|p1a: Lapras|Lapras|463\/463
|move|p2a: Jynx|Psychic|p1a: Lapras
|-damage|p1a: Lapras|358\/463
|
|turn|3
|choice|move 3|move 2
|
|move|p2a: Jynx|Psychic|p1a: Lapras
|-damage|p1a: Lapras|253\/463
|-unboost|p1a: Lapras|spd|1
|-unboost|p1a: Lapras|spa|1
|move|p1a: Lapras|Body Slam|p2a: Jynx
|-damage|p2a: Jynx|231\/333
|-status|p2a: Jynx|par
|
|turn|4
|choice|move 4|move 2
|
|move|p1a: Lapras|Confuse Ray|p2a: Jynx
|-start|p2a: Jynx|confusion
|cant|p2a: Jynx|par
|
|turn|5
|choice|switch 5|move 2
|
|switch|p1a: Snorlax|Snorlax|523\/523
|cant|p2a: Jynx|par
|
|turn|6
|choice|move 2|move 4
|
|move|p1a: Snorlax|Earthquake|p2a: Jynx
|-damage|p2a: Jynx|75\/333 par
|-activate|p2a: Jynx|confusion
|-damage|p2a: Jynx|34\/333 par|[from] confusion
|
|turn|7
|choice|move 1|switch 2
|
|switch|p2a: Exeggutor|Exeggutor|393\/393
|move|p1a: Snorlax|Body Slam|p2a: Exeggutor
|-crit|p2a: Exeggutor
|-damage|p2a: Exeggutor|152\/393
|
|turn|8
|choice|switch 6|move 3
|
|switch|p1a: Jynx|Jynx|333\/333 slp
|move|p2a: Exeggutor|Psychic|p1a: Jynx
|-resisted|p1a: Jynx
|-damage|p1a: Jynx|270\/333 slp
|
|turn|9
|choice|move 1|switch 5
|
|switch|p2a: Tauros|Tauros|353\/353
|-curestatus|p1a: Jynx|slp
|
|turn|10
|choice|move 1|switch 2
|
|switch|p2a: Jynx|Jynx|34\/333 par
|move|p1a: Jynx|Lovely Kiss|p2a: Jynx
|-fail|p2a: Jynx
|
|turn|11
|choice|move 3|move 3
|
|move|p1a: Jynx|Psychic|p2a: Jynx
|-crit|p2a: Jynx
|-resisted|p2a: Jynx
|-damage|p2a: Jynx|0 fnt
|faint|p2a: Jynx
|choice||switch 4
|
|switch|p2a: Snorlax|Snorlax|523\/523
|turn|12
|choice|move 1|switch 5
|
|switch|p2a: Exeggutor|Exeggutor|152\/393
|move|p1a: Jynx|Lovely Kiss|p2a: Exeggutor
|-status|p2a: Exeggutor|slp
|
|turn|13
|choice|move 2|switch 3
|
|switch|p2a: Chansey|Chansey|703\/703
|move|p1a: Jynx|Blizzard|p2a: Chansey
|-damage|p2a: Chansey|578\/703
|
|turn|14
|choice|move 2|move 3
|
|move|p1a: Jynx|Blizzard|p2a: Chansey
|-crit|p2a: Chansey
|-damage|p2a: Chansey|336\/703
|move|p2a: Chansey|Thunder Wave|p1a: Jynx
|-status|p1a: Jynx|par
|
|turn|15
|choice|move 2|move 4
|
|move|p2a: Chansey|Soft-Boiled|p2a: Chansey
|-heal|p2a: Chansey|687\/703
|move|p1a: Jynx|Blizzard|p2a: Chansey
|-damage|p2a: Chansey|547\/703
|
|turn|16
|choice|move 2|move 2
|
|move|p2a: Chansey|Thunderbolt|p1a: Jynx
|-damage|p1a: Jynx|184\/333 par
|move|p1a: Jynx|Blizzard|p2a: Chansey
|-crit|p2a: Chansey
|-damage|p2a: Chansey|268\/703
|-status|p2a: Chansey|frz
|
|turn|17
|choice|move 3|move 2
|
|cant|p2a: Chansey|frz
|move|p1a: Jynx|Psychic|p2a: Chansey
|-damage|p2a: Chansey|162\/703 frz
|
|turn|18
|choice|switch 4|move 2
|
|switch|p1a: Exeggutor|Exeggutor|393\/393
|cant|p2a: Chansey|frz
|
|turn|19
|choice|move 3|move 1
|
|move|p1a: Exeggutor|Psychic|p2a: Chansey
|-damage|p2a: Chansey|32\/703 frz
|cant|p2a: Chansey|frz
|
|turn|20
|choice|move 3|move 1
|
|move|p1a: Exeggutor|Psychic|p2a: Chansey
|-damage|p2a: Chansey|0 fnt
|faint|p2a: Chansey
|choice||switch 5
|
|switch|p2a: Snorlax|Snorlax|523\/523
|turn|21
|choice|move 3|move 3
|
|move|p1a: Exeggutor|Psychic|p2a: Snorlax
|-damage|p2a: Snorlax|370\/523
|-unboost|p2a: Snorlax|spd|1
|-unboost|p2a: Snorlax|spa|1
|move|p2a: Snorlax|Amnesia|p2a: Snorlax
|-boost|p2a: Snorlax|spd|2
|-boost|p2a: Snorlax|spa|2
|
|turn|22
|choice|move 4|move 3
|
|move|p1a: Exeggutor|Explosion|p2a: Snorlax
|-damage|p2a: Snorlax|54\/523
|faint|p1a: Exeggutor
|choice|switch 5|
|
|switch|p1a: Lapras|Lapras|253\/463
|turn|23
|choice|move 3|move 4
|
|move|p1a: Lapras|Body Slam|p2a: Snorlax
|-damage|p2a: Snorlax|0 fnt
|faint|p2a: Snorlax
|choice||switch 6
|
|switch|p2a: Zapdos|Zapdos|383\/383
|turn|24
|choice|switch 4|move 3
|
|switch|p1a: Jynx|Jynx|184\/333 par
|move|p2a: Zapdos|Thunder Wave|p1a: Jynx
|-fail|p1a: Jynx|par
|
|turn|25
|choice|move 2|move 2
|
|move|p2a: Zapdos|Drill Peck|p1a: Jynx
|-damage|p1a: Jynx|42\/333 par
|move|p1a: Jynx|Blizzard|p2a: Zapdos
|-supereffective|p2a: Zapdos
|-damage|p2a: Zapdos|161\/383
|
|turn|26
|choice|move 2|move 2
|
|move|p2a: Zapdos|Drill Peck|p1a: Jynx
|-damage|p1a: Jynx|0 fnt
|faint|p1a: Jynx
|choice|switch 3|
|
|switch|p1a: Chansey|Chansey|703\/703
|turn|27
|choice|move 3|move 3
|
|move|p2a: Zapdos|Thunder Wave|p1a: Chansey
|-status|p1a: Chansey|par
|move|p1a: Chansey|Thunder Wave|p2a: Zapdos
|-status|p2a: Zapdos|par
|
|turn|28
|choice|move 1|move 4
|
|move|p2a: Zapdos|Agility|p2a: Zapdos
|-boost|p2a: Zapdos|spe|2
|cant|p1a: Chansey|par
|
|turn|29
|choice|move 1|move 2
|
|move|p2a: Zapdos|Drill Peck|p1a: Chansey
|-damage|p1a: Chansey|454\/703 par
|move|p1a: Chansey|Ice Beam|p2a: Zapdos
|-supereffective|p2a: Zapdos
|-damage|p2a: Zapdos|19\/383 par
|
|turn|30
|choice|move 1|move 2
|
|move|p2a: Zapdos|Drill Peck|p1a: Chansey
|-damage|p1a: Chansey|197\/703 par
|move|p1a: Chansey|Ice Beam|p2a: Zapdos
|-supereffective|p2a: Zapdos
|-damage|p2a: Zapdos|0 fnt
|faint|p2a: Zapdos
|choice||switch 2
|
|switch|p2a: Tauros|Tauros|353\/353
|turn|31
|choice|move 1|move 1
|
|move|p2a: Tauros|Body Slam|p1a: Chansey
|-damage|p1a: Chansey|0 fnt
|faint|p1a: Chansey
|choice|switch 6|
|
|switch|p1a: Snorlax|Snorlax|523\/523
|turn|32
|choice|move 1|switch 3
|
|switch|p2a: Exeggutor|Exeggutor|152\/393 slp
|move|p1a: Snorlax|Body Slam|p2a: Exeggutor
|-damage|p2a: Exeggutor|36\/393 slp
|
|turn|33
|choice|move 2|move 3
|
|cant|p2a: Exeggutor|slp
|move|p1a: Snorlax|Earthquake|p2a: Exeggutor
|-resisted|p2a: Exeggutor
|-damage|p2a: Exeggutor|0 fnt
|faint|p2a: Exeggutor
|choice||switch 3
|
|switch|p2a: Tauros|Tauros|353\/353
|turn|34
|choice|move 1|move 1
|
|move|p2a: Tauros|Body Slam|p1a: Snorlax
|-damage|p1a: Snorlax|391\/523
|move|p1a: Snorlax|Body Slam|p2a: Tauros
|-damage|p2a: Tauros|237\/353
|
|turn|35
|choice|move 1|move 1
|
|move|p2a: Tauros|Body Slam|p1a: Snorlax
|-crit|p1a: Snorlax
|-damage|p1a: Snorlax|153\/523
|move|p1a: Snorlax|Body Slam|p2a: Tauros|[miss]
|-miss|p1a: Snorlax
|
|turn|36
|choice|switch 4|move 2
|
|switch|p1a: Lapras|Lapras|253\/463
|move|p2a: Tauros|Hyper Beam|p1a: Lapras
|-damage|p1a: Lapras|55\/463
|
|turn|37
|-mustrecharge|p2a: Tauros
|-mustrecharge|p2a: Tauros
|choice|move 1|move 1
|
|cant|p2a: Tauros|recharge
|move|p1a: Lapras|Blizzard|p2a: Tauros
|-damage|p2a: Tauros|56\/353
|
|turn|38
|choice|move 3|move 1
|
|move|p2a: Tauros|Body Slam|p1a: Lapras
|-damage|p1a: Lapras|0 fnt
|faint|p1a: Lapras
|choice|switch 2|
|
|switch|p1a: Tauros|Tauros|353\/353
|turn|39
|c|★CrapAtRBY|come on crit beam
|choice|move 1|move 2
|
|move|p2a: Tauros|Hyper Beam|p1a: Tauros
|-crit|p1a: Tauros
|-damage|p1a: Tauros|0 fnt
|faint|p1a: Tauros
|c|★Enigami|ASJHKLJSKLH
|c|★Enigami|Garbage
|c|★Enigami|Complete
|c|★Enigami|Utter
|c|★Enigami|Garbage
|c|★Enigami|Every
|c|★Enigami|FRICKIN
|c|@Disaster Area|lmao
|c|★Enigami|Tauros
|c|★Enigami|Ditto
|c|★Enigami|I lose
|choice|switch 4|
|
|switch|p1a: Snorlax|Snorlax|153\/523
|turn|40
|choice|move 1|move 2
|
|move|p2a: Tauros|Hyper Beam|p1a: Snorlax
|-damage|p1a: Snorlax|0 fnt
|faint|p1a: Snorlax
|
|win|CrapAtRBY
|c|★CrapAtRBY|HaxGs
|c|★Enigami|And what's worse is this wouldn't have happened if it weren't for that FRICKIN 255 MISS
|c|★Enigami|bg
|L|Enigami
|player|p1
|c|@Disaster Area|255 + lose speed tie + get crit + 40% roll
|c|@Disaster Area|fortitude save
|c|@Disaster Area|1 in 25000
|c|@Disaster Area|I think
|c|@Disaster Area|was your odds there
|c|@Disaster Area|of that happening
|c|@Disaster Area|approx.