|J|I love pochama
|J|Peasounay
|player|p1|I love pochama|32
|player|p2|Peasounay|80
|gametype|singles
|gen|1
|tier|[Gen 1] RU
|seed|9113,24247,50797,10980
|rule|Sleep Clause Mod: Limit one foe put to sleep
|rule|Freeze Clause Mod: Limit one foe frozen
|rule|Species Clause: Limit one of each Pokémon
|rule|OHKO Clause: OHKO moves are banned
|rule|Evasion Moves Clause: Evasion moves are banned
|rule|HP Percentage Mod: HP is shown in percentages
|
|start
|switch|p1a: Mr. Mime|Mr. Mime|283\/283
|switch|p2a: Mr. Mime|Mr. Mime|283\/283
|turn|1
|choice|move 3|move 1
|
|move|p1a: Mr. Mime|Thunder Wave|p2a: Mr. Mime
|-status|p2a: Mr. Mime|par
|move|p2a: Mr. Mime|Thunder Wave|p1a: Mr. Mime
|-status|p1a: Mr. Mime|par
|
|turn|2
|choice|move 2|move 4
|
|move|p2a: Mr. Mime|Seismic Toss|p1a: Mr. Mime
|-damage|p1a: Mr. Mime|183\/283 par
|cant|p1a: Mr. Mime|par
|
|turn|3
|choice|move 2|move 4
|
|cant|p1a: Mr. Mime|par
|move|p2a: Mr. Mime|Seismic Toss|p1a: Mr. Mime
|-damage|p1a: Mr. Mime|83\/283 par
|
|turn|4
|choice|move 2|move 4
|
|cant|p2a: Mr. Mime|par
|move|p1a: Mr. Mime|Seismic Toss|p2a: Mr. Mime
|-damage|p2a: Mr. Mime|183\/283 par
|
|turn|5
|choice|move 2|move 4
|
|move|p2a: Mr. Mime|Seismic Toss|p1a: Mr. Mime
|-damage|p1a: Mr. Mime|0 fnt
|faint|p1a: Mr. Mime
|choice|switch 3|
|
|switch|p1a: Clefable|Clefable|393\/393
|turn|6
|choice|move 1|move 3
|
|move|p1a: Clefable|Body Slam|p2a: Mr. Mime
|-damage|p2a: Mr. Mime|78\/283 par
|cant|p2a: Mr. Mime|par
|
|turn|7
|choice|move 1|move 3
|
|move|p1a: Clefable|Body Slam|p2a: Mr. Mime
|-damage|p2a: Mr. Mime|0 fnt
|faint|p2a: Mr. Mime
|choice||switch 2
|
|switch|p2a: Clefable|Clefable|393\/393
|turn|8
|choice|move 4|move 2
|
|move|p1a: Clefable|Thunder Wave|p2a: Clefable
|-status|p2a: Clefable|par
|move|p2a: Clefable|Thunder Wave|p1a: Clefable
|-status|p1a: Clefable|par
|
|turn|9
|choice|move 1|move 4
|
|cant|p2a: Clefable|par
|move|p1a: Clefable|Body Slam|p2a: Clefable
|-damage|p2a: Clefable|302\/393 par
|
|turn|10
|choice|move 2|move 4
|
|move|p2a: Clefable|Body Slam|p1a: Clefable
|-crit|p1a: Clefable
|-damage|p1a: Clefable|203\/393 par
|cant|p1a: Clefable|par
|
|turn|11
|c|★I love pochama|RIP
|c|★I love pochama|I countered
|c|★I love pochama|lmao
|c|★Peasounay|you can't help yourself by running counter on everything haha
|c|★I love pochama|lmao
|c|★I love pochama|i only run it on
|c|★I love pochama|clefable
|c|★I love pochama|and only sometimes
|choice|move 2|move 1
|
|cant|p2a: Clefable|par
|move|p1a: Clefable|Counter|p2a: Clefable
|-damage|p2a: Clefable|0 fnt
|faint|p2a: Clefable
|c|★I love pochama|thele it is
|c|★I love pochama|rofl
|c|★Peasounay|i mean in general
|c|★I love pochama|well
|c|★I love pochama|it's the most fun move
|c|★I love pochama|in RBY
|c|★I love pochama|:]
|choice||switch 5
|
|switch|p2a: Porygon|Porygon|333\/333
|turn|12
|choice|move 4|move 1
|
|move|p2a: Porygon|Blizzard|p1a: Clefable
|-damage|p1a: Clefable|121\/393 par
|cant|p1a: Clefable|par
|
|turn|13
|choice|move 4|move 4
|
|move|p2a: Porygon|Hyper Beam|p1a: Clefable
|-damage|p1a: Clefable|0 fnt
|faint|p1a: Clefable
|c|★I love pochama|:O
|choice|switch 4|
|
|switch|p1a: Venusaur|Venusaur|363\/363
|turn|14
|choice|move 1|switch 4
|
|switch|p2a: Electabuzz|Electabuzz|333\/333
|move|p1a: Venusaur|Sleep Powder|p2a: Electabuzz
|-status|p2a: Electabuzz|slp
|
|turn|15
|choice|move 3|switch 3
|
|switch|p2a: Wigglytuff|Wigglytuff|483\/483
|move|p1a: Venusaur|Swords Dance|p1a: Venusaur
|-boost|p1a: Venusaur|atk|2
|
|turn|16
|choice|move 2|move 2
|
|move|p1a: Venusaur|Razor Leaf|p2a: Wigglytuff
|-crit|p2a: Wigglytuff
|-damage|p2a: Wigglytuff|305\/483
|move|p2a: Wigglytuff|Thunder Wave|p1a: Venusaur
|-status|p1a: Venusaur|par
|
|turn|17
|choice|move 4|move 1
|
|move|p2a: Wigglytuff|Blizzard|p1a: Venusaur
|-supereffective|p1a: Venusaur
|-damage|p1a: Venusaur|233\/363 par
|cant|p1a: Venusaur|par
|
|turn|18
|choice|move 4|move 1
|
|move|p2a: Wigglytuff|Blizzard|p1a: Venusaur
|-supereffective|p1a: Venusaur
|-damage|p1a: Venusaur|97\/363 par
|move|p1a: Venusaur|Hyper Beam|p2a: Wigglytuff
|-damage|p2a: Wigglytuff|0 fnt
|faint|p2a: Wigglytuff
|choice||switch 4
|
|switch|p2a: Porygon|Porygon|333\/333
|turn|19
|choice|switch 2|move 1
|
|switch|p1a: Electabuzz|Electabuzz|333\/333
|move|p2a: Porygon|Blizzard|p1a: Electabuzz
|-damage|p1a: Electabuzz|249\/333
|
|turn|20
|choice|move 2|move 2
|
|move|p1a: Electabuzz|Thunder Wave|p2a: Porygon
|-status|p2a: Porygon|par
|move|p2a: Porygon|Thunder Wave|p1a: Electabuzz
|-status|p1a: Electabuzz|par
|
|turn|21
|choice|move 1|move 1
|
|move|p1a: Electabuzz|Thunderbolt|p2a: Porygon
|-crit|p2a: Porygon
|-damage|p2a: Porygon|115\/333 par
|move|p2a: Porygon|Blizzard|p1a: Electabuzz
|-damage|p1a: Electabuzz|160\/333 par
|
|turn|22
|choice|move 1|move 4
|
|move|p1a: Electabuzz|Thunderbolt|p2a: Porygon
|-damage|p2a: Porygon|0 fnt
|faint|p2a: Porygon
|choice||switch 6
|
|switch|p2a: Dragonair|Dragonair|325\/325
|turn|23
|choice|move 2|move 2
|
|move|p2a: Dragonair|Wrap|p1a: Electabuzz
|-damage|p1a: Electabuzz|145\/333 par
|-activate|p1a: Electabuzz|move: Wrap|[of] p2a: Dragonair
|cant|p1a: Electabuzz|partiallytrapped
|
|turn|24
|choice|move 2|move 2
|
|move|p2a: Dragonair|Wrap|p1a: Electabuzz
|-damage|p1a: Electabuzz|130\/333 par
|cant|p1a: Electabuzz|par
|
|turn|25
|choice|move 2|move 2
|
|move|p2a: Dragonair|Wrap|p1a: Electabuzz
|-damage|p1a: Electabuzz|115\/333 par
|cant|p1a: Electabuzz|partiallytrapped
|
|turn|26
|c|★Peasounay|wigglytuff is nice
|c|★Peasounay|but because its a clefable
|c|★Peasounay|it eats a slot in a team
|c|★Peasounay|if you want to run it
|c|★I love pochama|yeah
|choice|move 2|move 2
|
|move|p2a: Dragonair|Wrap|p1a: Electabuzz
|-damage|p1a: Electabuzz|100\/333 par
|cant|p1a: Electabuzz|par
|
|turn|27
|c|★I love pochama|was getting food
|choice|move 2|move 2
|
|move|p2a: Dragonair|Wrap|p1a: Electabuzz
|-damage|p1a: Electabuzz|85\/333 par
|cant|p1a: Electabuzz|partiallytrapped
|
|-end|p1a: Electabuzz|Wrap|[partiallytrapped]
|turn|28
|choice|move 2|move 2
|
|move|p2a: Dragonair|Wrap|p1a: Electabuzz
|-damage|p1a: Electabuzz|69\/333 par
|-activate|p1a: Electabuzz|move: Wrap|[of] p2a: Dragonair
|cant|p1a: Electabuzz|partiallytrapped
|
|turn|29
|choice|move 2|move 2
|
|move|p2a: Dragonair|Wrap|p1a: Electabuzz
|-damage|p1a: Electabuzz|53\/333 par
|cant|p1a: Electabuzz|partiallytrapped
|
|turn|30
|c|★I love pochama|none of my other mons
|c|★I love pochama|can para
|c|★I love pochama|;~;
|choice|move 2|move 2
|
|move|p2a: Dragonair|Wrap|p1a: Electabuzz
|-damage|p1a: Electabuzz|37\/333 par
|cant|p1a: Electabuzz|partiallytrapped
|
|-end|p1a: Electabuzz|Wrap|[partiallytrapped]
|turn|31
|choice|move 2|move 3
|
|move|p2a: Dragonair|Surf|p1a: Electabuzz
|-damage|p1a: Electabuzz|0 fnt
|faint|p1a: Electabuzz
|choice|switch 6|
|
|switch|p1a: Aerodactyl|Aerodactyl|363\/363
|turn|32
|choice|move 2|move 3
|
|move|p1a: Aerodactyl|Fire Blast|p2a: Dragonair|[miss]
|-miss|p1a: Aerodactyl
|move|p2a: Dragonair|Surf|p1a: Aerodactyl
|-supereffective|p1a: Aerodactyl
|-damage|p1a: Aerodactyl|188\/363
|
|turn|33
|choice|move 2|move 3
|
|move|p1a: Aerodactyl|Fire Blast|p2a: Dragonair
|-resisted|p2a: Dragonair
|-damage|p2a: Dragonair|280\/325
|-status|p2a: Dragonair|brn
|move|p2a: Dragonair|Surf|p1a: Aerodactyl
|-supereffective|p1a: Aerodactyl
|-damage|p1a: Aerodactyl|31\/363
|-damage|p2a: Dragonair|260\/325 brn|[from] brn|[of] p1a: Aerodactyl
|
|turn|34
|c|★I love pochama|YES
|c|★I love pochama|oo
|c|★I love pochama|gg
|choice|move 3|move 3
|
|move|p1a: Aerodactyl|Hyper Beam|p2a: Dragonair
|-damage|p2a: Dragonair|113\/325 brn
|move|p2a: Dragonair|Surf|p1a: Aerodactyl
|-supereffective|p1a: Aerodactyl
|-damage|p1a: Aerodactyl|0 fnt
|faint|p1a: Aerodactyl
|c|★Peasounay|yup
|c|★Peasounay|gg
|choice|switch 2|
|
|switch|p1a: Venusaur|Venusaur|97\/363 par
|turn|35
|choice|move 4|move 4
|
|move|p2a: Dragonair|Hyper Beam|p1a: Venusaur
|-damage|p1a: Venusaur|32\/363 par
|-damage|p2a: Dragonair|93\/325 brn|[from] brn|[of] p1a: Venusaur
|move|p1a: Venusaur|Hyper Beam|p2a: Dragonair
|-damage|p2a: Dragonair|0 fnt
|faint|p2a: Dragonair
|choice||switch 3
|
|switch|p2a: Electabuzz|Electabuzz|333\/333 slp
|turn|36
|choice|switch 5|move 2
|
|switch|p1a: Dugtrio|Dugtrio|273\/273
|cant|p2a: Electabuzz|slp
|
|turn|37
|choice|move 1|move 2
|
|move|p1a: Dugtrio|Earthquake|p2a: Electabuzz
|-supereffective|p2a: Electabuzz
|-damage|p2a: Electabuzz|59\/333 slp
|cant|p2a: Electabuzz|slp
|
|turn|38
|choice|move 3|move 2
|
|move|p1a: Dugtrio|Slash|p2a: Electabuzz
|-crit|p2a: Electabuzz
|-damage|p2a: Electabuzz|0 fnt
|faint|p2a: Electabuzz
|
|win|I love pochama
|L|Peasounay
|player|p2