|J|marcoasd
|J|KristophV
|player|p1|marcoasd|102
|player|p2|KristophV|kristophv.png
|gametype|singles
|gen|1
|tier|[Gen 1] Green
|seed|18738,16992,55651,36044
|rule|Sleep Clause Mod: Limit one foe put to sleep
|rule|Species Clause: Limit one of each Pokémon
|rule|OHKO Clause: OHKO moves are banned
|rule|Evasion Moves Clause: Evasion moves are banned
|rule|HP Percentage Mod: HP is shown in percentages
|
|start
|switch|p1a: Starmie|Starmie|323\/323
|switch|p2a: Gengar|Gengar|323\/323
|turn|1
|choice|move 2|move 1
|
|move|p1a: Starmie|Psychic|p2a: Gengar
|-supereffective|p2a: Gengar
|-damage|p2a: Gengar|159\/323
|move|p2a: Gengar|Hypnosis|p1a: Starmie
|-status|p1a: Starmie|slp
|
|turn|2
|J|I love pochama
|choice|switch 3|move 3
|
|switch|p1a: Alakazam|Alakazam|313\/313
|move|p2a: Gengar|Psychic|p1a: Alakazam
|-resisted|p1a: Alakazam
|-damage|p1a: Alakazam|282\/313
|
|turn|3
|choice|move 2|switch 3
|
|switch|p2a: Lapras|Lapras|463\/463
|move|p1a: Alakazam|Psychic|p2a: Lapras
|-damage|p2a: Lapras|338\/463
|-unboost|p2a: Lapras|spd|1
|-unboost|p2a: Lapras|spa|1
|
|turn|4
|choice|move 2|move 3
|
|move|p1a: Alakazam|Psychic|p2a: Lapras
|-damage|p2a: Lapras|144\/463
|move|p2a: Lapras|Blizzard|p1a: Alakazam
|-damage|p1a: Alakazam|213\/313
|-status|p1a: Alakazam|frz
|
|turn|5
|choice|switch 4|move 1
|
|switch|p1a: Lapras|Lapras|463\/463
|move|p2a: Lapras|Body Slam|p1a: Lapras
|-damage|p1a: Lapras|390\/463
|-status|p1a: Lapras|par
|
|turn|6
|choice|move 1|switch 3
|
|switch|p2a: Gengar|Gengar|159\/323
|cant|p1a: Lapras|par
|
|turn|7
|choice|switch 4|move 4
|
|switch|p1a: Alakazam|Alakazam|213\/313 frz
|move|p2a: Gengar|Explosion|p1a: Alakazam
|-damage|p1a: Alakazam|0 fnt
|faint|p1a: Alakazam
|faint|p2a: Gengar
|choice|switch 2|switch 4
|
|switch|p2a: Jolteon|Jolteon|333\/333
|switch|p1a: Jynx|Jynx|333\/333
|turn|8
|choice|move 1|move 1
|
|move|p2a: Jolteon|Thunderbolt|p1a: Jynx
|-damage|p1a: Jynx|212\/333
|move|p1a: Jynx|Lovely Kiss|p2a: Jolteon
|-status|p2a: Jolteon|slp
|
|turn|9
|choice|move 2|move 1
|
|cant|p2a: Jolteon|slp
|move|p1a: Jynx|Blizzard|p2a: Jolteon
|-damage|p2a: Jolteon|200\/333 slp
|
|turn|10
|choice|move 2|switch 3
|
|switch|p2a: Lapras|Lapras|144\/463
|move|p1a: Jynx|Blizzard|p2a: Lapras
|-resisted|p2a: Lapras
|-damage|p2a: Lapras|109\/463
|
|turn|11
|choice|move 3|move 1
|
|move|p1a: Jynx|Psychic|p2a: Lapras
|-damage|p2a: Lapras|0 fnt
|faint|p2a: Lapras
|choice||switch 6
|
|switch|p2a: Tauros|Tauros|353\/353
|turn|12
|choice|move 2|move 4
|
|move|p2a: Tauros|Hyper Beam|p1a: Jynx
|-damage|p1a: Jynx|0 fnt
|faint|p1a: Jynx
|choice|switch 4|
|
|switch|p1a: Lapras|Lapras|390\/463 par
|turn|13
|choice|move 1|switch 2
|
|switch|p2a: Cloyster|Cloyster|303\/303
|move|p1a: Lapras|Blizzard|p2a: Cloyster
|-resisted|p2a: Cloyster
|-damage|p2a: Cloyster|263\/303
|
|turn|14
|choice|move 2|move 2
|
|move|p2a: Cloyster|Clamp|p1a: Lapras|[miss]
|-miss|p2a: Cloyster
|cant|p1a: Lapras|par
|
|turn|15
|choice|move 2|move 2
|
|move|p2a: Cloyster|Clamp|p1a: Lapras
|-resisted|p1a: Lapras
|-damage|p1a: Lapras|372\/463 par
|-activate|p1a: Lapras|move: Clamp|[of] p2a: Cloyster
|cant|p1a: Lapras|partiallytrapped
|
|turn|16
|choice|switch 3|move 2
|
|switch|p1a: Starmie|Starmie|323\/323 slp
|move|p2a: Cloyster|Clamp|p1a: Starmie|[miss]
|-miss|p2a: Cloyster
|
|turn|17
|choice|switch 3|switch 2
|
|switch|p1a: Lapras|Lapras|372\/463 par
|switch|p2a: Tauros|Tauros|353\/353
|
|turn|18
|choice|move 1|move 1
|
|move|p2a: Tauros|Body Slam|p1a: Lapras
|-damage|p1a: Lapras|259\/463 par
|cant|p1a: Lapras|par
|
|turn|19
|choice|move 1|switch 2
|
|switch|p2a: Cloyster|Cloyster|263\/303
|move|p1a: Lapras|Blizzard|p2a: Cloyster
|-resisted|p2a: Cloyster
|-damage|p2a: Cloyster|225\/303
|
|turn|20
|choice|move 2|move 2
|
|move|p2a: Cloyster|Clamp|p1a: Lapras
|-crit|p1a: Lapras
|-resisted|p1a: Lapras
|-damage|p1a: Lapras|224\/463 par
|-activate|p1a: Lapras|move: Clamp|[of] p2a: Cloyster
|cant|p1a: Lapras|partiallytrapped
|
|turn|21
|choice|switch 3|switch 2
|
|switch|p2a: Tauros|Tauros|353\/353
|switch|p1a: Starmie|Starmie|323\/323 slp
|
|turn|22
|choice|move 2|move 1
|
|cant|p1a: Starmie|slp
|move|p2a: Tauros|Body Slam|p1a: Starmie
|-damage|p1a: Starmie|213\/323 slp
|
|turn|23
|choice|move 2|move 1
|
|cant|p1a: Starmie|slp
|move|p2a: Tauros|Body Slam|p1a: Starmie
|-damage|p1a: Starmie|109\/323 slp
|
|turn|24
|c| I love pochama|how is this meta then?
|c| I love pochama|porco dio frenzy?
|choice|move 2|move 1
|
|-curestatus|p1a: Starmie|slp
|move|p2a: Tauros|Body Slam|p1a: Starmie
|-damage|p1a: Starmie|0 fnt
|faint|p1a: Starmie
|choice|switch 3|
|
|switch|p1a: Lapras|Lapras|224\/463 par
|turn|25
|choice|move 2|switch 3
|
|switch|p2a: Jolteon|Jolteon|200\/333 slp
|move|p1a: Lapras|Thunderbolt|p2a: Jolteon
|-resisted|p2a: Jolteon
|-damage|p2a: Jolteon|167\/333 slp
|
|turn|26
|choice|switch 5|move 1
|
|switch|p1a: Snorlax|Snorlax|523\/523
|cant|p2a: Jolteon|slp
|
|turn|27
|c|★KristophV|it's weird
|choice|move 1|move 1
|
|cant|p2a: Jolteon|slp
|move|p1a: Snorlax|Amnesia|p1a: Snorlax
|-boost|p1a: Snorlax|spd|2
|-boost|p1a: Snorlax|spa|2
|
|turn|28
|c|★marcoasd|terribbile i'd say
|choice|move 1|move 1
|
|cant|p2a: Jolteon|slp
|move|p1a: Snorlax|Amnesia|p1a: Snorlax
|-boost|p1a: Snorlax|spd|2
|-boost|p1a: Snorlax|spa|2
|
|turn|29
|choice|move 3|move 1
|
|-curestatus|p2a: Jolteon|slp
|move|p1a: Snorlax|Body Slam|p2a: Jolteon
|-damage|p2a: Jolteon|12\/333
|
|turn|30
|choice|move 3|move 1
|
|move|p2a: Jolteon|Thunderbolt|p1a: Snorlax
|-damage|p1a: Snorlax|467\/523
|move|p1a: Snorlax|Body Slam|p2a: Jolteon
|-damage|p2a: Jolteon|0 fnt
|faint|p2a: Jolteon
|choice||switch 2
|
|switch|p2a: Cloyster|Cloyster|225\/303
|turn|31
|choice|move 2|move 3
|
|move|p2a: Cloyster|Explosion|p1a: Snorlax
|-crit|p1a: Snorlax
|-damage|p1a: Snorlax|0 fnt
|faint|p1a: Snorlax
|faint|p2a: Cloyster
|choice|switch 5|switch 3
|
|switch|p2a: Tauros|Tauros|353\/353
|switch|p1a: Lapras|Lapras|224\/463 par
|turn|32
|choice|move 1|move 1
|
|move|p2a: Tauros|Body Slam|p1a: Lapras
|-damage|p1a: Lapras|112\/463 par
|move|p1a: Lapras|Blizzard|p2a: Tauros
|-damage|p2a: Tauros|168\/353
|-status|p2a: Tauros|frz
|
|turn|33
|choice|move 1|switch 5
|
|switch|p2a: Snorlax|Snorlax|523\/523
|move|p1a: Lapras|Blizzard|p2a: Snorlax
|-damage|p2a: Snorlax|359\/523
|
|turn|34
|choice|move 3|move 3
|
|move|p2a: Snorlax|Body Slam|p1a: Lapras
|-damage|p1a: Lapras|0 fnt
|faint|p1a: Lapras
|L|I love pochama
|choice|switch 6|
|
|switch|p1a: Cloyster|Cloyster|303\/303
|turn|35
|choice|move 1|move 3
|
|move|p1a: Cloyster|Blizzard|p2a: Snorlax|[miss]
|-miss|p1a: Cloyster
|move|p2a: Snorlax|Body Slam|p1a: Cloyster
|-damage|p1a: Cloyster|230\/303
|
|turn|36
|choice|move 1|move 3
|
|move|p1a: Cloyster|Blizzard|p2a: Snorlax
|-damage|p2a: Snorlax|190\/523
|move|p2a: Snorlax|Body Slam|p1a: Cloyster
|-damage|p1a: Cloyster|165\/303
|
|turn|37
|choice|move 2|move 4
|
|move|p1a: Cloyster|Clamp|p2a: Snorlax
|-damage|p2a: Snorlax|138\/523
|-activate|p2a: Snorlax|move: Clamp|[of] p1a: Cloyster
|cant|p2a: Snorlax|partiallytrapped
|
|turn|38
|choice|move 2|move 4
|
|move|p1a: Cloyster|Clamp|p2a: Snorlax
|-damage|p2a: Snorlax|86\/523
|cant|p2a: Snorlax|partiallytrapped
|
|-end|p2a: Snorlax|Clamp|[partiallytrapped]
|turn|39
|choice|move 1|move 4
|
|move|p1a: Cloyster|Blizzard|p2a: Snorlax
|-damage|p2a: Snorlax|0 fnt
|faint|p2a: Snorlax
|c|★marcoasd|gg
|choice||switch 5
|
|switch|p2a: Tauros|Tauros|168\/353 frz
|turn|40
|choice|move 1|move 4
|
|cant|p2a: Tauros|frz
|move|p1a: Cloyster|Blizzard|p2a: Tauros
|-damage|p2a: Tauros|4\/353 frz
|
|turn|41
|choice|move 3|move 4
|
|cant|p2a: Tauros|frz
|move|p1a: Cloyster|Hyper Beam|p2a: Tauros
|-damage|p2a: Tauros|0 fnt
|faint|p2a: Tauros
|
|win|marcoasd
|c|★KristophV|gg
|L|marcoasd
|player|p1