|J|xJoelituh
|J|MadridKith
|player|p1|xJoelituh|xjoelituh.gif
|player|p2|MadridKith|239
|gametype|singles
|gen|1
|tier|[Gen 1] OU
|seed|37304,7180,32063,4809
|rule|Sleep Clause Mod: Limit one foe put to sleep
|rule|Freeze Clause Mod: Limit one foe frozen
|rule|Species Clause: Limit one of each Pokémon
|rule|OHKO Clause: OHKO moves are banned
|rule|Evasion Moves Clause: Evasion moves are banned
|rule|HP Percentage Mod: HP is shown in percentages
|
|start
|switch|p1a: Ninetales|Ninetales|349\/349
|switch|p2a: Tangela|Tangela|333\/333
|turn|1
|c|★xJoelituh|hf
|J|Lhions
|choice|move 2|switch 2
|
|switch|p2a: Golduck|Golduck|363\/363
|move|p1a: Ninetales|Fire Spin|p2a: Golduck
|-crit|p2a: Golduck
|-resisted|p2a: Golduck
|-damage|p2a: Golduck|344\/363
|-activate|p2a: Golduck|move: Fire Spin|[of] p1a: Ninetales
|
|turn|2
|choice|switch 3|move 2
|
|switch|p1a: Electabuzz|Electabuzz|333\/333
|cant|p2a: Golduck|partiallytrapped
|
|-end|p2a: Golduck|Fire Spin|[partiallytrapped]
|turn|3
|choice|move 4|switch 4
|
|switch|p2a: Graveler|Graveler|313\/313
|move|p1a: Electabuzz|Psychic|p2a: Graveler
|-crit|p2a: Graveler
|-damage|p2a: Graveler|120\/313
|-unboost|p2a: Graveler|spd|1
|-unboost|p2a: Graveler|spa|1
|
|turn|4
|J|Maestro Arena
|choice|move 4|switch 3
|
|switch|p2a: Electabuzz|Electabuzz|333\/333
|move|p1a: Electabuzz|Psychic|p2a: Electabuzz
|-damage|p2a: Electabuzz|261\/333
|-unboost|p2a: Electabuzz|spd|1
|-unboost|p2a: Electabuzz|spa|1
|
|turn|5
|J|EG Posho
|choice|switch 4|move 4
|
|switch|p1a: Sandslash|Sandslash|353\/353
|move|p2a: Electabuzz|Thunder Wave|p1a: Sandslash
|-immune|p1a: Sandslash|[msg]
|
|turn|6
|choice|switch 3|switch 4
|
|switch|p2a: Golduck|Golduck|344\/363
|switch|p1a: Ninetales|Ninetales|349\/349
|
|turn|7
|J|AlastorLaw
|choice|switch 4|move 2
|
|switch|p1a: Electabuzz|Electabuzz|333\/333
|move|p2a: Golduck|Surf|p1a: Electabuzz
|-damage|p1a: Electabuzz|229\/333
|
|turn|8
|c| EG Posho|esto es rby uu?
|choice|move 1|switch 4
|
|switch|p2a: Electabuzz|Electabuzz|261\/333
|move|p1a: Electabuzz|Thunderbolt|p2a: Electabuzz
|-resisted|p2a: Electabuzz
|-damage|p2a: Electabuzz|208\/333
|
|turn|9
|c|★xJoelituh|si
|choice|switch 6|move 2
|
|switch|p1a: Tangela|Tangela|333\/333
|move|p2a: Electabuzz|Psychic|p1a: Tangela
|-damage|p1a: Tangela|265\/333
|
|turn|10
|c| EG Posho|omg
|choice|move 1|move 4
|
|move|p2a: Electabuzz|Thunder Wave|p1a: Tangela
|-status|p1a: Tangela|par
|cant|p1a: Tangela|par
|
|turn|11
|choice|move 1|move 3
|
|move|p2a: Electabuzz|Seismic Toss|p1a: Tangela
|-damage|p1a: Tangela|165\/333 par
|move|p1a: Tangela|Sleep Powder|p2a: Electabuzz
|-status|p2a: Electabuzz|slp
|
|turn|12
|J|Gene Sp
|choice|move 2|move 3
|
|cant|p2a: Electabuzz|slp
|move|p1a: Tangela|Stun Spore|p2a: Electabuzz
|-fail|p2a: Electabuzz
|
|turn|13
|choice|switch 3|switch 4
|
|switch|p2a: Golduck|Golduck|344\/363
|switch|p1a: Sandslash|Sandslash|353\/353
|
|turn|14
|choice|switch 2|move 2
|
|switch|p1a: Magneton|Magneton|303\/303
|move|p2a: Golduck|Surf|p1a: Magneton
|-damage|p1a: Magneton|213\/303
|
|turn|15
|choice|switch 2|switch 3
|
|switch|p2a: Graveler|Graveler|120\/313
|switch|p1a: Sandslash|Sandslash|353\/353
|
|turn|16
|choice|move 2|switch 2
|
|switch|p2a: Tangela|Tangela|333\/333
|move|p1a: Sandslash|Earthquake|p2a: Tangela
|-resisted|p2a: Tangela
|-damage|p2a: Tangela|280\/333
|
|turn|17
|choice|switch 3|move 1
|
|switch|p1a: Tangela|Tangela|165\/333 par
|move|p2a: Tangela|Bind|p1a: Tangela|[miss]
|-miss|p2a: Tangela
|
|turn|18
|choice|move 2|move 1
|
|move|p2a: Tangela|Bind|p1a: Tangela
|-damage|p1a: Tangela|156\/333 par
|-activate|p1a: Tangela|move: Bind|[of] p2a: Tangela
|cant|p1a: Tangela|par
|
|turn|19
|choice|switch 4|move 1
|
|switch|p1a: Ninetales|Ninetales|349\/349
|move|p2a: Tangela|Bind|p1a: Ninetales
|-damage|p1a: Ninetales|338\/349
|-activate|p1a: Ninetales|move: Bind|[of] p2a: Tangela
|
|turn|20
|J|EG Poek
|choice|move 1|switch 3
|
|switch|p2a: Golduck|Golduck|344\/363
|cant|p1a: Ninetales|partiallytrapped
|
|-end|p1a: Ninetales|Bind|[partiallytrapped]
|turn|21
|choice|switch 2|move 1
|
|switch|p1a: Magneton|Magneton|213\/303
|move|p2a: Golduck|Amnesia|p2a: Golduck
|-boost|p2a: Golduck|spd|2
|-boost|p2a: Golduck|spa|2
|
|turn|22
|J|Kryptonyte
|choice|move 2|move 1
|
|move|p2a: Golduck|Amnesia|p2a: Golduck
|-boost|p2a: Golduck|spd|2
|-boost|p2a: Golduck|spa|2
|move|p1a: Magneton|Thunder Wave|p2a: Golduck
|-status|p2a: Golduck|par
|
|turn|23
|choice|move 1|move 2
|
|move|p1a: Magneton|Thunderbolt|p2a: Golduck
|-supereffective|p2a: Golduck
|-damage|p2a: Golduck|241\/363 par
|move|p2a: Golduck|Surf|p1a: Magneton
|-damage|p1a: Magneton|0 fnt
|faint|p1a: Magneton
|choice|switch 5|
|
|switch|p1a: Poliwrath|Poliwrath|383\/383
|turn|24
|J|SoulWind
|choice|move 1|move 2
|
|move|p1a: Poliwrath|Amnesia|p1a: Poliwrath
|-boost|p1a: Poliwrath|spd|2
|-boost|p1a: Poliwrath|spa|2
|move|p2a: Golduck|Surf|p1a: Poliwrath
|-resisted|p1a: Poliwrath
|-damage|p1a: Poliwrath|288\/383
|
|turn|25
|choice|move 3|move 1
|
|move|p1a: Poliwrath|Surf|p2a: Golduck
|-resisted|p2a: Golduck
|-damage|p2a: Golduck|206\/363 par
|cant|p2a: Golduck|par
|
|turn|26
|choice|move 1|move 1
|
|move|p1a: Poliwrath|Amnesia|p1a: Poliwrath
|-boost|p1a: Poliwrath|spd|2
|-boost|p1a: Poliwrath|spa|2
|move|p2a: Golduck|Amnesia|p2a: Golduck
|-boost|p2a: Golduck|spd|2
|-boost|p2a: Golduck|spa|2
|
|turn|27
|c| Kryptonyte|whos gonna ch
|choice|move 1|move 4
|
|move|p1a: Poliwrath|Amnesia|p1a: Poliwrath
|-boost|p1a: Poliwrath|spd|2
|-boost|p1a: Poliwrath|spa|2
|cant|p2a: Golduck|par
|
|turn|28
|choice|move 3|move 4
|
|move|p1a: Poliwrath|Surf|p2a: Golduck
|-resisted|p2a: Golduck
|-damage|p2a: Golduck|156\/363 par
|move|p2a: Golduck|Rest|p2a: Golduck
|-status|p2a: Golduck|slp
|-heal|p2a: Golduck|363\/363 slp|[silent]
|-status|p2a: Golduck|slp|[from] move: Rest
|
|turn|29
|c|@SoulWind|pues chkith
|c|&AlastorLaw|rekt
|choice|move 3|move 2
|
|move|p1a: Poliwrath|Surf|p2a: Golduck
|-resisted|p2a: Golduck
|-damage|p2a: Golduck|307\/363 slp
|cant|p2a: Golduck|slp
|
|turn|30
|c|@SoulWind|como crees que gano 2 nacios
|choice|move 3|move 3
|
|move|p1a: Poliwrath|Surf|p2a: Golduck
|-resisted|p2a: Golduck
|-damage|p2a: Golduck|256\/363 slp
|-curestatus|p2a: Golduck|slp
|
|turn|31
|c| Kryptonyte|jajaja
|choice|move 4|move 2
|
|move|p1a: Poliwrath|Blizzard|p2a: Golduck
|-resisted|p2a: Golduck
|-damage|p2a: Golduck|211\/363
|move|p2a: Golduck|Surf|p1a: Poliwrath
|-crit|p1a: Poliwrath
|-resisted|p1a: Poliwrath
|-damage|p1a: Poliwrath|175\/383
|
|turn|32
|J|Midnight Raynor
|c|~Maestro Arena|solo yo puedo hacerle ch a Male en RBY
|c| Kryptonyte|pero la hax catalana
|c| Kryptonyte|LOL
|c| Kryptonyte|0
|choice|move 4|move 2
|
|move|p1a: Poliwrath|Blizzard|p2a: Golduck
|-resisted|p2a: Golduck
|-damage|p2a: Golduck|167\/363
|move|p2a: Golduck|Surf|p1a: Poliwrath
|-resisted|p1a: Poliwrath
|-damage|p1a: Poliwrath|118\/383
|
|turn|33
|c|&AlastorLaw|pues porque es el mejor jugador español cómo crees que ganó
|c|@SoulWind|ahi lo ves
|c| Kryptonyte|ese poli tiene q llevar rest :c
|choice|move 4|move 2
|
|move|p1a: Poliwrath|Blizzard|p2a: Golduck|[miss]
|-miss|p1a: Poliwrath
|move|p2a: Golduck|Surf|p1a: Poliwrath
|-resisted|p1a: Poliwrath
|-damage|p1a: Poliwrath|58\/383
|
|turn|34
|choice|move 4|move 4
|
|move|p1a: Poliwrath|Blizzard|p2a: Golduck
|-resisted|p2a: Golduck
|-damage|p2a: Golduck|122\/363
|-status|p2a: Golduck|frz
|cant|p2a: Golduck|frz
|
|turn|35
|c| Kryptonyte|rofl
|c|&AlastorLaw|rip
|c|★xJoelituh|isi
|c|~Maestro Arena|pls
|c| Kryptonyte|jajajajajajajaajaç
|c|+Gene Sp|2 nacios asi
|c| Kryptonyte|es increible
|choice|move 3|move 2
|
|move|p1a: Poliwrath|Surf|p2a: Golduck
|-resisted|p2a: Golduck
|-damage|p2a: Golduck|66\/363 frz
|cant|p2a: Golduck|frz
|
|turn|36
|choice|move 3|move 2
|
|move|p1a: Poliwrath|Surf|p2a: Golduck
|-resisted|p2a: Golduck
|-damage|p2a: Golduck|11\/363 frz
|cant|p2a: Golduck|frz
|
|turn|37
|c|&AlastorLaw|ojalá se descongele
|c|+Lhions|en rby no?
|c| Kryptonyte|en rby sure
|c|&AlastorLaw|mala suerte
|c|★xJoelituh|mañana alastor
|c|★xJoelituh|mañana
|choice|move 3|move 2
|
|move|p1a: Poliwrath|Surf|p2a: Golduck
|-resisted|p2a: Golduck
|-damage|p2a: Golduck|0 fnt
|faint|p2a: Golduck
|c|+Gene Sp|4 borracheras asi
|choice||switch 5
|
|switch|p2a: Kingler|Kingler|313\/313
|turn|38
|c| Kryptonyte|#roboalmadrid
|c|~Maestro Arena|se viene el siguiente freeze
|c| Kryptonyte|madre kingler
|c|@SoulWind|haz crabhammer
|choice|move 3|move 2
|
|move|p2a: Kingler|Body Slam|p1a: Poliwrath
|-crit|p1a: Poliwrath
|-damage|p1a: Poliwrath|0 fnt
|faint|p1a: Poliwrath
|c|@SoulWind|para el crit
|c|~Maestro Arena|cuantos Nacios asi SW :c
|c|&AlastorLaw|male no necesita el high crit ratio
|choice|switch 6|
|
|switch|p1a: Electabuzz|Electabuzz|229\/333
|turn|39
|choice|move 1|switch 3
|
|switch|p2a: Tangela|Tangela|280\/333
|move|p1a: Electabuzz|Thunderbolt|p2a: Tangela
|-resisted|p2a: Tangela
|-damage|p2a: Tangela|230\/333
|
|turn|40
|choice|switch 2|move 1
|
|switch|p1a: Ninetales|Ninetales|338\/349
|move|p2a: Tangela|Bind|p1a: Ninetales|[miss]
|-miss|p2a: Tangela
|
|turn|41
|choice|move 2|switch 4
|
|switch|p2a: Electabuzz|Electabuzz|208\/333 slp
|move|p1a: Ninetales|Fire Spin|p2a: Electabuzz|[miss]
|-miss|p1a: Ninetales
|
|turn|42
|choice|move 1|move 4
|
|cant|p2a: Electabuzz|slp
|move|p1a: Ninetales|Fire Blast|p2a: Electabuzz
|-crit|p2a: Electabuzz
|-damage|p2a: Electabuzz|0 fnt
|faint|p2a: Electabuzz
|c| Kryptonyte|lol
|c|★xJoelituh|sorry male :\/
|choice||switch 3
|
|switch|p2a: Kingler|Kingler|313\/313
|turn|43
|choice|switch 4|move 2
|
|switch|p1a: Tangela|Tangela|156\/333 par
|move|p2a: Kingler|Body Slam|p1a: Tangela
|-damage|p1a: Tangela|83\/333 par
|
|turn|44
|choice|move 2|move 4
|
|move|p2a: Kingler|Hyper Beam|p1a: Tangela
|-damage|p1a: Tangela|0 fnt
|faint|p1a: Tangela
|choice|switch 2|
|
|switch|p1a: Electabuzz|Electabuzz|229\/333
|turn|45
|choice|switch 4|move 2
|
|switch|p1a: Ninetales|Ninetales|338\/349
|move|p2a: Kingler|Body Slam|p1a: Ninetales
|-damage|p1a: Ninetales|250\/349
|
|turn|46
|choice|move 3|move 3
|
|move|p1a: Ninetales|Reflect|p1a: Ninetales
|-start|p1a: Ninetales|Reflect
|move|p2a: Kingler|Crabhammer|p1a: Ninetales
|-crit|p1a: Ninetales
|-supereffective|p1a: Ninetales
|-damage|p1a: Ninetales|0 fnt
|faint|p1a: Ninetales
|c| Kryptonyte|plays
|c|★xJoelituh|ripaso
|choice|switch 4|
|
|switch|p1a: Electabuzz|Electabuzz|229\/333
|turn|47
|choice|move 1|move 2
|
|move|p1a: Electabuzz|Thunderbolt|p2a: Kingler
|-supereffective|p2a: Kingler
|-damage|p2a: Kingler|19\/313
|move|p2a: Kingler|Body Slam|p1a: Electabuzz
|-damage|p1a: Electabuzz|118\/333
|
|turn|48
|choice|move 4|move 4
|
|move|p1a: Electabuzz|Psychic|p2a: Kingler
|-damage|p2a: Kingler|0 fnt
|faint|p2a: Kingler
|choice||switch 2
|
|switch|p2a: Graveler|Graveler|120\/313
|turn|49
|choice|move 4|move 2
|
|move|p1a: Electabuzz|Psychic|p2a: Graveler
|-damage|p2a: Graveler|19\/313
|move|p2a: Graveler|Explosion|p1a: Electabuzz
|-damage|p1a: Electabuzz|0 fnt
|faint|p1a: Electabuzz
|faint|p2a: Graveler
|c|+Gene Sp|allahu akbar
|choice|switch 3|switch 4
|
|switch|p1a: Sandslash|Sandslash|353\/353
|switch|p2a: Tangela|Tangela|230\/333
|turn|50
|J|reiku
|c| Kryptonyte|noestareceptiva
|choice|move 1|move 3
|
|move|p1a: Sandslash|Swords Dance|p1a: Sandslash
|-boost|p1a: Sandslash|atk|2
|move|p2a: Tangela|Mega Drain|p1a: Sandslash
|-supereffective|p1a: Sandslash
|-damage|p1a: Sandslash|218\/353
|-heal|p2a: Tangela|297\/333|[from] drain|[of] p1a: Sandslash
|
|turn|51
|c|+Gene Sp|0
|c| Kryptonyte|muestra kadabra
|c| Kryptonyte|male
|c|★xJoelituh|kadabra es bl
|J|cescken
|c|&AlastorLaw|!dt rock slide
|c|~|\/data-move Rock Slide
|raw|<font size="1"><font color=#585858>Priority:<\/font> 0&nbsp;|&ThickSpace;<font color=#585858>Gen:<\/font> 1&nbsp;|&ThickSpace;<font color=#585858><font color=black>&#10003; Secondary effect<\/font><\/font>&nbsp;|&ThickSpace;<font color=#585858>Target:<\/font> All Adjacent Opponents<\/font>
|c| Kryptonyte|sad
|J|FAFUS
|c|★xJoelituh|rock slide no flinchea
|c|★xJoelituh|xd
|c| Kryptonyte|usa slasj
|c| FAFUS|omg male rby master
|c|~Maestro Arena|el 0 de Mega DRain
|c| Kryptonyte|slash ch
|c|+Gene Sp|no te sabes la mecanica alastor lou
|choice|move 3|move 4
|
|move|p1a: Sandslash|Rock Slide|p2a: Tangela
|-damage|p2a: Tangela|196\/333
|move|p2a: Tangela|Stun Spore|p1a: Sandslash
|-status|p1a: Sandslash|par
|
|turn|52
|c| Kryptonyte|gg
|L|Midnight Raynor
|choice|move 4|move 3
|
|move|p2a: Tangela|Mega Drain|p1a: Sandslash
|-supereffective|p1a: Sandslash
|-damage|p1a: Sandslash|78\/353 par
|-heal|p2a: Tangela|266\/333|[from] drain|[of] p1a: Sandslash
|move|p1a: Sandslash|Hyper Beam|p2a: Tangela
|-damage|p2a: Tangela|46\/333
|
|turn|53
|-mustrecharge|p1a: Sandslash
|c|★MadridKith|gg
|c| Kryptonyte|nunca sabremos el last
|c|★xJoelituh|gg
|-mustrecharge|p1a: Sandslash
|choice|move 1|move 3
|
|move|p2a: Tangela|Mega Drain|p1a: Sandslash
|-crit|p1a: Sandslash
|-supereffective|p1a: Sandslash
|-damage|p1a: Sandslash|0 fnt
|-heal|p2a: Tangela|85\/333|[from] drain|[of] p1a: Sandslash
|faint|p1a: Sandslash
|
|win|MadridKith
|c|&AlastorLaw|saca al last
|c|&AlastorLaw|bah
|L|Maestro Arena
|L|xJoelituh
|player|p1
|L|AlastorLaw