|J|MadridKith
|J|xJoelituh
|player|p1|MadridKith|239
|player|p2|xJoelituh|xjoelituh.gif
|gametype|singles
|gen|1
|tier|[Gen 1] OU
|seed|24501,49837,3754,65179
|rule|Sleep Clause Mod: Limit one foe put to sleep
|rule|Freeze Clause Mod: Limit one foe frozen
|rule|Species Clause: Limit one of each Pokémon
|rule|OHKO Clause: OHKO moves are banned
|rule|Evasion Moves Clause: Evasion moves are banned
|rule|HP Percentage Mod: HP is shown in percentages
|
|start
|switch|p1a: Raticate|Raticate|313\/313
|switch|p2a: Tangela|Tangela|333\/333
|turn|1
|choice|move 2|move 1
|
|move|p1a: Raticate|Blizzard|p2a: Tangela
|-crit|p2a: Tangela
|-supereffective|p2a: Tangela
|-damage|p2a: Tangela|98\/333
|move|p2a: Tangela|Sleep Powder|p1a: Raticate
|-status|p1a: Raticate|slp
|
|turn|2
|J|cescken
|J|Lhions
|J|FAFUS
|J|Midnight Raynor
|J|reiku
|c|@reiku|typical malekith turn 1
|choice|switch 3|switch 3
|
|switch|p1a: Golduck|Golduck|363\/363
|switch|p2a: Ninetales|Ninetales|349\/349
|
|turn|3
|choice|move 1|move 2
|
|move|p2a: Ninetales|Body Slam|p1a: Golduck
|-damage|p1a: Golduck|297\/363
|move|p1a: Golduck|Amnesia|p1a: Golduck
|-boost|p1a: Golduck|spd|2
|-boost|p1a: Golduck|spa|2
|
|turn|4
|choice|move 2|move 4
|
|move|p2a: Ninetales|Fire Spin|p1a: Golduck
|-resisted|p1a: Golduck
|-damage|p1a: Golduck|292\/363
|-activate|p1a: Golduck|move: Fire Spin|[of] p2a: Ninetales
|cant|p1a: Golduck|partiallytrapped
|
|turn|5
|c|+Lhions|totalmente merecido , o sea cataluña merece hax todos los turnos por pillar doble rby 
|J|Kryptonyte
|choice|move 2|switch 5
|
|switch|p2a: Electabuzz|Electabuzz|333\/333
|cant|p1a: Golduck|partiallytrapped
|
|-end|p1a: Golduck|Fire Spin|[partiallytrapped]
|turn|6
|c| FAFUS|que hater lhions
|J|Maestro Arena
|c|%cescken|lovhions
|c| Kryptonyte|por que juegan ou ahora?
|choice|move 2|move 1
|
|move|p2a: Electabuzz|Thunderbolt|p1a: Golduck
|-supereffective|p1a: Golduck
|-damage|p1a: Golduck|171\/363
|move|p1a: Golduck|Surf|p2a: Electabuzz
|-damage|p2a: Electabuzz|129\/333
|
|turn|7
|choice|move 2|switch 3
|
|switch|p2a: Tangela|Tangela|98\/333
|move|p1a: Golduck|Surf|p2a: Tangela
|-resisted|p2a: Tangela
|-damage|p2a: Tangela|4\/333
|
|turn|8
|choice|move 2|move 2
|
|move|p1a: Golduck|Surf|p2a: Tangela
|-resisted|p2a: Tangela
|-damage|p2a: Tangela|0 fnt
|faint|p2a: Tangela
|J|EG Posho
|choice||switch 2
|
|switch|p2a: Poliwrath|Poliwrath|383\/383
|turn|9
|choice|move 2|move 1
|
|move|p1a: Golduck|Surf|p2a: Poliwrath
|-resisted|p2a: Poliwrath
|-damage|p2a: Poliwrath|259\/383
|move|p2a: Poliwrath|Amnesia|p2a: Poliwrath
|-boost|p2a: Poliwrath|spd|2
|-boost|p2a: Poliwrath|spa|2
|
|turn|10
|choice|move 1|move 4
|
|move|p1a: Golduck|Amnesia|p1a: Golduck
|-boost|p1a: Golduck|spd|2
|-boost|p1a: Golduck|spa|2
|move|p2a: Poliwrath|Submission|p1a: Golduck
|-damage|p1a: Golduck|78\/363
|-damage|p2a: Poliwrath|236\/383|[from] recoil|[of] p1a: Golduck
|
|turn|11
|choice|move 4|move 4
|
|move|p1a: Golduck|Rest|p1a: Golduck
|-status|p1a: Golduck|slp
|-heal|p1a: Golduck|363\/363 slp|[silent]
|-status|p1a: Golduck|slp|[from] move: Rest
|move|p2a: Poliwrath|Submission|p1a: Golduck
|-damage|p1a: Golduck|254\/363 slp
|-damage|p2a: Poliwrath|209\/383|[from] recoil|[of] p1a: Golduck
|
|turn|12
|choice|move 3|move 1
|
|cant|p1a: Golduck|slp
|move|p2a: Poliwrath|Amnesia|p2a: Poliwrath
|-boost|p2a: Poliwrath|spd|2
|-boost|p2a: Poliwrath|spa|2
|
|turn|13
|choice|move 2|move 1
|
|-curestatus|p1a: Golduck|slp
|move|p2a: Poliwrath|Amnesia|p2a: Poliwrath
|-boost|p2a: Poliwrath|spd|2
|-boost|p2a: Poliwrath|spa|2
|
|turn|14
|choice|move 1|move 2
|
|move|p1a: Golduck|Amnesia|p1a: Golduck
|-boost|p1a: Golduck|spd|2
|-boost|p1a: Golduck|spa|2
|move|p2a: Poliwrath|Blizzard|p1a: Golduck
|-resisted|p1a: Golduck
|-damage|p1a: Golduck|207\/363
|
|turn|15
|choice|move 2|move 3
|
|move|p1a: Golduck|Surf|p2a: Poliwrath
|-resisted|p2a: Poliwrath
|-damage|p2a: Poliwrath|149\/383
|move|p2a: Poliwrath|Surf|p1a: Golduck
|-resisted|p1a: Golduck
|-damage|p1a: Golduck|154\/363
|
|turn|16
|choice|move 2|move 3
|
|move|p1a: Golduck|Surf|p2a: Poliwrath
|-resisted|p2a: Poliwrath
|-damage|p2a: Poliwrath|92\/383
|move|p2a: Poliwrath|Surf|p1a: Golduck
|-crit|p1a: Golduck
|-resisted|p1a: Golduck
|-damage|p1a: Golduck|50\/363
|
|turn|17
|choice|move 4|move 3
|
|move|p1a: Golduck|Rest|p1a: Golduck
|-status|p1a: Golduck|slp
|-heal|p1a: Golduck|363\/363 slp|[silent]
|-status|p1a: Golduck|slp|[from] move: Rest
|move|p2a: Poliwrath|Surf|p1a: Golduck
|-resisted|p1a: Golduck
|-damage|p1a: Golduck|311\/363 slp
|
|turn|18
|choice|move 3|move 3
|
|cant|p1a: Golduck|slp
|move|p2a: Poliwrath|Surf|p1a: Golduck
|-resisted|p1a: Golduck
|-damage|p1a: Golduck|258\/363 slp
|
|turn|19
|choice|move 3|move 3
|
|-curestatus|p1a: Golduck|slp
|move|p2a: Poliwrath|Surf|p1a: Golduck
|-resisted|p1a: Golduck
|-damage|p1a: Golduck|208\/363
|
|turn|20
|choice|move 2|move 3
|
|move|p1a: Golduck|Surf|p2a: Poliwrath
|-resisted|p2a: Poliwrath
|-damage|p2a: Poliwrath|32\/383
|move|p2a: Poliwrath|Surf|p1a: Golduck
|-resisted|p1a: Golduck
|-damage|p1a: Golduck|159\/363
|
|turn|21
|choice|move 2|move 3
|
|move|p1a: Golduck|Surf|p2a: Poliwrath
|-resisted|p2a: Poliwrath
|-damage|p2a: Poliwrath|0 fnt
|faint|p2a: Poliwrath
|choice||switch 4
|
|switch|p2a: Fearow|Fearow|333\/333
|turn|22
|choice|move 3|move 4
|
|move|p2a: Fearow|Double-Edge|p1a: Golduck
|-crit|p1a: Golduck
|-damage|p1a: Golduck|0 fnt
|-damage|p2a: Fearow|294\/333|[from] recoil|[of] p1a: Golduck
|faint|p1a: Golduck
|choice|switch 5|
|
|switch|p1a: Graveler|Graveler|313\/313
|turn|23
|choice|move 3|switch 6
|
|switch|p2a: Graveler|Graveler|313\/313
|move|p1a: Graveler|Rock Slide|p2a: Graveler
|-resisted|p2a: Graveler
|-damage|p2a: Graveler|274\/313
|
|turn|24
|choice|switch 2|move 2
|
|switch|p1a: Tangela|Tangela|333\/333
|move|p2a: Graveler|Earthquake|p1a: Tangela
|-resisted|p1a: Tangela
|-damage|p1a: Tangela|280\/333
|
|turn|25
|choice|move 2|switch 5
|
|switch|p2a: Ninetales|Ninetales|349\/349
|move|p1a: Tangela|Sleep Powder|p2a: Ninetales
|-status|p2a: Ninetales|slp
|
|turn|26
|choice|switch 2|move 1
|
|switch|p1a: Graveler|Graveler|313\/313
|cant|p2a: Ninetales|slp
|
|turn|27
|J|Pokebasket
|choice|move 1|switch 6
|
|switch|p2a: Fearow|Fearow|294\/333
|move|p1a: Graveler|Earthquake|p2a: Fearow
|-immune|p2a: Fearow|[msg]
|
|turn|28
|choice|move 3|move 1
|
|move|p2a: Fearow|Drill Peck|p1a: Graveler
|-resisted|p1a: Graveler
|-damage|p1a: Graveler|270\/313
|move|p1a: Graveler|Rock Slide|p2a: Fearow
|-supereffective|p2a: Fearow
|-damage|p2a: Fearow|70\/333
|
|turn|29
|choice|move 4|move 1
|
|move|p2a: Fearow|Drill Peck|p1a: Graveler
|-resisted|p1a: Graveler
|-damage|p1a: Graveler|229\/313
|move|p1a: Graveler|Body Slam|p2a: Fearow
|-damage|p2a: Fearow|0 fnt
|faint|p2a: Fearow
|choice||switch 5
|
|switch|p2a: Graveler|Graveler|274\/313
|turn|30
|choice|switch 2|switch 3
|
|switch|p2a: Electabuzz|Electabuzz|129\/333
|switch|p1a: Tangela|Tangela|280\/333
|
|turn|31
|choice|move 4|move 3
|
|move|p2a: Electabuzz|Seismic Toss|p1a: Tangela
|-damage|p1a: Tangela|180\/333
|move|p1a: Tangela|Stun Spore|p2a: Electabuzz|[miss]
|-miss|p1a: Tangela
|
|turn|32
|choice|move 4|move 2
|
|move|p2a: Electabuzz|Thunder Wave|p1a: Tangela
|-status|p1a: Tangela|par
|move|p1a: Tangela|Stun Spore|p2a: Electabuzz
|-status|p2a: Electabuzz|par
|
|turn|33
|J|Lightchu
|choice|move 3|move 3
|
|cant|p2a: Electabuzz|par
|move|p1a: Tangela|Mega Drain|p2a: Electabuzz
|-damage|p2a: Electabuzz|79\/333 par
|-heal|p1a: Tangela|205\/333 par|[from] drain|[of] p2a: Electabuzz
|
|turn|34
|choice|switch 2|move 3
|
|switch|p1a: Graveler|Graveler|229\/313
|move|p2a: Electabuzz|Seismic Toss|p1a: Graveler
|-damage|p1a: Graveler|129\/313
|
|turn|35
|choice|move 1|move 4
|
|move|p1a: Graveler|Earthquake|p2a: Electabuzz
|-supereffective|p2a: Electabuzz
|-damage|p2a: Electabuzz|0 fnt
|faint|p2a: Electabuzz
|choice||switch 3
|
|switch|p2a: Graveler|Graveler|274\/313
|turn|36
|choice|switch 3|move 2
|
|switch|p1a: Raticate|Raticate|313\/313 slp
|move|p2a: Graveler|Earthquake|p1a: Raticate
|-damage|p1a: Raticate|153\/313 slp
|
|turn|37
|choice|move 2|move 2
|
|cant|p1a: Raticate|slp
|move|p2a: Graveler|Earthquake|p1a: Raticate
|-damage|p1a: Raticate|5\/313 slp
|
|turn|38
|choice|move 2|move 2
|
|cant|p1a: Raticate|slp
|move|p2a: Graveler|Earthquake|p1a: Raticate
|-damage|p1a: Raticate|0 fnt
|faint|p1a: Raticate
|choice|switch 2|
|
|switch|p1a: Tangela|Tangela|205\/333 par
|turn|39
|choice|move 3|switch 6
|
|switch|p2a: Ninetales|Ninetales|349\/349 slp
|move|p1a: Tangela|Mega Drain|p2a: Ninetales
|-resisted|p2a: Ninetales
|-damage|p2a: Ninetales|326\/349 slp
|-heal|p1a: Tangela|216\/333 par|[from] drain|[of] p2a: Ninetales
|
|turn|40
|choice|move 1|switch 6
|
|switch|p2a: Graveler|Graveler|274\/313
|cant|p1a: Tangela|par
|
|turn|41
|c|★MadridKith|rip
|choice|switch 4|move 4
|
|switch|p1a: Electabuzz|Electabuzz|333\/333
|move|p2a: Graveler|Rock Slide|p1a: Electabuzz
|-damage|p1a: Electabuzz|212\/333
|
|turn|42
|choice|move 2|move 2
|
|move|p1a: Electabuzz|Psychic|p2a: Graveler
|-damage|p2a: Graveler|180\/313
|move|p2a: Graveler|Earthquake|p1a: Electabuzz
|-supereffective|p1a: Electabuzz
|-damage|p1a: Electabuzz|0 fnt
|faint|p1a: Electabuzz
|J|Juanen
|choice|switch 6|
|
|switch|p1a: Dragonair|Dragonair|325\/325
|turn|43
|J|Reik el Casillas
|J|wesley's theorE
|choice|move 4|switch 6
|
|switch|p2a: Ninetales|Ninetales|326\/349 slp
|move|p1a: Dragonair|Blizzard|p2a: Ninetales
|-damage|p2a: Ninetales|256\/349 slp
|
|turn|44
|choice|move 1|move 1
|
|cant|p2a: Ninetales|slp
|move|p1a: Dragonair|Agility|p1a: Dragonair
|-boost|p1a: Dragonair|spe|2
|
|turn|45
|choice|move 4|move 2
|
|move|p1a: Dragonair|Blizzard|p2a: Ninetales
|-damage|p2a: Ninetales|183\/349 slp
|cant|p2a: Ninetales|slp
|
|turn|46
|c|★xJoelituh|bueno que hoy el ninetales no quiere jugar
|choice|move 4|move 2
|
|move|p1a: Dragonair|Blizzard|p2a: Ninetales
|-crit|p2a: Ninetales
|-damage|p2a: Ninetales|25\/349 slp
|cant|p2a: Ninetales|slp
|
|turn|47
|c|★xJoelituh|well
|c|★xJoelituh|gg ~
|choice|move 4|move 2
|
|move|p1a: Dragonair|Blizzard|p2a: Ninetales
|-damage|p2a: Ninetales|0 fnt
|faint|p2a: Ninetales
|choice||switch 6
|
|switch|p2a: Graveler|Graveler|180\/313
|turn|48
|c|+Pokebasket|y el :2?
|c|★MadridKith|gg
|choice|move 4|move 2
|
|move|p1a: Dragonair|Blizzard|p2a: Graveler|[miss]
|-miss|p1a: Dragonair
|move|p2a: Graveler|Earthquake|p1a: Dragonair
|-damage|p1a: Dragonair|185\/325
|
|turn|49
|c|+Pokebasket|offensive gg
|c|+Pokebasket|ojoooo
|c| Kryptonyte|dios
|c| EG Posho|owowow
|choice|move 4|move 2
|
|move|p1a: Dragonair|Blizzard|p2a: Graveler
|-supereffective|p2a: Graveler
|-damage|p2a: Graveler|0 fnt
|faint|p2a: Graveler
|
|win|MadridKith
|c|+Pokebasket|bn